2356 3760
132 106 183 140 24.
212 104 352 140 ra-es.
378 104 398 137 2
912 103 1253 138 ECCLESIASTICI
1941 114 2016 154 643

134 200 167 223 1⁶
185 199 241 240 Et
260 197 441 240 radicavi
461 197 502 238 in
523 196 672 251 populo
694 195 973 243 honorificato,
1050 203 1091 237 et
1111 197 1151 237 in
1173 204 1287 250 parte
1309 198 1385 238 Dei
1406 198 1483 239 mei
1506 200 1705 242 hereditas
1727 203 1839 247 illius.
1915 212 1954 246 et
1975 206 2013 246 in

392 255 644 311 plenitudine
673 260 907 295 sanctorum
937 254 1117 296 detentio
1146 269 1247 297 mea.

133 352 167 374 17
186 350 310 399 Quasi
337 351 477 391 cedrus
505 347 688 388 exaltata
713 360 803 387 sum
829 346 870 387 in
898 347 1065 396 Libano,
1147 354 1186 389 et
1215 349 1328 402 quasi
1355 363 1563 403 cypressus
1591 351 1631 392 in
1657 359 1794 393 monte
1821 354 1933 394 Sion:
2039 361 2198 387 ²¹⁴³111v¹⁵³¹¹n

134 411 168 433 13
188 409 302 463 quasi
328 408 466 463 palma
491 405 675 447 exaltata
701 418 790 446 sum
817 405 858 446 in
886 406 1024 453 Gades,
1107 412 1147 447 et
1175 407 1289 460 quasi
1315 407 1515 461 plantatio
1543 423 1641 450 rosae
1668 410 1708 450 in
1737 411 1907 452 Iericho:

135 470 169 492 ¹9
188 467 311 517 Quasi
337 466 444 508 oliva
469 464 649 519 speciosa
672 463 713 504 in
740 464 904 517 campis,
989 470 1028 505 et
1056 464 1170 518 quasi
1195 465 1385 518 platanus
1412 467 1594 508 exaltata
1618 482 1706 509 sum
1732 469 1846 510 iuxta
1873 483 2019 523 aquam

393 525 434 565 in
463 523 619 578 plateis.

134 587 170 609 '2⁰
186 584 299 626 Sicut
330 584 645 628 cinnamomum,
689 587 730 622 et
763 581 991 622 balsamum
1023 582 1294 623 aromatizans
1326 583 1489 624 odorem
1521 584 1630 625 dedi:
1717 586 1828 638 quasi
1860 587 2024 629 mvrrha

394 642 522 683 electa
550 640 643 682 dedi
672 640 919 681 suavitatem
950 640 1099 682 odoris:
1903 633 1913 640 ⁵

134 703 165 726 ²¹
186 707 227 742 et
250 701 365 755 quasi
387 706 537 748 storax,
562 704 603 740 et
623 698 833 753 galbanus,
859 706 897 740 et
922 699 1083 753 ungula,
1108 705 1149 741 et
1169 704 1300 753 gutta,
1378 706 1417 740 et
1441 700 1555 753 quasi
1577 701 1754 742 Libanus
1776 716 1856 743 non
1878 703 2023 743 incisus

394 758 592 812 vaporavi
620 757 919 799 habitationem
948 772 1094 807 meam,
1173 763 1214 799 et
1244 758 1359 812 quasi
1388 758 1614 799 balsamum
1637 773 1717 800 non
1739 760 1904 801 mistum
1928 762 2025 803 odor

394 831 519 858 meus.

135 880 166 902 22
187 879 273 931 Ego
306 877 421 931 quasi
450 876 706 917 terebinthus
737 875 903 917 extendi
932 889 1065 918 ramos
1095 889 1217 925 111606,
1303 881 1342 917 61
1373 876 1474 917 rami
1503 877 1582 917 mei
1612 877 1773 918 honoris
1804 884 1844 918 et
1873 877 2023 927 gratiae.

135 939 167 961 ²3
187 937 274 991 Ego
305 935 420 990 quasi
448 935 544 976 vitis
574 934 818 975 fructificavi
847 935 1096 976 suavitatem
1126 935 1276 976 odoris:
1361 941 1400 976 et
1429 935 1544 975 flores
1573 935 1652 976 mei
1680 936 1835 976 fructus
1865 928 2026 977 lionoris

395 999 436 1035 et
464 994 702 1035 honestatis.

134 1090 167 1113 24
187 1089 273 1143 Ego
300 1094 433 1129 mater
458 1087 636 1141 pulchrae
664 1087 899 1131 dilectionis,
982 1092 1023 1128 et
1049 1086 1216 1135 timoris,
1246 1092 1287 1127 et
1315 1086 1541 1140 agnitionis
1572 1092 1612 1127 et
1639 1092 1788 1128 sanctae
1815 1087 1910 1140 spei.
2061 1096 2189 1150 gnate-11}

135 1150 167 1172 2⁵
186 1147 234 1188 In
258 1160 322 1188 me
347 1147 480 1200 gratia
505 1146 634 1188 omnis
660 1146 736 1187 viae
761 1151 802 1186 et
827 1146 1023 1192 veritatis,
1102 1145 1143 1186 in
1168 1158 1232 1186 me
1258 1145 1387 1187 omnis
1413 1158 1501 1198 spes
1527 1145 1623 1186 vitae
1648 1150 1688 1185 et
1714 1145 1887 1186 virtutis.
2060 1136 2197 1193 ‹5323ssssssssss

135 1208 170 1231 2⁶
188 1206 373 1247 Transite
391 1206 442 1247 ad
460 1219 524 1246 me
542 1218 680 1246 01111166
699 1205 767 1258 qui
785 1203 1066 1258 concupiscitis
1083 1218 1158 1249 me,
1232 1210 1272 1245 et
1290 1218 1313 1244 a
1329 1203 1654 1257 generationibus
1671 1204 1769 1244 meis
1786 1203 2025 1257 implemini:

135 1267 169 1290 2⁷
188 1265 362 1319 Spiritus
389 1264 496 1305 enim
523 1277 636 1305 meus
664 1276 783 1318 super
809 1263 888 1304 mel
915 1263 1052 1307 dulcis,
1135 1268 1175 1303 et
1206 1262 1408 1303 hereditas
1435 1275 1527 1302 mea
1553 1255 1671 1315 super
1697 1262 1775 1302 mel
1802 1268 1839 1303 et
1867 1263 2026 1303 favum:

396 1325 431 1347 '28
459 1323 654 1364 Memoria
681 1335 773 1363 mea
800 1322 841 1362 in
869 1321 1147 1376 generationes
1177 1320 1425 1362 saeculorum.

135 1386 171 1408 '2⁹
189 1382 267 1432 Qui
296 1383 424 1423 edunt
452 1395 528 1426 me,
560 1382 692 1422 adhuc
722 1380 916 1421 esurient:
1000 1385 1041 1420 et
1070 1379 1139 1433 qui
1168 1379 1315 1420 bibunt
1342 1393 1418 1425 1116,
1451 1379 1583 1420 adhuc
1612 1379 1760 1420 sitient.

135 1444 172 1466 30
189 1441 267 1491 Qui
299 1440 415 1482 audit
445 1453 520 1489 1116,
554 1453 636 1480 11011
669 1439 958 1480 confundetur:
1054 1443 1095 1479 et
1127 1438 1196 1492 qui
1228 1443 1448 1492 operantur
1477 1438 1518 1479 in
1554 1451 1629 1487 me,
1676 1451 1758 1479 non
1789 1438 2028 1492 peccabunt.

395 1501 425 1523 31
457 1498 535 1548 Qui
564 1497 770 1539 elucidant
798 1510 873 1541 me.
905 1497 1035 1538 vitam
1064 1502 1258 1538 aeternam
1286 1497 1510 1538 habebunt.

134 1607 167 1630 32
188 1605 286 1646 Haec
316 1603 454 1646 omnia
482 1603 582 1644 liber
612 1603 718 1650 vitae,
752 1608 791 1643 et
823 1607 1117 1643 testamentum
1148 1601 1355 1645 Altissimi,
1441 1607 1481 1642 et
1512 1602 1662 1655 agnitio
1694 1601 1889 1642 veritatis.
2081 1601 2182 1660 fijffissgfss

134 1666 167 1689 33
187 1664 335 1717 Legem
363 1662 579 1704 mandavit
607 1662 767 1716 Moyses
806 1661 847 1702 in
886 1661 1096 1715 praeceptis
1136 1660 1395 1707 iustitiarum,
1494 1665 1535 1701 et
1577 1660 1845 1701 hereditatem
1890 1660 2028 1701 domui
2164 1656 2168 1658 ’

398 1722 532 1769 Iacob,
565 1726 605 1761 et
636 1720 759 1761 lsrael
788 1720 1082 1774 promissiones.

135 1785 167 1807 3⁴
188 1781 331 1823 Posuit
346 1780 483 1822 David
500 1793 624 1834 puero
642 1793 714 1821 suo
732 1779 908 1821 excitare
925 1792 1058 1833 regem
1076 1792 1125 1820 ex
1141 1779 1227 1833 ipso
1245 1778 1523 1828 fortissimum,
1591 1777 1688 1819 etin
1705 1778 1851 1819 throno
1869 1777 2029 1819 honoris

396 1840 604 1881 sedentem
634 1839 674 1879 in
703 1839 1007 1892 sempiternum.

135 1901 168 1925 ³5
192 1900 290 1949 aQui
316 1899 459 1953 implet
488 1897 602 1952 quasi
629 1898 780 1939 Phison
807 1897 1062 1951 sapientiam,
1144 1903 1184 1938 et
1211 1897 1316 1938 sicut
1343 1896 1468 1950 Tigris
1495 1896 1535 1936 in
1564 1895 1703 1936 diebus
1731 1908 1941 1937 novorum.

135 1961 171 1983 3⁶
189 1958 267 2008 Qui
300 1957 496 2011 adimplet
531 1957 645 2010 quasi
678 1956 909 2010 Euphrates
954 1968 1134 1996 sensum:
1225 1955 1314 2009 bqui
1349 1954 1596 2008 multiplicat
1628 1954 1742 2008 quasi
1776 1953 1957 1995 Iordanis
1989 1953 2031 1994 in

397 2021 580 2070 tempore
608 2015 758 2056 messis.

136 2078 169 2101 ³⁷
189 2075 267 2125 Qui
290 2075 421 2116 mittit
444 2074 698 2128 disciplinam
722 2074 827 2115 sicut
848 2073 992 2122 lucem,
1070 2078 1111 2114 et
1134 2073 1323 2114 assistens
1348 2072 1462 2126 quasi
1485 2072 1626 2113 Gehon
1654 2071 1696 2112 in
1719 2071 1781 2112 die
1805 2070 2029 2112 vindemiae.

136 2136 171 2160 33
189 2134 267 2184 Qui
294 2133 453 2188 perficit
480 2133 634 2187 primus
664 2133 762 2174 scire
790 2132 933 2186 ipsam,
1017 2138 1058 2173 et
1085 2132 1280 2173 infirmior
1308 2145 1389 2173 non
1418 2130 1681 2184 investigabit
1710 2143 1809 2171 eam.

136 2196 171 2219 39
188 2194 224 2234 Α
250 2193 353 2234 mari
380 2193 487 2234 enim
516 2192 745 2233 abundavit
773 2191 965 2245 cogitatio
994 2191 1088 2237 61116,
1171 2196 1212 2232 61
1240 2190 1449 2232 6011611111111
1486 2189 1589 2231 1111116
1618 2190 1668 2230 ab
1697 2190 1842 2243 abysso
1871 2201 2029 2242 magna.

136 2255 173 2278 ⁴⁰
188 2253 275 2307 Ego
303 2251 504 2306 sapientia
530 2250 655 2292 effudi
691 2250 870 2292 flumina.
952 2252 984 2275 ‘¹1
1012 2251 1097 2303 Ego
1127 2249 1241 2303 quasi
1267 2254 1417 2290 trames
1446 2262 1561 2302 aquae
1587 2248 1792 2288 immensae
1818 2248 1867 2288 de
1893 2247 2028 2295 fluvio,

189 2325 260 2366 ego
294 2311 409 2365 quasi
439 2310 553 2352 fluvii
584 2310 740 2364 dioryx,
827 2315 867 2350 et
898 2309 1002 2350 sicut
1033 2309 1298 2363 aquaeductus
1330 2308 1436 2349 exivi
1467 2308 1516 2348 de
1546 2307 1744 2361 paradiso.

137 2373 169 2395 ⁴2
190 2370 291 2412 dixi:
325 2370 483 2424 Rigabo
512 2369 679 2411 hortum
710 2382 846 2410 meum
876 2367 1192 2422 plantationum,
1281 2373 1322 2408 et
1352 2366 1558 2408 inebria-bo
1595 2366 1701 2419 prati
1730 2365 1809 2406 mei
1838 2365 2028 2406 fructum.

137 2431 170 2456 ⁴¹³
189 2429 245 2471 Et
278 2442 367 2470 6666
397 2429 532 2469 factus
564 2433 626 2469 est
655 2428 755 2468 mihi
788 2433 937 2469 trames
970 2427 1195 2475 abundans,
1292 2431 1333 2467 et
1364 2426 1510 2467 fluvius
1542 2438 1654 2465 meus
1687 2423 2031 2478 appropinquavit

398 2488 451 2529 ad
478 2500 607 2528 mare:

137 2550 170 2573 ⁴4
191 2546 383 2602 quoniam
413 2546 641 2588 doctrinam
671 2545 786 2600 quasi
824 2545 1112 2586 antelucanum
1140 2544 1320 2585 illumino
1351 2544 1548 2592 omnibus,
1632 2547 1672 2583 et
1700 2542 1893 2582 enarrabo
1921 2540 2030 2581 illam

398 2619 526 2659 usque
556 2605 607 2646 ad
634 2604 914 2659 longinquum.

137 2667 170 2690 4⁵
191 2665 420 2706 Penetrabo
458 2677 597 2706 omnes
632 2663 838 2705 inferiores
884 2668 1021 2717 partes
1057 2668 1185 2711 terrae,
1276 2668 1317 2703 et
1352 2661 1561 2715 inspiciam
1599 2672 1736 2701 omnes
1772 2658 2027 2707 dormientes,

398 2728 440 2764 et
467 2722 705 2764 illuminabo
735 2735 873 2764 omnes
903 2727 1110 2776 sperantes
1139 2721 1180 2762 in
1208 2721 1396 2763 Domino.

138 2785 173 2808 ⁴⁶
190 2783 336 2824 Adhuc
358 2782 587 2824 doctrinam
609 2781 724 2836 quasi
745 2781 1003 2836 prophetiam
1025 2781 1244 2826 effundam,
1321 2785 1362 2821 et
1381 2778 1605 2832 relinquam
1626 2776 1735 2817 illam
1758 2775 2030 2829 quaerentibus

399 2840 654 2895 sapientiam,
741 2846 783 2882 et
816 2854 898 2882 non
934 2840 1116 2881 desinam
1150 2839 1191 2880 in
1226 2838 1434 2893 progenies
1468 2837 1626 2878 illorum
1661 2847 1787 2888 usque
1821 2834 1862 2874 in
1897 2847 2029 2875 aevum

399 2904 598 2941 sanctum.

138 2961 172 2984 ⁴⁷
198 2959 359 3001 cVidete
382 2958 574 3012 quoniam
594 2972 677 3000 non
697 2958 770 3000 soli
790 2958 889 2999 mihi
908 2957 1103 3006 laboravi,
1179 2957 1247 2998 sed
1269 2956 1454 2997 omnibus
1476 2952 1780 3007 exquirentibus
1801 2951 2028 2992 veritatem.

253 3076 346 3127 IV.
384 3077 604 3127 Iterum
642 3076 808 3127 varia
846 3075 1135 3141 praecepta
1173 3072 1483 3139 sapientiae.
1521 3070 1608 3134 25,
1635 3069 1820 3129 1—42.
1846 3068 1928 3119 14.

570 3167 610 3208 1.
641 3166 875 3217 Praecepta
904 3166 960 3207 de
990 3175 1146 3205 amore
1176 3164 1269 3214 Dei,
1297 3161 1526 3212 25‚1—29‚
1544 3161 1609 3201 18.

2094 3226 2167 3249 Deus

138 3238 202 3282 25.
257 3239 272 3262 ¹
300 3237 348 3278 In
375 3237 506 3279 tribus
532 3238 729 3292 placitum
757 3243 819 3278 est
846 3237 1005 3291 spiritui
1031 3249 1132 3284 meo,
1164 3248 1253 3288 quae
1280 3238 1375 3274 sunt
1402 3232 1576 3286 probata
1603 3243 1738 3272 coram
1765 3231 1862 3279 Deo,
1893 3235 1933 3271 et
1959 3230 2028 3270 ho·
2055 3259 2202 3284 timum„

397 3296 592 3338 minibus:
683 3299 697 3321 2
733 3295 958 3338 Concordia
991 3296 1177 3342 fratrum,
1216 3298 1255 3334 et
1292 3304 1405 3333 amor
1439 3290 1727 3345 proximorum,
1819 3295 1859 3330 et
1894 3289 1954 3328 vir
1989 3292 2028 3327 61

397 3355 541 3396 mulier
569 3356 670 3397 bene
699 3354 775 3396 sibi
804 3354 1112 3395 consentientes.

271 3447 311 3481 35
337 3447 409 3481 aon
433 3427 482 3487 ἶ
490 3450 540 3482 11.
568 3469 609 3471 -
633 3448 675 3481 36
699 3447 774 3480 bros
798 3447 829 3487 3,
855 3448 905 3480 15.
933 3467 974 3470 -
998 3447 1040 3479 47
1065 3445 1137 3479 oluf
1157 3445 1210 3483 33,
1232 3443 1283 3478 13.

1746 3495 1818 3535 41*
