2356 3760
325 148 402 188 226
1178 143 1326 178 LIBER
1351 143 1378 177 I.
2021 146 2053 186 2,
2080 146 2199 187 14-—3‚
2225 147 2245 180 5

328 242 426 282 dum
458 245 731 293 coquerentur
762 252 914 283 carnes,
949 243 988 278 et
1025 238 1206 278 habebat
1237 237 1481 278 fuscinulam
1514 237 1735 279 tridentem
1766 237 1808 278 in
1839 251 1964 279 manu
1995 253 2080 289 sua,
2140 242 2172 264 ¹4
2203 245 2244 281 et

328 299 523 339 mittebat
544 312 633 340 eam
654 299 694 338 in
714 297 902 343 lebetem.
926 296 989 336 vel
1010 296 1051 336 in
1072 296 1306 345 caldariam,
1330 302 1402 338 aut
1422 296 1465 337 in
1486 296 1620 345 ollam,
1644 297 1728 337 sive
1747 296 1789 336 in
1810 297 2026 338 cacabum:
2049 304 2090 339 et
2109 312 2241 348 0111110,

329 358 439 411 (]110(1
458 357 626 398 levabat
647 356 862 399 fuscinula.
886 355 1060 396 tollebat
1080 356 1267 396 sacerdos
1289 355 1376 397 sibi.
1401 355 1456 396 sic
1477 356 1686 396 faciebant
1706 355 1895 397 universo
1919 355 2056 397 Israeli
2079 357 2243 398 venien-

327 417 431 457 tium
460 417 499 456 in
527 416 620 456 Silo.
678 417 708 439 ¹⁵
734 415 873 455 Etiam
902 420 1125 467 antequam
1154 414 1364 455 adolerent
1390 415 1566 468 adipem,
1594 413 1788 455 veniebat
1812 427 1914 467 puer
1939 416 2173 465 sacerdotis,
2202 422 2244 457 et

329 476 492 516 dicebat
514 473 762 514 immolanti:
787 474 852 513 Da
873 473 971 513 mihi
994 486 1169 517 carnem,
1195 478 1241 514 ut
1263 487 1437 527 coquam
1459 473 1679 514 sacerdoti:
1703 485 1784 513 non
1808 473 1915 514 enim
1936 474 2135 528 accipiam
2157 488 2181 516 a
2201 479 2243 516 te

330 547 492 574 carnem
525 538 697 581 coctam,
729 533 800 573 sed
831 532 1012 573 crudam.
1074 534 1108 556 ¹⁶
1139 532 1396 586 Dicebatque
1428 532 1483 573 illi
1515 531 1749 572 immolans:
1785 531 2034 573 Incendatur
2064 533 2243 587 primum

333 593 447 634 iuxta
474 605 627 632 morem
653 591 772 633 hodie
799 591 936 643 adeps,
964 596 1005 631 et
1030 591 1125 631 tolle
1151 591 1226 632 tibi
1253 596 1634 645 quantumcumque
1660 590 1865 631 desiderat
1889 591 2027 633 anima
2051 598 2136 634 tua.
2165 592 2243 641 Qui

331 651 579 704 respondens
607 650 742 691 aiebat
770 650 822 690 ei:
852 649 1142 703 Nequaquam:
1171 663 1279 691 nunc
1305 651 1412 690 enim
1439 649 1568 695 dabis,
1596 649 1776 703 alioquin
1803 649 1945 691 tollam
1973 651 2024 692 vi.
2080 652 2113 675 ¹⁷
2140 651 2243 692 Erat

330 723 422 763 ergo
450 714 664 762 peccatum
691 722 908 762 puerorum
935 709 1088 759 grande
1114 709 1233 749 nimis
1260 722 1394 750 coram
1423 708 1619 750 Domino:
1649 709 1741 762 quia
1769 708 2034 750 retrahebant
2059 710 2243 751 homines

331 783 352 809 a
380 768 578 809 sacrificio
606 768 784 809 Domini.

141 824 315 884 f‘¹'{¹,¹,¹‡,‘{ss¹³³
440 830 473 851 ¹⁸
494 827 655 867 Samuel
678 832 816 867 autem
838 826 1103 867 ministrabat
1124 832 1218 867 ante
1239 827 1384 867 faeiem
1405 827 1584 873 Domini,
1608 839 1718 879 puer,
1742 826 1947 868 accinctus
1969 827 2103 881 ephod
2122 827 2241 869 lineo.

178 879 186 884 ’
271 879 276 889 '
334 889 367 911 ¹⁹
399 886 453 927 Et
485 886 665 927 tunicam
696 898 867 939 parvam
897 885 1075 926 faciebat
1105 885 1138 926 ei
1178 892 1311 927 mater
1347 899 1432 931 sua,
1476 899 1599 939 quam
1641 885 1837 926 afferebat
1878 886 2046 927 statutis
2087 886 2242 935 diebus,

332 946 553 986 ascendens
581 959 671 986 cum
700 944 786 985 viro
819 958 903 989 suo,
933 950 979 985 ut
1009 944 1240 986 immolaret
1270 945 1447 986 hostiam
1480 944 1727 986 sollemnem.
1777 946 1813 969 ²⁰
1834 944 1891 985 Et
1922 944 2131 986 benedixit
2153 944 2244 985 Heli

335 1005 498 1045 Eleanae
527 1010 565 1044 et
595 1003 711 1044 uxori
741 1003 842 1044 eius:
886 1003 1072 1057 dixitque
1101 1004 1153 1044 ei:
1186 1004 1351 1045 Reddat
1379 1004 1454 1045 tibi
1483 1004 1685 1045 Dominus
1714 1016 1851 1044 semen
1880 1004 1929 1044 de
1958 1003 2124 1044 muliere
2152 1003 2241 1052 hac,

333 1077 404 1117 pro
432 1064 586 1104 foenore
616 1062 725 1116 quod
753 1063 1023 1103 commodasti
1051 1063 1241 1104 Domino.
1272 1063 1327 1104 Et
1355 1063 1544 1104 abierunt
1571 1063 1611 1103 in
1639 1062 1773 1103 locum
1800 1076 1931 1104 suum.
1987 1064 2019 1087 2¹
2047 1062 2245 1104 Visitavit

333 1136 424 1175 ergo
452 1121 651 1163 Dominus
679 1121 853 1164 Annam,
882 1125 923 1162 et
948 1122 1147 1175 concepit,
1175 1128 1216 1163 et
1241 1122 1400 1176 peperit
1425 1127 1505 1163 tres
1536 1122 1649 1167 filios,
1678 1127 1719 1162 et
1744 1122 1845 1162 duas
1874 1121 1994 1162 filias:
2022 1126 2064 1163 et
2088 1121 2243 1175 magni-

335 1181 479 1222 ficatus
507 1186 568 1221 est
594 1193 694 1234 puer
718 1179 882 1221 Samuel
909 1180 1019 1234 apud
1045 1181 1283 1223 Dominum.

151 1240 304 1301 flgffigggi}
438 1242 469 1264 22
489 1239 581 1280 Ηο11
600 1244 737 1280 autem
758 1245 843 1279 erat
862 1252 985 1280 senex
1003 1239 1134 1289 valde,
1156 1245 1196 1281 et
1215 1240 1376 1281 audivit
1394 1240 1531 1281 omnia
1550 1253 1640 1294 quae
1657 1240 1864 1281 faciebant
1884 1239 1956 1280 filii
1973 1239 2036 1280 sui
2053 1239 2243 1281 universo

191 1292 294 1341 mnf
335 1299 490 1339 Israeli:
545 1304 585 1339 et
622 1298 826 1351 quomodo
864 1298 1124 1339 dormiebant
1160 1313 1253 1340 cum
1290 1299 1525 1341 mulieribus
1564 1313 1654 1353 quae
1690 1299 1967 1340 observabant
2004 1299 2055 1339 ad
2092 1298 2243 1340 ostium

333 1358 603 1399 tabernaculi:
663 1359 694 1381 ²³
724 1362 765 1398 et
795 1357 900 1398 dixit
930 1357 1004 1398 eis:
1037 1358 1170 1406 Quare
1199 1358 1334 1399 facitis
1364 1372 1425 1399 res
1456 1358 1747 1408 huiuscemodi,
1782 1371 1881 1412 quas
1912 1371 1984 1412 ego
2015 1357 2149 1406 audio,
2181 1370 2243 1398 res

331 1417 539 1471 pessimas,
572 1417 622 1457 ab
654 1416 763 1457 omni
792 1416 969 1469 populo?
1027 1418 1058 1441 2⁴
1090 1417 1226 1458 Nolite
1258 1418 1328 1458 filii
1357 1418 1454 1459 mei:
1486 1431 1567 1459 non
1597 1418 1705 1459 enim
1736 1422 1797 1458 est
1826 1417 1935 1458 bona
1962 1416 2086 1466 fama,
2119 1429 2242 1471 quam

332 1490 403 1527 ego
430 1476 564 1521 audio,
592 1481 639 1516 ut
664 1474 891 1528 transgredi
917 1475 1078 1517 faciatis
1103 1477 1301 1530 populum
1327 1477 1506 1518 Domini.
1561 1479 1592 1501 ²⁵
1618 1477 1659 1518 Si
1683 1476 1915 1531 peccaverit
1939 1475 2003 1516 vir
2026 1475 2068 1516 in
2093 1475 2240 1523 virum,

332 1535 484 1589 placari
510 1535 544 1575 ei
570 1539 708 1588 potest
732 1534 862 1575 Deus:
891 1534 923 1575 si
950 1539 1087 1575 autem
1115 1535 1156 1575 in
1182 1536 1407 1577 Dominum
1435 1536 1666 1590 peccaverit
1691 1536 1765 1585 vir,
1795 1535 1884 1590 quis
1911 1535 2046 1577 orabit
2071 1547 2143 1589 pro
2171 1535 2241 1575 eo?

335 1595 390 1636 Et
416 1608 497 1636 non
527 1593 745 1634 audierunt
772 1606 914 1634 vocem
941 1594 1070 1647 patris
1099 1595 1178 1635 sui:
1209 1595 1305 1648 quia
1332 1595 1463 1637 voluit
1489 1595 1691 1637 Dominus
1719 1594 1899 1636 occidere
1927 1607 2005 1636 eos.

159 1653 300 1713 Sffiffiis
438 1656 473 1678 2⁶
499 1654 605 1694 Puer
631 1658 770 1693 autem
797 1652 961 1694 Samuel
986 1654 1240 1706 proficiebat,
1271 1660 1395 1709 atque
1422 1655 1639 1702 crescebat,
1669 1659 1710 1695 et
1735 1654 1925 1707 placebat
1952 1658 2038 1694 tam
2064 1653 2242 1694 Domino

304 1708 309 1718 ’
334 1727 457 1767 quam
485 1712 730 1754 hominibus.

150 1770 311 1836 5522]ssss
439 1774 473 1796 ‘27
496 1771 619 1812 Venit
642 1776 779 1811 autem
803 1771 866 1811 vir
888 1771 963 1812 Dei
986 1772 1038 1812 ad
1062 1772 1166 1819 Heli,
1192 1779 1232 1813 et
1254 1773 1311 1814 ait
1335 1773 1387 1814 ad
1409 1786 1520 1814 eum:
1547 1773 1644 1814 Haec
1666 1772 1765 1814 dicit
1786 1772 2006 1813 Dominus:
2031 1770 2243 1824 Numquid

146 1842 239 1866 virum
264 1841 313 1865 Dei
334 1845 415 1873 non
442 1836 581 1885 aperte
606 1830 810 1870 revelatus
836 1843 925 1871 sum
952 1831 1091 1871 domui
1117 1832 1245 1885 patris
1273 1832 1345 1880 tui,
1373 1846 1466 1874 011111
1492 1837 1627 1873 essent
1651 1832 1691 1872 in
1718 1831 1898 1886 AEgypto
1924 1831 1964 1871 in
1991 1830 2112 1872 domo
2136 1830 2243 1870 Pha-

333 1891 493 1932 raonis?
536 1891 571 1914 28
586 1890 641 1930 Et
656 1888 755 1942 elegi
770 1902 863 1929 eum
879 1903 927 1930 ex
943 1890 1132 1931 omnibus
1147 1891 1336 1932 tribubus
1354 1891 1478 1933 Israel
1492 1891 1591 1932 mihi
1607 1891 1647 1932 in
1662 1891 1927 1939 sacerdotem,
1944 1895 1992 1931 ut
2007 1889 2244 1931 ascenderet

335 1950 386 1990 ad
411 1949 538 1990 altare
564 1961 712 1991 meum,
740 1953 781 1989 et
805 1948 987 1990 adoleret
1010 1949 1109 1989 mihi
1134 1950 1356 2000 incensum,
1383 1956 1425 1992 et
1447 1956 1633 2005 portaret
1656 1950 1791 2004 ephod
1815 1962 1951 1991 coram
1975 1962 2058 1990 me:
2085 1953 2126 1989 et
2149 1947 2243 1989 dedi

334 2009 474 2050 domui
507 2007 634 2061 patris
668 2006 729 2047 tui
763 2007 897 2048 onmia
932 2008 981 2048 de
1014 2009 1221 2050 sacrificiis
1258 2009 1433 2051 filiorum
1468 2009 1602 2051 Israel.
1664 2011 1699 2034 2⁹
1732 2009 1865 2058 Quare
1898 2008 2005 2049 calce
2039 2006 2243 2048 abiecistis

336 2068 547 2109 victimam
574 2080 720 2111 meam,
750 2071 790 2106 et
815 2080 986 2107 munera
1010 2081 1102 2109 inea
1129 2082 1218 2122 quae
1243 2069 1415 2123 praecepi
1441 2074 1487 2110 ut
1514 2070 1756 2110 offerrentur
1780 2068 1821 2109 in
1848 2067 2020 2121 templo:
2048 2071 2090 2108 et
2113 2065 2243 2119 magis

336 2126 545 2169 honorasti
567 2125 667 2166 filios
687 2130 779 2166 tuos
800 2138 923 2178 quam
941 2139 1017 2175 1110,
1038 2132 1086 2167 111
1104 2128 1368 2169 comederetis
1386 2128 1587 2182 primitias
1606 2128 1737 2170 omnis
1755 2126 1942 2169 sacrificii
1962 2125 2085 2167 Israel
2102 2124 2243 2179 populi

337 2187 439 2228 mei?
487 2188 523 2210 ³⁰
542 2186 765 2238 Propterea
786 2184 844 2225 ait
864 2184 1065 2226 Dominus
1086 2186 1196 2228 Deus
1221 2187 1362 2228 Israel:
1391 2188 1596 2241 aLoquens
1617 2187 1776 2229 locutus
1798 2200 1899 2235 sum,
1922 2189 1970 2226 ut
1989 2185 2134 2226 domus
2155 2190 2240 2234 tua,

336 2251 377 2288 et
403 2247 548 2287 domus
574 2243 703 2298 patris
729 2243 790 2284 tui
817 2243 1070 2285 ministraret
1096 2245 1136 2286 in
1164 2252 1384 2299 conspectu
1411 2260 1513 2296 11100,
1542 2260 1669 2301 usque
1696 2246 1737 2287 in
1763 2245 2069 2299 sempiternum.
2126 2244 2244 2284 Nunc

337 2311 475 2347 autem
497 2303 596 2345 dicit
615 2302 836 2344 Dominus:
858 2303 979 2344 Absit
999 2303 1075 2345 hoc
1095 2318 1118 2345 a
1138 2319 1220 2346 me:
1243 2306 1313 2346 sed
1334 2305 1580 2360 quicumque
1599 2304 1890 2360 glorificaverit
1908 2317 1984 2353 1110,
2006 2302 2242 2357 glorificabo

339 2378 450 2407 eum:
471 2363 539 2417 qui
557 2368 695 2403 autem
714 2367 985 2403 contemnunt
1001 2376 1077 2409 me,
1097 2370 1217 2406 erunt
1234 2365 1441 2419 ignobiles.
1487 2367 1518 2390 3¹
1536 2365 1641 2406 Ecce
1658 2365 1741 2406 dies
1759 2364 1949 2405 veniunt:
1968 2368 2009 2404 et
2024 2362 2244 2416 praecidam

337 2423 549 2466 brachium
580 2428 711 2469 tuum,
744 2425 785 2460 et
817 2421 1027 2463 brachium
1058 2423 1203 2465 domus
1233 2425 1361 2478 patris
1391 2424 1464 2473 tui,
1512 2430 1559 2465 ut
1587 2438 1669 2466 11011
1700 2424 1752 2465 sit
1781 2436 1904 2464 senex
1932 2423 1974 2463 in
2005 2422 2126 2463 domo
2157 2426 2242 2462 tua.

336 2486 368 2508 32
396 2478 449 2523 Et
479 2481 635 2522 videbis
663 2479 856 2520 aemulum
884 2485 1003 2521 tuum
1030 2481 1071 2522 in
1100 2483 1265 2537 templo,
1295 2483 1336 2524 in
1364 2483 1563 2524 universis
1590 2483 1792 2538 prosperis
1822 2481 1963 2523 Israel:
1993 2486 2035 2522 et
2060 2493 2142 2522 non
2170 2479 2246 2520 erit

337 2556 459 2584 senex
485 2541 526 2581 in
553 2541 674 2581 domo
701 2544 774 2579 tua
801 2539 989 2581 omnibus
1016 2541 1171 2584 diebus.
1225 2545 1258 2568 ³³
1284 2543 1577 2584 Verumtamen
1604 2556 1685 2584 non
1713 2543 1895 2583 auferam
1920 2540 2084 2595 penitus
2110 2539 2245 2579 virum

338 2615 388 2643 ex
407 2608 446 2641 te
467 2601 518 2641 ab
538 2598 656 2640 altari
676 2611 785 2638 meo:
807 2598 877 2638 sed
897 2603 942 2639 ut
961 2600 1156 2642 deficiant
1176 2602 1280 2643 oculi
1298 2602 1372 2651 tui,
1393 2607 1435 2644 et
1452 2602 1639 2643 tabescat
1658 2602 1796 2643 anima
1813 2606 1904 2642 tua:
1924 2605 1966 2641 et
1983 2612 2076 2653 pars
2095 2611 2246 2652 magna

338 2662 483 2702 domus
502 2664 584 2699 tuae
601 2657 797 2698 morietur
814 2670 906 2697 cum
925 2658 976 2698 ad
996 2659 1151 2701 virilem
1171 2667 1337 2703 aetatem
1354 2661 1523 2702 venerit.
1569 2663 1602 2686 ³⁴¹
1620 2661 1709 2703 Hoc
1727 2665 1866 2701 autem
1884 2659 1960 2700 erit
1977 2658 2052 2699 tibi
2069 2658 2243 2711 signum,

339 2720 448 2775 quod
468 2723 688 2759 venturum
708 2720 769 2756 est
787 2716 946 2757 (111011115
969 2717 1059 2759 filiis
1078 2720 1172 2770 tuis,
1193 2721 1329 2774 Ophni
1348 2725 1389 2761 et
1406 2720 1597 2762 Phinees:
1620 2720 1667 2761 In
1685 2720 1748 2762 die
1767 2732 1847 2761 uno
1866 2718 2091 2760 morientur
2108 2716 2243 2757 ambo.

338 2782 369 2805 ³⁵
398 2779 451 2819 Et
479 2777 684 2818 suscitabo
712 2774 812 2815 mihi
839 2777 1092 2818 sacerdotem
1123 2779 1294 2829 fidelem,
1325 2779 1394 2834 qui
1420 2779 1538 2820 iuxta
1564 2793 1632 2821 cor
1658 2792 1807 2827 meum,
1836 2783 1878 2819 et
1904 2777 2083 2818 animam
2111 2788 2244 2816 meam

338 2838 478 2879 faciet:
509 2843 549 2877 et
578 2834 790 2876 {edificabo
820 2834 853 2874 ei
882 2835 1050 2876 domum
1084 2837 1255 2886 fidelem,
1287 2844 1328 2880 et
1356 2838 1587 2880 ambulabit
1615 2851 1751 2880 coram
1780 2837 1940 2878 Christo
1969 2849 2059 2877 meo
2089 2833 2245 2875 cunctis

339 2897 492 2938 diebus.
553 2898 589 2919 ²³⁶
620 2895 827 2935 Futurum
861 2899 922 2934 est
953 2900 1104 2941 autem,
1138 2903 1185 2938 ut
1217 2898 1462 2952 quicumque
1493 2897 1733 2939 remanserit
1763 2897 1804 2937 in
1835 2896 1957 2937 domo
1988 2900 2073 2944 tua,
2106 2892 2247 2934 veniat

340 2962 385 2997 ut
405 2961 542 2997 oretur
559 2967 631 3007 pro
650 2968 709 2999 eo,
731 2958 772 2993 et
792 2952 938 2993 offerat
956 2967 1170 2997 nummum
1190 2962 1440 3011 argenteum,
1461 2962 1502 2998 et
1520 2962 1673 2998 tortam
1691 2956 1820 3010 panis,
1841 2954 2051 3008 dicatque:
2071 2952 2246 2993 Dimitte

342 3029 403 3055 me
432 3015 595 3055 obsecro
624 3014 675 3053 ad
702 3024 825 3052 unam
854 3018 1012 3063 partem
1040 3016 1345 3065 sacerdotalem,
1373 3022 1421 3057 ut
1447 3016 1658 3057 comedam
1686 3014 1909 3057 buccellam
1934 3013 2063 3068 panis.
2237 3069 2245 3076 ἡ

152 3078 310 3136 fflssfmpfgw
445 3073 483 3116 3.
539 3075 548 3096 ¹
581 3073 685 3113 Puer
711 3077 849 3112 autem
877 3070 1041 3135 Samuel
1068 3074 1330 3116 ministrabat
1356 3075 1533 3117 Domino
1561 3088 1695 3116 coram
1725 3073 1828 3122 Heli,
1857 3079 1897 3114 et
1923 3085 2053 3113 sermo
2079 3072 2246 3135 Donnnl

307 3131 321 3141 ”
341 3141 422 3174 erat
454 3132 654 3186 pretiosus
682 3131 721 3171 in
749 3129 891 3171 diebus
918 3129 1007 3177 illis,
1037 3146 1117 3175 non
1144 3140 1231 3175 erat
1257 3135 1358 3176 visio
1384 3134 1614 3176 manifesta.
1670 3136 1684 3158 2
1709 3134 1883 3174 Factum
1910 3137 1972 3173 est
1997 3144 2088 3184 ergo
2115 3130 2156 3170 in
2183 3129 2246 3170 dle

342 3194 533 3246 quadam,
565 3190 654 3231 Heli
684 3189 843 3230 iaccbat
872 3187 912 3228 fn
940 3188 1026 3233 loco
1054 3206 1138 3237 5110,
1169 3199 1210 3234 et
1237 3194 1342 3235 oculi
1369 3193 1452 3235 eius
1481 3193 1769 3246 caligaverant,
1799 3205 1872 3233 1100
1898 3194 2063 3245 poterat
2090 3189 2244 3230 videre:

340 3254 354 3276 ³
383 3252 546 3292 lucerna
570 3249 644 3291 Dei
673 3254 896 3301 antequam
925 3252 1243 3306 extingueretur,
1272 3252 1434 3294 Samuel
1463 3252 1693 3293 dormiebat
1720 3252 1760 3292 in
1788 3250 1941 3304 templo
1968 3248 2147 3298 Domini,
2176 3246 2248 3288 ubi

340 3317 428 3351 erat
448 3323 540 3350 area
560 3308 647 3350 Dei.
697 3310 711 3332 ⁴
733 3307 787 3348 Et
809 3310 974 3352 vocavit
994 3311 1196 3353 Dominus
1217 3311 1392 3353 Samuel.
1417 3311 1494 3360 Qui
1515 3311 1775 3366 respondens,
1799 3309 1875 3351 ait:
1898 3309 2001 3349 Ecce
2023 3321 2107 3361 ego.
2156 3309 2170 3330 ⁵
2192 3306 2247 3346 Et

340 3369 517 3411 cucurrit
547 3369 599 3409 ad
630 3367 733 3409 Heli.
765 3372 806 3406 et
835 3364 958 3411 dixit:
992 3371 1094 3412 Eece
1125 3385 1215 3425 ego:
1263 3371 1418 3413 vocasti
1449 3371 1554 3411 enim
1586 3384 1662 3411 me.
1695 3369 1773 3418 Qui
1802 3368 1925 3410 dixit:
1959 3367 2048 3409 Non
2080 3365 2244 3407 vocavi:

474 3497 516 3531 30
545 3498 576 3530 ·1
598 3497 649 3542 ng
674 3498 706 3539 2,
730 3498 770 3531 27
