2356 3760
99 912 244 937 ¹<Mutatio

85 948 255 978 apostolica.

72 1237 261 1262 Vocationmn

89 1276 117 1297 Pt
140 1273 254 1298 t’lt’Ctlm—

88 1316 153 1333 nt‘·lll
173 1316 256 1333 suani

134 1472 214 1496 bonis

105 1507 241 1537 evei-ihu<

119 1545 228 1567 vvi'faill

113 1579 234 1604 iaciunt:

124 2064 229 2089 idcireo

123 2101 223 2124 Petrus

111 2136 194 2159 vivus
216 2137 245 2160 et

112 2173 243 2195 mortuus

92 2206 195 2230 litis-ris
215 2214 263 2231 eos

88 2245 264 2271 c111111110n=2t‚

95 2417 260 2446 speculator

124 2452 232 2479 insigni·

123 2488 233 2511 tudinis

126 2523 230 2547 christi

131 2561 186 2582 Ιεινῖ
194 2566 225 2582 115

91 2711 118 2732 vi
145 2709 264 2738 psmpliv·

95 2744 185 2768 tieuin
208 2751 262 2767 ser-

122 2787 237 2803 ιιιωυνιιι

119 2815 238 2839 hanon>

120 3224 241 3248 Haereti-

131 3266 230 3284 corum

118 3295 244 3325 perditis»

143 3333 221 3355 verto

119 3368 245 3390 ventura

879 403 1590 494 EPISTOLA

372 525 807 613 BEATI
872 525 1307 612 PETRI
1371 525 2088 615 APOSTOLI

1007 658 1466 713 SECUNDA.

1144 762 1336 770 ww

999 836 1262 888 Exordium,
1292 838 1331 887 1,
1352 838 1371 876 1
1382 839 1470 877 -2,

384 908 419 951 1.
478 910 489 932 ¹
519 907 659 949 Simon
695 908 853 957 Petrus,
892 922 1043 958 servus,
1082 914 1123 950 et
1158 908 1382 963 Apostolus
1420 909 1510 950 Iesu
1547 908 1708 958 Christi,
1740 908 1798 958 iis,
1834 908 1901 962 qui
1938 907 2186 963 coaequalem

279 966 490 1008 nobiscum
507 967 641 1008 sortiti
659 973 756 1009 sunt
772 968 894 1009 fidem
911 967 952 1009 in
969 967 1129 1009 iustitia
1146 967 1220 1009 Dei
1238 968 1378 1014 nostri.
1398 973 1440 1009 et
1456 968 1679 1010 Salvatoris
1700 967 1791 1009 Iesu
1808 967 1968 1010 Christi.
2014 970 2028 992 2
2044 967 2189 1009 Gratia

279 1025 407 1074 vobis,
437 1031 478 1066 et
504 1038 586 1079 pax
613 1025 888 1080 adimpleatur
913 1026 954 1067 in
982 1026 1212 1080 cognitione
1238 1026 1326 1076 Dei,
1356 1032 1397 1068 et
1424 1027 1571 1069 Christi
1601 1027 1691 1069 Iesu
1718 1026 1884 1068 Domini
1912 1026 2058 1068 nostri:

844 1143 885 1194 Ι.
924 1144 1007 1194 De
1045 1143 1334 1203 fidelibus,
1373 1143 1414 1204 1,
1443 1142 1625 1194 3-«21.

383 1236 398 1257 ³
418 1233 623 1287 quomodo
645 1234 781 1275 omnia
799 1234 914 1275 nobis
936 1234 1084 1276 divinae
1104 1234 1268 1276 virtutis
1289 1247 1382 1283 suae,
1406 1247 1495 1288 quae
1515 1234 1566 1275 ad
1587 1234 1729 1283 vitam,
1751 1239 1792 1275 et
1811 1234 2008 1287 pietatem
2029 1234 2184 1275 donata

279 1300 386 1342 sunt,
412 1306 482 1346 per
506 1292 777 1346 cognitionem
801 1294 897 1343 eius,
924 1293 992 1347 qui
1016 1293 1182 1335 vocavit
1205 1306 1276 1334 nos
1299 1294 1464 1347 propria
1485 1293 1622 1347 gloria,
1649 1299 1689 1336 et
1713 1293 1878 1342 virtute,
1929 1294 1944 1316 ⁴
1967 1305 2038 1347 per
2061 1305 2183 1346 quem

278 1351 470 1401 maxima,
491 1358 532 1393 et
549 1352 727 1405 pretiosa
745 1352 860 1394 nobis
878 1353 1078 1406 promissa
1095 1352 1284 1394 donavit:
1305 1358 1352 1394 ut
1370 1366 1440 1405 per
1456 1353 1542 1393 haec
1560 1351 1792 1393 efficiamini
1811 1351 1960 1392 divinae
1977 1356 2184 1392 consortes

279 1417 453 1452 naturae:
488 1410 687 1464 fugientes
721 1411 816 1460 eius,
852 1424 942 1465 quae
973 1411 1014 1452 in
1047 1411 1200 1452 mundo
1234 1416 1306 1460 est,
1341 1411 1679 1464 concupiscentia}
1711 1410 2025 1464 corruptionem.

385 1479 399 1493 ³
425 1469 505 1510 Vos
532 1477 670 1510 autem
697 1483 833 1511 curam
862 1483 1022 1511 omnem
1049 1469 1356 1518 subinferentes,
1384 1469 1615 1510 ministrate
1640 1469 1681 1510 in
1706 1469 1785 1510 fide
1811 1475 1948 1510 vestra
1974 1469 2185 1517 virtutem,

281 1528 320 1569 in
342 1528 494 1570 virtute
514 1534 653 1570 autem
672 1528 896 1577 scientiam,
947 1531 962 1553 ⁶
980 1528 1021 1569 in
1041 1528 1210 1570 scientia
1229 1533 1367 1569 autem
1388 1527 1693 1577 abstinentiam,
1714 1527 1755 1568 in
1776 1527 2027 1569 abstinentia
2046 1532 2186 1569 autem

281 1587 536 1641 patientiam,
560 1587 601 1628 in
621 1587 823 1640 patientia
844 1593 983 1628 autem
1003 1587 1214 1641 pietatem,
1267 1589 1280 1610 ⁷
1301 1587 1343 1627 in
1363 1586 1518 1640 pietate
1540 1592 1678 1628 autem
1700 1599 1880 1627 amorem
1901 1586 2185 1634 fraternitatis

280 1646 319 1686 in
336 1659 471 1687 amore
487 1652 624 1687 autem
640 1646 908 1688 fraternitatis
924 1646 1180 1687 charitatem.
1226 1648 1241 1669 8
1256 1645 1353 1687 Haec
1369 1645 1475 1687 enim
1490 1645 1521 1687 si
1539 1645 1748 1687 vobiscum
1761 1645 1910 1694 adsint,
1925 1650 1965 1687 et
1979 1650 2186 1698 superent,

281 1718 360 1745 non
380 1718 543 1754 vacuos,
564 1719 636 1746 nec
655 1705 738 1746 sine
757 1706 893 1747 fructu
912 1718 984 1747 vos
1003 1705 1257 1746 constituent
1274 1705 1315 1746 in
1333 1704 1499 1745 Domini
1518 1704 1645 1745 nostri
1666 1704 1757 1745 Iesu
1776 1703 1924 1745 Christi
1943 1703 2186 1756 cognitione.

282 1767 296 1788 ³
320 1764 391 1805 Cui
414 1764 520 1805 enim
544 1777 624 1805 non
646 1770 794 1818 praesto
817 1769 914 1806 sunt
935 1764 1031 1814 haec,
1056 1777 1183 1806 caecus
1206 1768 1279 1813 est,
1303 1769 1345 1805 et
1365 1777 1490 1805 manu
1514 1768 1691 1813 tentans,
1717 1762 1963 1804 oblivionem
1986 1761 2187 1815 accipiens

278 1823 531 1877 purgationis
568 1829 752 1865 veterum
787 1836 953 1864 suorum
988 1823 1240 1865 delictorum.
1305 1825 1340 1847 ¹0
1375 1823 1634 1876 Quapropter
1667 1822 1812 1863 fratres
1847 1821 1976 1875 magis
2011 1820 2187 1874 satagite

280 1888 326 1922 ut
354 1895 424 1935 per
451 1882 559 1923 bona
586 1895 708 1936 opera
735 1888 888 1923 certam
917 1888 1095 1924 vestram
1124 1882 1394 1932 vocationem,
1425 1887 1466 1924 et
1493 1881 1731 1923 electionem
1757 1880 1935 1922 faciatis:
1964 1879 2050 1921 haec
2077 1879 2185 1921 enim

281 1941 487 1987 facientes,
519 1954 599 1982 non
629 1941 848 1995 peccabitis
877 1941 1110 1995 aliquando.
1168 1944 1198 1966 ¹¹
1227 1941 1291 1982 Sic
1320 1941 1426 1982 enim
1456 1940 1715 1982 abundanter
1742 1938 2043 1981 ministrabitur
2071 1937 2186 1979 vobis

281 1999 472 2041 introitus
504 2001 543 2041 in
574 2007 770 2042 aeternnm
800 2014 968 2053 regnum
1000 2000 1165 2041 Domini
1196 2000 1335 2050 nostri,
1368 2005 1409 2041 et
1438 1999 1662 2041 Salvatoris
1696 1999 1786 2040 Iesu
1817 1997 1976 2040 Christi.

390 2062 420 2083 ¹²
446 2060 619 2113 Propter
647 2059 756 2112 quod
783 2060 975 2112 incipiam
1004 2072 1075 2100 vos
1103 2072 1261 2112 semper
1288 2071 1543 2100 commonere
1571 2058 1620 2099 de
1646 2058 1726 2099 his:
1756 2063 1797 2099 et
1825 2057 1989 2111 quidem
2017 2056 2189 2098 scientes

285 2124 324 2159 et
352 2118 612 2159 confirmatos
640 2131 711 2159 vos
737 2118 777 2158 in
804 2118 993 2171 praesenti
1020 2118 1205 2159 veritate.
1262 2120 1293 2142 ¹3
1322 2117 1481 2158 Iustum
1509 2122 1647 2158 autem
1675 2116 1849 2157 arbitror
1876 2115 2073 2170 quamdiu
2099 2128 2189 2157 sum

285 2177 325 2217 in
340 2177 416 2218 hoc
432 2177 707 2226 tabernaculo,
725 2177 919 2218 suscitare
935 2190 1006 2217 vos
1021 2176 1061 2217 in
1078 2176 1412 2218 commonitione:
1455 2178 1487 2201 ¹⁴
1503 2182 1634 2217 certus
1653 2175 1762 2230 quod
1777 2175 1896 2216 velox
1911 2180 1973 2217 est
1989 2173 2188 2228 depositio

284 2235 534 2277 tabernaculi
569 2236 647 2277 inei
681 2236 904 2277 secundum
939 2236 1048 2290 quod
1082 2242 1123 2277 et
1154 2235 1355 2276 Dominus
1390 2240 1526 2276 noster
1562 2234 1671 2275 Iesus
1706 2233 1887 2275 Christus
1925 2232 2189 2287 asignificavit

284 2294 393 2336 mihi.
454 2297 484 2319 ¹⁵
515 2294 633 2335 Dabo
665 2301 803 2336 autem
836 2308 999 2348 operam
1031 2300 1072 2336 et
1101 2295 1334 2348 frequenter
1363 2293 1512 2335 habere
1544 2306 1615 2335 vos
1645 2298 1739 2347 post
1770 2292 1929 2333 obitum
1959 2305 2108 2341 meum,
2142 2296 2189 2332 ut

282 2353 427 2395 horum
457 2354 694 2395 memoriam
723 2354 894 2395 faciatis.

391 2415 424 2437 ¹⁶
455 2413 567 2453 bNon
595 2413 702 2454 enim
730 2413 871 2455 doctas
899 2412 1058 2453 fabulas
1086 2412 1213 2454 secuti
1240 2417 1383 2453 notam
1410 2411 1578 2453 fecimus
1606 2411 1721 2453 vobis
1748 2410 1914 2451 Domini
1941 2409 2069 2451 nostri
2098 2409 2189 2450 Iesu

286 2471 431 2512 Christi
456 2472 665 2519 virtutem,
692 2478 732 2513 et
755 2472 1031 2525 praesentiam:
1057 2471 1127 2513 sed
1150 2472 1421 2525 speculatores
1446 2470 1543 2512 facti
1567 2470 1672 2512 illius
1696 2469 2000 2523 magnitudinis.
2054 2470 2087 2493 ¹⁷
2113 2468 2189 2509 Ac-

284 2530 434 2583 cipiens
460 2531 565 2571 enim
592 2545 615 2571 a
638 2532 725 2571 Deo
750 2531 872 2571 Patre
896 2531 1103 2580 honorem,
1130 2536 1171 2572 et
1193 2530 1374 2584 gloriam,
1401 2543 1500 2571 voce
1525 2529 1691 2583 delapsa
1715 2529 1767 2570 ad
1791 2542 1883 2570 eum
1908 2526 2187 2569 huiuscemodi

285 2602 308 2629 a
335 2589 551 2640 magnifica
577 2590 720 2643 gloria:
758 2589 852 2631 ‹inc
882 2595 943 2631 est
970 2589 1094 2630 Filius
1124 2603 1236 2631 meus
1265 2589 1447 2639 dilectus,
1478 2589 1518 2630 in
1549 2602 1628 2643 quo
1658 2587 1755 2628 mihi
1784 2586 2022 2641 complacui,
2052 2586 2186 2640 ipsum

285 2649 434 2690 audite.
489 2650 522 2673 ¹8
546 2649 599 2690 Et
624 2649 727 2689 hanc
755 2661 893 2690 vocem
918 2661 990 2689 nos
1014 2648 1245 2689 audivimus
1270 2648 1318 2689 de
1343 2648 1437 2689 caelo
1462 2647 1642 2697 allatam,
1669 2661 1761 2688 curn
1785 2659 1961 2688 essemus
1985 2659 2078 2687 cum
2100 2645 2188 2699 ipso

287 2707 325 2747 in
347 2715 485 2748 monte
506 2714 659 2749 sancto,
708 2709 744 2731 ¹⁹
764 2707 819 2748 Et
839 2707 1036 2748 habemus
1057 2707 1274 2748 firmiorem
1295 2706 1579 2760 propheticum
1599 2719 1843 2748 sermonem:
1866 2705 1929 2746 cui
1950 2703 2189 2746 benefacitis

287 2767 546 2808 attendentes
571 2767 685 2820 quasi
708 2766 880 2808 lucernae
902 2766 1053 2807 lucenti
1076 2766 1117 2807 in
1141 2766 1357 2819 caliginoso
1380 2766 1467 2807 loco
1491 2765 1618 2806 donec
1642 2765 1724 2805 dies
1748 2765 1961 2813 elucescat,
1987 2769 2028 2805 et
2049 2762 2191 2804 lucifer

287 2824 439 2865 oriatur
470 2826 507 2866 in
538 2826 725 2867 cordibus
756 2825 917 2866 vestris:
976 2828 1011 2850 2⁰
1042 2825 1138 2866 dhoc
1168 2825 1344 2878 primum
1374 2824 1643 2878 intelligentes
1675 2823 1783 2877 quod
1814 2823 1942 2864 omnis
1972 2821 2189 2876 prophetia

285 2882 502 2935 Scriptura}
530 2885 691 2937 propria
718 2884 1053 2937 interpretatione
1081 2898 1161 2925 non
1189 2884 1246 2926 fit.
1302 2886 1331 2908 2¹
1362 2884 1452 2924 Non
1480 2883 1586 2924 enim
1614 2882 1827 2923 voluntate
1854 2882 2036 2922 humana
2062 2881 2189 2922 allata

286 2948 345 2983 est
365 2942 584 2995 aliquando
602 2943 834 2997 prophetia:
855 2943 924 2984 sed
942 2943 1096 2996 Spiritu
1114 2948 1255 2984 sancto
1275 2942 1471 2996 inspirati,
1492 2942 1615 2983 locuti
1634 2947 1730 2983 sunt
1746 2940 1877 2983 sancti
1894 2940 1970 2982 Dei
1988 2940 2184 2981 homines.

753 3060 823 3110 Il.
862 3060 944 3110 De
985 3059 1346 3120 illusoribus,
1385 3058 1608 3120 2,1—3,
1641 3059 1718 3109 16.

626 3149 662 3189 1.
694 3150 918 3190 Pernicies
949 3150 992 3190 et
1022 3150 1115 3189 vita
1145 3160 1302 3190 eorum
1335 3150 1621 3200 describitur,
1649 3150 1688 3200 2,
1708 3148 1852 3188 1-22

392 3219 416 3243 ί)

393 3250 430 3261 -.
486 3222 498 3243 1
529 3219 708 3259 Fuerunt
746 3234 839 3259 vero
876 3226 916 3261 et
951 3219 1316 3273 pseudoprophetae
1351 3220 1391 3260 in
1427 3220 1589 3274 populo,
1627 3219 1732 3260 sicut
1767 3224 1807 3259 et
1842 3218 1882 3259 in
1919 3217 2030 3258 vossis
2068 3223 2186 3258 erunt

290 3278 469 3331 magistri
494 3278 718 3322 mendaces.
744 3279 810 3331 qui
834 3279 1095 3320 introducent
1118 3285 1247 3320 sectas
1270 3279 1518 3332 perditionis.
1543 3284 1583 3319 et
1605 3291 1709 3327 eum,
1735 3277 1802 3331 qui
1825 3276 1924 3318 emit
1947 3290 2025 3321 eos,
2049 3276 2188 3317 Domi-

290 3351 387 3378 num
411 3344 578 3390 negant:
602 3336 917 3389 superducentes
940 3337 1014 3377 sibi
1037 3338 1203 3378 celerem
1225 3337 1506 3390 perditionem.
1556 3339 1570 3361 2
1592 3337 1648 3378 Et
1669 3336 1785 3377 multi
1809 3339 2028 3389 sequentur
2050 3348 2188 3376 eorum

396 3416 399 3417 ⁷
423 3442 451 3482 1,
484 3440 523 3473 11
548 3440 605 3472 ³10
630 3441 682 3479 21,
710 3440 759 3474 19.
787 3461 827 3463 -
854 3442 893 3473 16
918 3441 953 3473 bl
982 3442 1045 3475 cor
1071 3443 1100 3480 1,
1128 3442 1176 3474 1τ.
1231 3463 1244 3465 «
1271 3443 1310 3475 17
1339 3441 1406 3475 <Mt
1432 3442 1483 3482 17,
1508 3441 1537 3474 5.
1564 3461 1605 3463 -
1630 3439 1672 3473 :20
1695 3440 1734 3472 (12
1760 3439 1834 3473 Tim
1859 3439 1889 3479 3,
1917 3440 1966 3472 10.
