2356 3760
292 187 370 228 300
1148 184 1292 219 LIBER
1321 185 1347 219 I.
1921 188 1974 228 13,
2000 188 2142 230 32—14,
2167 190 2209 223 21

293 278 459 332 sepelite
477 291 541 319 1110
563 278 602 319 111
622 278 847 331 sepulchro,
865 277 904 317 in
924 290 1003 330 quo
1017 277 1081 317 vir
1093 278 1170 318 Dei
1188 277 1371 331 sepultus
1390 283 1469 319 est:
1491 278 1608 320 iuxta
1626 292 1717 321 ossa
1735 278 1819 320 eius
1837 280 1977 334 ponite
1996 295 2087 323 ossa
2105 296 2208 324 mea.

293 340 325 363 ³2
359 338 544 379 Profecto
575 337 681 378 enim
713 336 850 376 veniet
878 348 1022 383 sermo,
1055 349 1175 389 quem
1206 336 1398 389 1)1·ae‹lixit
1427 336 1467 377 in
1498 350 1682 379 sermone
1711 338 1879 380 Domini
1908 345 2053 381 contra
2082 341 2210 382 altare

295 397 403 450 quod
426 403 486 437 est
508 396 547 436 in
570 394 724 438 Betliel.
746 400 787 435 et
806 400 949 435 contra
968 394 1107 436 onmia
1126 395 1225 435 fana
1243 395 1506 443 excelsorum,
1528 409 1618 449 quae
1637 402 1733 437 sunt
1751 397 1792 437 in
1815 398 1983 439 urbibus
2002 399 2208 441 Samariae.

111 457 262 482 1¹·¹··¹b0²¹¹¹¹
398 458 430 479 ³³²³
453 456 547 495 Post
568 455 691 494 verba
712 453 796 493 haec
817 467 896 493 11011
917 458 978 493 031
997 466 1180 494 reversus
1203 454 1415 495 leroboam
1435 454 1484 495 de
1504 454 1572 495 via
1590 468 1664 495 sua
1681 456 1869 508 pessima,
1891 458 1962 498 sed
1981 458 2210 500 econtrario

115 499 258 553 ῘῖῘζ-Ϊιιῗιῖῗῖ
295 515 387 555 fecit
423 514 471 554 (10
507 512 736 554 novissimis
772 512 910 565 populi
944 512 1174 553 sacerdotes
1209 513 1478 554 excelsorum:
1515 513 1762 567 quicumque
1797 515 1974 565 volebat,
2012 516 2210 569 implebat

293 586 461 613 manum
485 585 614 615 suam,
641 576 681 611 01
705 571 830 612 fiebat
853 571 1040 612 sacerdos
1064 571 1327 612 excelsorum.
1380 574 1413 596 ³⁴
1436 572 1491 612 Et
1514 578 1682 626 propter
1705 573 1810 613 lianc
1834 587 1998 615 causam
2024 575 2212 628 peccavit

293 632 438 672 domus
469 631 694 673 Ieroboam.
725 635 765 670 et
793 642 934 670 eversa
961 635 1034 677 est,
1064 636 1105 670 et
1132 630 1266 671 deleta
1294 631 1342 671 (10
1370 630 1580 683 superficie
1608 636 1736 672 101110.

737 735 774 774 4.
804 733 1073 773 vaticinium
1104 733 1230 774 Ahiae
1259 733 1516 787 prophetae,
1546 735 1612 785 14,
1632 735 1778 776 1—18.

143 806 229 830 ¹'Wi
398 806 459 849 14.
517 809 527 830 ¹
559 806 604 845 Ῑ11
634 811 815 858 tempore
843 804 908 845 illo
935 805 1152 855 {egrotavit
1178 805 1285 846 Abia
1310 805 1414 846 filius
1444 805 1668 846 leroboam.
1725 808 1739 830 ²
1766 806 1964 860 Dixitque
1993 806 2207 849 Ieroboam

109 841 260 867 I'fflb‘ffln
293 866 406 907 uxori
435 878 534 905 suae:
563 865 700 913 Surge,
731 870 770 904 et
798 870 1009 904 commuta
1035 864 1236 912 habitum,
1268 877 1315 904 110
1343 864 1597 917 cognoscaris
1626 865 1735 918 quod
1763 865 1815 905 sis
1842 878 1945 906 uxor
1974 865 2208 907 Ieroboam:

291 930 331 965 et
361 924 464 964 vade
495 924 534 964 in
564 923 657 966 Silo.
691 923 758 963 ubi
789 930 848 963 031
879 922 1002 963 Anias
1033 923 1246 976 propheta,
1283 923 1371 977 aqui
1401 923 1562 964 locutus
1592 928 1654 964 est
1682 923 1794 968 mihi,
1827 924 1937 977 quod
1965 930 2209 978 regnaturus

291 997 418 1023 essem
444 996 564 1036 super
588 981 785 1035 populum
811 982 929 1022 1111110.
982 984 998 1006 ³
1023 982 1132 1022 Tolle
1158 996 1320 1036 quoquc
1345 982 1385 1022 111
1410 996 1535 1022 manu
1560 988 1634 1023 tua
1658 982 1797 1024 decem
1822 996 1961 1036 panes,
1988 989 2029 1024 et
2053 989 2212 1025 crustu-

292 1042 385 1085 lam,
414 1048 454 1082 et
480 1055 552 1082 vas
580 1041 720 1089 mellis,
749 1046 790 1081 et
816 1041 920 1081 vade
947 1041 999 1081 ad
1027 1041 1157 1081 illum:
1187 1041 1270 1094 ipse
1297 1041 1404 1081 enim
1431 1041 1632 1082 indicabit
1659 1041 1735 1082 tibi
1761 1041 1859 1095 quid
1886 1048 2131 1083 eventurum
2159 1044 2211 1084 sit

292 1115 416 1155 puero
440 1101 542 1141 111110,
592 1102 607 1124 ⁴
627 1099 740 1140 Fecit
762 1105 808 1139 ut
829 1099 1001 1142 dixerat.
1024 1113 1127 1141 uxor
1152 1100 1382 1141 Ieroboam:
1405 1105 1446 1141 et
1467 1113 1712 1154 consurgens
1734 1100 1836 1141 abiit
1856 1100 1897 1141 in
1918 1100 2012 1150 Silo,
2036 1106 2077 1142 et
2097 1102 2211 1143 venit

291 1160 331 1200 in
348 1161 515 1200 donmm
531 1159 664 1199 Aliiee:
681 1164 725 1199 at
740 1158 804 1198 ille
820 1171 900 1199 non
916 1163 1080 1212 poterat
1094 1159 1243 1203 videre,
1263 1159 1359 1213 quia
1374 1159 1652 1213 caligaverant
1668 1159 1773 1200 oculi
1788 1159 1871 1200 eius
1887 1173 1971 1213 prae
1985 1166 2207 1202 senectute.

131 1223 240 1281 vim-sa.
397 1221 411 1242 ⁵
432 1219 548 1258 Dixit
571 1225 709 1259 autem
732 1217 933 1259 Dominus
956 1218 1007 1258 ad
1028 1217 1195 1258 Aliiam:
1220 1218 1324 1259 Ecce
1347 1232 1449 1259 uxor
1474 1218 1686 1262 Ieroboam
1708 1218 1935 1272 ingreditur
1956 1224 2003 1260 ut
2023 1219 2212 1261 consulat

123 1265 249 1317 ‹sff’ii'i'iiss-
292 1284 331 1319 te
360 1291 480 1331 super
508 1277 588 1319 filio
617 1290 689 1318 suo
719 1277 787 1331 qui
815 1281 998 1327 aegrotat.
1030 1277 1115 1317 haec
1143 1282 1184 1318 et
1211 1277 1296 1317 liaec
1324 1277 1499 1331 loqueris
1529 1277 1574 1318 ei.
1606 1278 1708 1318 Cum
1737 1290 1828 1331 crgo
1858 1277 1926 1318 illa
1954 1277 2138 1328 intraret,
2171 1284 2212 1320 et

100 1328 272 1391 *Ugffnssffn'
292 1336 566 1377 dissimularet
589 1350 629 1377 30
652 1350 735 1377 0330
760 1349 849 1389 quae
872 1341 970 1381 erat,
1018 1338 1032 1359 ⁶
1055 1336 1215 1376 audivit
1237 1336 1362 1377 Aliias
1386 1336 1566 1378 sonitum
1588 1337 1741 1390 pedum
1764 1336 1847 1377 eius
1871 1336 2117 1378 introeuntis
2140 1351 2212 1391 per

293 1396 454 1440 ostium,
483 1402 523 1436 et
549 1396 624 1436 ait:
654 1395 866 1449 lngredere
892 1409 995 1435 uxor
1022 1395 1253 1436 Ieroboam:
1282 1409 1406 1450 quare
1432 1395 1553 1436 aliam
1578 1400 1618 1436 te
1644 1409 1729 1436 esse
1754 1395 1945 1436 simulas?
1973 1409 2045 1450 ego
2071 1402 2210 1438 autem

291 1455 437 1496 missus
466 1468 555 1495 sum
584 1454 635 1495 ad
663 1459 704 1495 te
732 1454 857 1494 durus
886 1453 1069 1495 nuncius.
1130 1456 1143 1478 ⁷
1172 1455 1297 1499 Vade,
1328 1460 1369 1495 et
1396 1454 1460 1495 dic
1490 1454 1722 1495 Ieroboam:
1756 1454 1853 1495 erc
1881 1454 1981 1495 dicit
2007 1455 2210 1497 Dominus

291 1514 401 1555 Deus
432 1513 573 1554 Israel:
603 1513 708 1562 Quia
735 1512 916 1553 exaltavi
943 1518 983 1553 te
1011 1513 1060 1553 de
1088 1513 1221 1554 medio
1249 1513 1402 1567 populi,
1433 1518 1473 1554 et
1500 1513 1593 1554 dedi
1620 1518 1661 1554 te
1689 1514 1835 1555 ducem
1862 1527 1984 1567 super
2009 1514 2210 1568 populum

292 1587 427 1614 meum
452 1573 593 1613 lsrael:
645 1574 660 1596 8
682 1577 722 1613 01
743 1572 841 1612 301(11
863 1584 1032 1625 regnum
1054 1572 1199 1613 domus
1220 1572 1370 1621 David,
1394 1577 1436 1613 et
1456 1572 1549 1613 dedi
1570 1572 1670 1613 illud
1692 1572 1779 1621 tibi,
1803 1577 1844 1614 et
1864 1586 1946 1614 non
1967 1573 2083 1614 fuisti
2104 1573 2211 1614 sicut

291 1645 430 1673 servus
458 1645 570 1672 meus
595 1631 744 1677 David,
774 1631 842 1685 qui
869 1631 1094 1672 custodivit
1119 1631 1320 1672 mandata
1344 1644 1446 1679 mea,
1475 1637 1516 1672 et
1541 1636 1704 1673 secutus
1730 1636 1792 1672 est
1816 1645 1880 1673 me
1906 1632 1948 1672 in
1972 1637 2063 1673 toto
2090 1633 2209 1674 corde

290 1704 375 1735 suo,
401 1691 553 1732 faciens
580 1691 688 1744 quod
713 1690 911 1744 placitum
937 1696 1041 1731 03301
1065 1690 1106 1731 111
1131 1696 1352 1744 conspectu
1377 1704 1485 1731 meo:
1541 1692 1556 1715 ⁹
1579 1691 1650 1731 sed
1674 1696 1866 1745 operatus
1891 1704 1931 1732 03
1955 1690 2065 1732 mala
2089 1705 2211 1745 super

291 1764 442 1799 omnes,
475 1751 543 1804 (1111
573 1750 739 1790 fuerunt
768 1755 863 1790 ante
893 1754 945 1798 te,
991 1754 1032 1790 et
1060 1749 1193 1790 fecisti
1222 1750 1296 1790 tibi
1326 1750 1422 1790 deos
1450 1749 1603 1791 alienos
1632 1755 1674 1791 et
1702 1749 1942 1799 conflatiles,
1988 1756 2035 1791 ut
2063 1764 2127 1791 me
2157 1751 2209 1791 ad

290 1809 543 1850 iracundiam
576 1822 830 1863 provocares,
864 1822 928 1849 nie
961 1814 1099 1849 autem
1132 1809 1336 1862 proiecisti
1368 1814 1463 1862 post
1494 1822 1639 1863 corpus
1670 1815 1809 1850 tuum:
1870 1811 1906 1833 ¹0
1936 1809 2085 1851 idcirco
2118 1822 2208 1850 0000

290 1882 362 1923 ego
387 1869 576 1909 inducam
600 1868 707 1909 mala
728 1881 848 1921 super
869 1868 1037 1909 domum
1062 1868 1288 1916 Ieroboam,
1312 1873 1353 1908 et
1377 1868 1625 1922 bpercutiam
1647 1868 1696 1909 de
1721 1868 1934 1909 Ieroboam
1954 1868 2208 1922 mingentem

290 1928 342 1969 ad
364 1928 629 1981 pa1·iete1n,et
651 1927 845 1971 clausum,
860 1932 900 1967 et
922 1926 1191 1968 novissimum
1214 1927 1254 1967 in
1268 1927 1409 1968 Israel:
1434 1933 1474 1968 et
1496 1927 1706 1968 mundabo
1728 1927 1918 1981 reliquias
1941 1927 2086 1968 domus
2102 1927 2208 1969 Iero-

292 1988 425 2030 boam.
441 1987 547 2027 sicut
567 1986 756 2027 mundari
775 1986 877 2027 solet
895 1986 1014 2027 fimus
1033 2000 1162 2040 usque
1179 1986 1232 2027 ad
1249 1999 1410 2040 purum.
1450 1988 1481 2010 Π
1495 1987 1573 2035 Qui
1591 1986 1743 2027 mortui
1761 1986 1914 2027 fuerint
1932 1986 1980 2027 de
1995 1986 2208 2028 Ieroboam

290 2045 330 2086 in
350 2046 530 2089 civitate,
546 2046 763 2086 comedent
780 2059 846 2087 eos
863 2058 1001 2086 canes:
1028 2046 1096 2099 qui
1115 2051 1254 2086 autem
1277 2046 1429 2087 mortui
1444 2045 1598 2087 fuerint
1616 2046 1657 2086 in
1675 2059 1783 2099 agro,
1801 2046 2009 2087 vorabunt
2027 2059 2093 2087 eos
2113 2059 2208 2087 aves

290 2104 392 2145 czeli:
418 2104 510 2158 quia
534 2104 735 2145 Dominus
757 2104 918 2145 locutus
941 2110 1013 2146 est.
1066 2106 1096 2128 ¹²
1119 2105 1179 2145 Tu
1201 2104 1325 2158 igitur
1346 2118 1474 2158 surge,
1500 2111 1540 2145 et
1562 2105 1667 2145 vade
1688 2104 1729 2145 in
1752 2105 1921 2146 domum
1942 2109 2079 2145 tuam:
2103 2110 2144 2146 et
2166 2104 2207 2145 in

290 2164 377 2218 ipso
406 2164 577 2205 introitu
607 2165 758 2217 pedum
786 2169 953 2205 tuorum
982 2163 1022 2204 in
1050 2164 1206 2211 urbem,
1236 2164 1434 2204 morietur
1461 2177 1572 2218 puer.
1631 2166 1662 2188 13
1690 2168 1732 2204 et
1759 2163 1927 2218 planget
1955 2177 2048 2205 eum
2076 2164 2208 2205 omnis

291 2223 427 2268 Israel,
446 2228 487 2264 et
502 2222 686 2277 sepeliet:
704 2222 780 2264 iste
797 2223 903 2263 enim
920 2222 1027 2264 solus
1044 2223 1241 2264 inferetur
1257 2223 1305 2263 de
1324 2223 1538 2264 Ieroboam
1556 2222 1595 2263 in
1611 2222 1883 2276 sepulchrum,
1903 2222 2000 2276 quia
2014 2222 2208 2264 inventus

290 2287 351 2322 est
374 2295 495 2335 super
518 2295 563 2323 eo
588 2295 718 2323 sermo
745 2282 874 2323 bonus
899 2295 922 2322 a
942 2281 1123 2329 ¹Domino
1147 2283 1234 2323 Deo
1261 2281 1397 2328 lsrael,
1424 2281 1464 2322 in
1489 2282 1610 2323 domo
1637 2282 1863 2323 Ieroboam.
1917 2284 1949 2306 14
1972 2282 2209 2323 Constituet

290 2345 428 2382 autem
459 2341 535 2381 sibi
565 2341 766 2382 Dominus
796 2354 931 2395 regem
961 2354 1082 2395 super
1115 2340 1249 2389 lsrael,
1283 2341 1352 2395 qui
1381 2341 1584 2395 percutiet
1614 2341 1783 2382 domum
1815 2341 2029 2382 Ieroboam
2058 2341 2101 2381 in
2130 2340 2207 2382 hac

289 2400 364 2446 die,
396 2406 436 2441 et
463 2400 503 2441 in
532 2400 608 2441 hoc
636 2406 837 2454 tempore:
894 2402 926 2424 ¹⁵
954 2406 995 2441 et
1023 2400 1225 2454 percutiet
1251 2400 1453 2441 Dominus
1481 2401 1592 2441 Deus
1623 2400 1758 2447 Israel,
1789 2400 1894 2441 sicut
1920 2400 2076 2441 moveri
2104 2400 2208 2441 solet

289 2460 446 2500 arundo
473 2459 513 2500 in
541 2473 666 2513 aqua:
695 2464 736 2500 et
762 2459 909 2500 evellet
937 2459 1060 2500 Israel
1087 2460 1135 2500 de
1162 2464 1270 2501 terra
1299 2460 1405 2501 bona
1429 2459 1518 2505 hac,
1547 2473 1671 2513 quam
1699 2459 1813 2500 dedit
1837 2459 2025 2513 patribus
2052 2472 2204 2508 eorum,

289 2524 329 2559 et
357 2518 577 2559 ventilabit
605 2532 671 2559 eos
699 2524 813 2559 trans
842 2518 1033 2559 Flumen:
1064 2518 1160 2572 quia
1186 2518 1371 2560 fecerunt
1399 2518 1474 2559 sibi
1501 2518 1625 2567 lucos,
1655 2523 1703 2559 ut
1730 2518 1940 2560 irritarent
1965 2518 2203 2560 Dominum.

291 2579 326 2601 1⁶
354 2577 410 2618 Et
439 2578 576 2618 tradet
604 2577 805 2619 Dominus
837 2577 961 2618 Israel
990 2583 1157 2631 propter
1184 2583 1354 2631 peccata
1385 2578 1610 2626 Ieroboam,
1643 2577 1712 2631 qui
1739 2578 1938 2631 peccavit,
1970 2582 2012 2618 et
2039 2590 2205 2631 peccare

289 2636 384 2677 fecit
417 2636 551 2677 Israel.

108 2696 262 2755 ἰῃῄἧζξξζη
398 2698 429 2719 ¹⁷
459 2695 644 2737 Surrexit
673 2696 814 2749 itaque
844 2709 947 2737 uxor
977 2696 1203 2742 leroboam,
1235 2702 1276 2738 et
1305 2695 1418 2741 abiit.
1451 2702 1492 2736 et
1520 2696 1634 2736 venit
1662 2695 1702 2736 in
1733 2695 1903 2736 Thersa:
1935 2708 2109 2749 cumque
2138 2695 2207 2736 illa

116 2748 253 2832 :anagnis
289 2754 569 2808 ingrederetur
597 2754 719 2795 limen
749 2755 907 2801 domus,
938 2768 1039 2808 puer
1067 2760 1253 2797 mortuus
1283 2760 1356 2803 est,
1415 2756 1450 2779 1⁸
1478 2759 1520 2795 01
1547 2754 1793 2808 sepelierunt
1822 2768 1926 2796 eum.
1958 2755 2014 2796 Et
2043 2753 2206 2808 planxit

115 2818 120 2825 ς
144 2811 148 2815 ’
183 2811 187 2823 )
221 2810 249 2826 Μ’

139 2838 224 2865 anus.
288 2827 379 2854 eum
412 2814 541 2855 omnis
576 2813 698 2855 lsrael
728 2813 846 2855 iuxta
875 2826 1102 2855 sermonem
1134 2814 1312 2862 Domini,
1347 2827 1468 2867 quem
1498 2813 1658 2855 locutus
1690 2819 1751 2855 est
1781 2814 1821 2854 in
1852 2827 1977 2854 manu
2008 2813 2113 2854 servi
2144 2813 2204 2854 sui

288 2872 401 2913 Ahiae
432 2873 652 2927 prophetae.

749 2948 787 2988 5.
819 2948 1007 3000 Reliqua
1037 2948 1163 2999 regis
1194 2948 1447 2998 Ieroboam,
1477 2948 1544 2999 14,
1572 2948 1745 2988 19—20.

95 3023 128 3047 1¹¹
148 3023 268 3047 mamm
396 3021 428 3043 ¹⁹
467 3019 639 3073 Reliqua
677 3024 816 3060 autem
854 3020 1073 3061 verborum
1113 3020 1339 3069 Ieroboam,
1380 3020 1585 3073 quomodo
1622 3018 1880 3074 pugnaverit,
1920 3024 1961 3060 et
1999 3020 2204 3073 quomodo

134 3065 230 3119 i‘gss‘sstfff
288 3078 529 3128 regnaverit,
565 3092 654 3119 ecce
687 3079 839 3132 scripta
871 3084 968 3120 311111
999 3078 1040 3119 111
1073 3079 1194 3119 Libro
1229 3079 1446 3120 verborum
1479 3078 1637 3120 dierum
1670 3092 1809 3133 regum
1844 3077 1978 3119 Israel.
2040 3080 2077 3102 ‘2⁰
2107 3077 2203 3119 Dies

289 3143 439 3181 autem,
465 3137 612 3191 quibus
634 3137 822 3191 regnavit
846 3138 1071 3181 Ieroboam.
1096 3137 1242 3189 viginti
1264 3139 1344 3179 duo
1366 3138 1463 3178 anni
1485 3143 1598 3179 sunt:
1623 3143 1663 3179 et
1684 3136 1880 3179 dormivit
1901 3150 1994 3178 cuni
2016 3136 2203 3191 patribus

289 3196 388 3236 suis:
421 3196 689 3249 regnavitque
720 3197 866 3237 Nadab
898 3197 1002 3237 filius
1033 3196 1116 3237 01113
1147 3210 1218 3250 pro
1249 3210 1306 3237 eo.

696 3300 734 3340 6.
764 3300 962 3342 Historia
993 3301 1197 3342 Roboam
1229 3301 1356 3353 regis
1387 3300 1509 3352 luda,
1537 3301 1603 3352 14,
1623 3301 1794 3341 21—31.

120 3372 245 3438 ifflffljllgyf
393 3374 420 3395 '²¹
463 3372 603 3413 Cl'orro
638 3372 823 3413 Roboam
859 3372 960 3413 filius
993 3372 1220 3414 Salomonis
1251 3372 1439 3425 regnavit
1471 3372 1510 3412 iu
1546 3372 1659 3413 Iuda.
1694 3370 1977 3423 Quadraginta
2009 3374 2050 3410 et
2081 3369 2202 3411 unius

187 3431 191 3433 ’
238 3427 242 3438 ’
289 3430 384 3470 anni
418 3436 504 3471 erat
545 3431 738 3475 Roboam,
775 3445 865 3471 cum
902 3444 1066 3483 regnare
1100 3431 1307 3484 coepisset:
1343 3432 1481 3471 decem
1516 3436 1555 3472 et
1589 3436 1744 3484 septem
1779 3443 1906 3471 annos
1940 3428 2126 3482 regnavit
2160 3428 2201 3469 in

424 3533 473 3573 14,
498 3534 516 3565 2
540 3532 629 3577 aSup
654 3536 705 3572 11,
730 3534 780 3567 31.
809 3555 850 3558 —
876 3534 918 3568 10
942 3534 1019 3568 blnf
1044 3534 1096 3574 15,
1120 3536 1170 3568 29.
1200 3556 1240 3558 —
1265 3535 1304 3568 ΖΙ
1335 3536 1371 3567 02
1397 3536 1461 3568 Par
1485 3536 1537 3573 12,
1562 3535 1612 3568 13.
