2356 3760
299 181 377 221 500
1182 179 1326 214 LIBER
1965 184 2017 224 28,
2044 184 2163 224 1—30‚
2188 184 2209 218 6

779 273 947 321 28(29).
977 273 1195 313 Maiestas
1226 272 1404 313 Domini
1433 274 1744 315 tonitruantiS.

406 346 417 368 ¹
447 344 632 385 Psalmus
665 344 810 386 David.
847 343 892 382 In
922 344 1274 385 consummatione
1305 344 1567 386 tabernaculi.
1600 345 1804 388 XXVIII.

93 451 282 479 Affl¹⁴⁶⁰²⁸fl¹¹³
359 449 511 489 Afferte
540 449 716 489 Domino
747 447 815 488 filii
843 447 937 488 Dei:
1020 448 1162 489 afferte
1190 449 1367 490 Domino
1396 449 1497 491 filios
1526 450 1718 491 arietum:

319 511 333 531 ”-’
356 508 510 548 Afferte
542 507 718 548 Domino
753 506 921 557 gloriam
957 513 997 547 et
1032 507 1238 551 honorem.
1323 508 1465 549 afferte
1501 509 1673 551 Domino
1708 509 1876 560 gloriam
1914 509 2067 551 nomini
2102 510 2206 551 eius:

562 566 730 606 adorate
760 566 984 607 Dominum
1014 566 1054 607 in
1084 567 1187 608 atrio
1218 572 1359 607 sancto
1390 567 1485 608 eius.

101 672 283 731 g‘gfjcrffsjstffl
318 674 333 694 ²³
356 671 445 712 Vox
470 671 635 711 Domini
664 683 784 723 super
813 684 952 724 aquas,
1031 672 1136 712 Deus
1166 671 1392 712 maiestatis
1421 672 1619 713 intonuit:
1692 673 1892 714 Dominus
1926 687 2046 727 super
2079 687 2208 727 aquas

563 729 724 770 multas.

317 792 331 813 ⁴
358 789 446 830 Vox
475 789 642 830 Domini
673 789 712 829 in
744 789 915 830 virtute:
1001 804 1082 831 vox
1115 789 1280 830 Domini
1309 790 1349 830 in
1381 790 1695 843 magnificentia.

317 850 332 872 ⁵
356 848 445 889 Vox
474 848 640 889 Domini
669 848 959 901 confringentis
988 849 1145 890 cedros:
1229 854 1270 889 et
1298 849 1526 901 confringet
1554 849 1754 891 Dominus
1784 851 1923 891 cedros
1952 850 2116 891 Libani:

318 909 332 931 ‘⁵
356 907 411 947 Et
435 907 686 948 comminuet
710 921 776 947 eas
802 912 1016 961 tamquam
1042 907 1218 948 vitulum
1244 907 1406 948 Libani:
1465 914 1506 949 et
1530 907 1701 949 dilectus
1728 909 2075 962 quemadmodum
2102 908 2206 949 filius

561 979 826 1007 unicormum.

319 1027 332 1049 ⁷
356 1025 447 1066 Vox
477 1025 641 1066 Domini
672 1025 950 1066 intercidentis
982 1025 1193 1066 flammam
1222 1026 1343 1079 ignis:

317 1087 332 1108 ⁸
356 1084 445 1125 Vox
472 1084 635 1125 Domini
660 1084 930 1125 concutientis
955 1085 1180 1126 desertum:
1238 1090 1279 1125 et
1303 1085 1580 1127 commovebit
1604 1085 1805 1127 Dominus
1830 1087 2036 1127 desertum
2061 1086 2203 1127 Cades.

318 1145 333 1167 ⁹
357 1143 445 1184 Vox
475 1142 640 1184 Domini
670 1143 938 1196 praeparantis
968 1157 1119 1189 cervos,
1199 1148 1239 1184 et
1268 1144 1467 1185 revelabit
1497 1145 1718 1186 condensa:
1796 1150 1837 1186 et
1866 1145 1907 1185 in
1938 1144 2090 1198 templo
2121 1144 2205 1184 eius

559 1215 698 1242 omnes
729 1202 865 1242 dicent
893 1202 1075 1256 gloriam.

300 1263 333 1285 ¹⁰
358 1262 555 1302 Dominus
591 1260 791 1301 diluvium
826 1261 1056 1303 inhabitare
1092 1262 1209 1303 facit:
1310 1268 1349 1303 et
1385 1263 1542 1304 sedebit
1577 1263 1777 1304 Dominus
1812 1277 1882 1304 rex
1918 1264 1957 1304 in
1993 1269 2204 1304 zeternum.

298 1322 328 1344 ¹¹
355 1321 555 1361 Dominus
581 1320 778 1361 virtutem
804 1320 954 1374 populo
980 1334 1052 1362 suo
1078 1321 1213 1362 dabit:
1288 1322 1490 1362 Dominus
1515 1322 1728 1363 benedicet
1752 1322 1902 1376 populo
1929 1335 2000 1363 suo
2026 1322 2067 1362 in
2094 1334 2203 1374 pace.

820 1437 988 1488 29(30).
1020 1436 1285 1478 Gratiarum
1317 1437 1434 1477 actio
1465 1437 1700 1478 humiliati.

401 1508 587 1549 Psalmus
618 1509 775 1550 Cantici
806 1511 818 1533 ¹
855 1508 899 1549 [n
929 1509 1185 1550 dedicatione
1216 1509 1361 1549 domus
1392 1508 1541 1550 David.
1600 1509 1763 1550 XXIX.

113 1617 270 1678 fflffiffim
316 1616 330 1638 ²
354 1614 559 1655 Exaltabo
595 1619 636 1654 te
671 1614 846 1655 Domine
882 1614 1075 1667 quoniam
1111 1614 1324 1667 suscepisti
1359 1626 1442 1654 me:
1521 1626 1593 1654 nec
1628 1613 1839 1655 delectasti
1877 1614 2058 1655 inimicos
2093 1627 2204 1655 meos

245 1672 250 1682 '
558 1686 678 1726 super
707 1686 782 1714 me.

312 1734 328 1757 ³
350 1732 525 1774 Domine
554 1732 664 1773 Deus
694 1745 807 1773 meus
889 1732 1064 1772 clamavi
1093 1732 1146 1773 ad
1174 1736 1226 1778 te,
1259 1738 1300 1773 et
1328 1732 1482 1773 sanasti
1512 1745 1587 1773 me.

311 1793 326 1815 ⁴
350 1792 524 1832 Domine
560 1791 736 1831 eduxisti
773 1791 823 1831 ab
860 1791 1015 1831 inferno
1052 1791 1232 1831 animam
1268 1804 1420 1831 meam:
1501 1790 1669 1831 salvasti
1704 1804 1768 1831 me
1804 1804 1828 1831 a
1862 1791 2203 1832 descendentibus

557 1850 597 1890 in
626 1850 772 1891 lacum.

316 1912 330 1934 ⁵
354 1909 519 1950 Psallite
548 1910 724 1950 Domino
753 1909 884 1950 sancti
913 1909 1014 1950 eius:
1098 1915 1139 1949 et
1166 1909 1417 1950 confitemini
1446 1909 1650 1950 memoriae
1677 1909 1910 1950 sanctitatis
1938 1909 2038 1950 eius.

316 1970 331 1992 ⁶
355 1969 556 2017 Quoniam
589 1969 649 2009 ira
677 1969 718 2009 in
749 1968 1029 2022 indignatione
1060 1969 1162 2009 eius:
1248 1973 1289 2009 et
1319 1969 1407 2009 vita
1436 1968 1477 2009 in
1507 1967 1724 2010 voluntate
1755 1968 1850 2010 eius.

354 2028 419 2069 Ad
450 2041 663 2081 vesperum
695 2027 976 2069 demorabitur
1007 2027 1144 2069 fletus:
1229 2032 1271 2068 et
1299 2027 1353 2068 ad
1381 2027 1635 2068 matutinum
1664 2027 1820 2069 laetitia.

89 2133 175 2193 deffli
198 2139 282 2193 ξιξξζή
318 2135 330 2157 ⁷
355 2134 440 2187 Ego
472 2139 610 2175 autem
641 2133 725 2174 dixi
754 2133 795 2173 in
825 2133 1083 2174 abundantia
1110 2146 1219 2173 mea:
1305 2133 1396 2174 Non
1426 2133 1622 2174 movebor
1650 2132 1691 2173 in
1720 2138 1930 2174 aeternum.

106 2176 290 2244 sed-goma
317 2200 331 2216 ὃ
355 2193 530 2234 Domine
561 2193 601 2234 in
634 2192 849 2233 voluntate
882 2198 966 2240 tua,
1001 2191 1227 2245 praestitisti
1259 2192 1392 2233 decori
1423 2204 1513 2232 meo
1546 2191 1756 2234 virtutem.
1832 2192 2029 2233 Avertisti
2061 2191 2206 2233 faciem

128 2239 253 2264 πωνή·
563 2258 677 2293 tuam
709 2265 733 2292 a
760 2265 835 2295 me.
868 2256 910 2292 et
938 2251 1071 2292 factus
1101 2264 1191 2291 sum
1221 2251 1503 2292 conturbatus.

319 2314 334 2335 ⁹
356 2311 422 2352 Ad
450 2316 490 2352 te
519 2311 693 2352 Domine
723 2310 927 2351 clamabo:
1011 2315 1052 2350 et
1080 2311 1132 2351 ad
1160 2311 1294 2351 Deum
1323 2323 1459 2350 meum
1489 2309 1747 2363 deprecabor.

298 2372 333 2394 ¹⁰
356 2371 455 2419 Quae
485 2370 642 2411 utilitas
672 2370 711 2410 in
742 2369 937 2421 sanguine
968 2382 1070 2414 meo,
1155 2369 1253 2410 dum
1285 2369 1484 2410 descendo
1516 2368 1557 2409 in
1587 2368 1914 2422 corruptionem?

356 2430 568 2483 Numquid
596 2429 859 2470 confitebitur
886 2428 961 2469 tibi
990 2428 1135 2482 pulvis,
1219 2434 1290 2469 aut
1320 2427 1588 2469 annunciabit
1614 2428 1833 2469 veritatem
1862 2428 2003 2469 tuam?

299 2491 326 2512 ¹¹
355 2489 527 2530 Audivit
560 2488 772 2533 Dominus,
808 2493 848 2528 et
882 2487 1070 2528 misertus
1104 2492 1165 2529 est
1198 2487 1295 2528 mei:
1383 2487 1584 2528 Dominus
1617 2488 1751 2528 factus
1785 2492 1847 2528 est
1880 2487 2043 2529 adiutor
2076 2501 2201 2529 meus.

298 2550 329 2572 ¹²
355 2548 602 2589 Convertisti
639 2548 851 2601 planctum
887 2560 1025 2588 meum
1061 2547 1101 2587 in
1138 2546 1333 2597 gaudium
1371 2546 1488 2587 mihi:
1586 2546 1818 2587 conscidisti
1856 2559 2018 2587 saccum
2055 2559 2204 2591 meum,

560 2612 601 2648 et
630 2605 932 2648 circumdedisti
962 2620 1026 2647 me
1054 2606 1216 2646 laetitia:

298 2667 330 2691 ¹²³
359 2666 414 2707 Ut
436 2671 574 2707 cantet
598 2665 672 2706 tibi
693 2665 820 2717 gloria
841 2678 950 2710 mea:
974 2670 1014 2706 et
1036 2678 1118 2706 non
1140 2678 1408 2719 compungar:
1482 2664 1655 2706 'Domine
1677 2665 1787 2705 Deus
1810 2677 1923 2705 meus
1945 2664 1986 2705 in
2008 2669 2205 2705 aeternum

561 2725 786 2766 confitebor
814 2725 901 2765 tibi.

932 2840 1099 2890 30(31).
1132 2839 1249 2892 Spes
1280 2840 1586 2881 moerentium.

404 2914 416 2937 ¹
449 2912 495 2952 In
526 2912 658 2959 finem,
691 2911 877 2952 Psalmus
907 2911 1055 2954 David,
1088 2924 1159 2964 pro
1190 2912 1332 2953 extasi.
1366 2912 1504 2953 XXX.

122 3014 267 3074 „¹522ssssOE
319 3020 332 3040 ’-’
361 3017 404 3057 In
433 3023 473 3057 te
501 3018 675 3059 Domine
706 3018 866 3071 speravi
950 3029 1030 3058 non
1061 3017 1290 3057 confundar
1320 3017 1361 3057 in
1389 3025 1606 3058 {eternumt

124 3073 128 3078 “
358 3076 395 3115 in
418 3076 575 3116 iustitia
601 3082 674 3117 tua
694 3076 820 3117 libera
837 3090 911 3118 me.
1001 3078 1016 3100 ³
1049 3075 1203 3116 lnclina
1222 3076 1273 3117 ad
1303 3089 1366 3116 me
1392 3089 1531 3116 aurem
1553 3082 1680 3124 tuam,
1707 3076 1885 3116 accelera
1908 3082 1954 3117 ut
1983 3090 2098 3117 eruas
2128 3090 2205 3119 me.

361 3135 456 3175 Esto
485 3135 582 3175 mihi
606 3136 646 3175 in
666 3136 799 3176 Deum
829 3140 1120 3189 protectorem:
1205 3141 1245 3175 et
1276 3135 1314 3175 in
1346 3135 1513 3176 domum
1545 3135 1698 3189 refugii,
1721 3140 1765 3176 ut
1789 3135 1949 3176 salvum
1976 3149 2040 3176 me
2066 3136 2202 3177 facias.

319 3196 333 3217 ⁴
358 3193 558 3242 Quoniam
593 3195 790 3235 fortitudo
821 3208 923 3240 mea,
955 3199 995 3234 et
1027 3194 1226 3246 refugium
1258 3207 1391 3234 meum
1425 3208 1464 3235 es
1498 3201 1560 3235 tu:
1639 3200 1680 3235 ct
1708 3199 1875 3247 propter
1905 3207 2053 3236 nomen
2085 3199 2202 3235 tuum

561 3253 734 3293 deduces
764 3267 840 3302 me,
872 3259 911 3293 et
942 3253 1117 3293 enutries
1148 3266 1223 3294 me.

318 3312 334 3335 ⁵
358 3311 516 3351 Eduees
542 3325 605 3351 me
631 3313 679 3351 (le
707 3313 848 3365 laqueo
877 3312 962 3362 hoc,
991 3325 1111 3366 quem
1138 3312 1438 3353 absconderunt
1465 3312 1581 3353 mihi:
1640 3312 1834 3366 quoniam
1860 3316 1905 3352 tu
1931 3325 1972 3352 es
1996 3317 2206 3366 protector

563 3384 685 3411 meus.

319 3430 334 3453 ⁶
362 3429 428 3469 ³1n
448 3443 591 3469 manus
611 3436 700 3469 tuas
719 3431 958 3471 commendo
975 3430 1161 3483 spiritum
1183 3444 1335 3471 meum:
1387 3430 1593 3471 redemisti
1610 3443 1673 3470 me
1691 3430 1863 3471 Domine
1875 3430 1985 3470 Deus
2002 3429 2202 3470 veritatis.

429 3533 482 3575 30,
507 3536 527 3567 6
553 3533 618 3566 αμα
643 3534 696 3573 23,
721 3533 771 3567 46.
