2356 3760
147 100 176 135 T,
201 101 298 140 5-8,
326 102 365 135 14
816 101 1054 136 CANTICUM
1081 102 1386 138 CANTICORL'M
1960 115 2033 155 601

198 197 329 237 Nasus
359 202 454 237 tuus
484 197 586 239 sicut
617 196 737 237 turris
767 195 922 236 Libani.
1008 208 1097 248 quae
1126 196 1286 249 respicit
1316 203 1458 238 contra
1485 199 1743 243 Damascum.

164 258 179 279 5
197 258 331 311 Caput
360 263 479 298 tuum
508 262 556 298 ut
583 254 807 297 Carmelus:
888 259 927 293 et
976 266 1100 294 00111ῖο
1135 254 1277 307 capitis
1296 256 1378 298 ὂ1111.
1412 257 1514 297 sicut
1555 271 1733 311 purpura
1776 264 1872 315 regis
1901 265 2035 306 vincta

408 315 626 357 canalibus.

165 378 179 400 ⁶
198 376 330 425 Quam
359 374 529 429 pulchra
556 385 608 420 03,
640 377 681 412 01
711 384 834 425 quam
864 371 1009 411 decora
1091 370 1334 418 charissima,
1367 374 1407 413 in
1437 374 1601 415 deliciis!

166 436 179 457 ⁷
198 435 369 476 Statura
396 438 469 473 tua
497 429 722 472 assimilata
749 435 809 470 est
838 429 995 483 palmae.
1081 436 1121 469 et
1149 430 1275 470 ubera
1303 437 1376 471 tua
1405 432 1542 473 botris.

165 493 311 534 SDixi:
341 491 570 532 Ascendam
599 490 640 530 in
669 487 861 542 pahnam,
945 494 985 528 et
1015 488 1318 541 apprehendam
1347 490 1503 531 fructus
1533 492 1633 532 eius:

197 557 238 592 et
266 555 386 591 erunt
414 550 540 590 ubera
568 553 643 589 tua
670 547 775 588 sicut
804 546 911 588 botri
941 546 1087 587 111100οῖ
1171 552 1210 587 01
1242 548 1340 589 odor
1369 549 1445 589 oris
1476 549 1536 589 tui
1566 550 1668 591 sieut
1698 551 1907 593 malorum.

164 612 180 634 ⁹
196 610 352 650 Guttur
380 613 498 649 tuum
528 607 631 648 sicut
661 606 803 646 vinum
833 605 1048 659 optimum,

196 714 364 768 dignum
403 713 548 754 dilecto
589 724 679 753 meo
724 712 776 752 ad
812 711 1054 765 potandum,
1148 710 1346 764 labiisque
1387 719 1425 751 et
1468 713 1658 753 dentibus
1695 713 1798 753 illius
1835 715 1886 754 ad
1922 716 2220 780 1'¹¹¹111·}{{g¹¹{¹⁹3t}²

406 772 602 812 nandum.
2115 793 2173 814 vat„

145 834 180 857 ¹⁰
196 832 282 886 Ego
312 830 459 872 dilecto
487 843 590 872 meo.
674 836 715 870 et
744 829 796 870 ad
824 842 888 869 me
917 828 1125 870 conversio
1155 829 1250 870 eius.

604 947 680 998 ΙΙ.
721 946 1186 997 Coniunctoruln.
1226 946 1272 1006 7,
1300 945 1477 1007 11—8‚
1506 945 1584 996 14.

145 1038 174 1059 11
196 1034 298 1076 Veni
313 1033 456 1075 dilecte
472 1033 538 1075 mi.
557 1032 810 1086 egrediamur
823 1031 864 1072 in
880 1044 1033 1085 agrum.
1102 1044 1398 1072 commoremur
1411 1032 1452 1072 in
1467 1031 1581 1073 villis.
1654 1034 1684 1056 ¹²
1699 1033 1817 1074 Mane
1832 1047 2042 1087 surgamus
2093 1039 2202 1067 *poma

405 1093 457 1133 ad
486 1092 637 1134 vineas.
2065 1073 2229 1138 ffiffil?

196 1152 408 1194 videamus
431 1151 463 1192 si
485 1150 623 1192 floruit
638 1151 767 1194 vinea,
826 1150 857 1189 si
880 1149 996 1190 flores
1018 1149 1174 1190 fructus
1193 1149 1440 1202 parturiunt,
1460 1149 1491 1189 si
1509 1149 1732 1191 floruerunt
1750 1151 1857 1192 mala
1877 1152 2042 1205 punica:

196 1211 252 1252 ibi
281 1211 388 1252 dabo
418 1210 494 1251 tibi
523 1210 649 1251 ubera
677 1222 778 1250 mea.
1302 1220 1307 1225 ⁴

144 1272 176 1295 13
195 1270 475 1323 Mandragorae
506 1269 707 1309 dederunt
737 1268 913 1309 odorem.
1002 1267 1048 1307 In
1079 1266 1205 1319 portis
1236 1266 1384 1308 nostris
1415 1267 1552 1307 omnia
1582 1280 1721 1320 poma:

196 1342 305 1372 nova
334 1335 375 1370 et
403 1334 554 1371 vetera.
587 1326 731 1368 dilecte
760 1327 826 1370 mi,
859 1326 1017 1366 servavi
1047 1325 1133 1365 tibi.

143 1388 181 1432 8.
237 1391 249 1412 ¹
281 1388 379 1436 Quis
408 1387 507 1427 mihi
537 1387 606 1426 det
635 1390 675 1425 te
703 1385 872 1425 fratrem
902 1396 1037 1423 meum
1067 1389 1279 1436 sugentem
1308 1384 1435 1424 ubera
1462 1383 1603 1424 matris
1632 1398 1742 1427 meae.

196 1454 243 1487 ut
272 1446 478 1487 inveniam
508 1451 548 1484 te
577 1443 684 1491 foris,
717 1449 756 1483 et
787 1442 993 1483 deosculer
1022 1448 1073 1485 te,
1158 1448 1198 1482 et
1227 1442 1307 1482 iam
1337 1455 1401 1482 me
1430 1456 1548 1484 nemo
1578 1444 1798 1496 despiciat?

163 1503 512 1558 2Apprehendam
542 1507 594 1547 10,
626 1506 667 1542 et
696 1502 843 1542 ducam
872 1502 913 1542 111
943 1501 1111 1542 (1011111111
1140 1501 1282 1541 matris
1311 1514 1428 1542 meae:
1510 1501 1566 1542 ibi
1595 1515 1658 1543 me
1688 1503 1860 1548 docebis.

196 1569 236 1604 et
249 1563 356 1604 dabo
374 1562 450 1603 tibi
468 1561 660 1615 poculum
679 1574 728 1601 ex
741 1561 836 1602 vino
859 1559 1035 1605 condito,
1105 1566 1146 1600 et
1164 1565 1346 1600 mustum
1359 1560 1559 1601 malorum
1571 1566 1835 1614 granatorum
1849 1575 2042 1604 meorum.

162 1625 178 1647 3
195 1623 319 1663 Laeva
347 1622 431 1662 eius
460 1621 535 1661 sub
566 1619 699 1673 capite
728 1633 830 1668 meo,
915 1624 955 1660 et
985 1619 1153 1659 dextera
1181 1617 1284 1659 illius
1314 1619 1616 1673 amplexabitur
1644 1633 1719 1661 me.

163 1681 348 1723 ⁴Adiuro
384 1693 456 1721 vos
492 1679 583 1720 filiae
620 1678 850 1726 Ierusalem,
940 1691 990 1718 ne
1025 1677 1238 1719 suscitetis.
1272 1691 1403 1731 neque
1438 1678 1625 1732 evigilare
1660 1679 1819 1720 faciatis
1855 1679 2044 1721 dilectam

405 1739 533 1780 donec
562 1738 648 1791 ipsa
679 1737 788 1778 velit.

163 1847 178 1869 ⁵
196 1845 295 1894 Quae
319 1848 381 1885 est
404 1844 494 1888 ista,
523 1856 612 1897 quae
638 1842 821 1883 ascendit
845 1842 894 1883 de
915 1841 1086 1887 deserto,
1110 1841 1259 1882 deliciis
1285 1841 1466 1887 affluens,
1546 1841 1685 1882 innixa
1709 1855 1828 1896 super
1852 1842 2044 1883 dilectum
2079 1844 2199 1883 ssfflessm

2078 1880 2217 1908 innititur,

405 1902 548 1944 suum?

195 2009 279 2050 Sub
301 2008 443 2050 arbore
467 2006 574 2048 malo
600 2005 794 2047 suscitavi
824 2010 883 2046 te:
997 2005 1053 2046 ibi
1084 2010 1275 2058 corrupta
1301 2010 1362 2046 est
1384 2009 1516 2045 mater
1547 2010 1629 2053 tua,
1715 2005 1769 2046 ibi
1800 2006 1954 2047 violata
1984 2012 2044 2046 est
2064 2007 2232 2072 lssssgffifffn

403 2065 579 2120 genitrix
608 2070 692 2107 tua.
2100 2080 2193 2108 Optat,

163 2128 179 2150 ⁶
194 2126 306 2168 Pone
328 2138 393 2166 me
415 2130 463 2166 ut
484 2123 737 2178 signaculum
760 2135 881 2176 super
903 2135 971 2164 cor
992 2128 1122 2166 tuum,
1190 2128 1237 2163 ut
1260 2122 1511 2176 signaculum
1534 2135 1654 2176 super
1675 2123 1884 2163 brachium
1908 2129 2044 2164 tuum:

196 2185 293 2239 quia
319 2184 436 2226 fortis
465 2188 528 2224 est
555 2187 603 2224 ut
631 2195 738 2224 mors
768 2181 942 2223 (11100110.
1027 2181 1129 2222 dura
1158 2181 1262 2222 310111
1291 2181 1470 2222 infernus
1499 2180 1716 2224 aemulatio.

194 2243 405 2298 lampades
434 2243 518 2284 eius
545 2241 756 2296 lampades
785 2240 887 2295 ignis
917 2245 1041 2294 atque
1070 2240 1341 2282 flammarum.

163 2305 176 2326 ⁷
195 2303 325 2356 Aquae
346 2301 488 2343 multae
507 2314 591 2343 11011
611 2305 837 2354 potuerunt
855 2299 1089 2353 extinguere
1108 2298 1362 2341 charitatem.
1440 2312 1511 2339 nec
1534 2298 1703 2339 flumina
1721 2299 1893 2341 obruent
1916 2298 2043 2339 illam:

196 2362 228 2402 si
249 2361 407 2402 dederit
432 2361 555 2402 homo
584 2373 747 2401 omnem
770 2358 1046 2400 substantiam
1081 2358 1226 2399 domus
1261 2371 1343 2399 suae
1376 2370 1448 2411 pro
1484 2357 1708 2402 dilectione,
1799 2358 1913 2411 quasi
1946 2357 2045 2399 nihil

405 2419 600 2473 despiciet
628 2431 729 2459 eam.

163 2527 178 2550 ⁸
195 2526 316 2568 Soror
343 2529 484 2567 nostra
511 2536 651 2578 parva,
736 2529 777 2564 01
804 2524 931 2564 ubera
959 2536 1040 2564 non
1069 2522 1206 2563 habet.
2084 2530 2208 2584 13²3&

197 2584 294 2639 quid
322 2584 518 2625 faciemus
547 2583 672 2625 sorori
700 2587 850 2624 nostrae
930 2582 971 2622 111
1000 2581 1063 2623 (110
1094 2581 1258 2635 quando
1288 2580 1532 2634 alloquenda
1560 2580 1644 2620 est?

163 2646 178 2668 ⁹
195 2643 236 2685 Si
264 2656 404 2684 murus
433 2647 506 2688 est,
590 2641 833 2683 aedificemus
863 2653 983 2695 super
1011 2653 1102 2681 eum
1132 2639 1439 2694 propugnacula
1467 2644 1674 2692 argentea:

195 2703 227 2743 si
256 2702 406 2744 ostium
436 2706 508 2745 031,
593 2700 900 2754 compingamus
929 2699 1029 2741 illud
1057 2698 1208 2740 tabulis
1238 2699 1419 2740 cedrinis.

143 2764 179 2786 ¹⁰
195 2761 282 2815 Ego
310 2773 470 2802 murus:
553 2765 595 2800 01
622 2760 749 2800 ubera
776 2772 869 2800 mea
896 2759 1002 2800 sicut
1030 2758 1163 2806 turris,

195 2833 245 2860 ex
274 2833 353 2873 quo
383 2820 496 2860 facta
523 2832 613 2860 sum
643 2831 779 2860 coram
808 2831 854 2859 eo
884 2817 1000 2871 quasi
1028 2830 1170 2870 pacem
1199 2817 1410 2870 reperiens.

142 2928 172 2949 ¹¹
193 2925 322 2966 Vinea
344 2924 424 2965 fuit.
446 2924 615 2978 pacifico
638 2924 680 2965 in
705 2937 763 2972 ea,
791 2936 880 2977 quae
904 2923 1029 2964 habet
1052 2922 1242 2977 populos:
1321 2920 1490 2962 tradidit
1514 2933 1603 2961 eam
1628 2919 1876 2963 custodibus.
2053 2923 2245 2987 conffissffimr.

194 2984 256 3025 vir
284 2983 404 3024 affert
431 2996 503 3036 pro
532 2983 669 3024 ftuctu
698 2982 782 3023 eius
811 2981 918 3023 mille
947 2987 1170 3036 argenteos.

142 3045 173 3067 ¹2
193 3043 322 3083 Vinea
348 3055 441 3083 mea
469 3055 606 3083 coram
634 3055 698 3082 1110
728 3046 800 3082 031.

193 3101 301 3142 Mille
329 3101 391 3142 tui
419 3100 588 3155 pacifici,
672 3106 714 3141 et
742 3100 908 3141 ducenti
936 3100 1009 3143 his.
1042 3099 1111 3153 qui
1140 3098 1378 3140 custodiunt
1405 3097 1561 3137 fructus
1591 3096 1685 3137 eius.

141 3162 173 3184 ¹3
193 3160 292 3209 Quae
319 3159 483 3201 habitas
511 3159 554 3200 in
581 3159 721 3208 hortis,
754 3158 872 3200 amici
901 3158 1154 3200 auscultant:
1236 3157 1301 3197 fac
1329 3169 1393 3197 me
1422 3154 1560 3196 audire
1590 3168 1729 3196 vocem
1762 3161 1887 3194 tuam.

142 3221 174 3243 ¹⁴
193 3219 304 3274 Fuge
331 3218 476 3260 dilecte
502 3217 571 3267 mi,
653 3223 695 3259 et
721 3217 942 3259 assimilare
969 3230 1134 3271 capreae,
1164 3215 1413 3269 hinnuloque
1447 3226 1658 3256 cervorum
1737 3225 1856 3266 super
1883 3216 2038 3253 montes

402 3282 647 3319 aromatum.
