2356 3760
134 163 166 203 4,
191 162 310 203 18—1‚
336 162 378 195 20
467 163 691 197 EPISTOLA
714 162 853 195 ΒΕΑΤΙ
882 162 1021 195 PAULI
1048 162 1272 197 APOSTOLI
1299 162 1361 196 AD
1388 163 1700 198 COLOSSENSES
1928 164 2028 206 1145

134 254 204 295 sed
232 254 392 308 requiro
422 254 600 296 fructum
631 255 909 296 abundantem
940 255 980 295 in
1009 255 1167 296 ratione
1198 261 1344 297 vestra.
1404 258 1437 280 1⁸
1469 256 1611 297 Habeo
1642 262 1777 296 autem
1810 257 1956 307 omnia,
1989 263 2029 298 et

135 313 317 354 abundo:
348 313 524 367 repletus
555 327 656 361 sum,
689 312 864 366 acceptis
895 313 945 353 ab
977 314 1260 367 Epaphrodito
1290 327 1380 367 quae
1409 314 1573 355 misistis
1605 315 1767 355 odorem
1798 316 2026 365 suavitatis,

139 372 334 413 ahostiam
365 377 587 425 acceptam,
618 372 845 425 placentem
875 371 973 412 Deo.

239 432 272 454 ¹⁹
305 431 415 471 Deus
450 436 586 471 autem
620 443 732 470 meus
766 429 934 483 impleat
969 443 1085 471 omne
1119 431 1361 472 desiderium
1396 437 1576 472 vestrum
1610 432 1831 472 seeundum
1866 432 2029 473 divitias
2072 434 2196 463 ‹mmm›

134 502 226 529 suas
248 489 289 529 in
310 488 438 542 gloria
457 489 498 529 in
521 487 679 529 Christo
703 488 804 529 Iesu.
855 490 891 512 2⁰
910 489 998 529 Deo
1020 494 1158 529 autem
1180 495 1221 530 et
1241 489 1355 530 Patri
1376 496 1515 531 nostro
1536 489 1663 543 gloria
1682 490 1723 530 in
1745 490 1890 531 saecula
1911 504 2031 530 seecu—

134 547 283 589 lorum:
314 547 456 589 Amen.

238 607 269 629 ‘2¹
302 605 488 647 Salutate
521 618 681 647 omnem
714 610 903 646 sanctum
935 605 975 646 in
1009 605 1168 647 Christo
1202 606 1304 647 Iesu.
1365 608 1397 631 22
1428 607 1621 648 Salutant
1653 621 1736 656 vos,
1772 607 1840 661 qui
1873 611 2235 647 meeumffllutat1000-21

135 668 241 708 sunt,
265 664 421 705 fratres.
445 663 637 705 Salutant
658 677 729 705 vos
752 677 889 705 omnes
911 664 1054 714 sancti,
1076 665 1254 705 maxime
1275 670 1412 705 autem
1435 665 1503 719 qui
1525 666 1574 707 de
1595 666 1758 706 Caesaris
1780 667 1902 707 domo
1922 670 2030 706 sunt.

238 724 270 746 2³
296 722 440 763 Gratia
465 721 630 763 Domini
657 723 786 764 nostri
815 723 904 763 Iesu
932 722 1080 764 Christi
1108 736 1199 764 cum
1227 722 1371 777 spiritu
1400 729 1546 766 vestro.
1576 724 1718 766 Amen.
2053 725 2222 751 ”fflffidifflff

744 893 1432 982 EPISTULA

250 1014 676 1101 BEATI
739 1015 1168 1104 PAULI
1230 1015 1918 1104 APOSTOLI

735 1147 845 1200 AD
887 1147 1441 1202 COLOSSENSES.

840 1326 1102 1377 Exordium,
1131 1327 1170 1377 1,
1190 1325 1336 1366 1—-14,

237 1395 274 1439 1.
330 1398 344 1420 1
367 1395 518 1436 Paulus
542 1395 763 1448 Apostolus
789 1396 879 1436 Iesu
903 1395 1051 1436 Christi
1074 1408 1145 1448 per
1169 1396 1427 1437 voluntatem
1451 1396 1539 1445 Dei,
1565 1401 1606 1437 et
1629 1397 1866 1438 Timotheus
1890 1397 2033 1438 frater:
2056 1401 2213 1461 ,Sahffissif’

132 1458 147 1479 2
178 1454 244 1503 eis,
279 1455 347 1508 qui
377 1460 473 1495 sunt
503 1454 685 1502 Colossis,
718 1454 880 1503 sanctis,
914 1459 955 1494 et
984 1453 1170 1494 fidelibus
1200 1454 1394 1495 fratribus
1425 1455 1465 1494 in
1497 1454 1655 1495 Christo
1688 1455 1790 1496 Iesu.
1848 1458 1863 1480 ³
1893 1455 2036 1496 Gratia
2054 1443 2224 1466 ³p⁰⁵⁰¹⁰‘¹'

134 1513 261 1563 vobis,
293 1518 334 1554 et
362 1526 444 1566 pax
473 1526 497 1553 a
524 1512 612 1553 Deo
640 1512 763 1552 Patre
792 1517 943 1559 nostro,
976 1518 1017 1552 et
1044 1512 1222 1554 Domino
1254 1513 1344 1553 Iesu
1373 1513 1545 1554 Christo.

237 1571 399 1612 Gratias
431 1570 586 1624 agimus
618 1571 718 1619 Deo,
752 1576 793 1611 et
823 1571 936 1611 Patri
968 1570 1133 1612 Domini
1164 1571 1293 1612 nostri
1326 1572 1416 1612 Iesu
1448 1571 1595 1612 Christi
1627 1585 1785 1625 semper
1814 1586 1887 1626 pro
1918 1573 2034 1614 vobis
2059 1574 2219 1635 ffitigasffi

133 1636 313 1671 orantes:
364 1632 379 1654 4
403 1629 614 1671 audientes
638 1629 760 1670 fidem
785 1635 963 1670 vestram
987 1630 1027 1669 in
1052 1629 1211 1671 Christo
1237 1630 1339 1680 Iesu,
1366 1635 1407 1672 et
1430 1630 1700 1681 dilectionem,
1727 1644 1850 1684 quam
1873 1631 2032 1672 habetis
2060 1616 2220 1681 {sirnitiims

131 1688 173 1729 in
198 1694 360 1729 sanctos
387 1701 525 1729 omnes
576 1690 590 1712 ⁵
616 1693 783 1741 propter
806 1701 931 1741 spem,
960 1701 1049 1742 quae
1072 1688 1251 1742 reposita
1275 1694 1337 1730 est
1361 1688 1476 1730 vobis
1500 1689 1541 1729 in
1567 1689 1688 1730 caelis:
1716 1703 1838 1742 quam
1864 1690 2034 1731 audistis
2066 1680 2212 1743 ⁰⁴2¹ffifin'

132 1747 173 1787 in
197 1747 322 1788 verbo
346 1746 531 1788 veritatis
556 1746 787 1799 Evangelii:
842 1749 857 1771 ⁶
882 1748 991 1800 quod
1014 1747 1201 1800 pervenit
1225 1748 1278 1788 ad
1302 1761 1385 1797 vos,
1412 1747 1516 1789 sicut
1541 1753 1581 1789 et
1604 1748 1645 1788 in
1670 1748 1857 1789 universo
1881 1749 2034 1790 mundo

133 1810 206 1855 est,
235 1810 276 1846 et
301 1805 534 1854 fructificat,
563 1812 604 1846 et
630 1805 773 1846 crescit
798 1805 903 1846 sicut
928 1806 968 1846 in
996 1806 1124 1855 vobis⁷
1153 1819 1202 1847 ex
1229 1819 1276 1846 ea
1301 1806 1376 1855 die,
1407 1820 1487 1860 qua
1512 1806 1695 1855 audistis,
1723 1813 1765 1848 et
1790 1807 2037 1860 cognovistis

132 1863 307 1916 gratiam
329 1863 406 1904 Dei
428 1864 469 1904 in
492 1863 678 1913 veritate,
732 1866 746 1888 ⁷
769 1863 875 1905 sicut
897 1864 1094 1906 didicistis
1117 1865 1168 1905 ab
1192 1865 1387 1919 Epaphra
1409 1865 1644 1906 charissimo
1667 1878 1860 1907 conservo
1883 1871 2036 1915 nostro,

133 1921 203 1976 qui
234 1927 295 1963 est
326 1922 453 1963 fidelis
485 1936 557 1975 pro
589 1922 704 1964 vobis
734 1922 919 1964 minister
949 1923 1097 1964 Christi
1130 1924 1232 1973 Iesu,
1295 1926 1310 1947 s
1356 1924 1424 1977 qui
1455 1924 1579 1965 etiam
1609 1924 1891 1966 manifestavit
1920 1925 2037 1966 nobis

133 1980 392 2022 dilectionem
425 1987 604 2022 vestram
636 1981 677 2021 in
709 1981 872 2034 spiritu:

239 2041 255 2063 ⁹
276 2039 366 2081 ideo
389 2046 430 2080 et
450 2053 523 2081 nos
546 2053 595 2080 ex
618 2053 699 2093 qua
720 2039 783 2081 die
805 2040 1048 2090 audivimus,
1073 2054 1156 2082 non
1178 2054 1380 2082 cessamus
1402 2054 1475 2094 pro
1496 2041 1612 2083 vobis
1636 2046 1809 2091 orantes,
1833 2047 1874 2083 et
1895 2048 2035 2096 postu·
2062 2042 2218 2102 usss‘iflassic‘}

130 2097 262 2138 lantes
297 2104 344 2139 ut
378 2098 628 2151 impleamini
662 2098 868 2151 agnitione
904 2099 1130 2140 voluntatis
1165 2099 1261 2149 eius,
1297 2099 1338 2140 in
1374 2100 1484 2141 omni
1518 2100 1719 2153 sapientia
1752 2106 1793 2142 et
1827 2100 2034 2142 intellectu
2063 2113 2142 2152 entia}
2164 2096 2216 2138 'Dei

133 2155 322 2209 spiritali:
382 2159 418 2181 ¹⁰
447 2162 494 2197 ut
524 2156 741 2198 ambuletis
774 2157 892 2210 digne
923 2157 1010 2198 Deo
1041 2171 1112 2211 per
1144 2157 1280 2199 omnia
1309 2157 1533 2211 placentes:
1566 2158 1606 2198 in
1639 2159 1748 2200 omni
1780 2173 1898 2213 opere
1929 2160 2036 2201 bono
2073 2148 2211 2213 Ξᾎὲζῖῗξὲξ

132 2215 437 2265 fructificantes,
460 2220 501 2256 et
521 2220 744 2256 crescentes
764 2215 805 2255 in
825 2215 995 2256 scientia
1013 2216 1107 2257 Dei:
1156 2218 1187 2241 11
1206 2216 1247 2257 111
1269 2216 1378 2258 0111111
1399 2216 1552 2258 virtute
1572 2218 1795 2259 confortati
1814 2219 2035 2259 secundum
2066 2219 2215 2279 1)(ὲῇοῑῑὶῑῦ-

132 2273 362 2327 potentiam
383 2273 581 2316 claritatis
602 2274 685 2314 eius
706 2274 747 2314 in
769 2274 876 2315 omni
898 2274 1110 2327 patientia.
1134 2280 1175 2315 et
1194 2275 1506 2328 longanimitate
1527 2290 1618 2316 cum
1638 2276 1787 2330 gaudio
1834 2279 1864 2301 1²
1884 2277 2035 2330 gratias
2164 2273 2169 2278 ’

133 2337 297 2386 agentes
329 2333 417 2374 Deo
448 2333 574 2379 Patri,
609 2332 677 2386 qui
709 2332 851 2386 dignos
883 2346 956 2374 nos
987 2332 1084 2374 fecit
1115 2333 1154 2373 in
1187 2338 1346 2386 partem
1378 2334 1496 2375 sortis
1528 2339 1762 2375 sanctorum
1792 2335 1833 2375 in
1865 2335 2035 2376 lumine:

134 2393 165 2415 13
182 2390 251 2444 qui
267 2391 415 2445 eripuit
431 2405 504 2432 nos
521 2392 570 2432 de
584 2396 791 2444 potestate
809 2392 1081 2442 tenebrarum,
1097 2397 1138 2433 et
1152 2392 1362 2433 transtulit
1376 2392 1416 2432 in
1430 2406 1598 2446 regnum
1614 2393 1684 2433 filii
1699 2393 1923 2434 dilectionis
1940 2407 2033 2444 suae,

133 2451 165 2473 14
192 2449 234 2489 111
264 2462 345 2503 quo
372 2450 570 2491 habemus
599 2450 921 2503 redemptionem
950 2464 1023 2504 per
1051 2450 1289 2505 sanguinem
1319 2450 1414 2500 eius,
1447 2450 1723 2493 remissionem
1755 2457 2033 2505 peccatorum:

815 2581 1034 2635 PARS
1074 2581 1357 2636 PRIOR.

473 2668 816 2722 Institutio
854 2669 1248 2735 theoretica,
1285 2670 1328 2735 1,
1355 2669 1558 2735 15-2,
1586 2670 1689 2724 23.

943 2767 1224 2779 —0-00-05-

510 2815 551 2865 I.
589 2815 673 2865 De
712 2814 1066 2865 excellentia
1105 2813 1340 2876 Christi,
1380 2813 1664 2876 1,15—23.

236 2907 268 2930 15
297 2905 367 2959 qui
394 2910 455 2946 est
482 2905 616 2959 imago
643 2904 719 2946 Dei
747 2905 972 2955 invisibilis,
1002 2905 1296 2959 primogenitus
1325 2905 1453 2947 omnis
1482 2909 1693 2946 oreaturae:
2048 2914 2149 2944 Imago
2166 2914 2226 2940 Dei.

236 2965 272 2988 1⁶
304 2964 517 3017 bquoniam
546 2964 587 3004 in
615 2964 703 3017 ipso
733 2964 899 3005 condita
927 2969 1024 3005 sunt
1052 2963 1241 3006 universa
1269 2965 1309 3005 in
1339 2964 1454 3014 caelis,
1486 2968 1527 3004 et
1554 2962 1595 3003 in
1625 2968 1743 3011 terra,
1775 2961 1960 3013 visibilia,
1992 2968 2231 3030 esssfiffssss’ssafflr

131 3021 361 3072 invisibilia,
388 3022 472 3063 sive
497 3022 646 3071 throni,
673 3022 757 3062 sive
781 3022 1092 3072 dominationes,
1120 3022 1203 3063 sive
1228 3022 1491 3077 principatus,
1518 3021 1602 3063 sive
1626 3026 1870 3074 potestates:
1898 3021 2033 3063 omnia
2100 3022 2103 3027 “

132 3094 203 3135 per
224 3080 369 3134 ipsum,
393 3086 434 3121 et
454 3080 496 3121 in
517 3081 605 3134 ipso
627 3086 764 3122 creata
785 3086 899 3122 sunt:
949 3083 983 3105 ¹⁷
1005 3086 1046 3122 et
1066 3081 1151 3135 ipse
1173 3086 1234 3122 est
1256 3086 1351 3122 ante
1374 3094 1524 3130 omnes,
1549 3085 1590 3121 et
1612 3079 1748 3121 onmia
1768 3079 1809 3120 111
1831 3079 1918 3133 ipso
1939 3093 2032 3121 con-

132 3144 257 3180 stant.

236 3199 271 3222 18
298 3197 354 3238 Et
380 3197 465 3251 ipse
493 3202 554 3238 est
581 3202 706 3250 eaput
733 3197 910 3251 corporis
938 3197 1138 3248 Ecclesiae‚
1177 3197 1262 3252 cqui
1289 3203 1350 3239 est
1377 3197 1633 3251 principium,
1662 3196 1953 3251 primogenitus
1982 3199 2235 3259 extsssr‘gr‘lsjgffigs,

130 3256 320 3297 mortuis:
354 3261 401 3297 ut
431 3255 484 3297 sit
514 3255 555 3295 in
588 3255 775 3296 omnibus
806 3256 890 3309 ipse
921 3256 1144 3310 primatum
1176 3261 1329 3298 tenens.
1389 3258 1424 3280 ¹⁹
1455 3256 1551 3309 quia
1580 3255 1622 3296 in
1653 3256 1740 3310 ipso
1770 3254 2028 3308 complacuit.
2229 3252 2234 3261 ’

133 3327 293 3355 0111110111
328 3313 625 3368 plenitudinem
660 3314 908 3355 inhabitare:
970 3317 1007 3340 2⁰
1041 3320 1082 3356 et
1116 3328 1187 3369 per
1221 3328 1312 3356 eum
1347 3314 1604 3356 reconciliare
1640 3313 1775 3355 omnia
1808 3313 1849 3354 in
1883 3313 2028 3367 ipsum,

132 3372 350 3425 pacificans
378 3386 450 3427 per
477 3371 715 3426 sanguinem
745 3372 872 3414 crucis
901 3373 996 3423 eius,
1028 3373 1112 3414 sive
1142 3386 1231 3427 quae
1259 3373 1300 3413 in
1329 3372 1457 3419 terris,
1489 3373 1572 3414 sive
1602 3386 1691 3426 quae
1718 3372 1760 3412 in
1789 3371 1892 3413 eaelis
1921 3376 2026 3411 sunt.

263 3485 295 3526 4,
320 3487 361 3520 18
386 3486 495 3519 aRom
520 3487 572 3526 12,
598 3488 627 3520 1.
655 3507 695 3511 —
720 3488 751 3529 1,
776 3488 817 3520 16
841 3487 900 3520 blo
924 3488 954 3527 1,
979 3488 1010 3521 3.
1037 3508 1078 3512 —
1102 3488 1143 3521 18
1171 3488 1205 3520 01
1231 3487 1371 3528 Corn),
1396 3488 1452 3527 20;
1480 3489 1552 3531 Ape
1577 3489 1606 3525 1,
1631 3486 1662 3520 5.
