2356 3760
112 150 166 188 31,
193 149 334 187 mer-32,
361 148 402 181 13
876 146 1248 180 DEUTERONOMII
1934 154 2008 194 171

114 242 244 287 nubis,
274 255 363 295 quae
389 241 505 281 stetit
529 240 569 279 in
595 239 766 279 introitu
792 239 1055 280 tabernaculi.
1111 241 1145 263 1⁶
1170 240 1366 292 Dixitque
1392 239 1591 279 Dominus
1618 242 1670 280 ad
1694 241 1878 293 Movsen:
1906 246 2010 287 Eece

114 306 159 341 tu
190 300 361 341 dormies
392 312 484 340 cum
512 297 697 351 patribus
728 297 820 343 tuis,
852 302 893 337 et
921 297 1094 350 populus
1124 298 1200 338 iste
1229 311 1471 350 consurgens
1500 290 1772 340 fornicabitur
1794 310 1886 354 post
1915 304 2009 344 deos

114 360 263 400 alienos
285 359 324 399 in
345 359 477 405 Terra,
501 356 553 396 ad
573 368 695 408 quam
716 355 941 408 ingreditur
959 361 1006 396 ut
1025 356 1186 396 habitet
1204 356 1245 395 in
1265 369 1329 396 ea:
1351 356 1405 396 ibi
1426 355 1677 410 derelinquet
1696 372 1770 405 me,
1793 366 1833 399 et
1852 361 2009 402 irritum

114 418 236 458 faciet
261 418 406 463 foedus,
436 415 545 468 quod
569 414 703 467 pepigi
731 427 823 454 00111
849 427 907 454 eo.
963 416 996 438 ¹⁷
1022 414 1078 454 Et
1103 414 1298 455 irascetur
1323 415 1434 455 furor
1460 428 1571 455 meus
1598 420 1740 456 contra
1765 430 1856 457 eum
1882 419 1922 458 in
1948 420 2010 460 (119,

114 476 200 517 111οῑ
220 482 260 517 91
278 474 554 527 derelinquam
572 485 676 519 eum,
697 477 736 512 et
755 472 1003 513 abscondam
1020 473 1165 512 faciem
1182 486 1316 512 meam
1334 473 1384 513 ab
1403 486 1460 518 eo,
1480 478 1521 513 et
1538 473 1613 513 erit
1630 474 1669 513 in
1688 475 2009 516 devorationem:

113 535 323 576 invenient
350 545 443 573 eum
470 531 606 572 omnia
632 530 740 571 mala
767 535 807 571 et
834 530 1088 580 afflictiones,
1117 531 1176 571 ita
1202 536 1250 571 ut
1276 531 1385 571 dicat
1412 532 1452 571 in
1479 531 1545 571 illo
1573 532 1654 571 die:
1683 533 1783 573 Vere
1812 535 1906 586 quia
1932 548 2012 575 non

115 599 177 635 est
201 594 311 634 Deus
338 604 509 639 mecum,
537 590 781 630 invenerunt
807 603 870 630 me
897 589 981 629 lucc
1007 589 1126 630 mala.
1182 591 1216 613 1⁸
1243 590 1328 642 Ego
1357 594 1494 630 autem
1521 590 1780 640 abscondam,
1809 597 1850 632 91
1875 593 2012 633 celabo

115 652 259 693 1001910
277 663 411 691 meam
427 650 469 690 in
487 649 550 689 die
567 648 634 689 illo
653 652 819 702 propter
837 649 973 689 onmia
990 648 1109 695 mala,
1131 661 1221 701 quae
1237 648 1345 696 19011,
1367 649 1462 701 (11110
1479 653 1639 688 secutus
1658 654 1718 689 est
1736 650 1830 691 deos
1849 651 2011 692 alienos.

115 713 149 736 1⁹
174 711 292 751 Nunc
316 710 455 762 itaque
479 707 640 748 scribite
665 707 781 747 vobis
807 707 1011 747 canticum
1035 707 1158 755 istud,
1186 712 1227 747 et
1251 707 1391 747 docete
1419 706 1520 747 filios
1547 706 1687 746 Israel:
1713 713 1760 748 111
1784 710 2015 750 memoriter

114 775 295 815 teneant,
318 773 358 809 91
378 781 443 809 019
465 767 696 814 decantent,
719 771 760 806 91
779 766 832 806 011
852 766 950 806 mihi
971 779 1132 806 carmen
1152 765 1263 806 istud
1282 778 1354 818 pro
1376 765 1608 806 testimonio
1630 765 1733 806 inter
1755 766 1855 807 filios
1878 768 2011 808 101091.

114 831 151 854 2⁰
179 828 443 869 Introducam
470 825 577 866 enim
604 838 697 865 911111
723 825 763 865 10
793 825 968 873 Τ9110111,
998 837 1070 877 pro
1100 838 1177 877 (1110
1206 824 1336 864 iuravi
1364 824 1548 877 patribus
1577 824 1672 869 eius,
1701 824 1804 865 lacte
1833 830 1873 865 et
1900 826 2014 866 melle

115 892 363 929 manantem.
406 885 588 937 Cumque
629 884 889 929 comederint,
932 888 973 923 91
1013 884 1197 928 saturati,
1241 883 1443 935 crassique
1483 883 1645 927 fuerint,
1688 888 1925 923 avertentur
1964 885 2015 924 ad

115 947 209 988 deos
235 945 396 993 alienos,
423 948 465 984 et
488 943 665 984 servient
689 943 761 983 eis:
789 942 1087 995 detrahentque
1112 942 1222 989 mihi,
1249 946 1290 982 et
1314 942 1473 981 irritum
1498 941 1649 981 facient
1674 947 1841 994 pactum
1866 956 2012 983 meum.

114 1007 146 1030 21
174 1005 401 1058 Postquam
430 1002 659 1043 invenerint
688 1015 780 1041 911111
809 1001 914 1041 111010
946 1001 1075 1041 11111110
1104 1006 1143 1041 91
1174 1000 1428 1048 afflictiones,
1459 1000 1720 1053 respondebit
1749 1001 1783 1041 ei
1812 1001 2015 1041 canticum

114 1064 227 1105 istud
257 1076 329 1117 pro
361 1061 606 1105 testimonio,
656 1060 765 1113 quod
795 1059 905 1100 1111110
938 1060 1088 1100 delebit
1119 1059 1268 1100 oblivio
1300 1073 1349 1099 ex
1381 1071 1445 1100 ore
1477 1059 1637 1099 seminis
1670 1059 1741 1100 sui.
1789 1059 1878 1100 Scio
1910 1060 2016 1100 enim

116 1122 381 1176 cogitationes
411 1120 506 1165 eius,
539 1133 628 1173 quae
655 1120 837 1159 facturus
867 1119 920 1159 sit
948 1119 1078 1165 hodie,
1111 1124 1332 1171 antequam
1362 1118 1619 1159 introducam
1648 1131 1740 1158 eum
1769 1118 1809 1158 in
1839 1118 2014 1167 Terram,

117 1194 240 1236 quam
267 1181 301 1221 ei
328 1179 529 1234 pollicitus
556 1192 657 1219 sum.
713 1180 744 1202 22
771 1178 940 1231 Scripsit
966 1191 1057 1231 ergo
1084 1178 1243 1231 Moyses
1271 1177 1487 1225 canticum,
1517 1182 1558 1217 et
1584 1177 1722 1217 docuit
1752 1176 1851 1217 filios
1881 1176 2015 1217 101091.

116 1242 149 1265 23
174 1239 452 1292 Praecepitque
480 1238 679 1278 Dominus
709 1237 825 1278 Iosue
856 1237 935 1277 filio
965 1237 1071 1281 Nun,
1102 1242 1142 1277 et
1170 1237 1244 1277 ait:
1274 1237 1523 1284 Confortare,
1553 1239 1594 1275 et
1620 1239 1705 1275 esto
1733 1236 1941 1276 robustus:
1971 1240 2016 1276 tu

116 1299 223 1340 enim
252 1298 483 1339 introduces
516 1296 616 1337 filios
649 1295 771 1336 Israel
800 1296 840 1335 in
872 1296 1047 1343 Terram,
1081 1309 1203 1349 quam
1234 1295 1435 1348 pollicitus
1466 1307 1567 1341 sum,
1600 1298 1641 1334 et
1670 1307 1740 1347 ego
1771 1307 1836 1334 ero
1866 1299 2014 1334 tecum.

220 1359 252 1382 2⁴
266 1357 492 1410 Postquam
507 1368 598 1409 ergo
614 1355 773 1408 scripsit
787 1355 946 1408 Moyses
961 1355 1087 1395 verba
1100 1354 1195 1407 legis
1210 1354 1329 1394 huius
1345 1354 1385 1393 in
1400 1353 1617 1401 volumine,
1636 1357 1759 1406 atque
1775 1352 2012 1406 complevit:
2041 1354 2201 1413 ωῐὴξξὲξξῃ-

116 1419 147 1441 25
168 1416 360 1470 praecepit
381 1414 545 1459 Levitis,
571 1414 638 1467 qui
659 1413 883 1467 portabant
904 1426 1039 1453 0100111
1060 1413 1222 1453 foederis
1243 1412 1420 1457 Domini,
1445 1412 1597 1452 dicens:
1648 1413 1682 1435 ²⁶
1704 1411 1847 1452 Tollite
1868 1411 2016 1451 librum
2046 1398 2121 1463 05111
2138 1424 2194 1448 tm-

115 1476 252 1524 istum,
283 1480 323 1515 et
350 1474 488 1527 ponite
516 1486 607 1513 eum
636 1473 676 1512 in
702 1471 827 1512 latere
856 1485 957 1512 arcae
984 1472 1144 1512 1191191ἰο
1172 1471 1338 1512 Domini
1365 1470 1440 1511 Dei
1469 1471 1610 1511 vestri:
1641 1476 1687 1511 ut
1714 1471 1767 1511 sit
1793 1470 1848 1510 ibi
1876 1475 2017 1511 contra
2095 1459 2148 1488 ‘¹¹¹‘

116 1539 156 1575 te
180 1535 221 1574 in
244 1532 536 1574 testimonium.
588 1533 621 1555 ²⁷
646 1531 732 1585 Ego
755 1531 862 1571 enim
886 1531 965 1571 seio
990 1531 1294 1571 contentionem
1318 1536 1445 1573 tuam,
1471 1535 1509 1570 et
1535 1529 1730 1570 cervicem
1754 1534 1869 1569 tuam
1893 1529 2020 1569 duris-

116 1593 272 1634 simam.
309 1592 455 1632 Adhuc
490 1590 654 1631 vivente
689 1603 753 1630 me
788 1594 829 1630 et
863 1590 1110 1643 ingrediente
1147 1589 1370 1636 vobiscum,
1407 1602 1564 1642 semper
1598 1588 1849 1629 contentiose
1884 1587 2020 1641 egistis

116 1656 259 1693 contra
280 1650 522 1691 Dominum:
548 1654 702 1703 quanto
727 1648 853 1702 magis
878 1662 969 1688 cum
994 1654 1177 1689 mortuus
1201 1648 1338 1688 11191οΡ
1389 1649 1424 1671 2⁸
1447 1648 1695 1701 Congregate
1720 1647 1772 1687 ad
1794 1660 1857 1687 me
1881 1659 2018 1687 omnes

116 1711 286 1751 maiores
307 1714 409 1750 natu
430 1722 501 1762 per
521 1709 650 1748 tribus
674 1713 841 1750 vestras,
866 1712 990 1761 atque
1012 1708 1208 1751 doctores,
1233 1712 1274 1747 et
1294 1707 1438 1760 loquar
1458 1706 1717 1747 audientibus
1740 1706 1794 1746 eis
1816 1718 2018 1746 sermones

116 1769 228 1818 istos,
257 1774 298 1809 et
324 1768 523 1809 invocabo
551 1772 693 1808 contra
719 1780 784 1807 eos
812 1766 953 1807 caelum
980 1771 1021 1807 et
1048 1772 1208 1807 terram.
1264 1768 1299 1790 2⁹
1327 1766 1432 1806 Novi
1459 1766 1565 1805 enim
1593 1765 1702 1818 quod
1727 1769 1821 1818 post
1847 1768 2019 1805 mortem

116 1841 250 1869 meam
272 1828 408 1881 inique
432 1826 571 1880 agetis,
597 1831 638 1866 et
660 1825 915 1866 declinabitis
939 1825 1019 1865 cito
1044 1825 1091 1865 de
1116 1825 1193 1871 via,
1220 1838 1342 1878 quam
1366 1824 1536 1878 111-1909111
1560 1824 1694 1865 vobis:
1745 1828 1787 1864 et
1809 1827 2020 1864 occurrent

117 1887 231 1929 vobis
265 1886 373 1926 mala
404 1886 445 1926 in
479 1890 660 1926 extremo
694 1890 888 1937 tempore,
926 1884 1088 1938 quando
1122 1884 1296 1925 feceritis
1330 1883 1482 1923 malum
1516 1883 1556 1923 in
1591 1887 1808 1936 conspectu
1842 1881 2019 1929 Domini,

117 1951 164 1987 ut
192 1945 357 1986 irritetis
388 1958 481 1985 eum
511 1957 582 1997 per
612 1957 734 1997 opera
764 1956 959 1983 manuum
992 1948 1232 1983 vestrarum.

219 2006 256 2029 ³⁰
286 2004 465 2045 Locutus
498 2008 558 2044 est
590 2015 681 2056 ergo
714 2002 884 2055 Moyses,
920 2002 1110 2042 audiente
1142 2002 1329 2042 universo
1362 2005 1471 2041 coetu
1506 1999 1638 2045 lsrael,
1674 2000 1798 2040 verba
1829 1998 2016 2039 carminis
2040 1999 2214 2060 Ἢῐζῗιξιῗὲξῆῒ,

117 2064 246 2111 huius,
276 2067 317 2103 et
343 2062 395 2102 ad
424 2061 546 2102 finem
572 2075 699 2114 usque
727 2060 957 2113 complevit.
2031 2042 2038 2065 Ι
2072 2046 2081 2060 ²
2209 2055 2215 2063 '

117 2157 181 2200 32.
236 2159 249 2180 1
278 2155 430 2196 Audite
460 2154 544 2194 caeli
574 2166 663 2207 quae
691 2153 845 2206 loquor,
928 2155 1071 2194 audiat
1100 2158 1207 2194 terra
1236 2153 1361 2193 verba
1390 2152 1467 2192 oris
1498 2152 1586 2192 mei.
2065 2151 2184 2176 audiant

116 2218 132 2240 2
160 2216 402 2257 Concrescat
430 2218 477 2253 ut
505 2212 646 2266 pluvia
675 2212 861 2253 doctrina
889 2225 990 2257 mea,
1078 2212 1180 2252 fluat
1209 2216 1256 2252 ut
1284 2225 1347 2251 ros
1378 2211 1583 2264 eloquium
1613 2223 1760 2258 meum,
2076 2193 2175 2212 ⁰¹¹¹¹¹⁶⁵³

118 2274 233 2329 quasi
262 2273 392 2314 imber
420 2285 540 2325 super
567 2272 748 2315 herbam,
859 2276 900 2311 et
930 2272 1044 2325 quasi
1075 2271 1191 2311 stillae
1220 2284 1340 2323 super
1367 2270 1562 2323 gramina.

116 2370 132 2393 ³
161 2367 266 2416 Quia
294 2378 442 2407 nomen
471 2365 637 2406 Domini
667 2365 886 2405 invocabo:
970 2365 1065 2405 date
1095 2363 1443 2417 magnificentiam
1472 2364 1558 2404 Deo
1588 2368 1738 2404 nostro.
2050 2361 2200 2421 Igffilecggj-

116 2429 131 2451 ⁴³
160 2426 235 2467 Dei
264 2425 445 2479 perfecta
474 2428 570 2464 sunt
600 2436 732 2477 opera,
817 2428 858 2463 et
887 2437 1025 2464 omnes
1055 2423 1131 2464 viae
1160 2423 1242 2463 eius
1272 2422 1438 2463 iudicia:

116 2486 227 2526 Deus
260 2483 399 2532 fidelis,
432 2488 473 2524 et
502 2483 655 2538 absque
684 2481 766 2522 ulla
795 2482 1023 2535 iniquitate,
1108 2482 1237 2523 iustus
1267 2486 1309 2522 et
1336 2486 1482 2522 rectus.

117 2581 132 2603 5
156 2579 434 2619 Peccaverunt
463 2576 509 2621 ei,
541 2580 582 2616 et
609 2589 691 2616 non
718 2575 787 2616 filii
817 2575 899 2616 eius
924 2576 964 2615 in
991 2575 1193 2616 sordibus:
1276 2574 1481 2628 generatio
1508 2586 1637 2628 prava
1665 2577 1789 2627 atque
1816 2586 2014 2626 perversa.
2032 2575 2212 2634 εἳξῆξθῖξζξζ,

121 2639 136 2662 ⁶
166 2636 353 2678 Haeccine
381 2635 515 2676 reddis
545 2635 721 2675 Domino
804 2634 951 2687 popule
981 2633 1104 2675 stulte
1134 2639 1175 2674 et
1202 2633 1418 2687 insipiens?
2088 2639 2159 2669 pun:

118 2695 319 2749 numquid
347 2707 429 2735 non
457 2694 542 2747 ipse
571 2698 633 2735 est
660 2698 778 2747 pater
807 2698 913 2742 tuus,
946 2693 1014 2746 qui
1043 2693 1224 2746 possedit
1252 2697 1304 2741 te,
1353 2730 1360 2734 ,
1389 2697 1430 2732 91
1457 2692 1564 2737 19011,
1597 2695 1638 2731 91
1667 2691 1820 2731 creavit
1848 2690 1912 2731 te?

2054 2777 2192 2802 beneficia

2060 2813 2186 2841 Domini,

120 2790 134 2812 ⁷
167 2788 391 2829 aMemento
421 2787 578 2828 dierum
607 2787 881 2840 antiquorum,
965 2786 1099 2839 cogita
1125 2786 1403 2839 generationes
1434 2784 1628 2838 singulas:

116 2848 321 2900 interroga
348 2852 508 2900 patrem
536 2850 667 2893 tuum,
699 2850 740 2886 et
769 2845 1035 2886 annunciabit
1063 2845 1156 2885 tibi:
1236 2844 1406 2885 maiores
1437 2849 1540 2891 tuos,
1572 2848 1613 2884 et
1641 2843 1777 2883 dicent
1806 2842 1891 2883 tibi.

119 2907 135 2930 ⁸
164 2906 336 2954 Quando
367 2904 578 2946 dividebat
606 2904 837 2945 Altissimus
866 2909 1024 2959 gentes:
1115 2904 1277 2957 quando
1308 2903 1526 2956 separabat
1557 2901 1657 2942 filios
1687 2901 1833 2950 Adam,

118 2964 332 3006 constituit
360 2964 554 3004 terminos
583 2962 827 3017 populorum
935 2963 1052 3003 iuxta
1080 2976 1295 3003 numerum
1327 2962 1500 3002 filiorum
1532 2960 1665 3001 Israel.

120 3025 135 3048 ⁹
163 3023 262 3064 Pars
292 3027 431 3063 autem
459 3022 637 3069 Domini,
668 3022 842 3075 populus
872 3022 973 3062 eius:
1060 3021 1181 3062 Iacob
1211 3021 1413 3061 funiculus
1443 3019 1679 3060 hereditatis
1710 3019 1804 3060 eius.

117 3084 153 3106 1⁰
183 3082 347 3122 Invenit
375 3094 468 3122 eum
496 3081 537 3122 in
566 3085 675 3121 terra
704 3081 873 3128 deserta,
957 3081 998 3121 in
1027 3080 1114 3121 loco
1142 3080 1328 3129 horroris,
1361 3084 1402 3120 et
1430 3083 1558 3119 vastae
1586 3077 1832 3118 solitudinis:

117 3140 389 3182 circumduxit
418 3153 521 3189 eum,
553 3144 595 3180 et
623 3140 780 3181 docuit:
864 3144 905 3180 et
934 3139 1157 3180 custodivit
1187 3139 1301 3193 quasi
1330 3137 1528 3192 pupillam
1558 3137 1661 3178 oculi
1691 3137 1762 3177 sui.

116 3202 148 3224 11
176 3200 290 3241 Sicut
319 3198 455 3253 aquila
482 3211 708 3252 provocans
739 3199 791 3240 ad
820 3198 1043 3239 volandum
1072 3197 1202 3252 pullos
1232 3211 1336 3246 suos,
1420 3201 1461 3237 et
1489 3209 1609 3249 super
1637 3208 1702 3236 eos
1733 3194 1919 3239 volitans,

116 3259 314 3312 expandit
342 3258 425 3299 alas
455 3271 559 3306 suas,
591 3262 632 3298 et
660 3258 882 3311 assumpsit
910 3271 1014 3306 eum,
1099 3262 1224 3311 atque
1253 3255 1439 3310 portavit
1468 3255 1510 3295 in
1538 3254 1718 3296 humeris
1749 3253 1841 3294 suis.

117 3319 149 3341 12
176 3317 376 3358 Dominus
406 3316 513 3357 solus
544 3316 631 3357 dux
660 3316 743 3357 eius
771 3316 870 3358 fuit:
956 3321 998 3357 et
1025 3329 1107 3357 non
1136 3320 1224 3357 erat
1252 3328 1345 3356 cum
1374 3327 1419 3355 eo
1448 3314 1558 3354 Deus
1589 3313 1752 3354 alienus.

117 3377 149 3401 ¹³
177 3375 400 3417 Constituit
428 3388 521 3416 eum
550 3388 671 3429 super
699 3375 898 3416 excelsam
928 3380 1097 3416 terram:
1181 3379 1228 3414 ut
1257 3373 1487 3415 comederet
1514 3373 1670 3413 1100100
1700 3383 1898 3424 agrorum,

247 3453 302 3520 32]
326 3479 346 3512 7
369 3453 452 3513 {Iob
476 3478 508 3521 8,
531 3478 562 3513 8.
