2356 3760
264 152 341 193 624
1146 149 1294 183 LIBER
1933 151 1965 191 3,
1991 151 2110 191 32-4,
2135 151 2180 185 30

265 246 298 269 ³²
319 243 487 297 Sapiens
519 256 597 286 eor.
631 250 672 284 et
702 242 952 293 intelligibile
984 242 1210 284 abstinebit
1250 255 1290 283 se
1322 255 1346 283 a
1375 243 1564 296 peccatis,
1650 247 1692 284 et
1721 243 1762 284 in
1794 245 1981 298 operibus
2012 244 2179 287 iustitiae

530 315 735 343 successus
766 301 946 342 habebit.

59 410 249 470 ¹¹¹¹{ng'ffrgia
267 409 299 432 ³³
323 407 484 460 algnem
516 407 726 448 ardentem
758 406 960 459 extinguit
992 418 1110 459 aqua,
1196 412 1238 447 et
1267 405 1524 460 eleemosyna
1552 406 1704 447 resistit
1734 408 1928 460 peccatis:

73 454 86 469 ‘¹
134 453 140 470 ¹
170 453 197 470 ’ῃ
221 453 246 469 “”
267 468 299 491 ³⁴
321 471 360 506 et
386 467 495 507 Deus
521 470 757 519 prospector
780 471 841 505 est
866 464 949 505 eius
976 465 1043 518 qui
1074 466 1209 506 reddit
1232 465 1425 516 gratiam:
1452 465 1639 506 meminit
1663 466 1746 506 eius
1772 466 1813 507 in
1837 472 2058 520 posterum,
2137 473 2180 509 et

528 525 567 564 in
598 529 780 576 tempore
811 536 926 564 casus
956 524 1017 564 sui
1047 524 1226 565 inveniet
1259 524 1574 565 firmamentum.

266 583 304 626 4.
362 586 372 607 ¹
406 583 479 623 Fili
516 582 833 635 ¹›eleen10synam
865 583 1054 636 pauperis
1086 596 1135 624 ne
1168 583 1393 632 defraudes,
1480 588 1521 623 et
1552 583 1687 625 oculos
1720 588 1812 624 tuos
1843 597 1893 625 ne.
1925 590 2178 626 transvertas

530 655 551 682 a
582 654 771 695 paupere.

283 703 297 725 ²
316 701 505 741 Animam
533 700 775 741 esurientem
802 713 852 741 ne
874 701 1121 754 despexeris:
1202 706 1243 741 et
1270 714 1348 741 non
1377 713 1588 754 exasperes
1615 714 1834 755 pauperem
1861 702 1901 742 in
1928 703 2067 756 inopia
2091 716 2176 745 sua.

282 762 298 784 ³
316 761 392 800 (for
421 760 551 813 inopis
581 772 630 800 ne
660 759 863 805 afflixeris,
948 766 989 800 et
1019 773 1098 800 non
1129 759 1344 813 protrahas
1375 760 1519 800 datum
1550 761 1813 813 angustianti.

282 821 297 843 ⁴
316 819 587 871 Rogationem
619 818 883 859 contribulati
914 832 963 859 ne
994 818 1176 859 abiicias:
1262 824 1303 858 et
1333 831 1414 859 non
1445 823 1607 859 avertas
1638 819 1782 860 faciem
1813 825 1929 860 tuam
1960 820 2011 861 ab
2039 834 2176 874 egeno.

284 880 299 902 ⁵
316 877 380 918 Ab
408 878 528 931 inope
555 891 604 918 ne
633 884 795 918 avertas
813 878 948 918 oculos
977 883 1070 918 tuos
1097 882 1265 931 propter
1291 877 1411 918 iram:
1494 883 1535 918 et
1561 890 1643 918 non
1670 877 1873 932 relinquas
1903 880 2179 933 quaerentibus

530 936 602 977 tibi
632 942 739 977 retro
770 936 1027 977 maledicere:

286 999 301 1021 ⁶
319 996 596 1036 maledicentis
643 996 749 1035 enim
796 996 871 1036 tibi
916 996 957 1036 in
1003 995 1276 1036 amaritudine
1319 996 1463 1036 animae
1507 995 1749 1036 exaudietur
1790 997 2021 1051 deprecatio
2053 997 2177 1038 illius:

527 1055 720 1095 exaudiet
747 1060 885 1095 autem
914 1068 1018 1101 eum,
1050 1055 1118 1108 qui
1146 1055 1243 1095 fecit
1270 1054 1394 1096 illum.

285 1117 298 1139 ⁷
318 1113 628 1167 (⁷¹ongregationi
661 1126 887 1167 pauperum
920 1113 1126 1154 affabilem
1159 1118 1199 1154 te
1230 1114 1367 1161 facito,
1450 1118 1491 1154 et
1522 1114 1760 1167 presbytero
1796 1114 1967 1156 humilia
1998 1115 2178 1156 animam

527 1177 655 1216 tuam.
740 1178 781 1213 et
810 1178 1004 1226 magnato
1034 1172 1205 1213 humilia
1234 1178 1360 1226 caput
1389 1178 1519 1214 tuum.

286 1234 301 1257 ⁸
316 1231 489 1273 Declina
510 1232 678 1285 pauperi
701 1232 784 1272 sine
807 1232 976 1273 tristitia
994 1245 1131 1272 aurem
1155 1237 1282 1276 tuam,
1306 1236 1348 1272 et
1367 1232 1490 1273 redde
1503 1231 1689 1273 debitum
1710 1237 1841 1279 tuum,
1919 1238 1960 1274 et
1980 1234 2179 1287 responde

528 1290 583 1331 illi
613 1291 783 1344 pacifica
811 1291 851 1332 in
880 1291 1208 1332 mansuetudine.

286 1354 301 1375 ⁹
320 1350 464 1391 Libera
494 1363 599 1393 eum.
641 1350 709 1403 qui
738 1350 927 1391 iniuriam
960 1350 1118 1404 patitur
1158 1351 1208 1391 de
1249 1363 1373 1391 manu
1416 1349 1597 1404 superbi:
1666 1355 1708 1391 et
1747 1364 1829 1391 non
1860 1351 1972 1392 acide
2005 1352 2109 1392 feras
2137 1352 2177 1392 in

528 1409 666 1449 anima
694 1414 777 1450 tua.

266 1472 301 1494 ¹⁰
320 1469 366 1509 In
392 1468 608 1510 iudicando
635 1472 720 1509 esto
756 1468 918 1522 pupillis
943 1468 1167 1509 misericors
1191 1473 1239 1509 ut
1261 1473 1391 1521 pater.
1471 1474 1512 1509 et
1536 1481 1608 1522 pro
1634 1468 1720 1509 viro
1746 1469 1868 1510 matri
1893 1469 2071 1511 illorum:

266 1531 294 1553 ¹¹
318 1534 360 1568 et
381 1527 455 1568 eris
479 1533 523 1568 tu
547 1526 661 1567 velut.
682 1526 786 1568 filius
808 1527 1006 1568 Altissimi
1029 1527 1232 1571 obediens,
1310 1532 1349 1567 et
1372 1527 1629 1568 miserebitur
1650 1528 1711 1568 tui
1733 1528 1861 1582 magis
1885 1542 2008 1582 quam
2030 1533 2175 1570 mater.

651 1644 690 1683 2.
721 1642 956 1694 Praecepta
985 1643 1041 1683 de
1072 1643 1194 1685 cultu
1224 1644 1476 1696 sapientiae,
1504 1643 1545 1695 4,
1562 1643 1710 1696 12—7‚
1730 1645 1795 1686 19.

82 1718 233 1782 Jfflssssssffflssf
269 1716 297 1739 ¹²
318 1714 528 1768 Sapientia
553 1714 642 1755 filiis
666 1714 746 1755 suis
771 1714 901 1755 vitam
925 1714 1109 1768 inspirat,
1188 1721 1230 1756 et
1253 1715 1422 1769 suscipit
1444 1715 1694 1769 inquirentes
1718 1728 1770 1760 se.
1797 1720 1838 1756 et
1860 1715 2022 1769 praeibit
2044 1716 2085 1757 in
2110 1717 2179 1758 via

73 1783 145 1829 quia
161 1774 245 1819 ii‘iigi-
528 1774 705 1814 illstiliae.

93 1830 149 1850 ¹⁰¹³
172 1827 224 1853 ω’
267 1836 298 1858 ¹³
317 1840 358 1873 et
386 1833 453 1887 qui
479 1832 589 1873 illam
616 1832 757 1881 diligit.
786 1832 916 1887 diligit
943 1834 1091 1874 vitam:
1172 1838 1214 1874 et
1240 1834 1308 1888 qui
1334 1833 1594 1887 vigilaverint
1619 1834 1670 1875 ad
1702 1833 1824 1879 illam,
1854 1833 2179 1888 complectentur

527 1892 729 1946 placorem
760 1892 855 1933 eius.

265 1954 296 1976 ¹⁴
317 1951 395 2000 Qui
427 1951 633 1992 tenuerint
664 1951 785 1997 illam,
820 1951 950 1992 vitam
982 1951 1292 1993 hereditabunt:
1390 1958 1431 1993 et
1463 1965 1542 2006 quo
1574 1952 1772 1997 introibit,
1807 1952 2020 1993 benedicet
2050 1953 2175 1994 Deus.

266 2013 296 2035 ¹⁵
313 2011 390 2059 Qui
408 2011 592 2051 serviunt
607 2010 653 2059 ei,
673 2011 944 2064 obsequentes
961 2016 1081 2052 erunt
1097 2016 1258 2053 sancto:
1330 2016 1370 2052 et
1386 2024 1464 2059 eos,
1485 2011 1553 2065 qui
1571 2011 1746 2065 diligunt
1761 2010 1884 2057 illam,
1904 2011 2035 2065 diligit
2050 2012 2174 2053 Deus.

265 2072 299 2094 ¹⁶
317 2070 395 2119 Qui
417 2070 534 2111 audit
553 2069 675 2113 illam.
700 2069 899 2111 iudicabit
919 2070 1089 2111 Gentes:
1172 2076 1213 2111 et
1235 2071 1304 2124 qui
1325 2071 1510 2111 intuetur
1530 2070 1652 2117 illam,
1676 2070 1934 2124 permanebit
1956 2071 2174 2112 confidens,

265 2130 297 2153 ¹⁷
319 2129 360 2170 Si
390 2129 603 2170 crediderit
633 2129 679 2176 ei,
711 2129 960 2170 hereditabit
998 2129 1120 2173 illam,
1205 2136 1247 2170 et
1275 2135 1396 2170 erunt
1424 2130 1464 2170 in
1495 2130 1804 2171 confirmatione
1833 2134 2029 2171 creaturae
2057 2129 2175 2171 illius.

264 2189 299 2212 ¹¹¹
318 2188 510 2242 quoniam
537 2189 577 2229 in
605 2188 833 2229 tentatione
861 2188 1047 2229 ambulat
1082 2202 1173 2229 cum
1201 2202 1258 2235 eo,
1288 2194 1329 2229 et
1354 2190 1395 2229 in
1421 2189 1560 2242 primis
1587 2189 1698 2242 eligit
1723 2202 1828 2230 eum.
1910 2191 1945 2214 ¹⁹
1972 2189 2175 2231 Timorem

528 2253 569 2288 et
597 2252 766 2296 metum,
799 2253 840 2288 et
870 2247 1154 2301 probationem
1184 2248 1352 2288 inducet
1381 2261 1501 2301 super
1530 2247 1661 2288 illum:

318 2314 356 2347 et
403 2306 600 2347 cruciabit
646 2306 758 2347 illum
802 2307 843 2347 in
890 2306 1155 2348 tribulatione
1200 2307 1396 2348 doctrinae
1443 2320 1536 2351 suae,
1636 2307 1763 2348 donec
1814 2312 1948 2348 tentet
1995 2320 2088 2348 eum
2136 2308 2176 2348 in

528 2365 844 2419 cogitationibus
875 2366 967 2413 suis,
1053 2371 1094 2406 et
1123 2367 1263 2407 credat
1292 2366 1438 2407 animae
1467 2366 1582 2407 illius.

264 2427 300 2450 ²⁰
317 2425 371 2466 Et
395 2425 574 2466 firmabit
598 2425 722 2474 illuni,
748 2430 789 2465 et
811 2424 888 2465 iter
911 2425 1088 2466 adducet
1111 2425 1311 2466 directum
1335 2426 1387 2466 ad
1419 2424 1545 2473 illum,
1571 2430 1612 2465 et
1632 2424 1859 2466 laetificabit
1881 2425 2006 2471 illum,
2084 2427 2116 2450 2¹
2136 2430 2178 2466 et

527 2484 754 2525 denudabit
784 2484 983 2525 absconsa
1013 2497 1087 2524 sua
1116 2484 1183 2531 illi,
1270 2490 1312 2525 et
1342 2483 1636 2525 thesaurizabit
1668 2497 1788 2538 super
1818 2484 1932 2525 illum
1964 2484 2176 2525 scientiam

528 2549 569 2583 et
597 2543 849 2583 intellectum
879 2543 1057 2584 iustitiae.

264 2604 296 2627 ²2
317 2603 355 2644 Si
387 2609 524 2643 autem
554 2602 814 2647 oberraverit,
846 2602 1097 2656 derelinquet
1126 2616 1230 2652 eum,
1315 2607 1356 2644 et
1393 2603 1531 2644 tradet
1558 2616 1649 2643 eum
1678 2602 1719 2643 in
1748 2615 1893 2643 manus
1921 2602 2073 2643 inimici
2101 2602 2174 2644 sui.

96 2708 223 2767 “²³¹{;{[¹j¹‘'
266 2711 298 2733 ²³
318 2709 393 2749 Fili
415 2721 608 2750 conserva
630 2713 803 2761 tempus.
828 2714 869 2748 et
889 2707 1028 2748 devita
1050 2721 1074 2748 a
1093 2708 1212 2750 malo.
1289 2710 1321 2732 ‘2⁴
1341 2708 1419 2749 Pro
1441 2708 1579 2748 anima
1599 2713 1673 2748 tua
1692 2721 1741 2748 ne
1763 2708 2024 2749 confundaris
2046 2708 2177 2748 dicere

96 2780 223 2804 vitanda.
530 2780 683 2808 verum.

265 2829 296 2851 ²⁵
318 2827 392 2867 Est
422 2827 527 2867 enim
559 2826 740 2867 confusio
772 2826 976 2867 adducens
1008 2832 1233 2879 peceatum.
1319 2833 1358 2866 et
1389 2830 1450 2867 est
1479 2826 1661 2867 confusio
1700 2826 1906 2867 adducens
1935 2825 2104 2879 gloriam
2135 2831 2178 2866 et

527 2885 713 2937 gratiam.

268 2947 302 2968 ²⁶
322 2945 380 2985 Ne
409 2945 582 2998 accipias
608 2944 753 2985 faciem
782 2945 976 2985 adversus
1003 2944 1147 2985 faciem
1177 2950 1303 2987 tuam.
1387 2957 1459 2985 nec
1487 2945 1680 2985 adversus
1715 2944 1893 2984 animam
1922 2948 2038 2984 tuam
2064 2956 2176 2984 men-

528 3004 701 3044 dacium.

266 3065 298 3085 ²⁷
321 3063 378 3103 Ne
402 3062 617 3103 reverearis
640 3062 869 3115 proximum
895 3068 1012 3102 tuum
1035 3062 1074 3102 in
1103 3076 1197 3103 casu
1220 3076 1310 3103 suo:
1387 3065 1422 3086 ²⁸
1444 3075 1516 3102 nec
1537 3062 1712 3102 retineas
1735 3062 1906 3102 verbum
1928 3062 1969 3102 in
1992 3067 2175 3115 tempore

528 3121 680 3162 salutis.

321 3180 408 3219 Nou
439 3180 663 3221 abscondas
693 3180 935 3233 sapientiam
967 3186 1081 3220 tuam
1113 3181 1151 3221 iu
1181 3181 1323 3221 decore
1352 3194 1435 3221 suo.
1525 3182 1559 3204 '³9
1592 3180 1636 3220 ln
1671 3180 1810 3231 lingua
1843 3179 1949 3220 enirn
1972 3179 2176 3232 sapientia.

528 3240 794 3287 dignoscitur:
876 3246 914 3280 et
941 3253 1092 3285 sensus,
1121 3247 1158 3279 et
1188 3239 1367 3284 scientia,
1396 3244 1437 3279 et
1462 3240 1649 3281 doctrina
1674 3239 1713 3279 in
1742 3239 1864 3279 verbo
1891 3238 2054 3282 sensati,

320 3306 357 3337 et
390 3298 690 3338 firmamentum
725 3298 762 3338 in
794 3298 981 3351 operibus
1014 3298 1188 3339 iustitia.

265 3358 301 3381 ³⁰
321 3356 410 3397 Non
438 3357 690 3397 eontradieas
719 3358 840 3397 verbo
868 3357 1052 3397 veritatis
1079 3357 1158 3398 ullo
1193 3358 1325 3399 modo.
1407 3362 1446 3397 et
1473 3357 1522 3397 de
1548 3356 1759 3397 mendacio
1786 3355 2067 3396 ineruditionis
2093 3360 2194 3405 tuae

529 3416 786 3456 confundere.

401 3507 443 3540 33
470 3507 544 3540 ³Dn
571 3508 600 3548 4,
628 3509 677 3541 24.
707 3529 713 3530 κ
772 3508 803 3549 4,
830 3511 845 3541 l
874 3508 965 3541 b'sob
990 3510 1021 3548 4,
1048 3510 1075 3543 7.
