2356 3760
94 96 381 137 98‚S-101‚12

116 192 131 214 3
148 189 322 231 Domine
337 190 448 230 Deus
464 194 601 230 noster
624 193 669 229 tu
686 187 931 228 exaudiebas
948 200 1032 228 eos:

358 247 399 288 in
429 260 567 289 omnes
597 245 905 287 adinventiones
935 258 1085 286 eorum.

114 310 129 332 ⁹
150 306 345 348 Exaltate
362 305 586 346 Dominum
598 305 732 345 Deum
751 308 948 351 nostrum,

359 368 524 404 sanctus
552 362 753 404 Dominus
782 362 892 402 Deus
922 367 1069 402 noster.

908 94 1195 127 issALMORUM

1091 187 1200 227 Deus
1216 191 1262 227 tu
1278 187 1476 240 propitius
1492 188 1604 228 fuisti
1621 189 1685 231 eis.

1016 310 1055 344 et
1076 303 1242 343 adorate
1260 304 1301 344 in
1318 310 1456 344 monte
1475 310 1615 345 sancto
1635 305 1735 345 eius:

1914 102 1990 141 2339

1744 197 1781 231 et
1799 192 1989 233 ulciscens

1802 308 1989 359 quoniam

723 475 915 527 99(100).
948 475 1210 516 Gratiarum
1241 476 1372 516 actio.

203 564 216 586 1
245 560 431 602 Psalmus
460 561 501 601 in
530 558 790 601 confessione.
849 558 999 599 XCIX.

118 668 133 690 '³
153 665 327 706 Iubilate
354 666 441 705 Deo
470 663 599 705 omnis
628 668 752 704 terra:

360 723 455 771 eius,
486 722 528 763 in
557 722 819 763 exultatione.

119 786 134 808 3
151 783 305 824 Scitote
322 781 515 836 quoniam
530 781 731 828 Dominus
747 781 831 835 ipse
847 786 908 821 est
923 781 1051 821 Deus:

362 840 457 887 eius,
489 844 529 880 et
559 852 654 881 oves
684 853 844 893 pascuae
873 839 974 879 eius:

122 900 320 941 ⁴introite
354 904 494 953 portas
528 898 611 939 eius
645 898 686 939 in
719 898 980 942 confessione.

362 957 549 999 Laudato
578 970 727 998 nomen
756 957 839 998 eius
850 971 863 996 z·

121 1020 137 1042 5
156 1017 349 1072 quoniam
374 1016 510 1057 suavis
536 1022 597 1057 est
622 1016 834 1065 Dominus,
853 1015 894 1056 in
912 1021 1108 1056 aeternum
1133 1014 1407 1055 misericordia
1431 1014 1525 1061 eius,

830 663 977 704 servite
1005 662 1181 704 Domino
1210 662 1250 702 in
1276 661 1430 703 laetitia.

1510 663 1680 703 Introite
1708 664 1748 705 in
1776 671 1992 718 conspectu
2032 669 2166 708 ertu-100.

2061 706 2137 729 tione

2053 740 2147 769 populi

362 1074 564 1117 rationem
593 1080 634 1116 et
662 1075 965 1129 generationem
994 1074 1144 1115 veritas
1175 1073 1269 1114 eius.

208 1277 222 1300 1
250 1274 436 1316 Psalmus
465 1273 541 1328 ipsi
570 1273 718 1314 David.
776 1272 816 1314 C.

156 1380 484 1427 Misericordiam,
517 1384 558 1419 et
587 1378 780 1419 iudicium
810 1375 986 1417 cantabo

126 1442 141 1464 2
159 1444 199 1480 et
227 1438 450 1491 intelligam
479 1438 520 1478 in
549 1437 615 1477 via
644 1435 920 1478 immaculata,

157 1496 500 1539 perambulabam
530 1495 572 1536 in
602 1494 835 1536 innocentia
865 1492 994 1534 cordis
1025 1493 1114 1538 mei,

125 1560 140 1582 3
159 1557 250 1598 Non
278 1555 557 1610 proponebam
587 1559 682 1594 ante
711 1552 846 1594 oculos
875 1565 985 1593 meos

157 1615 351 1656 facientes
379 1613 734 1668 praevaricationes
763 1611 884 1653 odivi.

158 1674 430 1715 declinantem
460 1686 485 1713 a
512 1685 576 1713 me
605 1672 829 1725 malignum

126 1783 141 1805 ⁵
158 1779 455 1821 Detrahentem
483 1781 636 1819 secreto
665 1776 851 1830 proximo
881 1789 964 1822 suo,

159 1839 341 1893 Superbo
372 1836 500 1886 oculo,
533 1841 574 1877 et
603 1835 824 1876 insatiabili
854 1834 984 1881 corde,

127 1900 142 1922 ⁶
160 1897 276 1939 Oculi
304 1897 383 1938 mei
413 1896 467 1937 ad
494 1894 630 1936 fideles
660 1900 777 1935 terrae

161 1956 375 1998 ambulans
402 1955 443 1996 in
470 1954 538 1995 via
563 1953 839 2001 immaculata,

129 2017 141 2039 ⁷
163 2016 254 2057 Non
282 2014 489 2055 habitabit
516 2013 557 2054 in
585 2012 718 2053 medio
747 2012 891 2053 domus
920 2023 1019 2051 meae

162 2074 231 2128 qui
258 2073 441 2127 loquitur
470 2072 621 2125 iniqua,
654 2085 735 2112 non
766 2070 914 2112 direxit

128 2134 143 2157 ⁸
162 2133 210 2174 In
239 2131 444 2174 matutino
473 2130 768 2172 interficiebam

161 2197 208 2233 ut
237 2191 510 2245 disperderem
539 2190 588 2231 de
618 2189 786 2230 civitate
816 2186 981 2230 Domini

110 2461 238 2490 suam.
295 2447 360 2489 CI.

131 2556 146 2578 2
162 2553 337 2594 Domine
364 2552 513 2593 exaudi
539 2551 765 2593 orationem
792 2563 944 2591 meam:

131 2615 146 2638 3
164 2613 257 2654 Non
287 2615 449 2653 avertas
479 2611 624 2651 faciem
654 2615 771 2651 tuam
802 2622 826 2650 a
855 2622 937 2650 me:

373 2682 512 2710 aurem
541 2673 669 2710 tuam.

1116 780 1200 833 ipse
1215 778 1311 820 fecit
1328 792 1411 821 nos.
1427 784 1468 819 et
1484 792 1564 820 non
1580 779 1655 833 ipsi
1671 794 1760 821 nos:
1818 781 1995 834 Populus
2056 775 2147 799 ΝΜ·

1070 897 1174 938 atria
1200 897 1283 937 eius
1311 897 1351 937 in
1385 896 1564 950 hymnis:
1653 897 1900 938 confitemini
1933 898 1998 939 illi.

1606 1020 1646 1055 et
1672 1028 1797 1068 usque
1822 1015 1862 1056 in
1886 1028 2002 1069 gene-

751 1188 970 1240 100(101).
1001 1188 1100 1230 Vita
1130 1189 1360 1239 principis.

1179 1375 1254 1415 tibi
1282 1374 1475 1415 Domine:
1507 1373 1695 1422 Psallam,
2047 1375 2171 1408 Privata⁷

1181 1434 1344 1487 quando
1374 1433 1509 1473 venies
1539 1433 1590 1473 ad
1619 1445 1694 1473 me.

1181 1492 1221 1532 in
1251 1491 1383 1533 medio
1416 1492 1559 1532 domus
1589 1504 1699 1532 meze.

1181 1564 1265 1591 rem
1294 1551 1505 1591 iniustam:

1183 1610 1275 1651 Non
1304 1609 1474 1650 adhaesit
1502 1609 1600 1649 mihi
1628 1611 1643 1632 4
1672 1621 1739 1649 cor
1766 1621 1957 1662 pravum:

1183 1682 1263 1709 non
1293 1668 1596 1721 cognoscebam.

1180 1775 1287 1815 hunc
1317 1773 1597 1828 persequebar.
2051 1776 2171 1807 publica-

1183 1847 1275 1874 cum
1305 1833 1380 1874 hoc
1411 1846 1491 1873 non
1522 1832 1703 1873 edebam.

1181 1898 1229 1933 ut
1258 1892 1426 1933 sedeant
1455 1904 1632 1931 mecum:

1183 1951 1247 1992 hic
1275 1950 1373 1991 mihi
1400 1949 1671 1990 ministrabat.

1185 2010 1253 2063 qui
1280 2009 1378 2050 facit
1407 2008 1656 2061 superbiam:

1185 2069 1227 2109 in
1257 2072 1476 2121 conspectu
1507 2066 1713 2108 oculorum
1746 2078 1938 2107 meorum.

1184 2139 1323 2168 omnes
1352 2130 1585 2179 peccatores
1616 2132 1748 2165 terrae:

1184 2199 1322 2227 omnes
1353 2189 1566 2238 operantes
1597 2183 1869 2236 iniquitatem.

598 2306 671 2345 101
685 2303 819 2355 (102).
850 2302 1090 2345 Restitutio
1122 2300 1231 2342 Sion
1262 2300 1520 2341 destructae.

214 2392 228 2413 1
251 2389 392 2431 Oratio
414 2388 615 2442 pauperis,
640 2388 741 2428 Cum
764 2386 908 2427 anxius
930 2385 1064 2434 fuerit,
1089 2389 1130 2425 et
1151 2385 1192 2425 in
1214 2388 1433 2437 conspectu
1456 2381 1620 2423 Domini
1643 2380 1830 2421 effuderit
1851 2392 2009 2433 precem

1026 2554 1068 2590 et
1094 2548 1246 2590 clamor
1271 2560 1384 2588 meus
1412 2547 1465 2587 ad
1491 2550 1531 2586 te
1559 2545 1709 2586 veniat.
2039 2541 2147 2602 (Ἱᾚῇξ
2161 2540 2198 2564 1⁵·

1009 2608 1050 2649 in
1082 2619 1340 2661 quacumque
1371 2606 1434 2646 die
1464 2603 1647 2651 tribulor,
1683 2602 1831 2643 inclina
1865 2602 1916 2643 ad
1946 2613 2009 2641 me

744 2668 792 2709 In
818 2680 1076 2722 quacumque
1102 2666 1165 2707 die
1190 2666 1434 2707 invocavero
1461 2669 1513 2711 te,
1542 2662 1734 2703 velociter
1759 2660 1906 2701 exaudi
1932 2672 2007 2700 me.

1140 2776 1181 2812 et
1210 2783 1301 2812 ossa
1327 2783 1419 2810 mea
1446 2769 1550 2809 sicut
1579 2766 1772 2808 cremium
1802 2769 2007 2805 aruerunt..
2042 2760 2187 2824 {ffss'ffiffuuj

131 2778 146 2801 ⁴
164 2775 270 2824 Quia
297 2775 532 2816 defecerunt
560 2773 665 2814 sicut
692 2772 829 2814 fumus
859 2771 942 2813 dies
971 2771 1068 2812 mei:

132 2836 147 2859 5
164 2835 382 2875 Percussus
401 2846 491 2874 sum
509 2838 557 2873 ut
574 2833 744 2879 foenum,
759 2836 801 2872 et
820 2830 928 2871 aruit
940 2843 1008 2872 cor
1026 2843 1180 2871 meum:

373 2904 522 2933 meum.

133 2954 148 2976 ⁶
165 2952 201 2992 A
230 2964 329 2993 voce
358 2950 533 3004 gemitus
564 2950 643 2991 mei

133 3012 146 3034 ⁷
165 3009 313 3051 Similis
329 3010 463 3050 factus
477 3022 567 3049 sum
579 3008 777 3062 pellicano
791 3006 1039 3048 solitudinis:

133 3070 148 3093 ⁸
165 3068 351 3123 Vigilavi‚
385 3073 427 3109 et
455 3068 590 3108 factus
621 3079 712 3107 sum

133 3130 148 3152 ⁰
167 3128 272 3169 Tota
299 3127 362 3168 die
390 3126 698 3180 exprobrabant
724 3124 823 3165 mihi
852 3124 1002 3165 inimici
1029 3123 1126 3164 mei:

374 3185 578 3226 iurabant.

115 3247 149 3269 ¹⁰
165 3244 271 3294 Quia
303 3244 478 3285 cinerem
512 3248 728 3296 tamquam
768 3255 917 3295 panem
958 3240 1272 3287 manducabam,

375 3302 608 3343 miscebam.

114 3365 144 3387 11
164 3362 201 3402 Α
226 3361 328 3402 faeie
355 3361 423 3402 irae
450 3366 491 3402 et
517 3359 808 3413 indignationis
836 3363 935 3400 tuae:

113 3422 146 3445 ¹2
165 3420 261 3461 Dies
289 3420 368 3460 mei
395 3420 500 3460 sicut.
526 3419 674 3460 umbra
700 3417 1026 3459 declinaverunt:

1250 2829 1346 2883 quia
1358 2827 1507 2869 oblitus
1527 2839 1616 2867 sum
1635 2824 1844 2866 comedere
1862 2836 2010 2877 panem

727 2948 898 2990 adhaesit
928 2961 971 2989 os
1002 2960 1138 2988 meum
1169 2946 1280 2987 carni
1310 2958 1420 2986 meae.

1111 3006 1244 3046 factus
1263 3018 1352 3045 sum
1366 3004 1470 3044 sicut
1487 3001 1726 3055 nycticorax
1742 3000 1783 3040 in
1797 2998 2011 3041 domicilio.

795 3065 900 3106 sicut
930 3078 1068 3119 passer
1098 3064 1300 3106 solitarius
1331 3062 1372 3102 in
1403 3066 1524 3102 tecto.

1199 3128 1240 3163 et
1265 3121 1334 3175 qui
1361 3120 1588 3161 laudabant
1615 3131 1679 3159 me
1707 3118 1923 3158 adversum
1950 3128 2014 3156 me

1361 3242 1403 3278 et
1436 3242 1582 3290 potum
1616 3248 1752 3276 meum
1787 3247 1879 3274 cum
1915 3232 2012 3272 fletu

1018 3358 1114 3412 quia
1140 3357 1302 3398 elevans
1330 3354 1487 3396 allisisti
1514 3366 1589 3394 me.

1109 3421 1148 3457 et
1177 3428 1248 3469 ego
1277 3414 1382 3454 sicut
1408 3413 1565 3454 foenum
1595 3411 1692 3452 arui.
