2356 3760
115 150 149 190 3,
174 149 272 188 9-3,
297 149 337 181 37
952 144 1043 178 SAM
1051 144 1183 178 UELIS
1930 151 2005 192 259

116 242 310 296 quoniam
330 256 411 283 non
432 248 569 283 actum
589 239 733 280 fuisset
753 253 776 279 a
795 251 884 291 rege
904 244 951 280 ut
971 236 1220 279 occideretur
1238 239 1375 279 Abner
1394 238 1497 278 filius
1520 240 1552 279 N
1558 253 1609 280 er.
1657 244 1692 265 ³⁸
1711 243 1827 283 Dixit
1846 258 2005 297 quoque

115 315 186 343 rex
216 302 269 342 ad
298 314 433 342 servos
465 313 576 341 suos:
609 298 717 338 Num
748 296 942 350 ignoratis
975 294 1167 349 quoniam
1198 295 1383 350 princeps
1415 302 1455 337 et
1485 296 1685 338 maximus
1717 301 1859 341 cecidit
1889 301 2006 343 hodie

116 360 157 400 in
181 359 329 400 Israel?
378 361 414 385 ³⁹
436 359 522 411 Ego
545 361 683 397 autem
706 355 840 396 adhuc
862 354 1071 402 delicatus
1096 359 1137 394 et
1160 360 1305 395 unctus
1328 368 1416 395 rex:
1441 368 1558 408 porro
1582 355 1656 395 viri
1680 356 1745 397 isti
1768 358 1835 397 tilii
1858 360 2008 401 sarviae

116 418 207 460 duri
237 424 334 460 sunt
362 416 478 459 mihi:
509 414 711 456 retribuat
739 413 940 455 Dominus
970 411 1137 454 facienti
1166 413 1319 454 malum
1350 413 1466 454 iuxta
1496 413 1694 455 malitiam
1724 429 1851 457 suam.

663 529 702 569 5.
732 528 826 569 Nex
856 529 982 579 regis
1012 528 1235 578 lsboseth,
1265 528 1304 578 4,
1324 529 1467 568 1—12.

221 604 258 647 4,
314 605 327 628 1
358 600 530 644 Audivit
560 605 698 641 autem
731 598 917 639 Isboseth
948 597 1052 639 filius
1083 597 1179 640 Saul
1211 599 1319 651 quod
1350 598 1558 639 cecidisset
1589 599 1725 640 Abner
1754 599 1793 639 in
1828 601 2009 641 Hebron:
2028 606 2204 645 Peffiwwvs

118 669 159 705 et
181 661 388 703 dissolutae
411 665 509 701 sunt
531 672 676 700 manus
701 657 797 707 eius,
824 657 1036 711 omnisque
1064 656 1186 698 [srael
1208 657 1472 710 perturbatus
1497 663 1568 698 est.
1621 660 1636 681 ‘-'
1660 659 1751 698 Duo
1776 664 1912 699 autem
1937 660 2013 700 viri
2082 648 2151 672 [Ἕω

117 721 316 775 principes
346 720 552 760 latronum
582 721 699 758 erant
727 716 808 757 filio
838 715 946 763 Saul,
978 730 1126 757 nomen
1156 715 1226 757 uni
1256 716 1408 763 Baana,
1441 722 1482 756 et
1510 729 1657 756 nomen
1688 716 1801 756 alteri
1834 718 2010 763 Rechab,

116 779 186 820 filii
219 781 420 821 Remmon
453 776 676 818 Berothitae
706 776 755 816 de
787 774 876 815 filiis
910 774 1142 815 Beniamin:
1175 774 1374 827 siquidem
1406 780 1447 814 et
1480 774 1630 815 Beroth
1661 780 1852 828 reputata
1882 782 1943 817 est
1972 777 2013 818 in

119 838 344 879 Beniamin.
405 839 421 861 ³
453 842 494 877 et
526 836 719 889 fugerunt
753 833 975 875 Berothitae
1008 833 1048 874 in
1082 832 1285 881 Gethahn,
1321 834 1567 886 fueruntque
1600 832 1655 873 ibi
1689 834 1855 875 advenae
1888 849 2014 888 usque

117 899 170 939 ad
201 903 362 951 tempus
393 895 505 936 illud.
565 896 580 918 ⁴
611 894 713 934 Erat
744 898 881 933 autem
916 892 1100 933 Ionathae
1130 892 1210 933 filio
1242 891 1338 932 Saul
1369 890 1473 932 filius
1504 891 1647 932 debilis
1679 892 1866 945 pedibus:
1901 894 2015 946 quin-

119 956 288 1010 quennis
316 955 422 996 enim
450 954 540 1002 fuit,
572 952 735 1007 quando
763 951 877 992 venit
904 951 1074 992 nuncius
1102 952 1151 992 de
1179 950 1275 992 Saul
1302 956 1343 991 et
1372 950 1548 991 Ionatha
1574 964 1623 991 ex
1653 950 1841 992 Iezrahel.
1872 951 2014 993 tollens

117 1015 257 1069 itaque
289 1028 381 1055 eum
411 1012 552 1054 nutrix
583 1025 668 1061 sua,
701 1011 824 1064 fugit:
858 1024 1031 1063 cumque
1062 1009 1276 1051 festinaret
1308 1015 1354 1050 ut
1384 1010 1552 1062 fugeret.
1587 1009 1742 1056 cecidit,
1777 1014 1818 1050 et
1848 1009 2014 1051 claudus

117 1074 285 1115 effectus
312 1078 391 1114 est:
418 1071 645 1124 habuitque
672 1069 918 1111 vocabulum
944 1069 1232 1123 Miphiboseth.
1287 1078 1302 1092 ’
1331 1068 1544 1109 Venientes
1571 1067 1693 1121 igitur
1718 1068 1787 1109 filii
1815 1069 2016 1111 Remmon

120 1132 354 1181 Berothitae‚
392 1131 558 1172 Rechab
593 1135 633 1170 et
669 1130 821 1175 Baana,
858 1128 1024 1182 ingressi
1058 1134 1155 1169 sunt
1187 1128 1370 1168 fervente
1404 1127 1468 1168 die
1502 1127 1669 1167 domum
1706 1127 1910 1169 Isboseth:
1947 1128 2016 1182 qui

117 1191 349 1233 dormiebat
374 1203 494 1244 super
519 1194 696 1230 stratum
723 1201 841 1228 suum
869 1187 1046 1228 meridie.
1075 1187 1131 1228 Et
1158 1186 1324 1228 ostiaria
1349 1186 1493 1227 domus
1520 1198 1696 1239 purgans
1724 1186 1917 1235 triticum,
1947 1187 2016 1228 ob-

117 1250 325 1292 dormivit.
390 1252 405 1273 ‘⁵
440 1247 611 1299 Ingressi
646 1253 742 1288 sunt
775 1251 913 1288 autem
947 1247 1115 1287 domum
1147 1245 1323 1287 latenter
1356 1250 1607 1285 assumentes
1641 1244 1770 1297 spicas
1804 1245 1940 1295 tritici,
1975 1250 2017 1287 et

118 1316 403 1364 percusserunt
432 1321 524 1349 eum
553 1306 594 1347 in
624 1306 787 1360 inguine
818 1306 983 1346 Rechab
1014 1310 1055 1346 et
1084 1305 1227 1345 ssaana
1253 1304 1380 1344 frater
1408 1302 1503 1351 eiuS,
1535 1308 1576 1344 et
1603 1303 1806 1356 fugerunt.

225 1370 239 1392 ⁷
274 1368 375 1409 (lum
409 1372 547 1408 autem
582 1365 747 1417 ingressi
780 1364 953 1405 fuissent
986 1365 1165 1407 domum.
1202 1362 1266 1403 ille
1300 1361 1530 1403 dormiebat
1562 1374 1682 1415 super
1714 1362 1863 1404 lectum
1898 1376 2015 1404 suum
2075 1363 2168 1412 Bam}

119 1427 159 1468 in
191 1426 386 1471 conclavi,
420 1431 461 1466 et
493 1424 763 1479 percutientes
795 1423 1085 1463 interfecerunt
1117 1435 1227 1462 eum:
1261 1420 1503 1473 sublatoque
1536 1420 1669 1474 capite
1700 1420 1795 1469 eius,
1829 1421 2017 1463 abierunt
2030 1405 2212 1458 affigam

120 1499 190 1540 per
212 1486 321 1526 viam
346 1484 494 1525 deserti
518 1488 607 1524 tota
631 1487 762 1526 nocte,
816 1484 832 1505 ὅ
855 1487 896 1522 et
919 1480 1148 1522 attulerunt
1171 1485 1295 1534 caput
1322 1479 1507 1520 isboseth
1531 1480 1583 1520 ad
1608 1479 1742 1520 David
1765 1480 1806 1521 in
1831 1481 2016 1521 Hebron:

117 1545 391 1597 dixeruntque
422 1544 473 1583 ad
504 1555 656 1595 regem:
690 1541 792 1581 Ecce
824 1546 949 1593 caput
980 1540 1167 1580 isboseth
1199 1539 1267 1579 filii
1298 1538 1394 1579 Saul
1424 1538 1575 1579 inimici
1606 1538 1678 1585 tui,
1712 1539 1780 1592 qui
1812 1540 2018 1592 quaerebat

117 1604 297 1645 animam
330 1608 464 1643 tuam:
498 1607 539 1641 et
570 1600 683 1641 dedit
714 1598 914 1640 Dominus
947 1598 1112 1640 domino
1144 1612 1234 1639 meo
1264 1597 1346 1651 regi
1378 1597 1575 1638 ultionem
1608 1596 1726 1638 hodie
1757 1598 1806 1639 de
1837 1598 1944 1647 Saul,
1978 1604 2019 1640 et

118 1663 167 1704 de
197 1662 347 1703 semine.
377 1661 472 1702 eius.
533 1663 547 1683 ⁹
583 1659 843 1712 Respondens
873 1664 1011 1699 autem
1041 1657 1177 1698 David
1208 1657 1386 1704 Rechab,
1418 1661 1458 1697 et
1489 1657 1629 1697 Baana
1657 1656 1773 1697 fratri
1802 1656 1897 1703 eius,
1928 1657 2020 1698 filiis

120 1723 321 1762 Remmon
356 1719 588 1763 Berothitae,
623 1717 729 1759 dixit
761 1718 813 1759 ad
845 1731 930 1758 eos:
966 1716 1077 1757 Vivit
1111 1715 1321 1761 Dominus,
1358 1714 1425 1769 qui
1459 1715 1563 1756 eruit
1595 1715 1773 1756 animam
1805 1729 1937 1756 meam
1970 1717 2019 1757 de

118 1780 230 1822 omni
259 1779 459 1833 angustia.
519 1780 553 1801 ¹⁰
585 1776 798 1831 aquoniam
828 1790 932 1822 eum,
966 1775 1033 1829 qui
1063 1775 1386 1816 annunciaverat
1414 1774 1525 1822 mihi,
1557 1779 1598 1815 et
1626 1773 1803 1815 dixerat:
1834 1775 2019 1816 Mortuus

119 1844 181 1881 est
209 1839 324 1881 Saul:
357 1838 425 1892 qui
453 1837 632 1891 putabat
660 1850 701 1877 se
730 1848 923 1889 prospera
953 1835 1156 1879 nunciare,
1189 1834 1312 1879 tenui,
1344 1839 1385 1875 et
1414 1832 1541 1874 occidi
1571 1846 1662 1874 eum
1692 1833 1733 1874 in
1761 1833 1923 1887 Siceleg‚
1955 1834 2018 1875 cui

119 1899 337 1953 oportebat
362 1897 588 1938 mercedem
614 1896 709 1936 dare
735 1907 806 1948 pro
834 1894 992 1935 nuncio.
1049 1895 1077 1918 ¹¹
1105 1894 1268 1942 Quanto
1294 1892 1421 1946 magis
1448 1906 1555 1933 nunc
1580 1905 1672 1933 cum
1698 1892 1879 1933 homines
1905 1892 2019 1946 impii

119 1958 410 1999 interfecerunt
444 1956 575 1997 virum
611 1953 822 1995 innoxium
857 1952 898 1993 in
933 1953 1053 1993 domo
1088 1966 1172 2001 sua,
1223 1965 1343 2005 super
1376 1951 1525 1991 lectum
1559 1964 1689 1999 suum,
1725 1965 1805 1992 non
1841 1964 2018 2005 quaeram

118 2016 359 2071 sanguinem
377 2015 461 2056 eius
480 2015 529 2055 de
548 2027 672 2054 manu
691 2018 840 2056 vestra,
862 2018 903 2053 et
921 2012 1102 2052 auferam
1122 2025 1194 2052 vos
1213 2011 1261 2051 de
1282 2010 1413 2051 terra?
1460 2012 1491 2034 ¹2
1510 2010 1707 2063 Praecepit
1725 2009 1863 2064 itaque
1885 2010 2019 2051 David

120 2075 253 2130 pueris
282 2074 376 2119 suis,
407 2080 447 2114 et
475 2072 767 2114 interfecerunt
794 2084 879 2112 eos:
909 2070 1254 2124 praecidentesque
1282 2082 1427 2110 manus
1456 2074 1496 2109 et
1524 2069 1645 2122 pedes
1674 2082 1824 2117 eorum,
1854 2082 2019 2122 suspen-

120 2135 268 2175 derunt
286 2147 352 2174 eos
372 2145 492 2185 super
509 2131 707 2185 piscinam
726 2130 767 2170 in
789 2130 974 2171 Hebron:
995 2134 1120 2181 caput
1138 2135 1276 2170 autem
1298 2127 1484 2169 isboseth
1503 2127 1698 2176 tulerunt,
1718 2133 1760 2170 et
1777 2127 2021 2182 sepelierunt

119 2193 159 2234 in
188 2191 399 2247 sepulchro
427 2191 566 2232 Abner
595 2190 633 2230 in
666 2189 841 2230 Hebron.

494 2319 594 2370 ΙΙΙ.
632 2319 758 2369 Rex
801 2319 858 2368 in
897 2318 1019 2367 toto
1056 2316 1256 2377 Israel,
1295 2313 1549 2377 5,1—-10,
1576 2314 1654 2365 19.

622 2410 661 2450 1.
690 2409 935 2450 Ierusalem
967 2408 1102 2461 caput
1131 2408 1277 2458 regni,
1307 2406 1346 2457 5,
1366 2406 1518 2447 1-16,

223 2482 263 2525 5.
317 2483 332 2507 ¹
353 2481 409 2522 Et
431 2486 630 2522 venerunt
651 2481 850 2522 universae
870 2480 1000 2521 tribus
1024 2477 1148 2520 Israel
1170 2478 1221 2519 ad
1242 2477 1380 2519 David
1400 2476 1442 2517 in
1465 2476 1643 2524 Hebron,
1668 2474 1865 2516 dicentes:
1894 2475 2016 2516 bEcce
2035 2481 2070 2507 1¹1
2091 2481 2207 2521 Ηβὺτου

120 2555 205 2590 nos,
229 2554 272 2582 os
294 2545 425 2589 tuum,
448 2544 489 2581 et
509 2552 602 2581 caro
623 2545 697 2581 tua
716 2553 867 2581 sumus.
917 2541 931 2563 '-'
952 2538 1030 2579 Sed
1052 2543 1093 2578 et
1112 2537 1197 2578 heri
1218 2542 1259 2578 et
1279 2535 1573 2578 nudiustertius
1595 2548 1686 2575 cum
1709 2539 1813 2574 esset
1833 2533 1927 2574 Saul
1948 2547 2017 2574 rex
2060 2517 2185 2548 ¹¹¹¹g¹t¹¹¹'

120 2613 240 2654 super
256 2613 342 2648 nos,
362 2604 408 2641 tu
426 2612 512 2640 eras
531 2599 704 2640 educens
723 2604 764 2640 et
780 2599 974 2639 reducens
996 2596 1136 2637 lsrael:
1156 2595 1262 2637 dixit
1280 2602 1418 2637 autem
1435 2594 1635 2636 Dominus
1654 2593 1706 2633 ad
1724 2598 1782 2633 te:
1802 2593 1861 2634 Tu
1879 2606 2017 2646 pasces

120 2657 318 2713 populum
340 2671 477 2699 meum
502 2657 636 2703 Israel,
662 2663 703 2698 et
726 2663 771 2699 tu
795 2657 870 2699 eris
894 2657 978 2698 dux
1001 2669 1121 2709 super
1144 2655 1278 2697 lsrael.
1330 2657 1345 2679 ³
1368 2655 1577 2696 Venerunt
1600 2665 1760 2706 quoque
1784 2656 1824 2692 et
1846 2651 2019 2692 seniores

123 2717 247 2759 Israel
268 2717 320 2759 ad
340 2730 473 2771 regem
495 2716 535 2757 in
558 2717 738 2766 Hebron,
762 2722 803 2758 et
823 2715 1021 2770 percussit
1042 2728 1133 2755 cum
1155 2714 1210 2755 eis
1231 2727 1301 2755 rex
1322 2713 1458 2754 David
1479 2712 1611 2753 foedus
1633 2710 1674 2751 in
1698 2710 1862 2751 Hebron
1884 2723 2019 2751 coram

120 2776 316 2818 Domino:
350 2781 637 2829 unxeruntque
667 2775 804 2816 David
836 2775 877 2816 in
908 2788 1040 2828 regem
1073 2786 1193 2827 super
1226 2772 1359 2814 Israel.
1419 2774 1434 2796 ⁴
1465 2771 1588 2812 Filius
1621 2768 1790 2823 triginta
1820 2782 2018 2810 annorum

120 2841 210 2877 erat
234 2834 383 2883 David,
412 2849 504 2876 cum
530 2847 696 2888 regnare
723 2834 923 2889 coepisset,
960 2839 1017 2875 cet
1044 2832 1317 2887 quadraginta
1343 2831 1458 2872 annis
1484 2829 1681 2883 regnavit.
1735 2830 1750 2851 ⁵
1779 2827 1826 2868 ln
1854 2828 2019 2869 Hebron

120 2894 308 2948 regnavit
330 2907 450 2948 super
473 2894 619 2934 Iudam
642 2899 799 2947 septem
822 2893 938 2934 annis
962 2898 1002 2934 et
1025 2905 1095 2933 sex
1117 2890 1341 2932 mensibus:
1367 2890 1407 2930 in
1434 2888 1649 2930 Ierusalem
1672 2892 1810 2928 autem
1832 2886 2020 2940 regnavit

121 2952 291 3007 triginta
318 2953 448 2994 tribus
478 2952 593 2993 annis
622 2965 743 3006 super
771 2966 932 2994 omnem
963 2950 1086 2992 Israel
1114 2956 1155 2992 et
1186 2950 1342 2991 Iudam.

228 3014 243 3036 ⁶
270 3012 326 3053 Et
352 3011 455 3053 abiit
480 3025 563 3059 rex,
593 3017 634 3052 et
661 3025 799 3052 omnes
827 3011 904 3052 viri
932 3010 1000 3064 qui
1029 3015 1145 3051 erant
1172 3023 1264 3050 cum
1293 3023 1350 3052 eo.
1380 3007 1421 3048 in
1452 3005 1680 3050 ierusalem,
1711 3004 1762 3045 ad
1792 3005 2017 3045 lebusaeum
2035 3001 2211 3068 3103ὲίῗωῦ

121 3070 395 3112 habitatorem
426 3076 560 3111 terrae:
593 3070 830 3124 dictumque
862 3075 923 3111 est
952 3067 1090 3110 David
1122 3068 1173 3109 ab
1205 3067 1278 3109 eis:
1313 3068 1403 3108 Non
1435 3063 1667 3119 ingredieris
1698 3063 1788 3109 huc,
1822 3062 1897 3103 nisi
1929 3063 2018 3103 abs-
2161 3057 2166 3065 '

122 3129 260 3171 tuleris
280 3142 403 3170 caecos
423 3134 464 3170 et
482 3128 647 3170 claudos
667 3128 864 3170 dicentes:
886 3129 978 3170 Non
996 3126 1246 3182 ingredietur
1262 3125 1399 3167 David
1418 3124 1507 3165 huc.
1558 3124 1572 3147 ⁷
1591 3122 1708 3176 Cepit
1726 3127 1864 3162 autem
1883 3120 2019 3162 David

121 3201 254 3229 arcem
274 3187 382 3234 Sion,
404 3188 488 3228 haec
508 3192 569 3228 est
588 3187 732 3229 civitas
752 3187 902 3228 David.
953 3190 968 3211 ὅ
988 3187 1262 3240 Proposuerat
1281 3184 1387 3226 enim
1406 3182 1543 3224 David
1563 3181 1604 3222 in
1624 3180 1687 3222 die
1707 3179 1775 3221 illa
1793 3179 2017 3233 praemium,

121 3246 191 3301 qui
223 3246 485 3300 percussisset
520 3246 758 3295 Iebusaeum,
795 3252 836 3287 et
868 3245 1070 3299 tetigisset
1103 3245 1317 3286 domatum
1350 3241 1518 3288 fistulas,
1554 3246 1595 3282 et
1628 3238 1863 3281 abstulisset
1895 3252 2018 3279 caecos

121 3311 163 3347 et
186 3305 350 3347 claudos
375 3305 556 3347 odientes
581 3305 761 3346 animam
785 3304 933 3346 David.
960 3304 1108 3345 idcirco
1133 3303 1281 3344 dicitur
1304 3302 1345 3342 in
1369 3299 1603 3355 proverbio:
1628 3299 1763 3340 Caecus
1788 3302 1828 3337 et
1852 3297 2018 3337 claudus

121 3378 202 3405 non
231 3364 446 3405 intrabunt
476 3363 516 3404 in
548 3363 758 3417 templum.
819 3366 834 3388 ⁹
865 3363 1085 3404 Habitavit
1115 3368 1251 3403 autem
1282 3360 1418 3401 David
1448 3359 1489 3400 in
1519 3372 1620 3405 arce,
1653 3363 1693 3398 et
1722 3355 1887 3397 vocavit
1916 3368 2015 3401 eam,

252 3490 284 3531 4,
310 3490 352 3524 10
379 3490 467 3533 aSup
495 3492 524 3529 1,
552 3491 601 3523 14.
629 3511 671 3514 —
696 3491 726 3531 Γ),
753 3492 769 3523 1
790 3491 826 3522 bl
855 3490 921 3523 Par
946 3491 997 3525 11,
1024 3490 1052 3522 1.
1080 3509 1121 3513 -
1145 3488 1166 3522 4
1194 3489 1228 3521 01
1256 3486 1308 3530 Rg
1332 3487 1363 3524 2,
1390 3487 1441 3521 11.

1739 3541 1813 3580 17*
