2356 3760
99 363 132 381 ac
157 357 261 381 debent

110 392 256 429 custodiri.

101 1560 182 1585 Iosue
204 1559 263 1584 dux

79 1596 249 1621 eonstituitu
256 1603 275 1619 κ.

143 2494 162 2516 λ
171 2500 225 2517 [1110

91 2529 215 2558 septimo
228 2535 275 2558 pc-

108 2563 174 2593 pulo
196 2565 263 2589 reci-

141 2600 227 2624 tetur.

106 3256 185 3279 iussu
214 3256 266 3279 D«,-

98 3292 164 3315 mini
184 3293 273 3315 vanti-

93 3334 156 3350 riini
169 3327 269 3351 scribit

291 148 368 188 170
1172 144 1319 178 LIBER
1906 147 1961 185 30,
1990 148 2132 188 14—31,
2160 148 2200 181 15

290 245 330 280 et
354 238 454 279 illud
479 239 531 279 ad
556 251 628 279 nos
653 251 781 290 usque
807 238 978 278 deferre:
1006 242 1052 277 ut
1077 237 1277 290 possimus
1303 238 1454 285 audire,
1482 242 1523 278 et
1546 238 1678 279 facere
1704 239 1814 292 quod
1838 246 2089 294 praeceptum
2114 242 2198 284 est?

290 300 320 322 ¹¹
346 298 425 339 Sed
451 297 568 338 iuxta
592 301 633 337 te
659 302 720 336 est
746 309 875 336 sermo
902 295 1032 338 valde.
1062 296 1102 335 in
1129 309 1194 336 ore
1221 301 1304 340 tuo,
1333 301 1374 337 et
1399 297 1440 336 in
1466 296 1584 337 corde
1610 302 1694 345 tuo,
1722 302 1770 338 ut
1794 297 1919 338 facias
1944 299 2070 342 illum.

396 364 426 387 ¹5
457 362 674 402 i'onsidera
705 361 814 414 quod
845 361 964 401 hodie
993 361 1272 414 proposuerim
1303 361 1344 401 in
1375 365 1595 414 conspectu
1626 366 1698 402 tuo
1729 362 1859 402 vitain
1890 366 1932 403 et
1961 363 2127 415 bonum,
2161 370 2203 406 et

290 422 514 462 econtrario
540 425 713 460 mortem
738 424 779 459 et
803 419 974 459 malum:
1028 421 1063 443 ¹⁶
1086 425 1133 460 ut
1157 419 1298 473 diligas
1323 420 1544 460 Dominum
1572 420 1705 460 Deum
1730 424 1860 469 tuum,
1887 426 1928 462 et
1953 423 2135 465 ambules
2160 424 2201 465 in

287 480 361 520 viis
388 481 482 523 eius,
512 485 551 519 et
578 479 782 519 ‹ustodias
810 479 1008 518 mandata
1032 478 1136 518 illius
1164 492 1209 519 ac
1235 479 1482 519 ceremonias
1509 484 1633 532 atque
1660 479 1825 519 iudicia:
1852 484 1894 520 et
1918 481 2047 531 vivas,
2076 486 2201 536 atque

290 538 531 590 multiplieet
568 542 620 581 te,
662 537 957 591 benedieanlue
995 537 1069 578 tibi
1108 538 1147 578 in
1187 538 1320 586 Terra,
1375 538 1427 578 ad
1466 550 1590 591 quam
1628 537 1860 587 ingredieris
1897 540 2200 592 possidendam.

291 599 320 621 ¹⁷
352 598 390 636 Si
424 604 560 637 autem
594 609 781 637 aversum
812 596 935 636 fuerit
966 609 1033 636 cor
1063 601 1193 640 tuum.
1228 601 1269 637 et
1299 597 1438 637 audire
1468 596 1655 644 nolueris,
1690 601 1814 649 atque
1845 609 1975 639 errore
2007 599 2201 653 deceptus

288 656 518 696 adoraveris
552 656 646 696 deos
680 655 842 702 alienos,
877 660 917 696 et
949 655 1132 695 servieris
1165 655 1238 695 eis:
1300 657 1335 679 1⁸
1366 655 1540 709 praedico
1574 655 1646 695 tibi
1680 655 1799 696 hodie
1833 657 1943 709 quod
1974 670 2126 710 pereas,
2162 662 2204 699 et

288 727 415 767 parvo
448 720 630 767 tempore
663 714 827 754 moreris
860 714 900 754 in
934 715 1066 760 Terra„
1101 714 1153 754 ad
1187 728 1321 767 quam,
1358 714 1530 755 Iordane
1563 714 1813 758 transmisso,
1851 715 2081 765 ingredieris
2113 730 2204 771 pos-

287 774 509 814 sidendam.
565 776 596 796 ¹³³
618 774 755 813 Testes
778 773 922 813 invoco
946 773 1062 813 hodie
1085 772 1227 813 caelum
1249 778 1290 813 et
1312 778 1474 817 terram,
1500 773 1609 827 qnod
1632 774 1909 826 proposuerim
1932 775 2047 815 vobis
2070 776 2202 816 vitam

286 838 327 873 et
360 839 544 876 mortem,
582 832 905 872 benedictionem
939 837 980 873 et
1014 832 1352 873 maledictionem.
1395 832 1501 886 {Clife
1535 844 1626 885 ergo
1661 832 1803 877 vitam,
1839 837 1886 872 ut
1918 838 1959 873 et
1990 838 2036 874 tu
2070 835 2201 884 vivas,

286 898 327 932 et
353 904 488 931 semen
516 897 652 931 tuum:
708 893 744 915 2⁰
768 897 809 932 et
835 891 977 941 diligas
1010 891 1228 931 Dominum
1255 891 1388 931 Deum
1416 896 1546 939 tuum,
1576 895 1701 944 atque
1728 891 1893 931 obedias
1920 893 2010 933 voci
2037 893 2133 943 eius,
2163 898 2205 934 et

285 950 341 990 illi
370 950 575 991 adhaereas
604 950 706 1003 (ipse
735 955 796 990 est
824 951 928 990 enim
960 951 1048 991 vita
1075 954 1159 994 tua,
1191 955 1231 990 et
1258 949 1471 1003 longitudo
1500 950 1657 991 dierum
1686 950 1869 1003 tuorum)
1897 955 1945 991 ut
1972 951 2132 993 habites
2161 952 2203 993 in

288 1010 419 1053 Terra,
447 1022 518 1062 pro
545 1023 626 1062 qua
650 1009 801 1050 iuravit
825 1010 1025 1051 Dominus
1050 1009 1236 1063 patribus
1261 1009 1355 1057 tuis,
1382 1009 1604 1057 Abraham,
1634 1009 1759 1057 Isaac,
1786 1014 1827 1050 et
1853 1009 1987 1059 iacob,
2015 1015 2062 1051 ut
2086 1011 2204 1052 daret

287 1082 375 1109 eam
406 1068 492 1110 illis.

953 1172 1173 1226 PARS
1215 1173 1546 1226 TERTIA.

369 1259 725 1313 Conclusio
764 1260 1091 1313 historica
1130 1260 1655 1325 Deuteronomii,
1694 1260 1780 1326 31,
1808 1260 2009 1327 1-34,
2036 1261 2126 1314 12.

1175 1351 1304 1369 *aba

553 1406 596 1458 I.
635 1406 885 1456 Decreta
922 1406 1246 1457 novissima
1282 1405 1517 1471 Moysis,
1557 1406 1634 1467 31,
1662 1406 1847 1469 1-32,
1868 1408 1954 1458 47.

849 1490 888 1530 1.
920 1489 984 1530 De
1015 1500 1287 1531 successore
1317 1501 1420 1541 suo,
1449 1491 1515 1541 31,
1534 1491 1654 1531 1-8.

392 1554 455 1598 31.
513 1558 524 1580 1
557 1555 672 1596 Abiit
703 1555 843 1609 itaque
875 1555 1047 1609 Moyses,
1082 1560 1123 1596 et
1153 1555 1314 1597 locutus
1347 1561 1408 1597 est
1440 1557 1578 1597 omnia
1608 1558 1735 1599 verba
1768 1558 1853 1599 haee
1885 1558 1937 1599 ad
1969 1557 2207 1599 universum

289 1614 422 1658 lsrael.
479 1618 493 1638 '-'
520 1619 561 1656 et
588 1615 693 1655 dixit
719 1614 771 1655 ad
798 1628 883 1655 eos:
913 1614 1087 1655 Centum
1115 1615 1260 1668 viginti
1287 1628 1488 1656 annorum
1515 1630 1605 1656 sum
1632 1617 1763 1664 hodie,
1793 1630 1874 1658 non
1901 1630 2068 1671 possum
2095 1617 2207 1657 ultra

287 1674 432 1728 egredi.
454 1678 495 1714 et
513 1674 678 1727 ingredi,
699 1674 923 1727 praesertim
943 1687 1036 1714 cum
1055 1678 1095 1714 et
1113 1674 1314 1715 Dominus
1334 1674 1482 1715 dixerit
1500 1675 1617 1715 mihi:
1642 1677 1755 1717 aNon
1774 1676 1966 1717 transibis
1987 1676 2205 1717 Iordanem

284 1733 423 1774 istum.
484 1735 499 1757 3
529 1733 729 1773 Dominus
761 1746 853 1786 ergo
885 1733 995 1773 Deus
1027 1738 1122 1773 tuus
1154 1733 1347 1774 transibit
1378 1738 1473 1775 ante
1504 1739 1563 1775 te:
1596 1735 1680 1788 ipse
1712 1735 1864 1776 delebit
1894 1748 2033 1776 omnes
2064 1740 2205 1789 gentes

286 1792 358 1832 has
381 1792 421 1832 in
443 1797 662 1845 conspectu
686 1798 768 1841 tuo,
793 1797 834 1833 et
854 1792 1079 1845 possidebis
1102 1805 1186 1833 eas:
1211 1797 1251 1833 et
1274 1792 1391 1833 Iosue
1412 1793 1488 1833 iste
1511 1794 1704 1835 transibit
1725 1799 1820 1836 ante
1841 1799 1894 1844 te,
1918 1795 2024 1835 sicut
2043 1794 2205 1835 locutus

287 1857 348 1892 est
369 1852 582 1892 Dominus.
634 1854 649 1876 4
671 1851 892 1904 Facietque
916 1851 1116 1892 Dominus
1140 1851 1194 1892 eis
1221 1851 1347 1892 bsicut
1368 1852 1466 1893 fecit
1488 1852 1622 1893 Selion
1646 1859 1687 1894 et
1709 1853 1770 1907 og
1792 1853 1953 1907 regibus
1977 1852 2206 1894 Amorrhae-

287 1924 415 1959 orum,
438 1916 478 1951 et
498 1916 614 1951 terrae
633 1924 784 1956 eorum,
807 1910 1040 1963 delebitque
1060 1924 1138 1952 eos,
1187 1913 1201 1934 5
1228 1910 1346 1951 OCum
1366 1924 1458 1965 ergo
1479 1917 1520 1952 et
1538 1912 1611 1953 hos
1631 1913 1847 1953 tradiderit
1866 1912 1995 1961 vobis,
2018 1912 2205 1953 similiter

286 1970 443 2011 facietis
465 1970 518 2010 eis
540 1970 645 2010 sicut
664 1970 836 2023 praecopi
858 1970 985 2010 vobis.
1038 1971 1053 1993 ⁶
1073 1969 1252 2010 Viriliter
1272 1970 1391 2023 agite,
1415 1975 1455 2011 et
1476 1972 1782 2012 confortamini:
1805 1971 1930 2012 nolite
1951 1972 2106 2019 timere,
2129 1984 2205 2013 nec

287 2029 472 2082 paveatis
506 2029 557 2069 ad
589 2033 853 2081 conspectum
885 2042 1042 2069 eorum:
1078 2029 1173 2082 quia
1203 2029 1405 2069 Dominus
1436 2029 1547 2070 Deus
1579 2034 1675 2071 tuus
1706 2031 1791 2084 ipse
1823 2035 1884 2072 est
1915 2031 2062 2072 ductor
2092 2035 2203 2080 tuus,

288 2093 329 2129 et
353 2101 432 2129 non
457 2088 650 2130 dimittet.
676 2101 749 2128 nec
773 2087 1026 2141 derelinquet
1049 2092 1100 2128 te.
1157 2089 1170 2110 ⁷
1194 2087 1450 2142 Voeavitque
1474 2089 1634 2142 Moyses
1660 2090 1789 2139 Iosue,
1815 2094 1856 2131 et
1879 2090 1985 2130 dixit
2007 2090 2041 2130 ei
2065 2103 2204 2131 coram

288 2148 397 2188 omni
434 2146 573 2187 Israel:
612 2147 882 2194 dFonfortare,
919 2152 960 2187 et
992 2151 1078 2187 esto
1112 2146 1323 2187 robustus:
1358 2152 1404 2187 tu
1439 2148 1545 2188 enim
1578 2148 1811 2190 introduces
1845 2148 2044 2202 populum
2076 2148 2204 2189 istum

287 2207 328 2247 in
359 2207 535 2255 Terram,
569 2219 692 2260 quam
723 2206 917 2247 daturum
947 2219 987 2246 se
1016 2205 1203 2259 patribus
1234 2219 1373 2247 eorum
1403 2206 1555 2248 iuravit
1583 2207 1797 2257 Dominus,
1829 2213 1870 2249 et
1899 2213 1945 2248 tu
1976 2221 2066 2248 eam
2096 2211 2205 2249 sorte

287 2266 455 2306 divides.
514 2267 529 2289 s
556 2265 611 2305 Et
637 2265 837 2306 Dominus
867 2264 934 2318 qui
962 2265 1108 2306 ductor
1134 2269 1196 2306 est
1222 2270 1367 2311 vester,
1396 2266 1481 2319 ipse
1509 2267 1585 2307 erit
1610 2271 1766 2307 tecum:
1795 2280 1877 2309 non
1904 2267 2099 2316 dimittet,
2128 2280 2202 2308 nec

288 2325 542 2378 derelinquet
571 2329 629 2365 te:
662 2324 743 2365 noli
774 2324 928 2373 timere,
961 2337 1034 2365 nec
1064 2337 1228 2377 paveas.

663 2430 702 2468 2.
733 2428 796 2468 De
827 2429 930 2479 lege
961 2428 1160 2480 legenda
1190 2429 1233 2469 et
1263 2428 1578 2480 custodienda,
1606 2430 1672 2480 31,
1691 2430 1837 2471 9—13.

398 2497 412 2518 ⁹
438 2495 607 2548 Scripsit
631 2493 773 2547 itaque
798 2494 958 2547 Moyses
984 2494 1113 2547 legem
1140 2494 1256 2543 hano,
1286 2499 1327 2535 et
1352 2495 1525 2535 tradidit
1551 2508 1640 2536 eam
1667 2495 1945 2537 sacerdotibus
1974 2495 2066 2537 filiis
2092 2496 2204 2545 Levi,

294 2554 361 2608 qui
385 2554 609 2607 portabant
634 2566 770 2593 aream
793 2553 957 2594 foederis
980 2553 1159 2600 Domini,
1186 2559 1226 2594 et
1250 2554 1406 2594 cunctis
1430 2554 1653 2595 senioribus
1680 2554 1814 2596 Israel.
1868 2556 1903 2579 ¹⁰
1924 2555 2206 2609 Praecepitque

292 2614 358 2655 eis.
388 2613 542 2653 dicens:
570 2613 670 2653 Post
696 2616 851 2665 septem
879 2625 1018 2657 annos,
1047 2626 1153 2653 anno
1180 2612 1438 2661 remissionis,
1466 2613 1507 2653 in
1533 2613 1807 2655 sollemnitate
1832 2614 2204 2663 tabernaculorum,

292 2675 319 2697 11
355 2671 691 2713 convenientibus
725 2671 882 2711 cunetis
916 2685 965 2712 ex
1000 2671 1134 2717 Israel,
1170 2677 1217 2713 ut
1250 2677 1477 2725 appareant
1509 2672 1549 2712 in
1583 2678 1803 2726 conspectu
1836 2673 2003 2714 Domini
2035 2673 2112 2714 Dei
2144 2673 2206 2714 tui

290 2732 330 2772 in
349 2732 449 2774 loco.
473 2744 593 2784 quem
614 2730 777 2783 elegerit
796 2730 1009 2775 Dominus,
1031 2730 1135 2784 leges
1156 2731 1282 2772 verba
1301 2731 1397 2781 legis
1417 2731 1536 2772 huius
1557 2744 1692 2772 corani
1714 2733 1823 2773 omni
1845 2732 1980 2781 Israel,
2004 2732 2206 2773 audienti-

290 2792 363 2831 bus
382 2791 448 2832 eis.
497 2792 526 2814 ¹2
544 2795 585 2830 et
601 2790 641 2830 in
659 2803 788 2830 unum
806 2790 914 2830 omni
933 2789 1083 2843 populo
1102 2795 1358 2844 congregato,
1379 2795 1464 2831 tam
1484 2791 1579 2831 viris
1599 2804 1723 2844 quam
1741 2791 1989 2841 mulieribus,
2008 2790 2202 2845 parvulis,

290 2854 331 2890 et
356 2849 535 2895 advenis,
564 2849 631 2902 qui
656 2853 753 2889 sunt
776 2849 884 2889 intra
909 2853 1047 2902 portas
1072 2854 1184 2889 tuas:
1211 2854 1257 2889 ut
1282 2849 1492 2890 audientes
1518 2849 1690 2899 discant,
1717 2855 1758 2891 et
1782 2851 1957 2891 timeant
1980 2850 2204 2891 Dominum

291 2908 423 2947 Deum
455 2913 649 2951 vestrum,
683 2913 724 2948 et
755 2908 1002 2956 custodiant,
1036 2908 1316 2962 impleantque
1348 2922 1485 2949 omnes
1517 2922 1719 2950 sermones
1750 2909 1847 2963 legis
1878 2909 2009 2951 liuius.
2070 2911 2102 2934 13
2135 2908 2205 2950 filii

293 2980 454 3020 quoque
482 2979 618 3006 eorum
649 2967 716 3020 qui
744 2980 851 3007 nunc
878 2967 1086 3020 ignorant;
1114 2971 1161 3007 ut
1188 2968 1326 3007 audire
1353 2967 1522 3020 possint,
1552 2972 1593 3008 et
1618 2968 1793 3009 timeant
1818 2968 2043 3009 Dominum
2069 2968 2204 3009 Deum

288 3039 406 3066 suum
433 3026 587 3065 eunetis
613 3026 753 3066 <liebus
780 3026 925 3079 quibus
951 3031 1167 3067 versantur
1190 3026 1230 3066 in
1256 3027 1388 3072 Terra,
1416 3027 1468 3067 ad
1493 3040 1616 3080 quam
1641 3040 1725 3073 vos,
1753 3027 1926 3068 Iordane
1950 3027 2201 3076 transmisso,

290 3084 454 3138 pergitis
486 3084 763 3125 obtinendam.

726 3190 763 3228 3.
795 3189 859 3229 De
890 3189 1064 3230 cantico
1095 3189 1396 3240 decantando,
1424 3190 1490 3240 31,
1509 3190 1688 3241 14—32,
1707 3191 1772 3230 44.

398 3257 428 3278 11
456 3254 506 3294 Et
536 3254 587 3293 ait
618 3254 816 3293 Dominus
844 3255 895 3295 ad
921 3255 1109 3308 Moysen:
1137 3255 1240 3295 Eece
1266 3269 1391 3308 prope
1417 3261 1513 3296 sunt
1539 3256 1621 3295 dies
1649 3256 1790 3297 mortis
1816 3260 1915 3297 tuae:
1943 3268 2046 3297 voca
2072 3256 2200 3304 Iosue,

274 3318 333 3357 ,et
355 3317 461 3353 state
487 3313 523 3352 in
548 3312 810 3352 tabernaculo
834 3314 1068 3358 testimonii,
1093 3318 1140 3354 ut
1161 3314 1393 3367 praeeipiam
1417 3315 1462 3355 ei.
1488 3314 1689 3355 Abierunt
1710 3328 1801 3368 ergo
1824 3315 1983 3368 Moyses
2006 3319 2048 3355 et
2071 3314 2200 3363 Iosue,

287 3378 328 3413 et
357 3377 560 3412 steterunt
592 3372 628 3411 in
663 3372 924 3412 tabernas-ulo
956 3373 1198 3413 testimonii:
1260 3375 1291 3397 ¹⁵
1322 3374 1595 3427 apparuitque
1626 3374 1826 3415 Dominus
1857 3373 1912 3414 ibi
1943 3374 1983 3413 in
2014 3373 2204 3414 columna

423 3486 475 3527 31,
495 3487 514 3519 2
532 3486 618 3519 aNm
638 3488 690 3527 27,
711 3487 766 3525 13ς
793 3488 982 3531 s11p3‚27.
1028 3509 1051 3511 α
1076 3488 1097 3522 4
1113 3488 1202 3522 bNm
1221 3489 1274 3529 21,
1293 3489 1343 3522 24.
1374 3511 1379 3512 ν
1407 3510 1411 3512 -
1437 3490 1456 3522 5
1477 3490 1564 3533 cSup
1590 3489 1621 3529 7,
1646 3490 1675 3522 2.
1704 3509 1745 3512 -—
1769 3489 1789 3522 7
1804 3488 1881 3522 (11οε
1901 3490 1930 3529 1,
1950 3488 1984 3529 6;
2011 3490 2029 3522 1
2050 3488 2103 3533 Rg
2120 3489 2151 3529 2,
2170 3489 2200 3522 2.
