2356 3760
304 156 380 196 426
1180 154 1325 187 LIBER
1989 157 2021 194 3,
2046 157 2143 195 9—4,
2171 158 2212 190 15

307 249 356 289 ad
374 262 475 289 eam.
525 251 539 271 ²·
559 248 662 299 Ergo
682 261 772 288 eum
792 259 861 299 pro
881 246 997 300 eulpa
1016 260 1090 287 sua
1108 247 1333 302 increparet
1350 249 1539 302 puellam,
1560 251 1768 304 respondit
1786 251 1833 299 ei,
1852 250 2005 291 dicens:
2024 250 2211 304 Amplius

304 321 354 348 ex
381 312 420 347 te
447 320 527 348 non
554 307 765 347 videamus
791 305 931 349 filium,
960 311 1031 346 aut
1058 305 1181 347 filiam
1209 320 1329 360 super
1354 313 1516 353 terram,
1546 310 1798 350 interfectrix
1823 309 2005 350 virorum
2029 315 2209 351 tuorum.

305 368 340 390 ¹⁰
369 366 580 420 Numquid
607 371 646 406 et
675 364 855 405 occidere
884 378 946 404 me
974 364 1047 409 vis,
1077 364 1182 406 sicut
1209 366 1289 406 iam
1318 367 1500 408 occidisti
1528 374 1684 422 septem
1714 367 1845 409 viros?

917 469 954 508 2.
986 467 1144 510 Oratio
1176 468 1319 521 Sarae,
1347 470 1602 521 3,101’-23.

136 537 250 563 Libera-

112 575 220 598 nom—m
242 574 278 598 a„
407 541 470 581 Ad
498 541 601 581 hanc
628 553 768 581 vocem
796 540 974 592 perrexit
998 540 1038 580 in
1066 541 1248 594 superius
1274 542 1505 582 cubiculum
1533 543 1677 584 domus
1704 555 1804 583 suae:
1833 548 1874 583 et
1901 544 2029 584 tribus
2056 543 2211 588 diebus.

115 610 275 649 opprobrio
302 605 344 641 et
379 600 505 640 tribus
540 599 727 639 noctibus
761 612 842 639 uon
877 599 1155 642 manducavit,
1194 613 1322 653 neque
1357 601 1477 642 bibit:
1540 603 1569 625 ¹¹
1603 603 1672 642 sed
1706 602 1745 642 in
1778 602 1960 643 oratione
1996 602 2211 655 persistens

154 645 241 675 ‘’⁸⁰‘'
306 672 397 699 cum
418 658 607 711 lacrymis
630 658 927 711 deprecabatur
952 658 1092 703 Deum,
1118 665 1163 699 ut
1185 659 1236 698 ab
1259 659 1335 700 isto
1357 660 1600 713 improperio
1623 661 1812 702 liberaret
1833 674 1934 701 eam.
1988 663 2016 685 ¹2
2041 661 2211 701 Factum

305 723 366 758 est,
394 723 532 758 autem
562 717 625 757 die
655 717 787 761 tertia,
819 717 916 757 dum
946 717 1164 770 compleret
1195 718 1433 764 orationem,
1467 719 1705 760 benedicens
1734 719 1969 763 Dominum,
2028 722 2059 744 ¹³
2087 719 2210 760 dixit:

308 776 572 817 Benedictum
610 781 669 816 est
707 789 854 816 nomen
893 781 1008 816 tuum
1049 777 1154 816 Deus
1193 783 1355 829 patrum
1392 783 1642 819 nostrorum:
1681 779 1749 832 qui
1785 792 1876 819 cum
1914 778 2041 819 iratus
2076 779 2210 823 fueris.

305 835 620 876 misericordiam
646 834 779 881 facies,
805 840 843 875 et
871 835 907 874 in
936 840 1115 889 tempore
1141 835 1414 877 tribulationis
1440 843 1608 890 peccata
1630 837 1803 878 dimittis
1824 838 1899 887 his,
1926 837 1995 891 qui
2019 837 2212 878 invocant

305 900 356 935 te.
415 896 446 918 ¹⁴
473 895 537 935 Ad
567 900 605 935 te
638 894 808 935 Domine
836 894 980 934 faeiem
1009 908 1141 935 meam
1170 901 1376 944 converto,
1407 897 1459 937 ad
1488 902 1528 937 te
1556 896 1691 938 oculos
1720 909 1828 937 meos
1857 896 1996 947 dirigo.
2053 897 2085 920 ¹⁵
2113 896 2213 937 Peto

304 954 480 994 Domine
514 958 559 994 ut
591 954 641 994 de
674 953 835 993 vinculo
868 953 1098 1006 improperii
1133 954 1251 995 huius
1284 955 1472 996 absolvas
1505 968 1580 1001 me,
1615 960 1688 996 aut
1720 960 1827 996 certe
1860 956 2032 1009 desuper
2063 960 2212 996 terram

305 1013 451 1066 eripias
469 1026 544 1053 me.
595 1014 626 1036 ¹⁶
645 1013 703 1052 Tu
723 1012 798 1052 scis
816 1012 1002 1060 Domine,
1024 1013 1117 1066 quia
1138 1027 1363 1067 numquam
1382 1015 1597 1067 concupivi
1616 1015 1760 1059 virum,
1780 1021 1821 1055 et
1840 1015 2036 1055 mundam
2055 1013 2215 1055 servavi

306 1072 485 1112 animam
521 1084 654 1112 meam
691 1071 742 1111 ab
779 1071 889 1112 omni
924 1072 1264 1125 concupiscentia.
1330 1075 1362 1097 ¹⁷
1401 1074 1637 1127 Numquam
1673 1087 1765 1114 cum
1802 1073 2037 1114 ludentibus
2072 1073 2214 1113 miscui

306 1144 387 1171 me:
419 1144 548 1183 neque
577 1144 668 1171 cum
698 1130 771 1175 liis,
803 1131 871 1184 qui
900 1130 940 1171 in
968 1130 1138 1172 levitate
1167 1132 1393 1179 ambulant,
1424 1133 1665 1186 participem
1694 1146 1757 1173 me
1786 1132 1951 1185 przebui.
2010 1134 2044 1156 ¹³
2073 1132 2214 1172 Virum

305 1196 444 1230 autem
478 1203 569 1230 cum
605 1190 748 1230 timore
786 1195 870 1234 tuo,
910 1203 990 1230 non
1027 1203 1119 1231 cum
1150 1190 1317 1232 libidine
1353 1205 1445 1232 mea
1480 1192 1663 1233 consensi
1698 1192 1910 1245 suscipere.
1972 1193 2005 1215 ¹⁹
2038 1191 2105 1240 Et,
2144 1196 2215 1232 aut

306 1262 377 1301 ego
408 1249 575 1302 indigna
604 1249 662 1289 fui
692 1248 778 1293 illis,
820 1254 892 1289 aut
930 1248 985 1289 illi
1023 1249 1194 1290 forsitan
1232 1264 1296 1291 me
1326 1264 1406 1291 non
1437 1252 1603 1292 fuerunt
1633 1251 1760 1302 digni:
1801 1250 1898 1304 quia
1924 1250 2098 1292 forsitan
2128 1250 2215 1291 viro

306 1308 372 1348 alii
412 1308 661 1349 conservasti
700 1322 774 1349 me.
841 1310 876 1331 ²⁰
915 1308 1005 1349 Non
1044 1314 1105 1349 est
1144 1309 1251 1349 enim
1290 1310 1331 1350 in
1374 1310 1547 1351 hominis
1587 1315 1793 1363 potestate
1832 1309 2043 1350 consilium
2082 1314 2213 1350 tuum.

306 1369 336 1391 ²¹
368 1366 458 1408 Hoc
488 1372 627 1408 autem
656 1380 728 1421 pro
759 1373 868 1408 certo
904 1367 1031 1408 habet
1066 1368 1208 1412 omnis.
1250 1369 1318 1422 qui
1357 1374 1396 1410 te
1434 1369 1541 1414 colit,
1584 1369 1693 1422 quod
1723 1368 1811 1409 vita
1848 1368 1944 1413 eius,
1983 1368 2016 1408 si
2054 1368 2094 1408 in
2126 1381 2216 1421 pro-

307 1427 471 1467 batione
501 1426 634 1470 fuerit.
669 1426 948 1467 coronabitur:
989 1427 1019 1467 si
1051 1432 1187 1467 autem
1220 1427 1260 1467 in
1292 1428 1554 1469 tribulatione
1582 1427 1717 1474 fuerit,
1749 1427 2006 1468 liberabitur:
2045 1431 2086 1467 et
2115 1426 2147 1466 si
2174 1427 2215 1466 in

305 1485 557 1538 correptione
594 1485 728 1531 fuerit,
769 1486 820 1526 ad
858 1485 1173 1526 misericordiam
1213 1492 1327 1527 tuam
1366 1488 1502 1528 venire
1540 1487 1688 1528 licebit.
1751 1488 1784 1510 2²
1814 1486 1906 1527 Non
1944 1485 2051 1526 enim
2089 1484 2217 1526 delec-

306 1545 403 1585 taris
442 1544 482 1584 in
520 1544 815 1597 perditionibus
855 1544 1028 1585 nostris:
1080 1545 1176 1598 quia
1212 1550 1304 1598 post
1347 1551 1657 1599 tempestatem,
1705 1544 1971 1598 tranquillum
2014 1544 2132 1585 facis:
2175 1549 2216 1585 et

305 1609 399 1657 post.
446 1603 783 1656 lacrymationem
827 1609 867 1644 et
912 1603 1075 1647 fletum,
1121 1603 1418 1646 exultationem
1461 1605 1650 1645 infundis.
1734 1606 1767 1629 ²3
1801 1604 1862 1645 Sit
1905 1617 2053 1645 nomen
2099 1608 2216 1644 tuum

304 1663 415 1704 Deus
453 1662 575 1703 Israel
616 1663 876 1704 benedictum
912 1662 952 1702 in
991 1662 1149 1706 saecula.

927 1790 1147 1844 PARS
1187 1789 1598 1845 SECUNDA.

600 1879 904 1945 Raphael
942 1878 1244 1932 medicus
1284 1879 1420 1944 Dei,
1458 1878 1515 1944 3,
1543 1878 1793 1944 24—12‚
1820 1878 1927 1931 22.

1210 1970 1316 1984 0⁶00&
1343 1977 1346 1978 ν

640 2018 681 2068 Ι.
722 2017 921 2069 Comes
961 2017 1153 2069 Tobiae
1191 2017 1464 2081 iunioris,
1504 2017 1552 2081 3,
1581 2018 1777 2081 24—6‚
1804 2017 1889 2069 22.

636 2110 675 2149 1.
706 2109 841 2150 Filius
873 2121 899 2150 a
928 2110 1059 2161 patre
1089 2112 1133 2150 in
1165 2109 1360 2150 Mediam
1392 2110 1599 2161 mittitur,
1627 2111 1667 2161 3,
1687 2109 1833 2161 24ffl5‚
1853 2110 1891 2150 4.

136 2182 266 2243 {593251
412 2184 444 2206 ²4
471 2182 518 2223 In
544 2181 609 2224 illo
636 2187 819 2235 tempore
844 2181 1048 2222 exaudita}
1073 2187 1169 2222 sunt
1194 2195 1330 2235 preces
1357 2182 1571 2223 amborum
1598 2182 1638 2222 in
1663 2187 1884 2236 conspectu
1908 2181 2045 2235 gloriae
2069 2180 2217 2222 summi

136 2255 278 2279 mittitur:
308 2241 401 2281 Dei:
460 2244 493 2266 '25
524 2248 563 2282 et
594 2241 739 2281 missus
770 2247 830 2282 est
862 2241 1039 2292 Angelus
1069 2241 1236 2281 Domini
1267 2246 1432 2282 sanctus
1466 2241 1661 2294 Rapliael,
1695 2247 1741 2282 ut
1772 2246 1932 2282 curaret
1963 2253 2030 2281 eos
2061 2241 2216 2283 ambos.

311 2314 482 2354 quorum
514 2315 592 2342 uno
624 2306 805 2353 tempore
835 2306 931 2340 sunt
960 2300 1163 2341 orationes
1192 2300 1231 2340 in
1263 2305 1481 2353 conspectu
1511 2300 1677 2341 Domini
1707 2300 1899 2341 recitatae.

103 2361 309 2421 1‘3fgrsiggrffi‘1'ff
418 2360 456 2403 4.
512 2363 525 2384 ¹
556 2360 684 2413 Igitur
711 2373 802 2400 cum
831 2360 977 2400 Tobias
1004 2364 1170 2413 putaret
1196 2360 1423 2400 orationem
1449 2373 1565 2400 suam
1592 2359 1775 2400 exaudiri
1802 2364 1848 2399 ut
1875 2358 1977 2400 mori
2003 2358 2216 2411 potuisset,

154 2433 261 2462 putans
314 2420 478 2460 vocavit
508 2420 559 2460 ad
587 2433 628 2460 se
657 2419 827 2460 Tobiam
856 2419 983 2459 filium
1011 2432 1142 2465 suum,
1226 2421 1241 2443 2
1269 2419 1454 2472 dixitque
1482 2419 1536 2459 ei:
1564 2418 1672 2459 Audi
1701 2418 1756 2459 fili
1784 2418 1839 2458 mi
1867 2418 1993 2458 verba
2020 2417 2098 2458 oris
2125 2416 2216 2461 mei,

138 2467 277 2528 „3212ssssss
313 2484 354 2519 et
379 2492 426 2519 ea
450 2479 489 2519 in
516 2479 634 2520 corde
660 2484 743 2527 tuo,
773 2478 888 2532 quasi
912 2478 1229 2519 fundamentum
1256 2483 1456 2519 construe.
1510 2480 1525 2502 3
1550 2478 1650 2518 Cum
1677 2477 1878 2531 acceperit
1902 2477 2013 2517 Deus
2039 2476 2218 2516 animam

313 2552 458 2582 meam,
487 2551 631 2591 corpus
656 2551 790 2578 meum
818 2537 957 2591 sepeli:
988 2543 1049 2578 aet
1074 2537 1267 2578 honorem
1294 2537 1462 2578 habebis
1488 2537 1610 2578 matri
1637 2543 1717 2578 tuae
1742 2536 1930 2578 omnibus
1956 2535 2097 2576 diebus
2123 2535 2220 2575 vitae

314 2597 416 2637 eius:
472 2599 487 2621 ⁴
515 2610 669 2638 memor
697 2597 801 2637 enim
832 2610 915 2637 esse
945 2597 1077 2642 debes,
1110 2610 1199 2650 quae
1227 2602 1268 2637 et
1297 2601 1454 2650 quanta
1481 2596 1659 2649 pericula
1687 2609 1807 2649 passa
1834 2595 1887 2635 sit
1915 2599 2082 2648 propter
2112 2599 2150 2635 te
2178 2594 2217 2634 in

315 2661 429 2698 utero
455 2670 538 2698 suo.
591 2659 606 2680 ⁵
630 2656 730 2697 Cum
756 2662 892 2697 autem
919 2661 959 2697 et
983 2656 1071 2709 ipsa
1094 2656 1358 2709 compleverit
1382 2661 1544 2709 tempus
1568 2655 1665 2696 vitae
1687 2668 1780 2703 suae,
1807 2654 1975 2708 sepelias
2000 2666 2089 2694 eam
2114 2652 2220 2693 circa

314 2729 390 2757 me.
439 2718 454 2740 ⁶
469 2716 669 2757 Omnibus
687 2720 825 2756 autem
842 2716 983 2756 diebus
1003 2715 1097 2756 vitae
1114 2720 1195 2756 tuae
1211 2716 1251 2755 in
1268 2720 1404 2755 mente
1421 2715 1571 2756 habeto
1588 2715 1741 2755 Deum:
1760 2719 1801 2755 et
1818 2727 1916 2754 cave
1933 2726 1982 2753 ne
1999 2712 2219 2765 aliquando

316 2780 481 2828 peccato
505 2775 744 2819 consentias,
769 2780 808 2815 et
831 2775 1120 2828 praetermittas
1142 2780 1347 2827 prrecepta
1366 2774 1532 2815 Domini
1552 2773 1628 2814 Dei
1650 2773 1789 2815 nostri.
1843 2774 1856 2796 ⁷
1882 2772 1966 2813 bEx
1987 2771 2220 2812 substantia

316 2840 389 2875 tua
412 2835 475 2875 fac
501 2835 811 2888 eleemosynam⁷
839 2840 880 2875 et
905 2834 983 2875 noli
1010 2840 1192 2874 avertere
1218 2834 1362 2874 faciem
1389 2838 1504 2873 tuam
1529 2833 1581 2873 ab
1606 2832 1686 2873 ullo
1712 2845 1908 2886 paupere:
1935 2831 1994 2871 ita
2017 2830 2124 2871 enim
2149 2830 2219 2870 fiet

316 2898 362 2934 ut
391 2908 461 2934 nec
489 2908 510 2934 a
540 2900 578 2935 te
607 2898 819 2934 avertatur
846 2894 966 2934 facies
993 2893 1170 2934 Domini.
1230 2896 1245 2917 ὅ
1278 2894 1384 2941 CQuo
1412 2893 1533 2934 modo
1561 2892 1753 2945 potueris,
1783 2891 1842 2932 ita
1868 2895 1954 2931 esto
1982 2889 2217 2930 misericors,

318 2954 334 2977 ⁹
358 2953 399 2993 Si
425 2953 599 2993 multum
625 2953 697 2993 tibi
724 2953 857 2999 fuerit,
885 2953 1143 2993 abundanter
1169 2952 1319 2993 tribue:
1345 2952 1377 2991 si
1402 2952 1593 3002 exiguum
1619 2950 1693 2991 tibi
1717 2950 1852 2998 fuerit,
1879 2949 2003 2990 etiam
2028 2949 2218 3002 exiguum

316 3012 488 3052 libenter
505 3012 698 3066 impertiri
714 3014 843 3053 stude.
892 3014 924 3036 ¹0
942 3012 1154 3052 Praemium
1170 3011 1281 3052 enim
1299 3012 1450 3051 bonum
1466 3011 1541 3051 tibi
1556 3010 1804 3051 thesaurizas
1821 3009 1860 3049 in
1875 3008 1938 3049 die
1954 3007 2217 3048 necessitatis.

320 3074 346 3095 ¹¹
375 3072 589 3125 dquoniam
616 3071 870 3126 eleemosyna
895 3072 946 3111 al)
971 3071 1081 3111 omni
1108 3076 1284 3124 peccato,
1311 3075 1352 3110 et
1377 3084 1400 3110 a
1425 3075 1555 3111 morte
1578 3069 1735 3115 liberat,
1762 3073 1804 3109 et
1827 3081 1908 3109 non
1932 3067 2113 3121 patietur
2136 3066 2221 3106 ani-

317 3144 424 3171 mam
445 3131 499 3171 ire
520 3131 556 3171 in
577 3131 775 3172 tenebras.
826 3133 854 3154 ¹²
877 3130 1037 3171 Fiducia
1058 3144 1207 3180 magna
1225 3130 1300 3170 erit
1318 3142 1451 3170 coram
1473 3142 1631 3169 summo
1652 3129 1737 3168 Deo
1756 3127 2013 3180 eleemosyna
2030 3125 2219 3166 omnibus

317 3190 559 3230 iacientibus
586 3203 686 3230 eain
744 3193 774 3213 ¹²³
805 3190 1002 3230 “Attende
1031 3189 1102 3229 tibi
1130 3189 1184 3229 fili
1210 3189 1264 3229 mi
1291 3189 1342 3228 ab
1369 3188 1477 3229 omni
1504 3187 1784 3231 fornicatione,
1813 3192 1854 3227 et
1879 3190 2025 3239 praeter
2051 3197 2217 3225 uxorem

317 3253 431 3288 tuam
460 3263 683 3303 numquam
711 3249 878 3302 patiaris
906 3249 1054 3289 crimen
1080 3248 1190 3289 scire.
1247 3250 1277 3272 ¹⁴
1302 3247 1542 3300 Superbiam
1571 3259 1796 3299 numquam
1824 3246 1863 3286 in
1890 3250 1959 3286 tuo
1986 3257 2117 3291 sensu,
2147 3249 2218 3284 aut

317 3307 357 3347 in
390 3314 458 3348 tuo
491 3309 611 3349 verbo
641 3309 839 3349 dominari
872 3308 1102 3361 permittas:
1143 3308 1195 3347 fin
1227 3307 1314 3360 ipsa
1341 3306 1447 3347 enim
1478 3305 1639 3346 initium
1668 3305 1843 3358 sumpsit
1871 3303 2001 3345 omnis
2033 3302 2216 3356 perditio.

319 3368 350 3391 ¹5
377 3367 650 3420 sQuicumque
677 3367 749 3407 tibi
773 3367 923 3420 aliquid
950 3372 1140 3420 operatus
1167 3366 1297 3409 fuerit,
1323 3365 1465 3405 statim
1489 3365 1522 3405 ei
1549 3365 1772 3405 mercedem
1798 3363 1977 3405 restitue.
2003 3367 2044 3403 et
2068 3374 2218 3401 merces

450 3470 480 3510 4,
506 3471 526 3501 i}
551 3471 621 3503 alfix
642 3472 693 3506 ΞΗ,
717 3473 769 3507 12;
791 3472 842 3503 Ηὶι·
862 3472 890 3505 ῖ.
911 3472 961 3504 29.
990 3492 1013 3494 —
1059 3474 1073 3503 ἴ
1095 3471 1157 3503 bl'r
1176 3472 1206 3505 3,
1227 3472 1260 3503 {01
1282 3470 1333 3503 Sir
1352 3470 1382 3505 4.
1403 3472 1436 3506 1:
1457 3470 1509 3508 14,
1533 3471 1585 3508 13:
1608 3470 1652 3502 Le
1673 3470 1723 3502 14.
1745 3468 1794 3500 13.
1828 3488 1863 3490 Α
1887 3470 1907 3499 8
1937 3467 2004 3499 rsir
2027 3467 2080 3500 35.
2108 3466 2156 3498 12.
2182 3486 2219 3488 >a

316 3518 355 3551 11
378 3517 450 3551 dSir
470 3518 523 3556 29,
547 3517 595 3550 15.
625 3539 639 3540 ψ
694 3519 731 3551 ll}
759 3521 788 3550 *fl
816 3519 902 3550 The<
929 3520 954 3552 4.
977 3520 1006 3551 25.
1035 3539 1074 3541 μ
1102 3519 1142 3551 ΙΙ
1175 3519 1238 3550 stin
1260 3518 1291 3555 23,
1313 3518 1342 3550 ἴ).
1371 3538 1409 3540 -
1439 3518 1477 3551 15
1500 3517 1568 3549 eln-
1591 3518 1642 3556 19,
1666 3516 1721 3553 132
1746 3515 1792 3548 l)t
1815 3515 1866 3550 2⁴.
1890 3515 1940 3547 14.
