2356 3760
130 499 248 524 inarabi-

118 535 250 559 tudinem

130 569 239 600 populi,

113 961 253 985 ultionem

120 997 249 1025 hominu

97 1902 184 1926 quare
201 1895 260 1919 Ista
268 1908 274 1912 Δ

133 1930 157 1955 01
180 1938 236 1956 11011

115 1966 254 1997 deleatur,

133 2583 181 2608 sed
205 2583 242 2607 ab

127 2625 250 2643 mimicis

103 2654 273 2684 vindicetur,

288 126 363 167 172
1172 123 1321 158 LIBER
1908 128 1962 169 32,
1990 129 2133 169 14-32,
2158 129 2201 163 40

289 224 336 260 ut
364 222 526 271 sugeret
555 217 633 258 mel
663 218 711 258 de
741 223 869 270 petra,
954 217 1169 270 oleumque
1200 219 1248 259 de
1278 231 1376 258 saxo
1407 218 1634 260 durissimo.

290 280 321 302 ¹¹
352 278 557 330 Butyrum
588 277 636 317 de
667 281 864 324 armento,
897 280 937 317 et
966 275 1027 315 lac
1058 276 1106 316 de
1136 276 1281 317 ovibus
1364 289 1457 316 cum
1487 277 1606 330 adipe
1636 291 1844 332 agnorum,
1877 285 1918 320 et
1946 281 2120 322 arietum

292 336 467 377 filiorum
510 336 664 376 Basan:
706 339 747 375 et
788 335 917 375 hircos
960 348 1053 374 cuin
1094 334 1270 375 medulla
1313 335 1450 383 tritici,
1552 340 1593 376 et
1634 338 1871 390 sanguinem
1914 352 2004 380 uvae
2044 340 2200 381 biberet

551 406 882 434 meracissnnum.

294 503 322 525 ¹⁵
351 500 603 540 Incrassatus
634 503 695 539 est
724 498 907 543 dilectus,
936 502 977 538 et
1002 496 1294 539 recalcitravit:
1382 498 1640 544 incrassatus,
1670 500 1960 553 impinguatus,
1987 502 2197 553 dilatatus,

293 558 505 611 dereliquit
535 558 670 598 Deum
699 557 896 598 factorem
926 569 1058 601 suum,
1142 562 1184 597 et
1212 557 1376 598 recessit
1405 571 1429 597 a
1457 558 1543 597 Deo
1573 557 1742 599 salutari
1771 573 1855 601 suo.

291 621 323 642 ¹⁶
353 618 685 658 Provoeaverunt
716 629 808 656 eum
849 615 889 655 in
920 615 994 655 diis
1036 615 1186 660 alienis,
1272 620 1313 656 et
1352 616 1392 656 in
1434 616 1807 658 abominationibus
1850 619 1902 659 ad
1946 619 2200 661 iracundiam

552 675 875 715 concitaverunt.

290 737 322 759 ¹⁷
356 735 678 775 Immolaverunt
709 733 917 774 daemoniis
948 738 989 774 et.
1019 746 1098 773 non
1128 733 1227 779 Deo,
1318 733 1405 781 diis,
1439 747 1538 787 quos
1568 734 1831 787 ignorabant:

291 794 384 835 novi
414 799 675 847 recentesque
706 797 917 834 venerunt.
1004 805 1103 845 quos
1134 805 1215 832 non
1245 791 1458 833 coluerunt
1486 797 1622 846 patres
1653 807 1802 835 eorum.

290 854 325 877 ¹⁸
354 853 499 897 Deum,
533 852 601 906 qui
632 857 671 893 te
700 851 842 904 genuit
871 850 1133 904 dereliquisti,
1219 855 1260 891 et
1289 850 1439 892 oblitus
1469 865 1509 891 es
1538 851 1704 892 Domini
1735 853 1925 894 creatoris
1955 857 2028 895 tui.

294 961 325 982 ¹²*
355 956 467 997 Vidit
496 956 708 999 Dominus,
752 960 793 995 et
822 956 873 995 ad
903 955 1154 995 iracundiam
1185 955 1414 995 concitatus
1444 959 1522 995 est:
1625 956 1720 1010 quia
1748 963 2078 1010 provocaverunt
2108 973 2198 1000 eum

558 1014 626 1055 filii
656 1015 716 1055 5111
747 1019 787 1055 01
820 1014 920 1055 111110.

288 1078 324 1100 20
353 1075 407 1116 Et
438 1075 513 1114 ait:
545 1074 806 1114 Abscondam
837 1073 980 1113 faciem
1012 1086 1143 1113 meam
1176 1073 1227 1113 ab
1257 1073 1324 1117 eis,
1424 1076 1465 1112 et
1494 1073 1758 1116 considerabo
1788 1075 2007 1117 novissima
2040 1090 2200 1118 eorum:

287 1134 494 1188 generatio
525 1133 630 1173 enim
662 1145 848 1185 perversa
879 1137 951 1176 est,
1036 1137 1077 1172 et
1106 1131 1287 1172 infideles
1321 1131 1401 1172 filii.

289 1196 318 1217 2¹
352 1193 433 1246 lpsi
464 1205 527 1232 me
557 1196 885 1245 provocaverunt
914 1191 954 1231 in
984 1204 1041 1240 eo,
1075 1191 1142 1244 qui
1172 1204 1253 1231 non
1283 1195 1371 1231 erat
1400 1191 1521 1239 Deus,
1604 1195 1646 1232 et
1675 1192 1941 1234 irritaverunt
1969 1194 2009 1234 in
2040 1194 2201 1235 vanita-

553 1251 661 1291 tibus
691 1251 790 1291 suis:

290 1317 330 1352 et
354 1324 446 1363 aege
470 1310 701 1363 provocabo
727 1323 791 1350 eos
816 1310 856 1349 in
878 1323 935 1359 eo,
960 1309 1027 1363 qui
1052 1322 1133 1349 non
1155 1313 1215 1349 est
1235 1308 1421 1362 populus,
1495 1313 1536 1349 et
1555 1309 1595 1349 in
1617 1314 1737 1363 gente
1760 1310 1889 1351 stulta
1908 1311 2077 1353 irritabo
2098 1311 2199 1354 illos.

289 1372 321 1395 ‘2²
353 1370 460 1423 Ignis
490 1382 704 1409 succensus
735 1373 796 1409 est
824 1369 864 1409 in
894 1369 1027 1409 furore
1058 1381 1159 1413 meo,
1244 1373 1285 1408 et
1314 1367 1474 1408 ardebit
1503 1381 1631 1421 usque
1661 1369 1713 1409 ad
1742 1369 1887 1410 inferni
1917 1371 2157 1412 novissima:

291 1428 587 1481 devorabitque
617 1433 767 1468 terrani
798 1441 889 1468 cum
919 1427 1097 1481 germine
1127 1440 1211 1473 suo,
1296 1432 1337 1467 et
1366 1427 1569 1467 montium
1599 1427 1872 1469 fundamenta
1901 1429 2123 1471 comburet.

289 1490 322 1513 23
351 1487 612 1540 Congregabo
643 1500 763 1540 super
791 1500 857 1527 eos
888 1486 1007 1530 mala.
1092 1490 1133 1526 et
1162 1486 1332 1537 sagittas
1363 1499 1472 1526 meas
1503 1486 1714 1539 complebo
1744 1487 1785 1527 in
1815 1488 1881 1529 015.

289 1549 321 1572 24
351 1547 652 1588 Consumentur
680 1547 799 1592 fame,
884 1551 925 1586 et
954 1544 1212 1586 devorabunt
1243 1558 1308 1585 eos
1340 1558 1434 1585 aves
1464 1558 1599 1585 morsu
1631 1547 1902 1587 amarissimo:

290 1607 431 1647 dentes
460 1606 682 1646 bestiarum
708 1604 931 1645 immittam
957 1604 998 1644 in
1025 1618 1103 1650 eos,
1184 1617 1277 1644 cum
1304 1604 1438 1644 furore
1463 1604 1715 1645 trahentium
1741 1619 1862 1659 super
1888 1610 2050 1655 terram,
2077 1610 2201 1661 atque

552 1664 814 1717 serpentium.

289 1726 321 1748 25
351 1725 463 1765 Foris
494 1724 677 1764 vastabit
706 1737 771 1764 eos
801 1723 970 1777 gladius,
1055 1728 1096 1763 et
1125 1722 1234 1762 intus
1264 1734 1404 1775 pavor,

290 1784 478 1824 iuvenem
509 1783 627 1823 simul
658 1796 704 1823 ac
734 1782 943 1836 virginem.
1030 1781 1252 1822 lactentem
1283 1794 1375 1821 curn
1404 1781 1567 1822 homine
1597 1795 1701 1823 sene.

291 1890 326 1912 2⁶
355 1888 469 1928 Dixi:
502 1888 681 1928 Ubinam
711 1887 831 1927 sunt?
921 1899 1073 1927 cessare
1103 1886 1251 1927 faciam
1281 1899 1330 1927 ex
1359 1886 1592 1927 hominibus
1623 1887 1861 1928 memoriani
1891 1901 2042 1929 eorum.

291 1949 325 1972 ‘2⁷
355 1948 433 1988 Sed
464 1952 629 2000 propter
658 1947 758 1986 iram
789 1946 1044 1987 inimicorum
1074 1945 1231 1986 distuli:
1316 1958 1364 1986 110
1393 1946 1497 1986 forte
1527 1946 1783 1999 superbirent
1812 1946 1947 1988 hostes
1978 1960 2129 1995 eorum,

292 2011 333 2047 et
362 2007 560 2047 dicerent:
592 2006 736 2046 Manus
766 2010 904 2046 nostra
936 2004 1103 2053 excelsa,
1188 2010 1228 2045 et
1258 2017 1339 2045 non
1368 2005 1581 2053 Dominus,
1613 2005 1710 2046 fecit
1738 2005 1823 2047 haec
1853 2006 2000 2047 omnia.

291 2067 326 2090 '2⁸
355 2066 462 2107 Gens
493 2065 646 2118 absque
677 2064 840 2105 consilio
872 2069 943 2111 est,
1028 2068 1069 2104 et
1098 2063 1181 2104 sine
1213 2064 1441 2116 prudentia.

291 2126 326 2148 2⁹
359 2124 550 2165 biftinam
581 2128 780 2177 saperent,
813 2129 854 2164 et
882 2122 1164 2176 intelligerent,
1249 2135 1295 2163 ac
1325 2122 1547 2163 novissima
1576 2123 1848 2176 providerent.

291 2185 328 2208 30
357 2184 445 2232 Quo
476 2183 597 2224 modo
626 2188 896 2236 persequatur
927 2195 1028 2222 unus
1058 2181 1177 2230 mille,
1263 2186 1303 2222 et
1333 2182 1412 2222 duo
1442 2182 1586 2235 fugent
1615 2182 1754 2223 decem
1783 2182 1932 2223 millia?

292 2255 425 2283 nonne
455 2242 556 2284 ideo.
590 2242 682 2296 quia
714 2242 822 2282 Deus
853 2255 947 2282 suus
978 2241 1164 2282 vendidit
1193 2254 1271 2288 eos,
1356 2245 1396 2281 et
1424 2240 1625 2281 Dominus
1656 2241 1854 2283 conclusit
1882 2241 1994 2283 illos?

291 2304 321 2326 3¹
355 2302 445 2342 Non
476 2302 582 2342 enim
613 2306 673 2341 est
703 2301 812 2341 Deus
843 2305 979 2341 noster
1008 2305 1055 2340 ut
1084 2299 1139 2340 dii
1169 2312 1326 2340 eorum:
1411 2304 1451 2340 et
1480 2300 1631 2340 inimici
1661 2301 1788 2341 nostri
1818 2306 1914 2341 sunt
1943 2301 2106 2342 iudices.

291 2363 323 2385 3²
353 2361 414 2401 De
445 2361 564 2401 Vinea
593 2360 874 2405 Sodomorum,
908 2360 1027 2400 vinea
1056 2372 1207 2403 eorum,
1289 2363 1331 2399 et
1360 2359 1408 2399 de
1438 2359 1682 2399 suburbanis
1713 2360 1966 2401 Gomorrhae:

292 2434 370 2460 uva
404 2433 541 2461 eorum
573 2433 652 2459 uva
682 2419 795 2462 fellis,
881 2423 922 2459 et
951 2418 1057 2459 botri
1088 2418 1342 2459 amarissimi.

291 2481 323 2503 33
353 2479 423 2519 Fel
453 2479 675 2519 draconum
706 2478 847 2519 vinum
877 2491 1028 2526 eorum,
1113 2482 1154 2517 et
1183 2490 1386 2518 venenum
1417 2477 1605 2530 aspidum
1635 2477 1871 2519 insanabile.

294 2587 326 2609 ³⁴
357 2585 501 2625 Nonne
531 2584 615 2624 haec
646 2583 809 2624 condita
839 2588 936 2623 sunt
965 2584 1075 2636 apud
1105 2596 1180 2629 me,
1266 2587 1307 2623 et
1335 2582 1496 2636 signata
1524 2582 1565 2623 in
1595 2582 1795 2623 thesauris
1825 2582 1948 2623 meis?

294 2646 326 2668 35
363 2644 468 2684 cMea
500 2648 561 2684 est
590 2642 702 2689 ultio,
735 2648 776 2683 et
805 2656 876 2696 ego
906 2643 1129 2683 retribuam
1212 2642 1253 2682 in
1282 2646 1477 2694 tempore,
1509 2646 1556 2682 ut
1585 2641 1749 2682 labatur
1777 2655 1845 2695 pes
1876 2655 2033 2683 eorum:

292 2703 410 2744 iuxta
439 2708 500 2743 est
530 2702 612 2743 dies
642 2702 893 2755 perditionis,
950 2721 953 2723 “
978 2707 1019 2742 et
1049 2702 1187 2742 adesse
1216 2701 1415 2741 festinant
1445 2706 1642 2754 tempora.

292 2764 327 2786 3⁶
359 2761 564 2802 Iudicabit
593 2761 794 2801 Dominus
825 2761 1022 2814 populum
1052 2774 1183 2809 suum,
1268 2764 1309 2800 et
1338 2761 1378 2800 in
1408 2759 1532 2800 servis
1563 2759 1643 2800 suis
1673 2759 1947 2800 miserebitur:

295 2821 449 2861 videbit
475 2820 585 2874 quod
614 2820 823 2860 infirmata
854 2821 906 2860 sit
934 2833 1092 2864 manus,
1171 2824 1212 2860 et
1241 2819 1365 2859 clausi
1394 2832 1555 2872 quoque
1581 2818 1828 2868 defecerunt,
1854 2818 2084 2872 residuique
2111 2831 2203 2859 con-

556 2880 709 2932 sumpti
740 2884 846 2920 sunt.

293 2940 327 2962 37
358 2938 413 2978 Et
440 2939 564 2979 dicet:
598 2938 701 2979 ⁴1Ubi
731 2944 827 2979 sunt
856 2939 909 2979 dii
941 2952 1092 2984 eorum,
1177 2938 1218 2978 in
1250 2938 1395 2991 quibus
1426 2937 1637 2978 habebant
1668 2936 1884 2978 fiduciam?

293 2999 328 3022 ³⁸
356 2997 418 3037 De
450 3010 620 3050 quorum
652 2998 827 3038 victimis
858 2998 1129 3038 comedebant
1159 2997 1309 3050 adipes,
1394 3002 1433 3037 et
1464 2997 1661 3038 bibebant
1692 2996 1833 3037 vinum
1861 2995 2122 3037 libaminum:

293 3061 473 3109 surgant,
506 3061 546 3096 et
576 3056 828 3109 opitulentur
857 3057 983 3105 vobis,
1069 3062 1109 3097 et
1138 3058 1178 3098 in
1208 3056 1449 3098 necessitate
1479 3070 1550 3097 vos
1580 3061 1810 3110 protegant.

293 3118 328 3139 3⁹
357 3115 502 3155 Videte
534 3115 641 3168 quod
672 3130 742 3169 ego
773 3117 847 3157 sim
877 3116 995 3162 solus,
1081 3121 1122 3157 et
1152 3130 1231 3157 non
1261 3116 1314 3157 sit
1343 3116 1443 3156 alius
1472 3116 1582 3157 Deus
1613 3121 1760 3169 praeter
1788 3129 1869 3156 me:

299 3186 388 3228 eego
420 3174 613 3219 occidam,
646 3180 685 3213 et
716 3189 786 3227 ego
817 3176 952 3216 vivere
982 3176 1148 3215 faciam:
1246 3175 1483 3229 percutiam.
1516 3180 1557 3215 et
1586 3187 1657 3227 ego
1687 3175 1852 3223 sanabo,
1948 3179 2002 3215 fet
2031 3187 2113 3214 non
2142 3177 2203 3215 est

558 3233 625 3286 qui
656 3234 704 3273 de
736 3247 856 3274 manu
888 3248 977 3275 mea
1008 3235 1136 3288 possit
1166 3248 1313 3275 eruere.

293 3294 329 3316 ⁴⁰
357 3292 522 3333 Levabo
553 3292 605 3332 ad
635 3291 775 3333 caelum
807 3307 973 3334 manum
1005 3307 1149 3339 meam,
1235 3298 1275 3334 et
1305 3294 1456 3333 dicam:
1489 3293 1591 3333 Vivo
1622 3306 1693 3345 ego
1724 3294 1764 3334 in
1793 3298 2002 3333 zeternum.

426 3424 465 3457 21
486 3424 612 3463 Η1115,
632 3425 687 3463 14;
716 3425 803 3458 Rom
828 3428 876 3465 10,
897 3427 946 3459 19.
976 3448 1015 3450 *-
1039 3427 1079 3460 29
1099 3427 1153 3460 Ι)Ι1
1170 3428 1202 3466 9,
1222 3428 1272 3459 12.
1300 3448 1341 3450 ἡ
1367 3426 1407 3459 35
1429 3426 1497 3459 CSir
1521 3426 1574 3466 28,
1601 3427 1634 3462 1;
1664 3425 1750 3457 Rem
1770 3425 1821 3463 12,
1843 3425 1899 3463 19;
1926 3423 2002 3457 Hbr
2020 3424 2071 3465 10,
2090 3424 2140 3457 30.
2162 3444 2202 3448 —

294 3471 335 3505 37
356 3471 412 3504 dlr
433 3472 463 3506 2,
487 3471 537 3505 28.
577 3493 606 3495 ἡ
631 3472 672 3505 39
697 3474 731 3505 ⁰1
756 3474 811 3505 Sin
837 3474 867 3511 2,
894 3474 928 3512 G:
955 3474 1026 3505 Tol)
1051 3474 1102 3513 13,
1126 3475 1160 3514 2;
1186 3475 1254 3518 Sap
1280 3475 1330 3509 16.
1354 3474 1402 3507 13.
1432 3494 1471 3496 —
1505 3473 1579 3506 sloh
1604 3472 1654 3512 10,
1682 3473 1710 3505 7.
