2356 3760
82 496 129 526 qui
144 503 266 526 §capu-us

89 538 99 554 1·
112 532 259 561 -5111111111111

101 567 246 591 consta-uti

134 607 211 626 suxit.

98 1617 245 1642 Exercitui

139 1653 204 1677 111111

96 1689 220 1713 Bam-hid
227 1689 231 1712 1
238 1702 246 1706 -

139 2043 204 2061 cum

70 2072 166 2102 paucis
182 2072 274 2097 fortis—

136 2108 206 2131 sim·—

114 2144 229 2171 rosis-tit,

104 2714 240 2740 glorliffill}

129 2749 214 2772 cadit.

106 3383 241 3412 svin-litui*

99 3426 132 3443 ac
154 3418 246 3442 flotus.

281 229 357 267 910⁴
1135 225 1279 259 LIBER
1305 226 1330 259 Ι.
1951 228 1984 269 8,
2009 228 2127 269 20-9,
2154 230 2194 263 21

279 318 445 363 curiam,
476 323 517 360 et
544 318 754 360 dixerunt:
810 322 846 342 ²⁰
874 318 996 358 Iudas
1023 317 1296 361 Machabaeus.
1326 323 1368 358 et
1393 317 1539 359 fratres
1567 318 1663 367 eius,
1693 324 1734 360 et
1760 319 1935 373 populus
1964 321 2195 364 Iudaeorum

279 377 478 418 miserunt
506 391 577 419 nos
606 378 659 418 ad
687 390 759 417 vos
788 381 969 417 statuere
998 376 1210 418 vobiscum
1238 376 1490 425 societatem,
1521 382 1562 417 et
1589 390 1745 430 pacem,
1776 383 1817 419 et
1844 380 2095 421 conscribere
2123 394 2195 422 nos

279 436 419 478 socios,
448 442 487 477 et
515 436 664 477 amicos
692 440 859 475 vestros.
915 437 944 458 ²¹
973 435 1028 476 Et
1052 434 1208 488 placuit
1233 448 1363 476 sermo
1389 435 1430 476 in
1457 441 1677 489 conspectu
1704 449 1856 478 eorum.

386 497 417 520 '²²
446 495 500 535 Et
528 495 603 536 hoc
632 493 872 546 rescriptum
901 498 973 540 est,
1005 494 1115 548 quod
1142 493 1435 547 rescripserunt
1462 494 1502 534 in
1530 494 1681 535 tabulis
1709 495 1831 543 aereis,
1862 501 1903 536 et
1930 497 2129 539 miserunt
2155 498 2196 539 in

284 553 515 597 Ierusalem.
550 559 597 593 ut
628 557 733 593 esset
765 552 874 605 apud
907 565 973 593 eos
1005 552 1060 593 ibi
1092 552 1326 594 memoriale
1357 552 1480 606 pacis,
1515 558 1556 594 et
1586 553 1805 595 societatis,
1866 556 1898 579 '2³
1930 555 2080 596 BENE
2111 556 2196 598 SIT

282 611 543 655 ROMANIS,
578 617 619 651 et
649 611 760 657 genti
800 611 1026 652 ludaeorum
1058 611 1098 652 in
1131 611 1244 657 mari,
1279 616 1320 652 et
1350 612 1391 652 in
1424 616 1532 652 terra
1562 611 1602 653 in
1635 617 1852 653 aeternum:
1884 613 2125 668 gladiusque
2157 621 2198 656 et

280 671 406 711 hostis
432 669 572 723 procul
597 669 648 710 sit
675 670 726 710 ab
753 669 819 710 615.
875 671 907 694 2⁴
932 670 1052 718 Quod
1077 670 1109 710 si
1134 670 1331 711 institerit
1358 670 1508 711 bellum
1536 671 1732 712 Romanis
1758 671 1881 725 prius,
1910 678 1983 713 aut
2008 673 2197 714 omnibus

278 729 393 770 sociis
417 741 555 770 eorum
578 728 618 768 in
642 728 752 769 omni
775 728 1055 771 dominatione
1078 742 1236 770 eorum:
1287 731 1318 753 2⁵
1341 729 1539 770 auxilium
1562 729 1664 771 feret
1685 743 1782 783 gens
1806 730 2050 777 Iudaeorum,
2074 737 2198 785 prout

279 794 441 840 tempus
471 787 703 833 dictaverit,
737 788 856 829 corde
886 787 1023 841 pleno:
1082 790 1117 812 2⁶
1146 793 1188 828 et
1216 787 1497 841 praeliantibus
1526 801 1607 829 non
1638 789 1810 837 dabunt,
1842 803 1973 843 neque
2002 790 2198 832 submini-

277 846 470 887 strabunt
501 846 695 890 triticum.
730 859 855 889 arma.
890 847 1117 900 pecuniam,
1152 860 1288 890 naves.
1322 846 1428 887 sicut
1458 846 1613 901 placuit
1645 848 1860 889 Romanis:
1893 854 1934 889 et
1964 850 2199 890 custodient

277 906 477 946 mandata
501 919 653 949 eorum„
683 905 782 946 nihil
807 906 858 947 ab
883 905 938 945 eis
962 905 1219 959 accipientes.
1272 907 1306 931 2⁷
1330 905 1525 947 Similiter
1547 910 1686 947 autem
1711 911 1752 947 et
1775 907 1807 948 si
1829 907 1942 961 genti
1967 908 2198 950 Iudaeorum

276 963 387 1017 prius
410 964 603 1005 acciderit
627 964 788 1011 bellum,
814 964 1075 1005 adiuvabunt
1098 964 1275 1005 Romani
1297 978 1346 1006 ex
1369 965 1517 1011 animo,
1541 970 1666 1018 prout
1687 965 1741 1006 eis
1764 970 1927 1020 tempus
1948 967 2196 1020 permiserit:

277 1025 312 1047 2⁸
327 1028 368 1063 et
383 1023 678 1064 adiuvantibus
694 1037 774 1064 non
791 1023 959 1063 dabitur
975 1023 1170 1071 triticum,
1188 1036 1313 1073 arma,
1331 1024 1516 1076 pecunia,
1534 1036 1671 1070 naves,
1690 1024 1795 1065 sicut
1808 1024 1965 1078 placuit
1981 1025 2196 1067 Romanis:

276 1087 317 1122 et
342 1082 576 1123 custodient
600 1082 799 1123 mandata
824 1094 962 1123 eorum
988 1082 1143 1136 absque
1168 1082 1273 1124 dolo.
1326 1084 1362 1107 2⁹
1386 1084 1610 1124 secundum
1635 1083 1721 1124 haec
1745 1084 1871 1125 verba
1894 1084 2204 1126 constituerunt

278 1141 454 1182 Romani
474 1140 625 1194 populo
647 1141 890 1182 [udaeorum.
938 1142 975 1165 ³⁰
992 1141 1111 1189 Quod
1130 1141 1162 1181 si
1181 1146 1275 1194 post
1293 1142 1378 1183 haec
1396 1142 1523 1183 verba
1540 1141 1581 1181 hi
1600 1146 1673 1182 aut
1691 1141 1746 1182 illi
1765 1143 1925 1191 addere,
1947 1148 2020 1184 aut
2038 1144 2198 1184 demere

276 1201 328 1241 ad
363 1200 447 1241 haec
483 1199 637 1253 aliquid
673 1199 889 1247 voluerint,
926 1200 1079 1241 fas-ient
1113 1213 1163 1241 ex
1197 1201 1408 1254 proposito
1443 1215 1535 1242 suo:
1572 1205 1613 1241 et
1648 1214 1916 1255 quaecumque
1950 1201 2195 1244 addiderint.

277 1259 340 1299 vel
369 1259 631 1312 dempserint.
663 1264 754 1299 rata
782 1264 913 1300 erunt.
971 1261 1001 1283 3¹
1031 1259 1110 1300 Sed
1139 1263 1180 1300 et
1207 1260 1257 1300 de
1284 1259 1414 1305 malis,
1447 1273 1536 1314 quae
1564 1260 1797 1301 Demetrius
1825 1273 1896 1301 rex
1923 1260 2021 1302 fecit
2048 1261 2088 1302 in
2117 1274 2196 1311 eos,

276 1318 509 1370 scripsimus
533 1318 578 1365 ei,
604 1318 803 1358 dicentes:
829 1318 962 1367 Quare
983 1318 1167 1372 gravasti
1189 1318 1329 1372 iugum
1352 1324 1471 1359 tuum
1494 1331 1615 1372 super
1636 1318 1787 1361 amicos
1809 1324 1982 1367 11051105,
2008 1325 2049 1360 et
2070 1320 2198 1362 socios

278 1376 461 1418 Iudaeos?
518 1378 550 1401 ³2
579 1376 619 1418 Si
649 1389 742 1431 ergo
771 1377 920 1418 iterum
950 1377 1125 1418 adierint
1154 1390 1239 1426 nos,
1272 1378 1491 1419 adversum
1521 1383 1561 1419 te
1590 1377 1785 1419 faciemus
1814 1377 1890 1419 illis
1919 1378 2126 1427 iudicium,
2158 1383 2199 1419 et

275 1435 550 1489 pugnabimus
579 1440 715 1476 tecum
743 1436 845 1476 mari
874 1440 1075 1490 terraque.

553 1539 591 1579 4.
623 1539 737 1580 Cum
769 1539 992 1581 Bacchide
1023 1539 1205 1581 fortiter
1233 1551 1452 1592 pugnans
1482 1541 1692 1590 moritur,
1720 1540 1760 1591 9,
1778 1541 1924 1581 1—22.

384 1612 421 1653 9.
478 1613 490 1635 ¹
528 1611 691 1652 Interea
724 1616 771 1651 ut
805 1611 965 1652 audivit
999 1612 1234 1652 Demetrius
1269 1612 1366 1665 quia
1399 1612 1545 1652 cecidit
1580 1611 1769 1659 Nicanor,
1805 1616 1847 1652 et
1880 1611 2081 1653 exercitus
2115 1612 2199 1654 eius

279 1671 318 1711 111
340 1670 488 1724 praelio.
513 1670 706 1723 apposuit
728 1669 986 1715 Bacchidem.
1010 1675 1051 1710 et
1071 1669 1276 1711 Alcimum
1298 1682 1458 1710 rursum
1480 1670 1643 1711 mittere
1663 1669 1705 1711 in
1728 1670 1922 1715 Iudaeam,
1945 1675 1987 1711 et
2007 1671 2199 1712 dextrum

275 1742 400 1771 cornu
430 1742 522 1770 cum
551 1728 639 1769 illis.
697 1730 711 1752 '2
740 1728 796 1769 Et
824 1728 1015 1770 abierunt
1043 1728 1166 1774 viam,
1199 1742 1289 1783 quae
1317 1729 1432 1770 ducit
1459 1729 1500 1770 in
1528 1728 1711 1783 Galgala,
1742 1733 1784 1770 et
1811 1733 1947 1770 castra
1973 1734 2200 1783 posuerunt

273 1789 314 1829 in
347 1787 565 1837 Masaloth,
601 1800 691 1841 quae
725 1792 786 1828 est
817 1787 858 1828 in
891 1787 1083 1828 Arbellis:
1119 1794 1160 1829 et
1194 1793 1502 1842 occupaverunt
1534 1801 1637 1837 eam,
1673 1793 1714 1828 et
1746 1793 2008 1842 peremerunt
2041 1789 2198 1830 animas

275 1847 488 1889 hominum
522 1846 687 1887 multas,
749 1849 764 1871 ³
801 1846 847 1886 In
882 1859 1019 1887 mense
1054 1846 1184 1900 primo
1220 1847 1317 1888 anni
1351 1847 1561 1888 centesimi
1595 1852 1637 1887 et
1671 1846 1999 1901 quinquagesimi
2032 1848 2199 1889 secundi

275 1906 562 1960 applicuerunt
593 1905 817 1946 exercitum
850 1906 902 1946 ad
936 1906 1174 1946 Ierusalem:
1234 1908 1249 1930 ⁴
1280 1911 1321 1947 et
1351 1912 1627 1955 surrexerunt,
1661 1911 1703 1946 et
1733 1905 1924 1946 abierunt
1954 1905 1994 1946 in
2027 1906 2198 1947 Beream

277 1965 422 2019 viginti
449 1964 576 2005 millia
602 1964 795 2009 virorum¹
826 1971 867 2005 et
894 1965 975 2006 duo
1003 1964 1130 2006 millia
1157 1964 1355 2019 equitum.

383 2027 398 2049 5
426 2024 482 2065 Et
512 2024 634 2065 Iudas
663 2029 857 2077 posuerat
885 2029 1019 2065 castra
1046 2024 1087 2064 in
1116 2024 1247 2073 Laisa,
1278 2029 1319 2065 et
1347 2024 1427 2065 tria
1453 2023 1580 2065 millia
1607 2023 1682 2065 viri
1712 2023 1827 2065 electi
1856 2037 1948 2065 cum
1977 2037 2041 2065 eo:
2115 2026 2131 2049 ⁶
2157 2029 2200 2066 et

281 2084 472 2125 viderunt
504 2082 813 2124 multitudinem
847 2083 1048 2124 exercitus
1081 2083 1178 2137 quia
1208 2083 1328 2124 multi
1360 2087 1468 2131 sunt,
1503 2087 1545 2124 et
1576 2083 1804 2124 timuerunt
1836 2082 1973 2124 valde:
2007 2088 2049 2125 et
2079 2083 2199 2124 multi

279 2144 576 2184 subtraxerunt
604 2155 644 2183 se
674 2143 722 2183 de
752 2141 906 2185 castris,
938 2148 978 2183 et
1007 2155 1089 2184 non
1118 2147 1403 2183 remanserunt
1431 2155 1481 2183 ex
1509 2141 1564 2183 eis
1593 2141 1670 2183 nisi
1699 2141 1924 2196 octingenti
1952 2141 2039 2184 viri.
2100 2143 2114 2166 ⁷
2143 2143 2199 2184 Et

278 2202 381 2243 vidit
410 2202 531 2242 Iudas
558 2201 668 2255 quod
693 2200 866 2241 defluxit
890 2200 1092 2242 exercitus
1117 2214 1225 2245 suus,
1253 2206 1295 2242 et
1319 2201 1470 2242 bellum
1495 2201 1743 2256 perurgebat
1767 2214 1872 2251 eum,
1900 2205 1941 2242 et
1965 2201 2198 2243 confractus

276 2267 337 2302 est
361 2261 498 2302 corde:
526 2260 622 2314 quia
644 2273 726 2301 non
749 2259 932 2300 habebat
955 2265 1117 2313 tempus
1142 2259 1415 2314 congregandi
1439 2273 1517 2308 eos,
1544 2264 1585 2300 et
1608 2259 1830 2301 dissolutus
1854 2264 1926 2301 est.
1982 2261 1997 2284 ⁸
2019 2260 2076 2301 Et
2093 2260 2199 2302 dixit

276 2320 348 2365 1115,
383 2319 451 2373 qui
482 2319 629 2359 residui
661 2323 795 2360 erant:
828 2318 1063 2373 Surgamus,
1097 2324 1137 2359 et
1167 2332 1306 2359 eamus
1338 2320 1390 2360 ad
1421 2318 1675 2360 adversarios
1705 2323 1878 2367 nostros,
1911 2319 1943 2359 si
1972 2319 2198 2373 poterimus

276 2392 457 2433 pugnare
475 2379 671 2419 adversus
688 2391 765 2419 eos,
816 2381 830 2401 ³
846 2378 903 2418 Et
919 2378 1166 2419 avertebant
1183 2391 1288 2425 eum,
1308 2378 1508 2419 dicentes:
1528 2378 1620 2419 Non
1636 2377 1874 2431 poterimus,
1894 2378 1965 2419 sed
1979 2377 2198 2419 liberemus

276 2438 433 2479 animas
462 2442 622 2478 nostras
650 2438 785 2481 modo,
817 2441 857 2477 et
886 2442 1142 2478 revertamur
1170 2437 1222 2478 ad
1249 2437 1396 2478 fratres
1424 2441 1598 2486 nostros,
1629 2442 1670 2478 et
1698 2442 1798 2478 tunc
1824 2437 2100 2491 pugnabimus
2128 2438 2199 2478 ad-

276 2510 415 2538 versus
442 2510 526 2537 eos:
580 2509 653 2537 nos
680 2501 818 2537 autem
843 2496 964 2549 pauci
990 2509 1141 2537 sumus.
1198 2498 1233 2520 1⁰
1256 2496 1312 2536 Et
1338 2496 1396 2537 ait
1423 2496 1565 2537 Iudas:
1591 2495 1713 2537 Absit
1737 2495 1860 2537 istam
1885 2509 1970 2536 rem
1994 2496 2127 2537 facere
2151 2501 2199 2538 ut

276 2557 480 2607 fugiamus
509 2556 561 2597 ab
589 2555 662 2596 eis:
692 2561 733 2596 et
760 2553 792 2596 si
820 2555 1083 2608 appropiavit
1112 2560 1274 2608 tempus
1302 2560 1501 2601 nostrum,
1531 2555 1756 2596 moriamur
1781 2554 1822 2595 111
1850 2554 2006 2596 virtute
2032 2559 2201 2609 propter

276 2617 422 2656 fratres
452 2620 624 2659 nostros,
656 2619 697 2655 et
724 2627 806 2655 non
835 2613 1057 2655 inferamus
1087 2613 1238 2655 crimen
1266 2613 1403 2668 gloriae
1430 2619 1592 2655 nostrae.

386 2676 415 2697 11
437 2673 491 2713 Ε1
512 2673 644 2714 movit
664 2673 864 2714 exercitus
886 2673 935 2713 de
956 2673 1110 2718 castris,
1134 2678 1175 2714 et
1194 2677 1399 2714 steterunt
1419 2672 1495 2714 illis
1517 2672 1701 2714 obviam:
1724 2677 1765 2714 et
1785 2672 1905 2713 divisi
1925 2678 2022 2713 sunt
2041 2673 2199 2726 equites

279 2735 319 2775 in
341 2734 441 2775 duas
461 2737 611 2786 partes,
636 2737 677 2772 et
696 2731 974 2775 fundibularii,
998 2737 1038 2772 et
1059 2731 1260 2786 sagittarii
1280 2732 1485 2786 praeibant
1504 2732 1741 2781 exercitum,
1764 2736 1806 2772 et
1825 2731 1945 2785 primi
1966 2731 2199 2773 certaminis

276 2806 415 2834 omnes
447 2796 649 2845 potentes.
712 2793 741 2815 ¹⁴2
776 2791 997 2832 Bacchides
1030 2797 1169 2832 autem
1202 2796 1289 2832 erat
1319 2791 1360 2832 in
1392 2792 1538 2832 dextro
1570 2804 1707 2839 cornu,
1741 2795 1783 2831 et
1812 2790 2067 2844 proximavit
2096 2790 2198 2844 legio

277 2865 326 2893 ex
350 2852 509 2892 duabus
533 2850 732 2904 partibus,
759 2856 801 2891 et
824 2849 1060 2891 clamabant
1085 2850 1213 2891 tubis:
1266 2852 1298 2875 13
1321 2849 1659 2891 exclamaverunt
1682 2853 1821 2890 autem
1846 2854 1887 2890 et
1909 2849 1962 2897 hi,
1990 2849 2059 2903 qui
2082 2854 2200 2890 erant

277 2924 326 2951 ex
350 2916 465 2963 parte
490 2910 613 2952 Iudae.
640 2909 764 2950 etiam
786 2909 874 2963 ipsi,
900 2914 941 2949 et
963 2914 1172 2950 commota
1193 2915 1254 2949 est
1277 2914 1385 2950 terra
1407 2922 1432 2949 a
1452 2922 1552 2950 voce
1575 2908 1847 2949 exercituum:
1872 2913 1913 2949 et
1935 2908 2198 2949 commissum

277 2976 337 3010 est
365 2969 545 3021 praelium
571 2982 595 3009 a
618 2982 738 3009 mane
763 2980 891 3022 usque
917 2969 968 3008 ad
994 2980 1218 3021 vesperam.
1274 2970 1304 2992 ¹⁴
1329 2968 1384 3008 Et
1410 2967 1515 3008 vidit
1543 2967 1677 3017 Iudas,
1706 2967 1816 3021 quod
1840 2966 1994 3008 firmior
2018 2972 2080 3008 est
2102 2980 2197 3020 pars

278 3028 477 3068 exercitus
512 3027 721 3068 Bacchidis
749 3027 789 3068 in
817 3027 983 3071 dextris,
1014 3033 1054 3067 et
1082 3032 1363 3067 convenerunt
1390 3040 1482 3067 cum
1510 3026 1597 3079 ipso
1625 3039 1764 3067 omnes
1793 3030 2029 3067 constantes
2057 3027 2195 3067 corde:

278 3089 309 3112 15
331 3095 370 3126 et
393 3086 570 3127 contrita
592 3091 652 3127 est
674 3087 843 3127 dextera
864 3099 957 3138 pars
979 3086 1030 3126 ab
1053 3086 1119 3130 615,
1143 3091 1184 3126 et
1204 3090 1441 3138 persecutus
1464 3090 1525 3126 est
1546 3098 1612 3126 eos
1634 3097 1762 3138 usque
1784 3085 1836 3125 ad
1856 3090 2041 3125 montem
2062 3084 2194 3126 Azoti.

279 3148 312 3171 1ss
338 3145 392 3185 Et
421 3145 488 3198 qui
516 3145 553 3185 111
580 3145 742 3186 sinistro
769 3159 893 3186 cornu
921 3149 1048 3188 erant,
1078 3145 1271 3185 viderunt
1297 3145 1407 3198 quod
1433 3144 1657 3186 contritum
1684 3149 1745 3185 est
1771 3144 1963 3184 dextrum
1990 3156 2127 3189 cornu,
2156 3148 2198 3184 et

278 3204 405 3245 secuti
430 3210 524 3244 sunt
551 3211 641 3256 post
671 3205 824 3247 ludam,
852 3210 892 3245 et
916 3217 993 3248 605,
1021 3204 1089 3257 qui
1114 3216 1205 3244 cum
1230 3203 1316 3256 ipso
1341 3208 1469 3249 erant,
1496 3216 1520 3243 a
1543 3208 1673 3255 tergo:
1727 3204 1759 3226 1⁷
1785 3206 1826 3242 et
1847 3202 2111 3256 ingravatum
2136 3206 2198 3242 est

281 3263 473 3316 praelium,
504 3269 543 3302 et
571 3263 803 3303 ceciderunt
830 3262 1033 3303 vulnerati
1062 3262 1180 3303 multi
1207 3275 1256 3302 ex
1283 3262 1355 3311 his,
1385 3268 1425 3302 et
1452 3275 1502 3302 ex
1527 3261 1615 3302 illis.
1673 3263 1706 3285 ¹8
1732 3261 1788 3302 Et
1817 3261 1940 3301 Iudas
1968 3260 2124 3303 cecidit.
2155 3265 2196 3300 et

279 3322 398 3361 ceteri
430 3321 633 3374 fugerunt.

388 3382 420 3404 ¹⁹
450 3380 504 3420 Et
535 3380 742 3424 lonathas.
774 3387 814 3421 et
842 3381 982 3422 Simon
1012 3380 1196 3421 tulerunt
1227 3379 1371 3420 Iudam
1401 3380 1570 3420 fratrem
1599 3392 1730 3421 suum.
1762 3384 1804 3419 et
1831 3377 2077 3431 sepelierunt
2104 3390 2197 3418 eum

282 3440 319 3480 111
342 3439 554 3491 sepulchro
578 3445 738 3491 patrum
763 3453 926 3480 suorum
950 3440 989 3480 in
1012 3439 1180 3479 civitate
1201 3439 1352 3479 Modin.
1404 3441 1439 3462 ²⁰
1459 3438 1513 3479 Et
1534 3438 1736 3478 fleverunt
1757 3450 1849 3478 eum
1871 3436 2000 3478 omnis
2021 3436 2196 3491 populus

286 3497 405 3539 lsrael
434 3497 601 3551 planctu
630 3510 788 3547 magno.
820 3504 859 3538 ct
887 3498 1082 3551 lugebant
1110 3498 1193 3538 dies
1221 3497 1384 3541 multos,
1441 3500 1471 3521 ²¹
1501 3502 1541 3538 et
1568 3496 1778 3537 dixerunt:
1808 3495 2023 3544 Quomodo
2052 3495 2196 3536 cecidit

281 3562 436 3611 potens.
469 3556 538 3610 qui
566 3556 723 3596 salvum
756 3551 941 3597 faciebat
961 3557 1157 3611 populum
1193 3555 1329 3597 lsrael!
