2356 3760
131 114 184 154 16,
209 113 333 154 9--17,
360 113 402 147 14
965 113 1197 148 SAMUELIS
1953 122 2029 164 239

129 207 296 249 vocavit
319 206 399 247 Isai
420 206 651 255 Abinadab‚
676 212 717 248 et
739 205 913 247 adduxit
935 220 1027 246 eum
1049 219 1116 247 601
1120 220 1185 246 am
1207 207 1405 248 Samuele.
1430 208 1507 256 Qui
1531 209 1652 249 dixit:
1678 211 1759 252 Nec
1780 214 1887 255 hunc
1910 214 2028 268 elegit

128 266 341 308 Dominus.
387 264 1044 313 9Α(1(111)(11311161111331831111113
1061 265 1110 305 (16
1125 278 1204 318 quo
1221 265 1296 305 ait:
1313 265 1451 306 Etiam
1466 267 1573 307 hunc·
1588 280 1669 308 non
1683 268 1801 322 elegit
1814 247 2025 315 Dominus.

130 326 165 349 ¹⁰
190 324 377 365 Adduxit
403 324 543 377 itaque
571 322 651 363 Isai
678 328 834 376 septem
862 322 963 363 filios
991 336 1083 364 suos
1111 336 1247 364 coram
1274 324 1478 365 Simuele:
1508 330 1548 365 et
1576 325 1633 366 ait
1660 326 1822 368 Samuel
1849 331 1901 369 ad
1930 331 2026 371 lsai:

129 383 221 424 Non
253 382 371 437 elegit
401 380 601 422 Dominus
633 395 682 422 ex
711 381 812 423 istis.
873 383 903 405 ¹¹
934 380 1132 435 Dixitque
1162 382 1325 423 Samuel
1356 383 1408 423 ad
1440 382 1537 423 Isai:
1571 383 1782 438 Numquid
1812 386 1889 426 iam
1923 402 2028 428 com-

127 441 227 495 pleti
252 446 348 483 sunt
371 439 465 481 filii?
492 440 570 488 Qui
594 440 823 494 respondit:
850 440 996 481 Adhuc
1018 440 1196 494 reliquus
1221 446 1282 481 est
1306 441 1513 494 parvuluS‚
1540 447 1581 482 et
1604 443 1735 495 pascit
1759 457 1866 485 oves,
1893 446 1947 486 Et
1972 447 2029 487 ait

127 500 291 541 Samuel
322 499 374 540 ad
406 498 504 539 Isai:
536 498 668 546 Μ1116,
701 504 742 540 61
773 498 906 539 adduc
937 512 1048 539 eum:
1081 512 1153 539 nec
1185 498 1291 539 enim
1323 499 1624 541 discumbemus
1656 501 1765 554 prius
1798 516 1921 556 quam
1952 504 2029 544 huc

127 558 192 600 ille
217 558 367 599 veniat.
422 559 454 582 ¹²
478 556 590 598 Misit
615 570 720 611 ergo,
748 563 789 598 et
814 557 989 598 adduxit
1013 571 1118 598 eum.
1146 557 1248 598 Erat
1274 563 1412 599 autem
1437 559 1563 607 1111113,
1591 564 1632 599 61
1656 560 1822 612 pulcher
1847 567 2027 615 aspectu,

128 618 354 670 decoraque
381 615 496 657 facie
526 621 568 656 et
595 615 654 656 ait
680 615 900 657 Dominus:
929 616 1067 669 Surge
1097 629 1202 669 unge
1230 630 1334 665 eum,
1364 616 1449 680 ipse
1476 622 1538 657 est
1565 617 1684 658 enim
1742 621 1772 643 ¹3
1800 619 1910 661 Tulit
1937 633 2028 674 ergo

127 675 291 717 Samuel
317 687 441 716 cornu
468 673 555 723 olei,
584 679 626 716 et
655 675 795 716 aunxit
821 688 913 715 eum
940 674 981 715 in
1007 674 1140 716 medio
1167 651 1341 716 fratrum
1368 675 1470 716 eius:
1500 681 1540 716 et
1566 676 1742 717 directus
1770 683 1830 718 est
1855 678 2029 732 Spiritus

126 734 292 776 Domini
323 747 347 774 a
376 733 439 774 die
469 732 538 773 illa
566 732 608 774 in
638 733 787 782 David,
821 739 862 774 et
892 733 1099 787 deinceps.
1132 746 1378 787 surgensque
1409 734 1572 775 Samuel
1603 734 1704 775 abiit
1734 735 1775 776 in
1807 737 2025 778 Ramatha.

575 837 614 876 2.
645 836 789 876 David
817 835 869 876 fit
897 836 1100 888 armiger
1131 835 1296 887 Saulis,
1325 836 1391 887 16,
1410 837 1582 877 14-23.

231 910 263 933 14
287 907 462 962 Spiritus
488 911 626 948 autem
651 907 818 949 Domini
842 907 1007 948 recessit
1031 921 1056 948 a
1078 907 1176 948 Saul
1200 912 1241 948 et
1265 907 1504 961 exagitabat
1529 922 1621 949 eum
1646 909 1811 963 spiritus
1837 923 2025 964 nequam,

126 981 151 1008 a
168 966 359 1009 Domino.
409 967 440 990 ¹⁵
460 965 745 1019 Dixeruntque
766 965 871 1007 servi
890 965 987 1007 Saul
1007 967 1059 1007 ad
1079 980 1190 1007 eum:
1212 966 1317 1007 Ecce
1337 966 1502 1020 spiritus
1523 967 1599 1008 Dei
1619 967 1749 1009 malus
1771 968 1953 1022 exagitat
1973 974 2024 1010 te.

126 1027 161 1051 ¹⁶
178 1026 326 1067 lubeat
342 1024 531 1066 dominus
548 1030 697 1071 1103161,
717 1029 758 1065 61
774 1024 879 1065 servi
895 1025 968 1073 tui,
989 1025 1057 1079 qui
1074 1038 1210 1066 coram
1228 1030 1267 1066 te
1284 1031 1392 1070 sunt,
1412 1031 1595 1079 quaerent
1610 1026 1817 1068 hominem
1833 1027 2027 1068 scientem

125 1084 294 1139 psallere
318 1084 487 1132 cithara,
512 1088 560 1124 ut
584 1084 748 1137 quando
773 1083 990 1138 arripuerit
1011 1089 1053 1125 te
1076 1084 1241 1138 spiritus
1265 1084 1431 1125 Domini
1454 1084 1597 1134 malus,
1622 1085 1772 1139 psallat
1794 1100 1919 1127 manu
1943 1100 2027 1135 3113,

125 1148 166 1185 61
189 1143 318 1185 levius
343 1144 460 1184 feras.
516 1144 548 1166 ¹⁷
574 1142 631 1183 Et
656 1142 714 1183 ait
739 1142 835 1183 Saul
861 1143 913 1184 ad
938 1156 1074 1184 servos
1100 1157 1211 1184 suos:
1238 1143 1456 1184 Providete
1482 1156 1574 1197 ergo
1600 1144 1699 1184 mihi
1725 1144 1901 1198 aliquem
1927 1146 2029 1186 bene

123 1201 379 1257 psallentem,
408 1206 450 1243 et
476 1201 667 1242 adducite
694 1214 786 1242 eum
814 1202 866 1243 ad
891 1216 967 1243 me.
1024 1203 1058 1226 ¹⁸
1084 1202 1139 1243 Et
1164 1203 1411 1256 respondens
1438 1216 1542 1243 unus
1570 1203 1618 1243 de
1645 1204 1790 1257 pueris,
1820 1204 1895 1244 ait:
1924 1204 2028 1245 Ecce

124 1260 209 1302 vidi
233 1260 361 1302 filium
389 1260 467 1301 1331
494 1259 836 1301 Β611116116111116111
861 1260 1056 1302 scientem
1081 1260 1261 1314 psallere,
1290 1266 1330 1301 et
1354 1260 1622 1302 fortissimum
1647 1262 1802 1309 robore,
1829 1267 1870 1304 et
1895 1263 2028 1303 virum

124 1319 371 1369 bellicosum,
400 1324 442 1360 et
466 1319 710 1373 prudentem
737 1319 778 1360 in
804 1319 950 1368 verbis,
979 1324 1020 1360 et
1046 1320 1179 1360 virum
1206 1318 1438 1372 pulchrum:
1467 1325 1508 1361 et
1533 1319 1734 1361 Dominus
1761 1326 1822 1362 est
1847 1334 1940 1362 eum
1967 1335 2024 1362 eo.

230 1381 264 1404 ¹⁹
290 1379 403 1420 Misit
430 1391 521 1432 ergo
550 1378 646 1419 Saul
674 1378 841 1419 nuncios
870 1379 922 1419 ad
951 1378 1042 1427 1331,
1073 1378 1227 1419 (1106113;
1257 1378 1376 1419 Mitte
1404 1379 1456 1419 ad
1482 1392 1546 1419 me
1573 1378 1711 1420 David
1738 1378 1865 1420 filium
1893 1384 2024 1429 tuum,

125 1438 194 1492 qui
218 1442 280 1479 est
303 1437 345 1478 in
369 1436 541 1491 pascuis.
595 1438 632 1461 ²⁰
656 1436 766 1477 Tulit
790 1436 929 1490 itaque
957 1437 1036 1478 Isai
1061 1436 1221 1477 asinum
1246 1436 1411 1490 plenum
1437 1437 1624 1491 panibus,
1651 1442 1693 1478 et
1715 1437 1901 1491 lagenam
1928 1438 2024 1486 vini,

123 1502 165 1538 et
186 1496 356 1538 hoedum
381 1496 430 1537 de
454 1495 585 1549 capris
610 1509 750 1545 unum,
776 1501 817 1537 et
840 1495 952 1537 misit
976 1509 1047 1549 per
1070 1509 1239 1536 manum
1263 1496 1399 1537 David
1425 1496 1495 1537 filii
1519 1496 1580 1537 sui
1603 1496 1725 1538 Sauli.
1778 1499 1809 1521 2¹
1834 1497 1889 1538 Et
1914 1497 2027 1538 venit

123 1555 262 1597 David
278 1555 331 1597 ad
346 1555 455 1604 Saul,
474 1560 515 1595 et
530 1554 648 1596 stetit
663 1567 799 1595 coram
816 1568 880 1596 eo:
899 1560 943 1596 at
957 1554 1023 1595 1116
1039 1554 1182 1596 dilexit
1198 1568 1290 1596 eum
1307 1554 1438 1602 nimis,
1458 1560 1498 1596 61
1513 1555 1647 1596 factus
1663 1560 1725 1597 est
1740 1555 1823 1597 eius
1841 1555 2025 1609 armiger.

122 1616 155 1639 2²
172 1614 365 1668 Misitque
384 1613 482 1655 Saul
499 1614 552 1655 ad
571 1613 663 1663 lsai,
684 1614 839 1654 dicens:
859 1614 950 1655 Stet
968 1614 1105 1655 David
1123 1614 1164 1654 in
1183 1619 1403 1668 conspectu
1423 1627 1530 1656 meo:
1550 1613 1709 1655 invenit
1727 1614 1834 1655 enim
1851 1614 2026 1669 gratiam

122 1673 164 1714 in
193 1673 318 1715 oculis
348 1672 461 1715 meis.
519 1674 552 1697 ‘2³
584 1672 713 1726 Igitur
743 1673 1086 1727 quandocumque
1116 1672 1281 1726 spiritus
1310 1672 1478 1714 Domini
1507 1672 1638 1714 malus
1669 1673 1890 1727 arripiebat
1915 1673 2024 1723 Saul,

122 1732 260 1773 David
280 1731 454 1774 tollebat
476 1731 689 1780 citharam,
715 1737 756 1773 et
777 1731 1034 1786 percutiebat
1056 1745 1181 1773 manu
1204 1745 1289 1781 sua,
1314 1737 1356 1773 et
1377 1731 1681 1774 refocillabatur
1702 1733 1810 1781 Saul,
1836 1738 1876 1774 et
1898 1732 2026 1774 levius

122 1791 315 1833 habebat.
345 1791 562 1832 recedebat
590 1791 696 1831 enim
726 1791 777 1831 ab
806 1804 852 1832 eo
881 1791 1047 1845 spiritus
1075 1790 1218 1832 malus.

457 1896 496 1936 3.
527 1894 671 1935 David
702 1893 1012 1936 Philisthaeum
1044 1894 1229 1935 Goliath
1260 1895 1436 1945 occidit,
1463 1896 1530 1946 17,
1548 1895 1694 1936 1-54,

226 1967 291 2010 17.
346 1969 359 1991 1
388 1967 686 2020 Congregantes
716 1972 854 2007 autem
882 1966 1130 2006 Philisthiim
1159 1965 1323 2020 agmina
1350 1980 1424 2007 sua
1450 1966 1491 2007 in
1519 1966 1714 2020 praelium,
1745 1971 2024 2008 convenerunt

121 2026 162 2067 in
191 2026 321 2068 Socho
354 2025 484 2066 Iudae:
516 2030 558 2066 et
586 2025 868 2066 castrametati
898 2030 995 2066 sunt
1023 2025 1129 2066 inter
1158 2025 1288 2066 Socho
1319 2030 1360 2066 et
1389 2025 1521 2066 Azeca
1550 2025 1591 2065 in
1621 2025 1769 2066 finibus
1799 2024 2020 2066 Dommim.

121 2087 136 2110 ²
158 2086 284 2127 Porro
309 2084 406 2126 Saul
429 2088 471 2124 et
494 2083 565 2124 fflii
590 2083 714 2124 Israel
738 2084 970 2137 congregati
994 2089 1196 2125 venerunt
1219 2083 1259 2124 in
1284 2083 1441 2125 Vallem
1465 2084 1698 2133 terebinthi,
1724 2089 1766 2125 et
1789 2084 2024 2125 direxerunt

121 2144 248 2186 aciem
273 2144 325 2185 ad
348 2143 615 2197 pugnandum
640 2147 784 2184 contra
806 2142 1066 2184 Philisthiim.
1118 2145 1133 2167 ³
1157 2143 1212 2184 Et
1235 2142 1482 2184 Philisthiim
1507 2143 1676 2184 stabant
1699 2155 1819 2196 super
1840 2148 2023 2184 montem

121 2217 171 2245 ex
195 2208 313 2257 parte
338 2202 426 2250 hac,
455 2207 496 2242 et
523 2201 647 2242 Israel
672 2202 812 2242 stabat
837 2214 961 2255 supra
984 2207 1167 2243 montem
1193 2215 1243 2242 ex
1269 2202 1398 2242 altera
1421 2206 1555 2256 parte:
1584 2201 1781 2256 vallisque
1806 2207 1894 2243 erat
1918 2201 2025 2242 inter

120 2276 198 2304 603.
255 2264 271 2286 4
299 2262 355 2303 Et
383 2273 562 2315 egressus
591 2265 653 2301 est
682 2260 743 2300 vir
771 2260 930 2313 spurius
959 2261 1008 2301 de
1037 2260 1179 2302 0331113
1208 2260 1546 2302 Ρ1111131111110111111
1574 2260 1738 2302 1101111116
1766 2260 1943 2309 Goliath‚
1974 2260 2023 2301 de

120 2321 239 2370 Geth,
271 2319 501 2361 altitudinis
530 2333 600 2360 sex
629 2319 861 2361 cubitorum
890 2325 931 2360 et
959 2319 1102 2373 palmi:
1159 2322 1174 2344 ⁵
1203 2324 1244 2360 et
1272 2320 1394 2360 cassis
1423 2332 1526 2360 aerea
1554 2332 1674 2373 super
1702 2325 1826 2373 caput
1855 2319 1950 2368 eius,
1982 2323 2024 2360 et

118 2380 243 2422 lorica
274 2383 494 2433 squamata
525 2377 785 2420 induebatur.
821 2391 939 2432 porro
974 2379 1133 2432 pondus
1167 2378 1299 2419 loricae
1331 2378 1427 2428 eius,
1464 2378 1643 2432 quinque
1675 2378 1802 2419 millia
1834 2378 2022 2419 siclorum

120 2439 207 2480 31113
227 2443 332 2480 6131;
384 2440 398 2462 ⁶
417 2443 458 2479 et
477 2450 613 2479 ocreas
633 2450 755 2478 aereas
774 2437 956 2478 habebat
974 2436 1016 2478 in
1035 2437 1236 2478 cruribus:
1258 2442 1298 2479 et
1318 2437 1482 2491 clypeus
1502 2450 1627 2478 aereus
1647 2438 1813 2491 tegebat
1831 2437 2021 2478 humeros

120 2498 215 2540 eius.
274 2499 288 2521 ⁷
316 2496 462 2538 hastile
489 2502 628 2537 autem
655 2496 785 2537 hastae
811 2495 894 2538 eius
922 2501 1010 2537 erat
1037 2496 1153 2550 quasi
1178 2496 1423 2537 liciatorium
1450 2496 1691 2537 texentium.
1721 2495 1854 2550 ipsum
1883 2500 2020 2536 autem

119 2557 271 2598 ferrum
292 2556 422 2597 hastae
443 2555 527 2597 eius
549 2560 761 2596 sexcentos
784 2554 899 2597 siclos
921 2555 1103 2596 habebat
1123 2555 1235 2596 ferri:
1260 2561 1300 2596 et
1323 2555 1495 2609 armiger
1517 2554 1599 2596 eius
1623 2555 1892 2596 antecedebat
1914 2567 2018 2595 eum.

122 2617 138 2641 ⁸
168 2616 372 2669 Stansque
403 2614 611 2656 clamabat
641 2614 859 2655 adversum
890 2614 1113 2668 phalangas
1147 2614 1281 2663 Israel,
1316 2619 1357 2655 et
1387 2614 1550 2655 dicebat
1581 2614 1654 2655 eis:
1688 2614 1821 2663 Quare
1852 2613 2021 2654 venistis

120 2674 254 2729 parati
279 2675 332 2716 ad
353 2673 561 2728 praelium?
589 2673 801 2727 Numquid
824 2686 895 2727 ego
920 2687 1002 2715 non
1026 2687 1115 2714 sum
1139 2673 1411 2723 Philisthaeus‚
1438 2678 1479 2714 et
1503 2686 1574 2714 vos
1599 2672 1703 2714 servi
1727 2672 1847 2713 Saul?
1873 2671 2020 2725 Eligite

120 2747 170 2775 ex
189 2733 306 2775 vobis
326 2732 473 2782 virum,
497 2737 538 2773 et
558 2732 780 2773 descendat
800 2732 853 2773 ad
871 2732 1072 2786 singulare
1093 2737 1310 2773 certamen.
1362 2734 1377 2756 ⁹
1397 2731 1429 2773 si
1450 2732 1627 2786 quiverit
1646 2744 1825 2785 pugnare
1845 2744 2017 2779 mecum,

120 2798 161 2834 et
180 2791 424 2846 percusserit
442 2805 519 2840 me,
548 2790 695 2832 erimus
716 2790 832 2832 vobis
858 2791 981 2832 servi:
1009 2791 1040 2832 si
1061 2795 1200 2832 autem
1220 2805 1292 2845 ego
1313 2790 1575 2845 praevaluero,
1600 2795 1641 2831 et
1660 2802 1891 2844 percussero
1912 2802 2016 2837 eum,

120 2865 191 2893 vos
213 2850 318 2892 servi
339 2850 462 2899 eritis,
486 2854 527 2891 et
548 2848 730 2891 servietis
752 2849 880 2891 nobis.
930 2851 967 2874 ¹⁰
986 2850 1042 2891 Et
1063 2849 1200 2891 aiebat
1220 2849 1498 2891 Philisthaeus:
1522 2850 1608 2903 Ego
1630 2848 1873 2902 exprobravi
1895 2847 2020 2902 agmi-

119 2910 238 2951 nibus
256 2909 380 2950 Israel
394 2908 533 2951 hodie:
550 2909 658 2950 Date
674 2908 773 2949 mihi
789 2908 935 2957 virum,
954 2914 995 2950 et
1009 2908 1122 2950 ineat
1136 2922 1296 2950 mecum
1312 2908 1513 2962 singulare
1529 2913 1746 2949 06113111611.
1792 2909 1823 2931 11
1838 2907 2019 2948 Α11(116113

119 2974 258 3011 31116111
289 2968 397 3018 83111,
430 2973 471 3009 61
501 2981 640 3010 01111163
674 2967 867 3009 1313611131
897 2980 1099 3009 sermones
1129 2967 1355 3008 Philisthaei
1385 2966 1675 3014 11111113061110(11,
1709 2967 1944 3046 stupebant,
1979 2970 2020 3006 et

118 3028 362 3069 metuebant
390 3026 522 3068 nimis.

223 3088 255 3111 ¹²
269 3085 408 3127 David
423 3090 561 3127 autern
577 3090 664 3126 erat
679 3085 783 3126 filius
794 3085 869 3125 viri
880 3085 1130 3139 Ephrathaei‚
1144 3085 1193 3126 de
1209 3099 1288 3139 quo
1303 3090 1447 3139 bsupra
1461 3084 1617 3126 dictum
1632 3089 1704 3133 631,
1718 3084 1767 3125 (16
1779 3083 2018 3124 Bethlehem

120 3146 234 3194 Iuda,
259 3144 323 3186 cui
343 3157 493 3186 nomen
515 3149 602 3185 erat
624 3144 715 3192 1331,
741 3144 810 3198 qui
830 3144 1012 3185 habebat
1033 3149 1124 3185 octo
1147 3143 1260 3193 filios,
1285 3149 1326 3186 et
1347 3148 1434 3185 erat
1455 3143 1517 3184 vir
1536 3143 1578 3184 in
1600 3142 1742 3184 diebus
1763 3142 1860 3184 Saul
1881 3155 2014 3206 senex,

119 3209 159 3246 et
185 3205 428 3258 grandaevus
455 3202 562 3244 inter
588 3203 708 3244 viros.
765 3205 797 3228 ¹³
822 3202 1024 3244 Abierunt
1051 3208 1191 3244 autem
1218 3207 1298 3244 tres
1326 3202 1397 3243 filii
1424 3201 1507 3243 eius
1535 3201 1706 3243 maiores
1734 3206 1827 3255 post
1854 3200 1950 3242 Saul
1977 3199 2017 3240 in

118 3262 319 3318 praelium:
347 3267 388 3304 et
411 3261 580 3303 nomina
602 3261 727 3302 trium
753 3261 926 3303 filiorum
952 3261 1047 3311 eius,
1076 3261 1145 3315 qui
1169 3266 1435 3315 perrexerunt
1460 3261 1512 3302 ad
1536 3260 1699 3309 bellurn,
1727 3259 1845 3301 Eliab
1870 3259 2017 3324 primo

117 3322 290 3376 genitus
315 3326 356 3363 et
377 3321 577 3362 secundus
599 3319 830 3369 Abinadab‚
853 3320 1081 3374 tertiusque
1102 3321 1363 3362 83111111314
1383 3319 1521 3361 David
1543 3324 1681 3361 autem
1704 3324 1790 3360 erat
1812 3317 2014 3359 minimus.

250 3457 292 3492 13
306 3458 344 3491 ³2
359 3457 418 3490 Sm
433 3457 513 3498 7‚8;
540 3458 583 3491 Ps
598 3457 722 3498 77‚70;
748 3456 801 3497 88,
816 3457 873 3496 21;
900 3458 966 3491 Act
980 3458 1010 3497 7,
1026 3458 1083 3498 46;
1109 3458 1162 3498 13,
1176 3458 1227 3490 22.
1255 3477 1297 3481 —
1322 3457 1374 3499 17,
1390 3456 1534 3501 12bSup
1550 3456 1646 3496 16,1.

2099 911 2166 936 Saul

2063 954 2079 971 a
2099 947 2201 977 spiritu

2071 989 2195 1012 nequam

2051 1018 2214 1047 exagitatus

2076 1379 2188 1404 Davida

2067 1416 2194 1440 accersit.

2072 1957 2188 1983 Goliam

2046 1993 2144 2019 Israeli
2165 2001 2211 2018 ex-

2064 2028 2191 2059 probust,

2034 3080 2129 3106 David
2142 3080 2225 3106 fortis

2051 3117 2081 3142 et
2100 3115 2210 3141 animo·

2098 3158 2146 3177 sus
