2356 3760
144 170 177 195 de
198 170 272 199 agris

165 205 250 231 voti-2

154 1060 188 1084 de
211 1060 265 1091 pri-

130 1095 290 1126 mogeuitis,

135 1295 168 1318 111λ
190 1300 285 1319 couse-

168 1334 253 1353 crutis

148 1365 277 1395 immun),

122 1530 155 1553 th·
170 1529 299 1557 deciinis3

136 1947 288 1972 conelusio.

314 77 389 118 106
462 56 464 58 ’
1079 72 1225 107 LIBER
1251 72 1461 107 Lernaei
1932 75 1985 115 27,
2013 75 2155 114 its-27,
2182 75 2224 108 34

422 172 455 193 ¹⁶
486 168 604 217 Quod
635 168 667 208 si
698 180 840 221 agrum
872 167 1132 219 possessionis
1163 180 1245 207 suae
1276 167 1447 208 voverit,
1481 171 1521 207 et
1552 167 1847 208 eonsecraverit
1876 167 2072 210 Domino:
2106 169 2221 210 iuxta

314 240 546 269 mensuram
576 227 768 268 sementis
799 225 1070 267 aestimabitur
1099 225 1287 278 pretium.
1319 225 1351 265 si
1382 225 1548 275 triginta
1581 226 1726 266 modiis
1756 226 1895 267 hordei
1925 227 2071 268 seritur
2100 232 2219 268 terra.

314 287 612 341 quinquaginta
643 285 747 325 siclis
780 284 1038 325 venundetur
1069 284 1236 338 argenti.
1300 285 1329 307 ¹⁷
1360 284 1401 325 Si
1432 284 1572 324 statim
1605 284 1656 324 ab
1688 297 1794 326 anno
1826 285 2054 339 incipientis
2085 286 2221 327 iubilei

314 346 474 387 voverit
503 358 656 399 agrum,
689 348 844 396 quanto
875 342 1007 383 valere
1038 348 1185 396 potest.
1220 348 1335 383 tanto
1366 343 1648 383 iestimabitur.
1708 345 1741 366 ¹³
1770 343 1831 384 sin
1860 350 1999 386 autem
2028 350 2122 398 post
2152 345 2221 386 ali-

314 410 516 459 quantum
554 402 767 456 temporis:
807 402 1052 455 supputabit
1090 402 1274 442 sacerdos
1314 402 1527 455 pecuniam
1567 402 1682 442 iuxta
1720 415 1931 447 annorum,
1973 404 2042 458 qui
2079 403 2221 457 reliqui

313 469 421 512 sunt,
454 475 667 503 numerum
696 474 822 514 usque
851 461 903 501 ad
931 460 1137 505 iubileum,
1168 466 1210 501 et
1237 461 1476 501 detrahetur
1503 474 1552 501 ex
1580 460 1721 513 pretio.
1782 463 1813 484 ¹⁹
1842 462 1961 510 Quod
1988 463 2019 503 si
2049 462 2221 503 voluerit

315 523 507 563 redimere
541 533 682 575 agrum
714 519 790 567 ille,
826 519 893 573 qui
926 525 1109 563 voverat.
1144 520 1270 560 addet
1301 519 1488 573 quintam
1521 524 1680 572 partem
1712 520 1925 561 aestimatae
1955 522 2147 574 pecuniae,
2182 527 2222 562 et

316 580 536 635 possidebit
554 593 658 621 eum.
703 580 739 602 ²⁰
753 578 824 619 Sin
840 583 978 619 autem
994 578 1167 619 noluerit
1185 578 1391 623 redimere,
1409 579 1478 619 sed
1496 578 1609 619 alteri
1627 578 1793 620 cuilibet
1807 579 1931 620 fuerit
1946 581 2219 623 venundatus.

317 640 422 680 ultra
453 652 545 679 eum
579 639 646 692 qui
680 642 851 679 voverat
881 637 1076 678 redimere.
1108 650 1189 678 non
1221 638 1390 691 poterit:
1451 639 1478 661 ²¹
1515 637 1610 691 quia
1642 651 1733 678 oum
1766 638 1903 679 iubilei
1936 639 2092 679 venerit
2123 639 2219 681 dies.

314 697 595 739 sanctificatus
632 697 706 737 erit
743 696 932 741 Domino,
971 702 1012 737 et
1047 697 1244 750 possessio
1282 702 1517 737 consecrata
1553 697 1605 737 ad
1640 697 1700 737 ius
1738 697 1914 750 pertinet
1949 698 2219 739 sacerdotum.

316 760 347 781 ²²
370 757 412 798 Si
437 770 530 811 ager
553 761 714 810 emptus
739 761 811 799 est,
839 761 879 796 et
904 768 983 796 non
1008 756 1057 796 de
1080 755 1331 809 possessione
1355 756 1555 796 maiorum
1580 756 1861 796 sanctificatus
1884 756 2008 798 fuerit
2030 756 2220 800 Domino,

314 818 346 840 ²³
382 815 628 869 supputabit
663 815 849 855 sacerdos
888 815 1003 855 iuxta
1040 827 1238 855 annorum
1277 827 1489 855 numerum
1530 828 1655 868 usque
1693 815 1746 856 ad
1781 814 1987 865 jubileum,
2025 816 2221 869 pretium:

315 880 356 916 et
379 875 496 915 dabit
519 874 583 915 ille
609 874 676 928 qui
701 880 871 915 voverat
896 887 1000 918 eum,
1026 874 1215 914 Domino.
1269 876 1300 898 2⁴
1324 874 1364 913 in
1390 873 1535 915 iubileo
1561 880 1699 914 autem
1722 879 1950 915 revertetur
1973 875 2026 915 ad
2048 875 2222 928 priorem

314 934 539 983 dominum,
572 934 640 987 qui
669 933 911 973 vendiderat
939 946 1043 981 erun,
1076 938 1117 973 et
1144 933 1345 973 habuerat
1375 933 1414 973 in
1443 938 1549 973 sorte
1578 933 1840 986 possessionis
1870 947 1962 974 suae.
2019 935 2051 958 ²⁵
2080 933 2221 976 Omnis

314 992 532 1033 aestimatio
563 992 657 1033 sielo
687 992 906 1032 sanctuarii
936 992 1241 1045 ponderabitur.
1279 991 1424 1032 ³Siclus
1454 992 1598 1045 viginti
1628 991 1766 1033 obolos
1795 992 1931 1034 habet.

421 1054 456 1076 2⁶
492 1051 779 1103 Primogenita.
820 1064 909 1103 quae
945 1051 996 1091 ad
1032 1051 1255 1091 Dominum
1293 1051 1510 1104 pertinent.
1550 1064 1668 1092 nemo
1705 1051 1959 1092 sanetifieare
1995 1052 2148 1105 poterit
2183 1057 2223 1092 et

317 1124 482 1152 vovere:
506 1111 590 1151 sive
614 1110 697 1159 bos,
723 1110 806 1150 sive
830 1109 916 1150 ovis
939 1109 1072 1155 fuerit,
1096 1110 1262 1150 Domini
1285 1116 1392 1151 sunt.
1443 1112 1477 1134 ²⁷
1500 1110 1619 1159 Quod
1641 1110 1672 1151 si
1695 1111 1954 1152 immundum
1976 1116 2038 1152 est
2059 1110 2221 1154 animal.

315 1170 488 1210 redimet
519 1169 586 1223 qui
617 1168 779 1217 obtulit,
812 1169 926 1209 iuxta
957 1168 1269 1209 aestimationeui
1300 1174 1427 1217 tuam,
1460 1175 1501 1209 et
1530 1170 1655 1210 addet
1685 1170 1872 1223 quintam
1901 1174 2062 1223 partem
2090 1170 2221 1224 pretii.

316 1229 347 1269 si
376 1229 572 1269 redimere
603 1228 787 1270 noluerit.
820 1228 1021 1268 vendetur
1049 1227 1164 1268 alteri
1195 1232 1528 1282 quantocumque
1557 1242 1581 1268 a
1609 1234 1649 1269 te
1678 1229 1800 1269 fuerit
1829 1229 2089 1270 aestimatum.

423 1289 457 1312 :s
485 1288 646 1330 bOmne,
674 1287 784 1340 quod
806 1287 983 1327 Domino
1008 1292 1276 1329 consecratur.
1303 1287 1387 1327 sive
1410 1287 1532 1328 homo
1555 1287 1689 1331 fuerit,
1715 1288 1798 1328 sive
1822 1288 1984 1337 animal,
2010 1288 2094 1329 sive
2118 1301 2222 1342 ager.

318 1360 398 1388 non
432 1347 643 1395 vendetur,
679 1359 752 1386 nee
783 1346 926 1386 redimi
959 1346 1121 1399 poterit.
1157 1345 1367 1399 Quidquid
1399 1345 1521 1387 semel
1552 1346 1676 1387 fuerit
1708 1352 2001 1395 consecratum,
2036 1352 2224 1387 sanctum

317 1411 551 1446 sanctorum
582 1405 656 1446 erit
686 1405 875 1445 Domino.
934 1406 969 1428 ‘2⁹
999 1404 1055 1445 Et.
1084 1405 1213 1445 omnis
1244 1405 1505 1453 consecratio,
1539 1418 1628 1458 quae
1658 1405 1827 1446 offertur
1855 1406 1906 1446 ab
1936 1406 2111 1455 homine,
2144 1419 2226 1447 non

316 1465 549 1507 redimetur.
581 1465 651 1505 sed
680 1470 811 1504 morte
840 1463 1046 1504 morietur.

422 1525 458 1548 3⁰
489 1524 640 1565 Omnes
673 1523 839 1564 decimae
871 1529 998 1567 terrae,
1034 1523 1118 1563 sive
1150 1523 1199 1563 de
1232 1523 1426 1575 frugibus.
1461 1523 1545 1563 sive
1579 1523 1627 1563 de
1660 1523 1790 1576 pomis
1824 1524 2026 1573 arborum,
2060 1523 2227 1564 Domini

317 1588 424 1626 sunt.
450 1588 492 1623 et
513 1583 567 1623 1111
591 1582 912 1623 sanctificantur.
964 1584 996 1606 ²³¹
1018 1581 1059 1623 Si
1083 1581 1172 1635 quis
1196 1586 1334 1622 autem
1358 1581 1532 1622 voluerit
1553 1582 1748 1623 redimere
1771 1582 1948 1623 decimas
1971 1595 2075 1625 suas.
2102 1583 2227 1623 addet

319 1642 507 1695 quintam
532 1648 692 1695 partem
718 1654 869 1682 earum.
924 1643 955 1665 32
981 1641 1177 1682 Omnium
1202 1640 1451 1682 deeimarum
1479 1641 1594 1682 bovis
1620 1646 1661 1682 et
1687 1641 1773 1682 ovis
1800 1647 1839 1682 et
1865 1654 2008 1695 caprae,
2037 1654 2127 1695 quae
2151 1641 2227 1682 sub

317 1701 491 1754 pastoris
535 1701 649 1754 w'rga
691 1705 917 1749 transeunt,
965 1700 1164 1753 quidquid
1207 1700 1411 1740 decimum
1455 1701 1622 1744 venerit,
1668 1700 1994 1741 sanctificabitur
2035 1700 2225 1741 Domino.

316 1762 349 1784 3³
369 1760 462 1801 Non
482 1760 652 1814 eligetur
671 1772 743 1801 nec
766 1760 918 1800 bonum
938 1772 1011 1800 nee
1031 1759 1197 1803 malum,
1221 1772 1293 1800 nee
1314 1759 1440 1800 altero
1462 1760 1796 1801 commutabitur.
1819 1760 1851 1800 si
1873 1760 1961 1813 quis
1982 1759 2226 1800 mutaverit:

318 1823 359 1860 et
389 1819 499 1873 quod
528 1823 737 1860 mutatum
768 1823 840 1862 est.
872 1824 913 1859 et
942 1831 1014 1872 pro
1045 1831 1125 1871 quo
1156 1823 1365 1859 mutatum
1395 1823 1467 1866 est,
1499 1819 1827 1860 sanctificabitur
1854 1818 2044 1868 Domino,
2076 1823 2118 1860 et
2146 1830 2228 1859 non

317 1878 552 1919 redimetur.

423 1939 455 1962 3⁴
478 1937 575 1978 Haee
598 1942 694 1977 sunt
714 1941 929 1990 praecepta,
956 1950 1045 1989 quze
1067 1936 1282 1976 mandavit
1303 1936 1503 1977 Dominus
1525 1936 1657 1990 Moysi
1679 1937 1732 1978 ad
1757 1936 1857 1978 filios
1881 1936 2005 1978 Israel
2025 1936 2067 1977 in
2089 1940 2228 1977 monte

317 1996 439 2038 Sinai.

449 2100 501 2141 27,
527 2099 568 2133 25
592 2100 666 2134 aEx
689 2100 742 2140 30,
769 2100 825 2140 13;
852 2100 919 2132 Nm
944 2099 974 2133 3.
1001 2099 1056 2134 4ῖῑ
1084 2099 1132 2132 Ez
1158 2100 1208 2138 43,
1235 2100 1285 2132 12.
1315 2119 1354 2123 ’-
1379 2099 1420 2133 28
1445 2099 1520 2133 blo}
1546 2100 1575 2135 6,
1602 2100 1652 2132 17.
1681 2099 1731 2132 24.
