<?xml version="1.0" encoding="UTF-8"?>
<!DOCTYPE html PUBLIC "-//W3C//DTD XHTML 1.0 Transitional//EN"
    "http://www.w3.org/TR/xhtml1/DTD/xhtml1-transitional.dtd">
<html xmlns="http://www.w3.org/1999/xhtml" xml:lang="en" lang="en">
 <head>
  <title>
</title>
<meta http-equiv="Content-Type" content="text/html;charset=utf-8" />
  <meta name='ocr-system' content='tesseract 3.04.00' />
  <meta name='ocr-capabilities' content='ocr_page ocr_carea ocr_par ocr_line ocrx_word'/>
</head>
<body>
  <div class='ocr_page' id='page_1' title='image "./bibliasacravulga00helzuoft_0044.png"; bbox 0 0 2356 3760; ppageno 0'>
   <div class='ocr_carea' id='block_1_1' title="bbox 290 115 2206 159">
    <p class='ocr_par' dir='ltr' id='par_1_1' title="bbox 290 115 2206 159">
     <span class='ocr_line' id='line_1_1' title="bbox 290 115 2206 159; baseline 0.004 -13"><span class='ocrx_word' id='word_1_1' title='bbox 290 118 340 158; x_wconf 77' lang='lat'>20</span> <span class='ocrx_word' id='word_1_2' title='bbox 1180 115 1327 150; x_wconf 85' lang='lat' dir='ltr'>LIBER</span> <span class='ocrx_word' id='word_1_3' title='bbox 1918 119 1972 159; x_wconf 75' lang='lat'>24,</span> <span class='ocrx_word' id='word_1_4' title='bbox 1995 120 2139 159; x_wconf 75' lang='lat'><strong>32—-24‚</strong></span> <span class='ocrx_word' id='word_1_5' title='bbox 2165 120 2206 154; x_wconf 84' lang='lat'>65</span> 
     </span>
    </p>
   </div>
   <div class='ocr_carea' id='block_1_2' title="bbox 108 209 2208 3396">
    <p class='ocr_par' dir='ltr' id='par_1_2' title="bbox 278 209 2208 2392">
     <span class='ocr_line' id='line_1_2' title="bbox 293 209 2205 264; baseline 0.002 -13"><span class='ocrx_word' id='word_1_6' title='bbox 293 210 518 261; x_wconf 72' lang='lat' dir='ltr'>Ingredere.</span> <span class='ocrx_word' id='word_1_7' title='bbox 546 210 758 251; x_wconf 87' lang='lat' dir='ltr'>benedicte</span> <span class='ocrx_word' id='word_1_8' title='bbox 782 209 967 251; x_wconf 83' lang='lat' dir='ltr'>Domini:</span> <span class='ocrx_word' id='word_1_9' title='bbox 995 223 1064 249; x_wconf 82' lang='grc'>0111·</span> <span class='ocrx_word' id='word_1_10' title='bbox 1088 210 1183 250; x_wconf 73' lang='lat' dir='ltr'>foris</span> <span class='ocrx_word' id='word_1_11' title='bbox 1208 210 1316 250; x_wconf 71' lang='lat' dir='ltr'>stas?</span> <span class='ocrx_word' id='word_1_12' title='bbox 1346 211 1571 264; x_wconf 83' lang='lat' dir='ltr'>praeparavi</span> <span class='ocrx_word' id='word_1_13' title='bbox 1596 211 1777 259; x_wconf 81' lang='grc'>(1011111111,</span> <span class='ocrx_word' id='word_1_14' title='bbox 1805 216 1845 252; x_wconf 88' lang='grc'>01</span> <span class='ocrx_word' id='word_1_15' title='bbox 1870 210 2005 252; x_wconf 88' lang='lat' dir='ltr'>locum</span> <span class='ocrx_word' id='word_1_16' title='bbox 2029 213 2205 255; x_wconf 87' lang='lat' dir='ltr'>camelis.</span> 
     </span>
     <span class='ocr_line' id='line_1_3' title="bbox 290 269 2203 323; baseline 0.002 -14"><span class='ocrx_word' id='word_1_17' title='bbox 290 271 322 294; x_wconf 74' lang='lat'>³²</span> <span class='ocrx_word' id='word_1_18' title='bbox 342 270 396 309; x_wconf 90' lang='lat' dir='ltr'>Et</span> <span class='ocrx_word' id='word_1_19' title='bbox 417 269 646 311; x_wconf 74' lang='lat' dir='ltr'>introduxit</span> <span class='ocrx_word' id='word_1_20' title='bbox 667 282 757 309; x_wconf 89' lang='lat' dir='ltr'>eum</span> <span class='ocrx_word' id='word_1_21' title='bbox 780 269 819 309; x_wconf 91' lang='grc'>111</span> <span class='ocrx_word' id='word_1_22' title='bbox 839 269 1082 321; x_wconf 70' lang='lat' dir='ltr'>hospitium:</span> <span class='ocrx_word' id='word_1_23' title='bbox 1105 282 1150 309; x_wconf 83' lang='lat' dir='ltr'>ac</span> <span class='ocrx_word' id='word_1_24' title='bbox 1171 269 1372 310; x_wconf 85' lang='lat' dir='ltr'>destravit</span> <span class='ocrx_word' id='word_1_25' title='bbox 1391 269 1578 313; x_wconf 84' lang='lat' dir='ltr'>camelos.</span> <span class='ocrx_word' id='word_1_26' title='bbox 1601 270 1796 323; x_wconf 73' lang='lat' dir='ltr'>deditque</span> <span class='ocrx_word' id='word_1_27' title='bbox 1816 270 1953 323; x_wconf 86' lang='lat' dir='ltr'>paleas</span> <span class='ocrx_word' id='word_1_28' title='bbox 1973 276 2014 311; x_wconf 92' lang='lat' dir='ltr'>et</span> <span class='ocrx_word' id='word_1_29' title='bbox 2032 272 2203 320; x_wconf 76' lang='lat' dir='ltr'>foenum,</span> 
     </span>
     <span class='ocr_line' id='line_1_4' title="bbox 291 327 2206 383; baseline 0.001 -14"><span class='ocrx_word' id='word_1_30' title='bbox 291 334 330 369; x_wconf 92' lang='lat' dir='ltr'>et</span> <span class='ocrx_word' id='word_1_31' title='bbox 350 341 501 382; x_wconf 81' lang='lat' dir='ltr'>aquam</span> <span class='ocrx_word' id='word_1_32' title='bbox 523 329 575 369; x_wconf 88' lang='lat' dir='ltr'>ad</span> <span class='ocrx_word' id='word_1_33' title='bbox 595 328 792 368; x_wconf 76' lang='lat' dir='ltr'>lavandos</span> <span class='ocrx_word' id='word_1_34' title='bbox 813 328 935 381; x_wconf 85' lang='lat' dir='ltr'>pedes</span> <span class='ocrx_word' id='word_1_35' title='bbox 956 327 1051 370; x_wconf 85' lang='lat' dir='ltr'>eius.</span> <span class='ocrx_word' id='word_1_36' title='bbox 1075 333 1115 368; x_wconf 88' lang='lat' dir='ltr'>et</span> <span class='ocrx_word' id='word_1_37' title='bbox 1136 328 1317 368; x_wconf 90' lang='lat' dir='ltr'>virorum</span> <span class='ocrx_word' id='word_1_38' title='bbox 1338 329 1405 382; x_wconf 92' lang='lat' dir='ltr'>qui</span> <span class='ocrx_word' id='word_1_39' title='bbox 1427 333 1624 370; x_wconf 77' lang='lat' dir='ltr'>venera-nt</span> <span class='ocrx_word' id='word_1_40' title='bbox 1646 341 1739 368; x_wconf 90' lang='grc'>011111</span> <span class='ocrx_word' id='word_1_41' title='bbox 1758 342 1817 370; x_wconf 90' lang='lat' dir='ltr'>eo.</span> <span class='ocrx_word' id='word_1_42' title='bbox 1865 332 1898 354; x_wconf 70' lang='lat'>³³³</span> <span class='ocrx_word' id='word_1_43' title='bbox 1918 330 1973 371; x_wconf 90' lang='lat' dir='ltr'>Et</span> <span class='ocrx_word' id='word_1_44' title='bbox 1993 331 2206 383; x_wconf 64' lang='lat' dir='ltr'>appositus·</span> 
     </span>
     <span class='ocr_line' id='line_1_5' title="bbox 290 386 2204 441; baseline 0.002 -14"><span class='ocrx_word' id='word_1_45' title='bbox 290 392 351 428; x_wconf 92' lang='lat' dir='ltr'>est</span> <span class='ocrx_word' id='word_1_46' title='bbox 374 387 416 427; x_wconf 89' lang='lat' dir='ltr'>in</span> <span class='ocrx_word' id='word_1_47' title='bbox 441 393 661 441; x_wconf 86' lang='lat' dir='ltr'>conspectu</span> <span class='ocrx_word' id='word_1_48' title='bbox 688 387 771 427; x_wconf 90' lang='lat' dir='ltr'>eius</span> <span class='ocrx_word' id='word_1_49' title='bbox 797 387 925 439; x_wconf 88' lang='lat' dir='ltr'>panis.</span> <span class='ocrx_word' id='word_1_50' title='bbox 954 386 1031 434; x_wconf 84' lang='lat' dir='ltr'>Qui</span> <span class='ocrx_word' id='word_1_51' title='bbox 1057 386 1133 426; x_wconf 88' lang='lat' dir='ltr'>ait:</span> <span class='ocrx_word' id='word_1_52' title='bbox 1163 387 1254 427; x_wconf 77' lang='lat' dir='ltr'>Non</span> <span class='ocrx_word' id='word_1_53' title='bbox 1279 388 1504 431; x_wconf 89' lang='lat' dir='ltr'>comedam.</span> <span class='ocrx_word' id='word_1_54' title='bbox 1532 388 1660 428; x_wconf 87' lang='grc'>(101100</span> <span class='ocrx_word' id='word_1_55' title='bbox 1685 387 1829 441; x_wconf 89' lang='lat' dir='ltr'>loquar</span> <span class='ocrx_word' id='word_1_56' title='bbox 1852 401 2056 430; x_wconf 78' lang='lat' dir='ltr'>sermones</span> <span class='ocrx_word' id='word_1_57' title='bbox 2081 403 2204 431; x_wconf 90' lang='lat' dir='ltr'>meos.</span> 
     </span>
     <span class='ocr_line' id='line_1_6' title="bbox 291 444 2206 500; baseline 0.001 -13"><span class='ocrx_word' id='word_1_58' title='bbox 291 446 520 499; x_wconf 74' lang='lat' dir='ltr'>Respondit</span> <span class='ocrx_word' id='word_1_59' title='bbox 546 446 598 486; x_wconf 88' lang='lat' dir='ltr'>ei:</span> <span class='ocrx_word' id='word_1_60' title='bbox 626 446 820 498; x_wconf 87' lang='lat' dir='ltr'>Loquere.</span> <span class='ocrx_word' id='word_1_61' title='bbox 875 447 907 469; x_wconf 77' lang='lat'>³⁴</span> <span class='ocrx_word' id='word_1_62' title='bbox 933 444 988 485; x_wconf 85' lang='lat' dir='ltr'>At</span> <span class='ocrx_word' id='word_1_63' title='bbox 1013 444 1095 484; x_wconf 90' lang='lat' dir='ltr'>ille:</span> <span class='ocrx_word' id='word_1_64' title='bbox 1122 446 1283 491; x_wconf 81' lang='lat' dir='ltr'>Servus.</span> <span class='ocrx_word' id='word_1_65' title='bbox 1312 447 1458 500; x_wconf 90' lang='lat' dir='ltr'>inquit.</span> <span class='ocrx_word' id='word_1_66' title='bbox 1486 446 1697 487; x_wconf 88' lang='lat' dir='ltr'>Abraham</span> <span class='ocrx_word' id='word_1_67' title='bbox 1722 459 1830 487; x_wconf 88' lang='lat' dir='ltr'>sum:</span> <span class='ocrx_word' id='word_1_68' title='bbox 1883 449 1916 471; x_wconf 76' lang='lat'>²³⁵</span> <span class='ocrx_word' id='word_1_69' title='bbox 1940 452 1980 488; x_wconf 90' lang='lat' dir='ltr'>et</span> <span class='ocrx_word' id='word_1_70' title='bbox 2005 448 2206 489; x_wconf 85' lang='lat' dir='ltr'>Dominus</span> 
     </span>
     <span class='ocr_line' id='line_1_7' title="bbox 290 504 2208 561; baseline 0.001 -15"><span class='ocrx_word' id='word_1_71' title='bbox 290 506 500 546; x_wconf 84' lang='lat' dir='ltr'>benedixit</span> <span class='ocrx_word' id='word_1_72' title='bbox 521 505 686 545; x_wconf 91' lang='lat' dir='ltr'>domino</span> <span class='ocrx_word' id='word_1_73' title='bbox 710 517 798 544; x_wconf 91' lang='lat' dir='ltr'>meo</span> <span class='ocrx_word' id='word_1_74' title='bbox 822 504 952 548; x_wconf 77' lang='lat' dir='ltr'>valde.</span> <span class='ocrx_word' id='word_1_75' title='bbox 976 504 1348 559; x_wconf 83' lang='lat' dir='ltr'>magnificatusque</span> <span class='ocrx_word' id='word_1_76' title='bbox 1370 510 1449 546; x_wconf 83' lang='lat' dir='ltr'>est:</span> <span class='ocrx_word' id='word_1_77' title='bbox 1473 511 1513 547; x_wconf 90' lang='lat' dir='ltr'>et</span> <span class='ocrx_word' id='word_1_78' title='bbox 1535 505 1649 546; x_wconf 91' lang='lat' dir='ltr'>dedit</span> <span class='ocrx_word' id='word_1_79' title='bbox 1670 505 1704 545; x_wconf 89' lang='lat' dir='ltr'>ei</span> <span class='ocrx_word' id='word_1_80' title='bbox 1727 518 1822 546; x_wconf 82' lang='lat' dir='ltr'>oves</span> <span class='ocrx_word' id='word_1_81' title='bbox 1844 511 1885 546; x_wconf 91' lang='lat' dir='ltr'>et</span> <span class='ocrx_word' id='word_1_82' title='bbox 1908 506 2043 551; x_wconf 84' lang='lat' dir='ltr'>boves.</span> <span class='ocrx_word' id='word_1_83' title='bbox 2067 520 2208 561; x_wconf 85' lang='lat' dir='ltr'>argen-</span> 
     </span>
     <span class='ocr_line' id='line_1_8' title="bbox 290 562 2205 617; baseline 0.002 -13"><span class='ocrx_word' id='word_1_84' title='bbox 290 569 378 604; x_wconf 89' lang='lat' dir='ltr'>tum</span> <span class='ocrx_word' id='word_1_85' title='bbox 399 569 437 604; x_wconf 86' lang='lat' dir='ltr'>et</span> <span class='ocrx_word' id='word_1_86' title='bbox 458 577 615 606; x_wconf 87' lang='lat' dir='ltr'>aurum.</span> <span class='ocrx_word' id='word_1_87' title='bbox 638 575 774 604; x_wconf 86' lang='lat' dir='ltr'>servos</span> <span class='ocrx_word' id='word_1_88' title='bbox 795 568 835 603; x_wconf 92' lang='lat' dir='ltr'>et</span> <span class='ocrx_word' id='word_1_89' title='bbox 855 562 1032 608; x_wconf 79' lang='lat' dir='ltr'>ancillas,</span> <span class='ocrx_word' id='word_1_90' title='bbox 1055 564 1230 605; x_wconf 86' lang='lat' dir='ltr'>camelos</span> <span class='ocrx_word' id='word_1_91' title='bbox 1250 570 1292 605; x_wconf 89' lang='lat' dir='ltr'>et</span> <span class='ocrx_word' id='word_1_92' title='bbox 1311 565 1456 605; x_wconf 84' lang='lat' dir='ltr'>asinos.</span> <span class='ocrx_word' id='word_1_93' title='bbox 1505 566 1540 588; x_wconf 64' lang='lat'>²³⁶</span> <span class='ocrx_word' id='word_1_94' title='bbox 1560 564 1614 604; x_wconf 84' lang='lat' dir='ltr'>Et</span> <span class='ocrx_word' id='word_1_95' title='bbox 1634 564 1793 617; x_wconf 78' lang='lat' dir='ltr'>peperit</span> <span class='ocrx_word' id='word_1_96' title='bbox 1811 565 1911 605; x_wconf 81' lang='lat' dir='ltr'>Sara</span> <span class='ocrx_word' id='word_1_97' title='bbox 1931 578 2033 606; x_wconf 91' lang='lat' dir='ltr'>uxor</span> <span class='ocrx_word' id='word_1_98' title='bbox 2052 566 2205 607; x_wconf 91' lang='lat' dir='ltr'>domini</span> 
     </span>
     <span class='ocr_line' id='line_1_9' title="bbox 289 622 2205 677; baseline 0.002 -14"><span class='ocrx_word' id='word_1_99' title='bbox 289 623 365 663; x_wconf 88' lang='lat' dir='ltr'>mei</span> <span class='ocrx_word' id='word_1_100' title='bbox 393 623 520 663; x_wconf 85' lang='lat' dir='ltr'>filium</span> <span class='ocrx_word' id='word_1_101' title='bbox 543 623 709 663; x_wconf 89' lang='lat' dir='ltr'>domino</span> <span class='ocrx_word' id='word_1_102' title='bbox 734 635 822 663; x_wconf 90' lang='lat' dir='ltr'>meo</span> <span class='ocrx_word' id='word_1_103' title='bbox 847 622 887 662; x_wconf 93' lang='lat' dir='ltr'>in</span> <span class='ocrx_word' id='word_1_104' title='bbox 910 626 1120 663; x_wconf 70' lang='lat' dir='ltr'>senectute</span> <span class='ocrx_word' id='word_1_105' title='bbox 1144 636 1228 667; x_wconf 87' lang='lat' dir='ltr'>sua.</span> <span class='ocrx_word' id='word_1_106' title='bbox 1254 624 1451 677; x_wconf 84' lang='lat' dir='ltr'>deditque</span> <span class='ocrx_word' id='word_1_107' title='bbox 1475 623 1529 663; x_wconf 91' lang='lat' dir='ltr'>illi</span> <span class='ocrx_word' id='word_1_108' title='bbox 1553 624 1691 664; x_wconf 85' lang='lat' dir='ltr'>omnia</span> <span class='ocrx_word' id='word_1_109' title='bbox 1715 636 1804 677; x_wconf 75' lang='lat' dir='ltr'>quae</span> <span class='ocrx_word' id='word_1_110' title='bbox 1828 624 2041 665; x_wconf 76' lang='lat' dir='ltr'>habuerat.</span> <span class='ocrx_word' id='word_1_111' title='bbox 2093 627 2127 649; x_wconf 75' lang='lat'>3⁷</span> <span class='ocrx_word' id='word_1_112' title='bbox 2152 626 2205 666; x_wconf 84' lang='lat' dir='ltr'>Et</span> 
     </span>
     <span class='ocr_line' id='line_1_10' title="bbox 288 681 2206 735; baseline 0.002 -13"><span class='ocrx_word' id='word_1_113' title='bbox 288 682 493 722; x_wconf 83' lang='lat' dir='ltr'>adiuravit</span> <span class='ocrx_word' id='word_1_114' title='bbox 527 695 590 722; x_wconf 89' lang='lat' dir='ltr'>me</span> <span class='ocrx_word' id='word_1_115' title='bbox 622 682 811 722; x_wconf 87' lang='lat' dir='ltr'>dominus</span> <span class='ocrx_word' id='word_1_116' title='bbox 844 695 969 724; x_wconf 77' lang='lat' dir='ltr'>meus,</span> <span class='ocrx_word' id='word_1_117' title='bbox 1003 681 1159 722; x_wconf 85' lang='lat' dir='ltr'>dicens:</span> <span class='ocrx_word' id='word_1_118' title='bbox 1195 683 1286 723; x_wconf 84' lang='lat' dir='ltr'>Non</span> <span class='ocrx_word' id='word_1_119' title='bbox 1319 682 1490 735; x_wconf 82' lang='lat' dir='ltr'>accipies</span> <span class='ocrx_word' id='word_1_120' title='bbox 1522 695 1691 723; x_wconf 89' lang='lat' dir='ltr'>uxorem</span> <span class='ocrx_word' id='word_1_121' title='bbox 1726 682 1807 723; x_wconf 89' lang='lat' dir='ltr'>filio</span> <span class='ocrx_word' id='word_1_122' title='bbox 1840 696 1930 724; x_wconf 90' lang='lat' dir='ltr'>meo</span> <span class='ocrx_word' id='word_1_123' title='bbox 1963 683 2012 723; x_wconf 90' lang='lat' dir='ltr'>de</span> <span class='ocrx_word' id='word_1_124' title='bbox 2047 683 2206 725; x_wconf 79' lang='lat' dir='ltr'>filiabus</span> 
     </span>
     <span class='ocr_line' id='line_1_11' title="bbox 286 741 2206 795; baseline 0.002 -15"><span class='ocrx_word' id='word_1_125' title='bbox 286 741 622 783; x_wconf 57' lang='lat' dir='ltr'>(shananaeorum.</span> <span class='ocrx_word' id='word_1_126' title='bbox 655 741 693 781; x_wconf 92' lang='grc'>111</span> <span class='ocrx_word' id='word_1_127' title='bbox 723 754 897 794; x_wconf 89' lang='lat' dir='ltr'>quorum</span> <span class='ocrx_word' id='word_1_128' title='bbox 927 746 1034 781; x_wconf 83' lang='lat' dir='ltr'>terra</span> <span class='ocrx_word' id='word_1_129' title='bbox 1062 741 1222 781; x_wconf 86' lang='lat' dir='ltr'>habito:</span> <span class='ocrx_word' id='word_1_130' title='bbox 1279 744 1315 765; x_wconf 61' lang='lat'>²³³</span> <span class='ocrx_word' id='word_1_131' title='bbox 1341 741 1413 782; x_wconf 89' lang='lat' dir='ltr'>sed</span> <span class='ocrx_word' id='word_1_132' title='bbox 1441 741 1494 782; x_wconf 90' lang='lat' dir='ltr'>ad</span> <span class='ocrx_word' id='word_1_133' title='bbox 1521 742 1691 782; x_wconf 89' lang='lat' dir='ltr'>domum</span> <span class='ocrx_word' id='word_1_134' title='bbox 1719 742 1848 795; x_wconf 89' lang='lat' dir='ltr'>patris</span> <span class='ocrx_word' id='word_1_135' title='bbox 1876 742 1955 782; x_wconf 91' lang='lat' dir='ltr'>mei</span> <span class='ocrx_word' id='word_1_136' title='bbox 1983 755 2135 795; x_wconf 81' lang='lat' dir='ltr'>perges.</span> <span class='ocrx_word' id='word_1_137' title='bbox 2166 750 2206 784; x_wconf 91' lang='lat' dir='ltr'>et</span> 
     </span>
     <span class='ocr_line' id='line_1_12' title="bbox 286 800 2204 854; baseline 0 -13"><span class='ocrx_word' id='word_1_138' title='bbox 286 800 335 841; x_wconf 88' lang='lat' dir='ltr'>de</span> <span class='ocrx_word' id='word_1_139' title='bbox 360 800 603 853; x_wconf 65' lang='lat' dir='ltr'>cognatitme</span> <span class='ocrx_word' id='word_1_140' title='bbox 629 813 717 840; x_wconf 86' lang='lat' dir='ltr'>mea</span> <span class='ocrx_word' id='word_1_141' title='bbox 745 800 915 853; x_wconf 77' lang='lat' dir='ltr'>accipies</span> <span class='ocrx_word' id='word_1_142' title='bbox 942 813 1109 840; x_wconf 86' lang='lat' dir='ltr'>uxorem</span> <span class='ocrx_word' id='word_1_143' title='bbox 1140 800 1219 841; x_wconf 86' lang='lat' dir='ltr'>filio</span> <span class='ocrx_word' id='word_1_144' title='bbox 1247 813 1354 841; x_wconf 87' lang='lat' dir='ltr'>meo:</span> <span class='ocrx_word' id='word_1_145' title='bbox 1408 803 1443 825; x_wconf 71' lang='lat'>³⁹</span> <span class='ocrx_word' id='word_1_146' title='bbox 1469 814 1540 854; x_wconf 81' lang='lat' dir='ltr'>ego</span> <span class='ocrx_word' id='word_1_147' title='bbox 1567 813 1661 841; x_wconf 82' lang='lat' dir='ltr'>vero</span> <span class='ocrx_word' id='word_1_148' title='bbox 1688 801 1877 854; x_wconf 84' lang='lat' dir='ltr'>respondi</span> <span class='ocrx_word' id='word_1_149' title='bbox 1903 801 2069 842; x_wconf 90' lang='lat' dir='ltr'>domino</span> <span class='ocrx_word' id='word_1_150' title='bbox 2095 814 2204 843; x_wconf 90' lang='lat' dir='ltr'>meo:</span> 
     </span>
     <span class='ocr_line' id='line_1_13' title="bbox 286 859 2203 913; baseline 0.001 -14"><span class='ocrx_word' id='word_1_151' title='bbox 286 859 393 907; x_wconf 81' lang='lat' dir='ltr'>Quid</span> <span class='ocrx_word' id='word_1_152' title='bbox 413 859 444 900; x_wconf 91' lang='lat' dir='ltr'>si</span> <span class='ocrx_word' id='word_1_153' title='bbox 464 859 639 900; x_wconf 87' lang='lat' dir='ltr'>noluerit</span> <span class='ocrx_word' id='word_1_154' title='bbox 659 859 794 899; x_wconf 87' lang='lat' dir='ltr'>venire</span> <span class='ocrx_word' id='word_1_155' title='bbox 814 872 974 899; x_wconf 90' lang='lat' dir='ltr'>mecum</span> <span class='ocrx_word' id='word_1_156' title='bbox 994 859 1160 899; x_wconf 80' lang='lat' dir='ltr'>mulier?</span> <span class='ocrx_word' id='word_1_157' title='bbox 1209 862 1245 883; x_wconf 82' lang='lat'>⁴⁰</span> <span class='ocrx_word' id='word_1_158' title='bbox 1261 860 1476 907; x_wconf 76' lang='lat' dir='ltr'>Dominus,</span> <span class='ocrx_word' id='word_1_159' title='bbox 1498 860 1567 902; x_wconf 89' lang='lat' dir='ltr'>ait.</span> <span class='ocrx_word' id='word_1_160' title='bbox 1590 860 1630 899; x_wconf 90' lang='lat' dir='ltr'>in</span> <span class='ocrx_word' id='word_1_161' title='bbox 1650 860 1762 900; x_wconf 87' lang='lat' dir='ltr'>cuius</span> <span class='ocrx_word' id='word_1_162' title='bbox 1782 865 2004 913; x_wconf 84' lang='lat' dir='ltr'>conspectu</span> <span class='ocrx_word' id='word_1_163' title='bbox 2025 860 2203 905; x_wconf 85' lang='grc'>0111111110,</span> 
     </span>
     <span class='ocr_line' id='line_1_14' title="bbox 286 918 2206 972; baseline 0.001 -14"><span class='ocrx_word' id='word_1_164' title='bbox 286 918 426 959; x_wconf 85' lang='grc'>0111101</span> <span class='ocrx_word' id='word_1_165' title='bbox 452 918 642 970; x_wconf 65' lang='lat' dir='ltr'>angelum</span> <span class='ocrx_word' id='word_1_166' title='bbox 668 931 788 959; x_wconf 92' lang='lat' dir='ltr'>suum</span> <span class='ocrx_word' id='word_1_167' title='bbox 814 923 962 962; x_wconf 89' lang='lat' dir='ltr'>tecum.</span> <span class='ocrx_word' id='word_1_168' title='bbox 991 924 1030 958; x_wconf 91' lang='lat' dir='ltr'>et</span> <span class='ocrx_word' id='word_1_169' title='bbox 1057 918 1204 972; x_wconf 80' lang='lat' dir='ltr'>diriget</span> <span class='ocrx_word' id='word_1_170' title='bbox 1230 919 1341 959; x_wconf 87' lang='lat' dir='ltr'>viam</span> <span class='ocrx_word' id='word_1_171' title='bbox 1368 924 1502 959; x_wconf 89' lang='lat' dir='ltr'>tuam:</span> <span class='ocrx_word' id='word_1_172' title='bbox 1530 919 1785 972; x_wconf 80' lang='lat' dir='ltr'>accipiesque</span> <span class='ocrx_word' id='word_1_173' title='bbox 1811 932 1979 960; x_wconf 88' lang='lat' dir='ltr'>uxorem</span> <span class='ocrx_word' id='word_1_174' title='bbox 2010 919 2089 960; x_wconf 83' lang='lat' dir='ltr'>filio</span> <span class='ocrx_word' id='word_1_175' title='bbox 2116 933 2206 961; x_wconf 90' lang='lat' dir='ltr'>meo</span> 
     </span>
     <span class='ocr_line' id='line_1_15' title="bbox 286 977 2203 1031; baseline 0.001 -14"><span class='ocrx_word' id='word_1_176' title='bbox 286 977 335 1017; x_wconf 86' lang='grc'>(10</span> <span class='ocrx_word' id='word_1_177' title='bbox 361 977 603 1028; x_wconf 65' lang='lat' dir='ltr'>cognatione</span> <span class='ocrx_word' id='word_1_178' title='bbox 630 990 731 1020; x_wconf 89' lang='lat' dir='ltr'>mea.</span> <span class='ocrx_word' id='word_1_179' title='bbox 761 982 801 1018; x_wconf 91' lang='lat' dir='ltr'>et</span> <span class='ocrx_word' id='word_1_180' title='bbox 828 977 877 1017; x_wconf 88' lang='lat' dir='ltr'>de</span> <span class='ocrx_word' id='word_1_181' title='bbox 903 978 1025 1018; x_wconf 91' lang='lat' dir='ltr'>domo</span> <span class='ocrx_word' id='word_1_182' title='bbox 1052 977 1180 1031; x_wconf 87' lang='lat' dir='ltr'>patris</span> <span class='ocrx_word' id='word_1_183' title='bbox 1207 978 1297 1018; x_wconf 91' lang='lat' dir='ltr'>mei.</span> <span class='ocrx_word' id='word_1_184' title='bbox 1352 980 1383 1002; x_wconf 87' lang='lat'>⁴¹</span> <span class='ocrx_word' id='word_1_185' title='bbox 1413 978 1611 1019; x_wconf 86' lang='lat' dir='ltr'>Innocens</span> <span class='ocrx_word' id='word_1_186' title='bbox 1639 978 1713 1018; x_wconf 90' lang='lat' dir='ltr'>eris</span> <span class='ocrx_word' id='word_1_187' title='bbox 1741 991 1764 1018; x_wconf 87' lang='lat' dir='ltr'>a</span> <span class='ocrx_word' id='word_1_188' title='bbox 1789 978 2075 1019; x_wconf 77' lang='lat' dir='ltr'>maledictione</span> <span class='ocrx_word' id='word_1_189' title='bbox 2101 992 2203 1022; x_wconf 84' lang='lat' dir='ltr'>mea.</span> 
     </span>
     <span class='ocr_line' id='line_1_16' title="bbox 285 1036 2204 1091; baseline 0.001 -15"><span class='ocrx_word' id='word_1_190' title='bbox 285 1049 378 1077; x_wconf 91' lang='lat' dir='ltr'>cum</span> <span class='ocrx_word' id='word_1_191' title='bbox 397 1037 554 1077; x_wconf 74' lang='lat' dir='ltr'>veneris</span> <span class='ocrx_word' id='word_1_192' title='bbox 573 1036 626 1076; x_wconf 90' lang='lat' dir='ltr'>ad</span> <span class='ocrx_word' id='word_1_193' title='bbox 643 1036 894 1089; x_wconf 87' lang='lat' dir='ltr'>propinquos</span> <span class='ocrx_word' id='word_1_194' title='bbox 914 1049 1036 1081; x_wconf 83' lang='lat' dir='ltr'>meos.</span> <span class='ocrx_word' id='word_1_195' title='bbox 1057 1042 1098 1077; x_wconf 91' lang='lat' dir='ltr'>et</span> <span class='ocrx_word' id='word_1_196' title='bbox 1116 1050 1198 1077; x_wconf 90' lang='lat' dir='ltr'>non</span> <span class='ocrx_word' id='word_1_197' title='bbox 1216 1037 1403 1078; x_wconf 88' lang='lat' dir='ltr'>dederint</span> <span class='ocrx_word' id='word_1_198' title='bbox 1422 1037 1509 1078; x_wconf 87' lang='lat' dir='ltr'>tibi.</span> <span class='ocrx_word' id='word_1_199' title='bbox 1557 1039 1588 1061; x_wconf 72' lang='lat'>⁴2</span> <span class='ocrx_word' id='word_1_200' title='bbox 1607 1037 1709 1077; x_wconf 89' lang='lat' dir='ltr'>Veni</span> <span class='ocrx_word' id='word_1_201' title='bbox 1728 1050 1820 1091; x_wconf 81' lang='lat' dir='ltr'>ergo</span> <span class='ocrx_word' id='word_1_202' title='bbox 1838 1037 1958 1078; x_wconf 86' lang='lat' dir='ltr'>hodie</span> <span class='ocrx_word' id='word_1_203' title='bbox 1977 1038 2030 1078; x_wconf 84' lang='lat' dir='ltr'>ad</span> <span class='ocrx_word' id='word_1_204' title='bbox 2046 1038 2204 1078; x_wconf 76' lang='lat' dir='ltr'>fontem</span> 
     </span>
     <span class='ocr_line' id='line_1_17' title="bbox 285 1095 2206 1150; baseline 0 -14"><span class='ocrx_word' id='word_1_205' title='bbox 285 1108 413 1149; x_wconf 80' lang='lat' dir='ltr'>aquae.</span> <span class='ocrx_word' id='word_1_206' title='bbox 440 1101 479 1136; x_wconf 88' lang='lat' dir='ltr'>et</span> <span class='ocrx_word' id='word_1_207' title='bbox 503 1095 605 1135; x_wconf 88' lang='lat' dir='ltr'>dixi:</span> <span class='ocrx_word' id='word_1_208' title='bbox 630 1096 806 1136; x_wconf 90' lang='lat' dir='ltr'>Domine</span> <span class='ocrx_word' id='word_1_209' title='bbox 829 1096 939 1136; x_wconf 89' lang='lat' dir='ltr'>Deus</span> <span class='ocrx_word' id='word_1_210' title='bbox 963 1095 1118 1136; x_wconf 90' lang='lat' dir='ltr'>domini</span> <span class='ocrx_word' id='word_1_211' title='bbox 1141 1096 1219 1137; x_wconf 91' lang='lat' dir='ltr'>mei</span> <span class='ocrx_word' id='word_1_212' title='bbox 1242 1096 1466 1140; x_wconf 87' lang='lat' dir='ltr'>Abraham.</span> <span class='ocrx_word' id='word_1_213' title='bbox 1491 1096 1523 1137; x_wconf 91' lang='lat' dir='ltr'>si</span> <span class='ocrx_word' id='word_1_214' title='bbox 1546 1096 1732 1137; x_wconf 82' lang='lat' dir='ltr'>direxisti</span> <span class='ocrx_word' id='word_1_215' title='bbox 1755 1096 1865 1136; x_wconf 83' lang='lat' dir='ltr'>viam</span> <span class='ocrx_word' id='word_1_216' title='bbox 1889 1109 2035 1139; x_wconf 86' lang='lat' dir='ltr'>meam.</span> <span class='ocrx_word' id='word_1_217' title='bbox 2060 1096 2102 1137; x_wconf 91' lang='lat' dir='ltr'>in</span> <span class='ocrx_word' id='word_1_218' title='bbox 2125 1110 2206 1150; x_wconf 89' lang='lat' dir='ltr'>qua</span> 
     </span>
     <span class='ocr_line' id='line_1_18' title="bbox 284 1154 2205 1209; baseline 0.001 -15"><span class='ocrx_word' id='word_1_219' title='bbox 284 1168 391 1195; x_wconf 88' lang='grc'>1111110</span> <span class='ocrx_word' id='word_1_220' title='bbox 423 1154 601 1198; x_wconf 86' lang='lat' dir='ltr'>ambulo.</span> <span class='ocrx_word' id='word_1_221' title='bbox 645 1156 677 1179; x_wconf 82' lang='lat'>⁴³</span> <span class='ocrx_word' id='word_1_222' title='bbox 692 1168 781 1195; x_wconf 84' lang='lat' dir='ltr'>eece</span> <span class='ocrx_word' id='word_1_223' title='bbox 797 1159 860 1195; x_wconf 88' lang='lat' dir='ltr'>sto</span> <span class='ocrx_word' id='word_1_224' title='bbox 876 1154 991 1195; x_wconf 88' lang='lat' dir='ltr'>iuxta</span> <span class='ocrx_word' id='word_1_225' title='bbox 1007 1155 1165 1195; x_wconf 83' lang='lat' dir='ltr'>fontem</span> <span class='ocrx_word' id='word_1_226' title='bbox 1180 1168 1309 1208; x_wconf 84' lang='lat' dir='ltr'>aquae.</span> <span class='ocrx_word' id='word_1_227' title='bbox 1327 1160 1368 1196; x_wconf 89' lang='lat' dir='ltr'>et</span> <span class='ocrx_word' id='word_1_228' title='bbox 1382 1156 1508 1209; x_wconf 74' lang='lat' dir='ltr'>virgo.</span> <span class='ocrx_word' id='word_1_229' title='bbox 1527 1168 1617 1209; x_wconf 83' lang='lat' dir='ltr'>quae</span> <span class='ocrx_word' id='word_1_230' title='bbox 1632 1155 1861 1209; x_wconf 75' lang='lat' dir='ltr'>egredietur</span> <span class='ocrx_word' id='word_1_231' title='bbox 1872 1155 1924 1196; x_wconf 92' lang='lat' dir='ltr'>ad</span> <span class='ocrx_word' id='word_1_232' title='bbox 1935 1155 2205 1197; x_wconf 78' lang='lat' dir='ltr'>hauriendam</span> 
     </span>
     <span class='ocr_line' id='line_1_19' title="bbox 283 1214 2204 1268; baseline 0.001 -14"><span class='ocrx_word' id='word_1_233' title='bbox 283 1227 447 1267; x_wconf 73' lang='lat' dir='ltr'>aquam,</span> <span class='ocrx_word' id='word_1_234' title='bbox 482 1214 657 1255; x_wconf 88' lang='lat' dir='ltr'>audierit</span> <span class='ocrx_word' id='word_1_235' title='bbox 690 1227 710 1254; x_wconf 87' lang='lat' dir='ltr'>a</span> <span class='ocrx_word' id='word_1_236' title='bbox 745 1227 826 1254; x_wconf 87' lang='lat' dir='ltr'>me:</span> <span class='ocrx_word' id='word_1_237' title='bbox 876 1214 940 1254; x_wconf 89' lang='lat' dir='ltr'>Da</span> <span class='ocrx_word' id='word_1_238' title='bbox 972 1214 1071 1254; x_wconf 91' lang='lat' dir='ltr'>mihi</span> <span class='ocrx_word' id='word_1_239' title='bbox 1103 1214 1331 1267; x_wconf 88' lang='lat' dir='ltr'>pauxillum</span> <span class='ocrx_word' id='word_1_240' title='bbox 1364 1228 1481 1268; x_wconf 83' lang='lat' dir='ltr'>aquae</span> <span class='ocrx_word' id='word_1_241' title='bbox 1513 1215 1565 1255; x_wconf 88' lang='lat' dir='ltr'>ad</span> <span class='ocrx_word' id='word_1_242' title='bbox 1597 1215 1821 1256; x_wconf 88' lang='lat' dir='ltr'>bibendum</span> <span class='ocrx_word' id='word_1_243' title='bbox 1854 1228 1904 1255; x_wconf 84' lang='lat' dir='ltr'>ex</span> <span class='ocrx_word' id='word_1_244' title='bbox 1935 1215 2081 1268; x_wconf 83' lang='lat' dir='ltr'>hydria</span> <span class='ocrx_word' id='word_1_245' title='bbox 2114 1221 2204 1255; x_wconf 88' lang='lat' dir='ltr'>tua:</span> 
     </span>
     <span class='ocr_line' id='line_1_20' title="bbox 279 1273 2204 1328; baseline 0.001 -14"><span class='ocrx_word' id='word_1_246' title='bbox 279 1275 311 1297; x_wconf 80' lang='lat'>⁴⁴</span> <span class='ocrx_word' id='word_1_247' title='bbox 330 1280 369 1314; x_wconf 90' lang='lat' dir='ltr'>et</span> <span class='ocrx_word' id='word_1_248' title='bbox 395 1273 543 1314; x_wconf 80' lang='lat' dir='ltr'>dixerit</span> <span class='ocrx_word' id='word_1_249' title='bbox 567 1273 684 1313; x_wconf 88' lang='lat' dir='ltr'>mihi:</span> <span class='ocrx_word' id='word_1_250' title='bbox 712 1273 765 1313; x_wconf 87' lang='lat' dir='ltr'>Et</span> <span class='ocrx_word' id='word_1_251' title='bbox 790 1278 836 1313; x_wconf 91' lang='lat' dir='ltr'>tu</span> <span class='ocrx_word' id='word_1_252' title='bbox 863 1273 965 1316; x_wconf 88' lang='lat' dir='ltr'>bibe.</span> <span class='ocrx_word' id='word_1_253' title='bbox 993 1278 1033 1314; x_wconf 87' lang='lat' dir='ltr'>et</span> <span class='ocrx_word' id='word_1_254' title='bbox 1051 1273 1214 1314; x_wconf 87' lang='lat' dir='ltr'>camelis</span> <span class='ocrx_word' id='word_1_255' title='bbox 1239 1274 1319 1314; x_wconf 85' lang='lat' dir='ltr'>tuis</span> <span class='ocrx_word' id='word_1_256' title='bbox 1344 1274 1550 1314; x_wconf 79' lang='lat' dir='ltr'>hauriam:</span> <span class='ocrx_word' id='word_1_257' title='bbox 1577 1274 1665 1326; x_wconf 79' lang='lat' dir='ltr'>ipsa·</span> <span class='ocrx_word' id='word_1_258' title='bbox 1689 1279 1749 1314; x_wconf 89' lang='lat' dir='ltr'>est</span> <span class='ocrx_word' id='word_1_259' title='bbox 1774 1274 1917 1315; x_wconf 90' lang='lat' dir='ltr'>mulier</span> <span class='ocrx_word' id='word_1_260' title='bbox 1947 1287 2072 1328; x_wconf 90' lang='lat' dir='ltr'>quam</span> <span class='ocrx_word' id='word_1_261' title='bbox 2106 1287 2204 1327; x_wconf 84' lang='lat' dir='ltr'>prae-</span> 
     </span>
     <span class='ocr_line' id='line_1_21' title="bbox 281 1332 2203 1386; baseline 0.001 -14"><span class='ocrx_word' id='word_1_262' title='bbox 281 1332 444 1385; x_wconf 82' lang='lat' dir='ltr'>paravit</span> <span class='ocrx_word' id='word_1_263' title='bbox 480 1333 681 1373; x_wconf 78' lang='lat' dir='ltr'>Dominus</span> <span class='ocrx_word' id='word_1_264' title='bbox 721 1332 801 1373; x_wconf 85' lang='lat' dir='ltr'>filio</span> <span class='ocrx_word' id='word_1_265' title='bbox 837 1332 993 1373; x_wconf 89' lang='lat' dir='ltr'>domini</span> <span class='ocrx_word' id='word_1_266' title='bbox 1028 1333 1118 1373; x_wconf 89' lang='lat' dir='ltr'>mei.</span> <span class='ocrx_word' id='word_1_267' title='bbox 1183 1335 1214 1357; x_wconf 73' lang='grc'>45</span> <span class='ocrx_word' id='word_1_268' title='bbox 1250 1333 1443 1386; x_wconf 87' lang='lat' dir='ltr'>Dumque</span> <span class='ocrx_word' id='word_1_269' title='bbox 1479 1333 1563 1373; x_wconf 81' lang='lat' dir='ltr'>haec</span> <span class='ocrx_word' id='word_1_270' title='bbox 1598 1332 1750 1373; x_wconf 89' lang='lat' dir='ltr'>tacitus</span> <span class='ocrx_word' id='word_1_271' title='bbox 1787 1346 1947 1373; x_wconf 86' lang='lat' dir='ltr'>mecum</span> <span class='ocrx_word' id='word_1_272' title='bbox 1983 1333 2203 1378; x_wconf 78' lang='lat' dir='ltr'>volverem,</span> 
     </span>
     <span class='ocr_line' id='line_1_22' title="bbox 281 1391 2204 1446; baseline 0 -15"><span class='ocrx_word' id='word_1_273' title='bbox 281 1392 474 1445; x_wconf 85' lang='lat' dir='ltr'>apparuit</span> <span class='ocrx_word' id='word_1_274' title='bbox 508 1392 690 1432; x_wconf 82' lang='lat' dir='ltr'>Rebecca</span> <span class='ocrx_word' id='word_1_275' title='bbox 724 1391 889 1432; x_wconf 81' lang='lat' dir='ltr'>veniens</span> <span class='ocrx_word' id='word_1_276' title='bbox 921 1405 1014 1431; x_wconf 88' lang='grc'>011111</span> <span class='ocrx_word' id='word_1_277' title='bbox 1045 1392 1203 1445; x_wconf 82' lang='lat' dir='ltr'>hydria.</span> <span class='ocrx_word' id='word_1_278' title='bbox 1239 1406 1363 1446; x_wconf 90' lang='lat' dir='ltr'>quam</span> <span class='ocrx_word' id='word_1_279' title='bbox 1395 1392 1590 1445; x_wconf 88' lang='lat' dir='ltr'>portabat</span> <span class='ocrx_word' id='word_1_280' title='bbox 1622 1392 1662 1431; x_wconf 92' lang='lat' dir='ltr'>in</span> <span class='ocrx_word' id='word_1_281' title='bbox 1693 1392 1878 1445; x_wconf 85' lang='lat' dir='ltr'>scapula:</span> <span class='ocrx_word' id='word_1_282' title='bbox 1912 1392 2204 1446; x_wconf 80' lang='lat' dir='ltr'>descenditque</span> 
     </span>
     <span class='ocr_line' id='line_1_23' title="bbox 281 1451 2206 1504; baseline 0.001 -13"><span class='ocrx_word' id='word_1_283' title='bbox 281 1451 333 1491; x_wconf 87' lang='lat' dir='ltr'>ad</span> <span class='ocrx_word' id='word_1_284' title='bbox 358 1451 528 1494; x_wconf 83' lang='lat' dir='ltr'>fontem.</span> <span class='ocrx_word' id='word_1_285' title='bbox 556 1456 597 1491; x_wconf 91' lang='lat' dir='ltr'>et</span> <span class='ocrx_word' id='word_1_286' title='bbox 621 1451 759 1491; x_wconf 86' lang='lat' dir='ltr'>hausit</span> <span class='ocrx_word' id='word_1_287' title='bbox 785 1464 948 1504; x_wconf 87' lang='lat' dir='ltr'>aquam.</span> <span class='ocrx_word' id='word_1_288' title='bbox 1003 1451 1059 1491; x_wconf 88' lang='lat' dir='ltr'>Et</span> <span class='ocrx_word' id='word_1_289' title='bbox 1084 1451 1147 1492; x_wconf 89' lang='grc'>010</span> <span class='ocrx_word' id='word_1_290' title='bbox 1173 1451 1226 1491; x_wconf 90' lang='lat' dir='ltr'>ad</span> <span class='ocrx_word' id='word_1_291' title='bbox 1252 1465 1359 1492; x_wconf 86' lang='lat' dir='ltr'>eam:</span> <span class='ocrx_word' id='word_1_292' title='bbox 1387 1452 1452 1492; x_wconf 88' lang='lat' dir='ltr'>Da</span> <span class='ocrx_word' id='word_1_293' title='bbox 1477 1451 1576 1491; x_wconf 89' lang='lat' dir='ltr'>mihi</span> <span class='ocrx_word' id='word_1_294' title='bbox 1602 1451 1815 1504; x_wconf 90' lang='lat' dir='ltr'>paululum</span> <span class='ocrx_word' id='word_1_295' title='bbox 1842 1451 1990 1492; x_wconf 89' lang='lat' dir='ltr'>bibere.</span> <span class='ocrx_word' id='word_1_296' title='bbox 2045 1452 2081 1475; x_wconf 79' lang='lat'>⁴⁶</span> <span class='ocrx_word' id='word_1_297' title='bbox 2106 1451 2206 1500; x_wconf 80' lang='lat' dir='ltr'>Quae</span> 
     </span>
     <span class='ocr_line' id='line_1_24' title="bbox 280 1510 2205 1563; baseline 0 -13"><span class='ocrx_word' id='word_1_298' title='bbox 280 1510 478 1550; x_wconf 82' lang='lat' dir='ltr'>festinans</span> <span class='ocrx_word' id='word_1_299' title='bbox 506 1510 697 1563; x_wconf 86' lang='lat' dir='ltr'>deposuit</span> <span class='ocrx_word' id='word_1_300' title='bbox 722 1510 913 1563; x_wconf 81' lang='lat' dir='ltr'>hydriam</span> <span class='ocrx_word' id='word_1_301' title='bbox 940 1510 989 1551; x_wconf 89' lang='lat' dir='ltr'>de</span> <span class='ocrx_word' id='word_1_302' title='bbox 1016 1510 1198 1554; x_wconf 88' lang='lat' dir='ltr'>humero.</span> <span class='ocrx_word' id='word_1_303' title='bbox 1228 1516 1268 1551; x_wconf 91' lang='lat' dir='ltr'>et</span> <span class='ocrx_word' id='word_1_304' title='bbox 1295 1510 1399 1551; x_wconf 81' lang='lat' dir='ltr'>dixit</span> <span class='ocrx_word' id='word_1_305' title='bbox 1427 1510 1544 1550; x_wconf 88' lang='lat' dir='ltr'>mihi:</span> <span class='ocrx_word' id='word_1_306' title='bbox 1574 1510 1628 1550; x_wconf 87' lang='lat' dir='ltr'>Et</span> <span class='ocrx_word' id='word_1_307' title='bbox 1656 1515 1702 1550; x_wconf 90' lang='lat' dir='ltr'>tu</span> <span class='ocrx_word' id='word_1_308' title='bbox 1730 1510 1835 1554; x_wconf 85' lang='lat' dir='ltr'>bibe.</span> <span class='ocrx_word' id='word_1_309' title='bbox 1865 1516 1903 1551; x_wconf 91' lang='lat' dir='ltr'>et</span> <span class='ocrx_word' id='word_1_310' title='bbox 1932 1510 2096 1551; x_wconf 88' lang='lat' dir='ltr'>camelis</span> <span class='ocrx_word' id='word_1_311' title='bbox 2123 1510 2205 1551; x_wconf 88' lang='lat' dir='ltr'>tuis</span> 
     </span>
     <span class='ocr_line' id='line_1_25' title="bbox 281 1569 2204 1623; baseline 0 -14"><span class='ocrx_word' id='word_1_312' title='bbox 281 1569 461 1609; x_wconf 88' lang='lat' dir='ltr'>tribuam</span> <span class='ocrx_word' id='word_1_313' title='bbox 483 1574 641 1622; x_wconf 89' lang='lat' dir='ltr'>potum.</span> <span class='ocrx_word' id='word_1_314' title='bbox 668 1569 771 1611; x_wconf 86' lang='lat' dir='ltr'>Bibi.</span> <span class='ocrx_word' id='word_1_315' title='bbox 796 1574 838 1610; x_wconf 90' lang='lat' dir='ltr'>et</span> <span class='ocrx_word' id='word_1_316' title='bbox 859 1569 1087 1623; x_wconf 81' lang='lat' dir='ltr'>adaquavit</span> <span class='ocrx_word' id='word_1_317' title='bbox 1110 1569 1296 1610; x_wconf 85' lang='lat' dir='ltr'>camelos.</span> <span class='ocrx_word' id='word_1_318' title='bbox 1348 1571 1381 1593; x_wconf 77' lang='lat'>⁴⁷</span> <span class='ocrx_word' id='word_1_319' title='bbox 1407 1569 1743 1623; x_wconf 76' lang='lat' dir='ltr'>Interrogavique</span> <span class='ocrx_word' id='word_1_320' title='bbox 1766 1582 1868 1613; x_wconf 89' lang='grc'>00111,</span> <span class='ocrx_word' id='word_1_321' title='bbox 1893 1575 1934 1610; x_wconf 88' lang='grc'>01</span> <span class='ocrx_word' id='word_1_322' title='bbox 1955 1569 2058 1609; x_wconf 82' lang='lat' dir='ltr'>dixi:</span> <span class='ocrx_word' id='word_1_323' title='bbox 2081 1569 2204 1610; x_wconf 75' lang='lat' dir='ltr'>Cuius</span> 
     </span>
     <span class='ocr_line' id='line_1_26' title="bbox 281 1627 2202 1682; baseline 0 -14"><span class='ocrx_word' id='word_1_324' title='bbox 281 1642 320 1668; x_wconf 89' lang='lat' dir='ltr'>es</span> <span class='ocrx_word' id='word_1_325' title='bbox 347 1627 453 1669; x_wconf 78' lang='lat' dir='ltr'>filia?</span> <span class='ocrx_word' id='word_1_326' title='bbox 479 1629 578 1677; x_wconf 82' lang='lat' dir='ltr'>Quae</span> <span class='ocrx_word' id='word_1_327' title='bbox 601 1628 829 1681; x_wconf 89' lang='lat' dir='ltr'>respondit:</span> <span class='ocrx_word' id='word_1_328' title='bbox 856 1628 958 1669; x_wconf 86' lang='lat' dir='ltr'>Filia</span> <span class='ocrx_word' id='word_1_329' title='bbox 982 1628 1194 1669; x_wconf 88' lang='lat' dir='ltr'>Bathuelis</span> <span class='ocrx_word' id='word_1_330' title='bbox 1218 1642 1320 1670; x_wconf 89' lang='lat' dir='ltr'>sum.</span> <span class='ocrx_word' id='word_1_331' title='bbox 1350 1628 1421 1669; x_wconf 90' lang='lat' dir='ltr'>filii</span> <span class='ocrx_word' id='word_1_332' title='bbox 1446 1629 1619 1671; x_wconf 78' lang='lat' dir='ltr'>Nachor.</span> <span class='ocrx_word' id='word_1_333' title='bbox 1646 1641 1768 1681; x_wconf 90' lang='lat' dir='ltr'>quem</span> <span class='ocrx_word' id='word_1_334' title='bbox 1792 1628 1949 1682; x_wconf 86' lang='lat' dir='ltr'>peperit</span> <span class='ocrx_word' id='word_1_335' title='bbox 1973 1628 2007 1668; x_wconf 91' lang='lat' dir='ltr'>ei</span> <span class='ocrx_word' id='word_1_336' title='bbox 2030 1627 2202 1669; x_wconf 86' lang='lat' dir='ltr'>Melcha.</span> 
     </span>
     <span class='ocr_line' id='line_1_27' title="bbox 279 1687 2204 1741; baseline -0.001 -13"><span class='ocrx_word' id='word_1_337' title='bbox 279 1687 481 1740; x_wconf 80' lang='lat' dir='ltr'>Suspendi</span> <span class='ocrx_word' id='word_1_338' title='bbox 517 1688 657 1741; x_wconf 89' lang='lat' dir='ltr'>itaque</span> <span class='ocrx_word' id='word_1_339' title='bbox 692 1687 852 1728; x_wconf 90' lang='lat' dir='ltr'>inaures</span> <span class='ocrx_word' id='word_1_340' title='bbox 881 1688 934 1728; x_wconf 90' lang='lat' dir='ltr'>ad</span> <span class='ocrx_word' id='word_1_341' title='bbox 962 1688 1189 1728; x_wconf 84' lang='lat' dir='ltr'>ornandam</span> <span class='ocrx_word' id='word_1_342' title='bbox 1217 1688 1363 1728; x_wconf 83' lang='lat' dir='ltr'>faciem</span> <span class='ocrx_word' id='word_1_343' title='bbox 1392 1687 1487 1731; x_wconf 83' lang='lat' dir='ltr'>eius.</span> <span class='ocrx_word' id='word_1_344' title='bbox 1528 1692 1567 1728; x_wconf 92' lang='lat' dir='ltr'>et</span> <span class='ocrx_word' id='word_1_345' title='bbox 1597 1687 1774 1728; x_wconf 85' lang='lat' dir='ltr'>armillas</span> <span class='ocrx_word' id='word_1_346' title='bbox 1804 1687 1920 1741; x_wconf 87' lang='lat' dir='ltr'>posui</span> <span class='ocrx_word' id='word_1_347' title='bbox 1947 1687 1988 1727; x_wconf 91' lang='lat' dir='ltr'>in</span> <span class='ocrx_word' id='word_1_348' title='bbox 2015 1687 2204 1728; x_wconf 80' lang='lat' dir='ltr'>manibus</span> 
     </span>
     <span class='ocr_line' id='line_1_28' title="bbox 279 1746 2205 1801; baseline -0.001 -14"><span class='ocrx_word' id='word_1_349' title='bbox 279 1747 376 1787; x_wconf 86' lang='lat' dir='ltr'>eius.</span> <span class='ocrx_word' id='word_1_350' title='bbox 434 1749 469 1771; x_wconf 69' lang='lat'>⁴⁸</span> <span class='ocrx_word' id='word_1_351' title='bbox 498 1747 737 1801; x_wconf 90' lang='lat' dir='ltr'>Pronusque</span> <span class='ocrx_word' id='word_1_352' title='bbox 767 1747 937 1788; x_wconf 84' lang='lat' dir='ltr'>adoravi</span> <span class='ocrx_word' id='word_1_353' title='bbox 964 1747 1202 1791; x_wconf 85' lang='lat' dir='ltr'>Dominum.</span> <span class='ocrx_word' id='word_1_354' title='bbox 1235 1747 1477 1788; x_wconf 89' lang='lat' dir='ltr'>benedicens</span> <span class='ocrx_word' id='word_1_355' title='bbox 1506 1747 1684 1788; x_wconf 87' lang='lat' dir='ltr'>Domino</span> <span class='ocrx_word' id='word_1_356' title='bbox 1714 1747 1800 1787; x_wconf 91' lang='lat' dir='ltr'>Deo</span> <span class='ocrx_word' id='word_1_357' title='bbox 1831 1746 1986 1787; x_wconf 88' lang='lat' dir='ltr'>domini</span> <span class='ocrx_word' id='word_1_358' title='bbox 2015 1746 2094 1787; x_wconf 87' lang='grc'>11101</span> <span class='ocrx_word' id='word_1_359' title='bbox 2123 1747 2205 1787; x_wconf 87' lang='grc' dir='ltr'>Α11-</span> 
     </span>
     <span class='ocr_line' id='line_1_29' title="bbox 278 1805 2203 1859; baseline -0.001 -13"><span class='ocrx_word' id='word_1_360' title='bbox 278 1806 434 1849; x_wconf 86' lang='lat' dir='ltr'>raham.</span> <span class='ocrx_word' id='word_1_361' title='bbox 466 1806 535 1859; x_wconf 88' lang='lat' dir='ltr'>qui</span> <span class='ocrx_word' id='word_1_362' title='bbox 564 1807 757 1859; x_wconf 88' lang='lat' dir='ltr'>perduxit</span> <span class='ocrx_word' id='word_1_363' title='bbox 784 1819 848 1847; x_wconf 92' lang='lat' dir='ltr'>me</span> <span class='ocrx_word' id='word_1_364' title='bbox 875 1811 986 1847; x_wconf 89' lang='lat' dir='ltr'>recto</span> <span class='ocrx_word' id='word_1_365' title='bbox 1014 1806 1170 1849; x_wconf 84' lang='lat' dir='ltr'>itinere.</span> <span class='ocrx_word' id='word_1_366' title='bbox 1202 1812 1246 1847; x_wconf 91' lang='lat' dir='ltr'>ut</span> <span class='ocrx_word' id='word_1_367' title='bbox 1276 1819 1477 1847; x_wconf 87' lang='lat' dir='ltr'>sumerem</span> <span class='ocrx_word' id='word_1_368' title='bbox 1509 1806 1635 1847; x_wconf 89' lang='lat' dir='ltr'>filiam</span> <span class='ocrx_word' id='word_1_369' title='bbox 1662 1805 1799 1846; x_wconf 85' lang='lat' dir='ltr'>fratris</span> <span class='ocrx_word' id='word_1_370' title='bbox 1829 1805 1984 1847; x_wconf 90' lang='lat' dir='ltr'>domini</span> <span class='ocrx_word' id='word_1_371' title='bbox 2011 1805 2090 1847; x_wconf 90' lang='lat' dir='ltr'>mei</span> <span class='ocrx_word' id='word_1_372' title='bbox 2122 1805 2203 1846; x_wconf 91' lang='lat' dir='ltr'>filio</span> 
     </span>
     <span class='ocr_line' id='line_1_30' title="bbox 281 1864 2205 1914; baseline -0.002 -8"><span class='ocrx_word' id='word_1_373' title='bbox 281 1865 377 1906; x_wconf 81' lang='lat' dir='ltr'>eius.</span> <span class='ocrx_word' id='word_1_374' title='bbox 423 1867 458 1890; x_wconf 75' lang='lat'>⁴⁹</span> <span class='ocrx_word' id='word_1_375' title='bbox 477 1866 755 1914; x_wconf 87' lang='lat' dir='ltr'>Quamobrem</span> <span class='ocrx_word' id='word_1_376' title='bbox 771 1866 804 1906; x_wconf 92' lang='lat' dir='ltr'>si</span> <span class='ocrx_word' id='word_1_377' title='bbox 820 1865 955 1906; x_wconf 79' lang='lat' dir='ltr'>facitis</span> <span class='ocrx_word' id='word_1_378' title='bbox 973 1866 1294 1906; x_wconf 88' lang='lat' dir='ltr'>misericordiam</span> <span class='ocrx_word' id='word_1_379' title='bbox 1312 1872 1352 1906; x_wconf 90' lang='lat' dir='ltr'>et</span> <span class='ocrx_word' id='word_1_380' title='bbox 1370 1866 1589 1906; x_wconf 73' lang='lat' dir='ltr'>veritatem</span> <span class='ocrx_word' id='word_1_381' title='bbox 1608 1878 1701 1905; x_wconf 89' lang='grc'>011111</span> <span class='ocrx_word' id='word_1_382' title='bbox 1719 1865 1884 1905; x_wconf 88' lang='lat' dir='ltr'>domino</span> <span class='ocrx_word' id='word_1_383' title='bbox 1903 1878 2006 1909; x_wconf 89' lang='grc'>11100,</span> <span class='ocrx_word' id='word_1_384' title='bbox 2026 1864 2205 1905; x_wconf 83' lang='grc'>10(110010.</span> 
     </span>
     <span class='ocr_line' id='line_1_31' title="bbox 281 1923 2204 1978; baseline -0.001 -13"><span class='ocrx_word' id='word_1_385' title='bbox 281 1924 398 1965; x_wconf 83' lang='grc'>011111;</span> <span class='ocrx_word' id='word_1_386' title='bbox 427 1925 488 1965; x_wconf 88' lang='lat' dir='ltr'>sin</span> <span class='ocrx_word' id='word_1_387' title='bbox 515 1930 655 1965; x_wconf 90' lang='lat' dir='ltr'>autem</span> <span class='ocrx_word' id='word_1_388' title='bbox 682 1924 793 1965; x_wconf 86' lang='lat' dir='ltr'>aliud</span> <span class='ocrx_word' id='word_1_389' title='bbox 818 1925 965 1978; x_wconf 76' lang='lat' dir='ltr'>placet.</span> <span class='ocrx_word' id='word_1_390' title='bbox 995 1931 1035 1965; x_wconf 90' lang='lat' dir='ltr'>et</span> <span class='ocrx_word' id='word_1_391' title='bbox 1061 1925 1137 1965; x_wconf 88' lang='lat' dir='ltr'>hoc</span> <span class='ocrx_word' id='word_1_392' title='bbox 1163 1925 1286 1966; x_wconf 86' lang='lat' dir='ltr'>dieite</span> <span class='ocrx_word' id='word_1_393' title='bbox 1313 1925 1424 1970; x_wconf 87' lang='grc'>011111,</span> <span class='ocrx_word' id='word_1_394' title='bbox 1454 1930 1500 1965; x_wconf 89' lang='lat' dir='ltr'>ut</span> <span class='ocrx_word' id='word_1_395' title='bbox 1527 1924 1679 1965; x_wconf 81' lang='lat' dir='ltr'>vadam</span> <span class='ocrx_word' id='word_1_396' title='bbox 1707 1924 1759 1965; x_wconf 90' lang='lat' dir='ltr'>ad</span> <span class='ocrx_word' id='word_1_397' title='bbox 1785 1924 2010 1968; x_wconf 81' lang='lat' dir='ltr'>dexteram.</span> <span class='ocrx_word' id='word_1_398' title='bbox 2040 1923 2125 1964; x_wconf 84' lang='lat' dir='ltr'>sive</span> <span class='ocrx_word' id='word_1_399' title='bbox 2153 1923 2204 1964; x_wconf 86' lang='lat' dir='ltr'>ad</span> 
     </span>
     <span class='ocr_line' id='line_1_32' title="bbox 281 1983 2202 2037; baseline -0.001 -14"><span class='ocrx_word' id='word_1_400' title='bbox 281 1983 501 2024; x_wconf 87' lang='lat' dir='ltr'>sinistram.</span> <span class='ocrx_word' id='word_1_401' title='bbox 554 1986 591 2008; x_wconf 78' lang='lat'>5⁰</span> <span class='ocrx_word' id='word_1_402' title='bbox 617 1984 1015 2037; x_wconf 88' lang='lat' dir='ltr'>Responderuntque</span> <span class='ocrx_word' id='word_1_403' title='bbox 1040 1984 1184 2025; x_wconf 88' lang='lat' dir='ltr'>Laban</span> <span class='ocrx_word' id='word_1_404' title='bbox 1209 1989 1249 2025; x_wconf 89' lang='lat' dir='ltr'>et</span> <span class='ocrx_word' id='word_1_405' title='bbox 1275 1983 1470 2025; x_wconf 87' lang='lat' dir='ltr'>Bathuel:</span> <span class='ocrx_word' id='word_1_406' title='bbox 1497 1984 1533 2024; x_wconf 79' lang='lat' dir='ltr'><strong>A</strong></span> <span class='ocrx_word' id='word_1_407' title='bbox 1556 1984 1734 2024; x_wconf 90' lang='lat' dir='ltr'>Domino</span> <span class='ocrx_word' id='word_1_408' title='bbox 1761 1996 1940 2037; x_wconf 79' lang='lat' dir='ltr'>egressus</span> <span class='ocrx_word' id='word_1_409' title='bbox 1966 1988 2028 2023; x_wconf 90' lang='lat' dir='ltr'>est</span> <span class='ocrx_word' id='word_1_410' title='bbox 2051 1995 2202 2023; x_wconf 87' lang='lat' dir='ltr'>sermo:</span> 
     </span>
     <span class='ocr_line' id='line_1_33' title="bbox 281 2042 2203 2096; baseline -0.001 -13"><span class='ocrx_word' id='word_1_411' title='bbox 281 2055 362 2083; x_wconf 89' lang='lat' dir='ltr'>non</span> <span class='ocrx_word' id='word_1_412' title='bbox 391 2056 606 2096; x_wconf 89' lang='lat' dir='ltr'>possumus</span> <span class='ocrx_word' id='word_1_413' title='bbox 636 2048 750 2084; x_wconf 91' lang='lat' dir='ltr'>extra</span> <span class='ocrx_word' id='word_1_414' title='bbox 780 2043 979 2096; x_wconf 85' lang='lat' dir='ltr'>placitum</span> <span class='ocrx_word' id='word_1_415' title='bbox 1007 2043 1090 2083; x_wconf 87' lang='lat' dir='ltr'>eius</span> <span class='ocrx_word' id='word_1_416' title='bbox 1120 2043 1348 2096; x_wconf 86' lang='lat' dir='ltr'>quidquam</span> <span class='ocrx_word' id='word_1_417' title='bbox 1376 2043 1488 2083; x_wconf 88' lang='lat' dir='ltr'>aliud</span> <span class='ocrx_word' id='word_1_418' title='bbox 1515 2043 1626 2096; x_wconf 90' lang='lat' dir='ltr'>loqui</span> <span class='ocrx_word' id='word_1_419' title='bbox 1655 2049 1803 2083; x_wconf 88' lang='lat' dir='ltr'>tecum.</span> <span class='ocrx_word' id='word_1_420' title='bbox 1860 2044 1892 2066; x_wconf 76' lang='lat'>51</span> <span class='ocrx_word' id='word_1_421' title='bbox 1922 2042 1986 2082; x_wconf 89' lang='lat' dir='ltr'>En</span> <span class='ocrx_word' id='word_1_422' title='bbox 2017 2042 2203 2082; x_wconf 85' lang='lat' dir='ltr'>Rebecca</span> 
     </span>
     <span class='ocr_line' id='line_1_34' title="bbox 281 2100 2203 2155; baseline -0.001 -13"><span class='ocrx_word' id='word_1_423' title='bbox 281 2115 417 2143; x_wconf 90' lang='lat' dir='ltr'>coram</span> <span class='ocrx_word' id='word_1_424' title='bbox 440 2106 480 2143; x_wconf 88' lang='lat' dir='ltr'>te</span> <span class='ocrx_word' id='word_1_425' title='bbox 503 2108 575 2144; x_wconf 89' lang='lat' dir='ltr'>est.</span> <span class='ocrx_word' id='word_1_426' title='bbox 600 2102 695 2143; x_wconf 88' lang='lat' dir='ltr'>tolle</span> <span class='ocrx_word' id='word_1_427' title='bbox 718 2115 820 2145; x_wconf 89' lang='lat' dir='ltr'>eam.</span> <span class='ocrx_word' id='word_1_428' title='bbox 845 2107 885 2143; x_wconf 90' lang='grc'>01</span> <span class='ocrx_word' id='word_1_429' title='bbox 907 2102 1173 2155; x_wconf 88' lang='lat' dir='ltr'>proficiscere.</span> <span class='ocrx_word' id='word_1_430' title='bbox 1198 2110 1238 2142; x_wconf 90' lang='lat' dir='ltr'>et</span> <span class='ocrx_word' id='word_1_431' title='bbox 1260 2102 1313 2143; x_wconf 81' lang='lat' dir='ltr'>sit</span> <span class='ocrx_word' id='word_1_432' title='bbox 1336 2114 1438 2142; x_wconf 87' lang='lat' dir='ltr'>uxor</span> <span class='ocrx_word' id='word_1_433' title='bbox 1462 2101 1532 2142; x_wconf 86' lang='lat' dir='ltr'>filii</span> <span class='ocrx_word' id='word_1_434' title='bbox 1555 2101 1710 2142; x_wconf 90' lang='lat' dir='ltr'>domini</span> <span class='ocrx_word' id='word_1_435' title='bbox 1731 2102 1804 2144; x_wconf 88' lang='lat' dir='ltr'>tui.</span> <span class='ocrx_word' id='word_1_436' title='bbox 1830 2101 1933 2141; x_wconf 85' lang='lat' dir='ltr'>sicut</span> <span class='ocrx_word' id='word_1_437' title='bbox 1956 2100 2117 2141; x_wconf 89' lang='lat' dir='ltr'>locutus</span> <span class='ocrx_word' id='word_1_438' title='bbox 2140 2105 2203 2141; x_wconf 87' lang='lat' dir='ltr'>est</span> 
     </span>
     <span class='ocr_line' id='line_1_35' title="bbox 281 2160 2201 2214; baseline -0.002 -12"><span class='ocrx_word' id='word_1_439' title='bbox 281 2161 492 2202; x_wconf 89' lang='lat' dir='ltr'>Dominus.</span> <span class='ocrx_word' id='word_1_440' title='bbox 555 2163 587 2185; x_wconf 72' lang='lat'>⁵²</span> <span class='ocrx_word' id='word_1_441' title='bbox 621 2161 741 2210; x_wconf 82' lang='lat' dir='ltr'>Quod</span> <span class='ocrx_word' id='word_1_442' title='bbox 773 2174 867 2201; x_wconf 90' lang='lat' dir='ltr'>cum</span> <span class='ocrx_word' id='word_1_443' title='bbox 900 2161 1081 2202; x_wconf 88' lang='lat' dir='ltr'>audisset</span> <span class='ocrx_word' id='word_1_444' title='bbox 1114 2174 1214 2214; x_wconf 92' lang='lat' dir='ltr'>puer</span> <span class='ocrx_word' id='word_1_445' title='bbox 1246 2161 1468 2205; x_wconf 76' lang='lat' dir='ltr'>Abraham.</span> <span class='ocrx_word' id='word_1_446' title='bbox 1505 2161 1717 2214; x_wconf 84' lang='lat' dir='ltr'>procidens</span> <span class='ocrx_word' id='word_1_447' title='bbox 1752 2160 1941 2201; x_wconf 82' lang='lat' dir='ltr'>adoravit</span> <span class='ocrx_word' id='word_1_448' title='bbox 1974 2160 2015 2200; x_wconf 89' lang='lat' dir='ltr'>in</span> <span class='ocrx_word' id='word_1_449' title='bbox 2049 2165 2201 2200; x_wconf 88' lang='lat' dir='ltr'>terram</span> 
     </span>
     <span class='ocr_line' id='line_1_36' title="bbox 280 2219 2202 2274; baseline -0.001 -14"><span class='ocrx_word' id='word_1_450' title='bbox 280 2221 517 2261; x_wconf 88' lang='lat' dir='ltr'>Dominum.</span> <span class='ocrx_word' id='word_1_451' title='bbox 569 2223 601 2245; x_wconf 73' lang='lat'>⁵³³</span> <span class='ocrx_word' id='word_1_452' title='bbox 624 2221 880 2274; x_wconf 86' lang='lat' dir='ltr'>Prolatisque</span> <span class='ocrx_word' id='word_1_453' title='bbox 905 2221 1010 2261; x_wconf 85' lang='lat' dir='ltr'>vasis</span> <span class='ocrx_word' id='word_1_454' title='bbox 1034 2221 1247 2274; x_wconf 77' lang='lat' dir='ltr'>argenteis.</span> <span class='ocrx_word' id='word_1_455' title='bbox 1273 2227 1312 2261; x_wconf 89' lang='lat' dir='ltr'>et</span> <span class='ocrx_word' id='word_1_456' title='bbox 1337 2220 1479 2264; x_wconf 88' lang='lat' dir='ltr'>aureis.</span> <span class='ocrx_word' id='word_1_457' title='bbox 1505 2233 1551 2260; x_wconf 88' lang='lat' dir='ltr'>ac</span> <span class='ocrx_word' id='word_1_458' title='bbox 1574 2220 1770 2264; x_wconf 83' lang='lat' dir='ltr'>vestibus.</span> <span class='ocrx_word' id='word_1_459' title='bbox 1796 2219 1911 2260; x_wconf 90' lang='lat' dir='ltr'>dedit</span> <span class='ocrx_word' id='word_1_460' title='bbox 1933 2232 1981 2260; x_wconf 90' lang='lat' dir='ltr'>ea</span> <span class='ocrx_word' id='word_1_461' title='bbox 2004 2219 2202 2259; x_wconf 58' lang='lat' dir='ltr'>Rebeccae</span> 
     </span>
     <span class='ocr_line' id='line_1_37' title="bbox 280 2278 2200 2333; baseline -0.001 -14"><span class='ocrx_word' id='word_1_462' title='bbox 280 2292 352 2333; x_wconf 91' lang='lat' dir='ltr'>pro</span> <span class='ocrx_word' id='word_1_463' title='bbox 368 2293 553 2321; x_wconf 89' lang='lat' dir='ltr'>munere:</span> <span class='ocrx_word' id='word_1_464' title='bbox 570 2280 765 2321; x_wconf 82' lang='lat' dir='ltr'>fratribus</span> <span class='ocrx_word' id='word_1_465' title='bbox 781 2293 943 2333; x_wconf 89' lang='lat' dir='ltr'>quoque</span> <span class='ocrx_word' id='word_1_466' title='bbox 959 2280 1054 2324; x_wconf 84' lang='lat' dir='ltr'>eius.</span> <span class='ocrx_word' id='word_1_467' title='bbox 1073 2285 1113 2320; x_wconf 89' lang='lat' dir='ltr'>et</span> <span class='ocrx_word' id='word_1_468' title='bbox 1128 2280 1251 2320; x_wconf 89' lang='lat' dir='ltr'>matri</span> <span class='ocrx_word' id='word_1_469' title='bbox 1266 2279 1372 2320; x_wconf 90' lang='lat' dir='ltr'>dona</span> <span class='ocrx_word' id='word_1_470' title='bbox 1389 2278 1552 2320; x_wconf 86' lang='lat' dir='ltr'>obtulit.</span> <span class='ocrx_word' id='word_1_471' title='bbox 1595 2280 1628 2303; x_wconf 74' lang='lat'>5⁴</span> <span class='ocrx_word' id='word_1_472' title='bbox 1646 2279 1753 2320; x_wconf 90' lang='lat' dir='ltr'>Inito</span> <span class='ocrx_word' id='word_1_473' title='bbox 1769 2278 1970 2321; x_wconf 84' lang='lat' dir='ltr'>convivio.</span> <span class='ocrx_word' id='word_1_474' title='bbox 1988 2282 2200 2319; x_wconf 74' lang='lat' dir='ltr'>vescentes</span> 
     </span>
     <span class='ocr_line' id='line_1_38' title="bbox 287 2339 1090 2392; baseline 0.001 -13"><span class='ocrx_word' id='word_1_475' title='bbox 287 2339 440 2392; x_wconf 87' lang='lat' dir='ltr'>pariter</span> <span class='ocrx_word' id='word_1_476' title='bbox 469 2344 508 2379; x_wconf 90' lang='lat' dir='ltr'>et</span> <span class='ocrx_word' id='word_1_477' title='bbox 539 2339 724 2380; x_wconf 87' lang='lat' dir='ltr'>bibentes</span> <span class='ocrx_word' id='word_1_478' title='bbox 754 2345 993 2380; x_wconf 89' lang='lat' dir='ltr'>manserunt</span> <span class='ocrx_word' id='word_1_479' title='bbox 1023 2339 1090 2380; x_wconf 89' lang='lat' dir='ltr'>ibi.</span> 
     </span>
    </p>

    <p class='ocr_par' dir='ltr' id='par_1_3' title="bbox 132 2396 2204 2452">
     <span class='ocr_line' id='line_1_39' title="bbox 132 2396 2204 2452; baseline -0.002 -13"><span class='ocrx_word' id='word_1_480' title='bbox 132 2407 216 2452; x_wconf 62' lang='lat' dir='ltr'>[greti-</span> <span class='ocrx_word' id='word_1_481' title='bbox 394 2398 568 2451; x_wconf 67' lang='lat' dir='ltr'>Surgens</span> <span class='ocrx_word' id='word_1_482' title='bbox 594 2404 733 2439; x_wconf 90' lang='lat' dir='ltr'>autem</span> <span class='ocrx_word' id='word_1_483' title='bbox 757 2411 888 2440; x_wconf 89' lang='lat' dir='ltr'>mane.</span> <span class='ocrx_word' id='word_1_484' title='bbox 914 2397 1075 2439; x_wconf 87' lang='lat' dir='ltr'>locutus</span> <span class='ocrx_word' id='word_1_485' title='bbox 1101 2404 1161 2438; x_wconf 91' lang='lat' dir='ltr'>est</span> <span class='ocrx_word' id='word_1_486' title='bbox 1185 2411 1303 2451; x_wconf 89' lang='lat' dir='ltr'>puer:</span> <span class='ocrx_word' id='word_1_487' title='bbox 1331 2398 1542 2438; x_wconf 89' lang='lat' dir='ltr'>Dimittite</span> <span class='ocrx_word' id='word_1_488' title='bbox 1566 2410 1642 2442; x_wconf 89' lang='grc'>1110,</span> <span class='ocrx_word' id='word_1_489' title='bbox 1669 2403 1717 2437; x_wconf 78' lang='lat' dir='ltr'>ut-</span> <span class='ocrx_word' id='word_1_490' title='bbox 1741 2397 1892 2438; x_wconf 89' lang='lat' dir='ltr'>vadam</span> <span class='ocrx_word' id='word_1_491' title='bbox 1916 2396 1969 2437; x_wconf 89' lang='lat' dir='ltr'>ad</span> <span class='ocrx_word' id='word_1_492' title='bbox 1993 2396 2204 2437; x_wconf 89' lang='lat' dir='ltr'>dominum</span> 
     </span>
    </p>

    <p class='ocr_par' dir='ltr' id='par_1_4' title="bbox 113 2444 2204 3029">
     <span class='ocr_line' id='line_1_40' title="bbox 113 2444 2203 2511; baseline -0.001 -14"><span class='ocrx_word' id='word_1_493' title='bbox 113 2444 237 2471; x_wconf 58' lang='lat' dir='ltr'>⁰¹⁵⁰¹tm’</span> <span class='ocrx_word' id='word_1_494' title='bbox 286 2470 435 2498; x_wconf 91' lang='lat' dir='ltr'>meum.</span> <span class='ocrx_word' id='word_1_495' title='bbox 488 2459 520 2482; x_wconf 76' lang='lat'>⁵⁵</span> <span class='ocrx_word' id='word_1_496' title='bbox 546 2458 944 2511; x_wconf 86' lang='lat' dir='ltr'>Responderuntque</span> <span class='ocrx_word' id='word_1_497' title='bbox 974 2458 1119 2497; x_wconf 80' lang='lat' dir='ltr'>fratres</span> <span class='ocrx_word' id='word_1_498' title='bbox 1150 2457 1244 2502; x_wconf 80' lang='lat' dir='ltr'>eius.</span> <span class='ocrx_word' id='word_1_499' title='bbox 1273 2462 1313 2498; x_wconf 89' lang='grc'>01</span> <span class='ocrx_word' id='word_1_500' title='bbox 1343 2462 1493 2497; x_wconf 89' lang='grc'>1110101;</span> <span class='ocrx_word' id='word_1_501' title='bbox 1525 2457 1692 2497; x_wconf 85' lang='lat' dir='ltr'>Maneat</span> <span class='ocrx_word' id='word_1_502' title='bbox 1722 2455 1858 2509; x_wconf 88' lang='lat' dir='ltr'>puella</span> <span class='ocrx_word' id='word_1_503' title='bbox 1887 2455 2033 2496; x_wconf 85' lang='lat' dir='ltr'>saltem</span> <span class='ocrx_word' id='word_1_504' title='bbox 2063 2455 2203 2495; x_wconf 90' lang='lat' dir='ltr'>decem</span> 
     </span>
     <span class='ocr_line' id='line_1_41' title="bbox 284 2514 2202 2570; baseline -0.002 -13"><span class='ocrx_word' id='word_1_505' title='bbox 284 2516 368 2557; x_wconf 90' lang='lat' dir='ltr'>dies</span> <span class='ocrx_word' id='word_1_506' title='bbox 396 2517 506 2569; x_wconf 90' lang='lat' dir='ltr'>apud</span> <span class='ocrx_word' id='word_1_507' title='bbox 533 2530 617 2559; x_wconf 90' lang='lat' dir='ltr'>nos.</span> <span class='ocrx_word' id='word_1_508' title='bbox 647 2522 687 2557; x_wconf 90' lang='lat' dir='ltr'>et</span> <span class='ocrx_word' id='word_1_509' title='bbox 714 2522 857 2570; x_wconf 87' lang='lat' dir='ltr'>postea</span> <span class='ocrx_word' id='word_1_510' title='bbox 884 2516 1175 2570; x_wconf 87' lang='lat' dir='ltr'>proficiscetur.</span> <span class='ocrx_word' id='word_1_511' title='bbox 1231 2518 1267 2540; x_wconf 76' lang='lat'>⁵⁶</span> <span class='ocrx_word' id='word_1_512' title='bbox 1296 2515 1442 2560; x_wconf 78' lang='lat' dir='ltr'>Nolite.</span> <span class='ocrx_word' id='word_1_513' title='bbox 1472 2516 1541 2558; x_wconf 89' lang='lat' dir='ltr'>ait.</span> <span class='ocrx_word' id='word_1_514' title='bbox 1572 2529 1635 2556; x_wconf 91' lang='lat' dir='ltr'>me</span> <span class='ocrx_word' id='word_1_515' title='bbox 1662 2516 1846 2559; x_wconf 82' lang='lat' dir='ltr'>retinere,</span> <span class='ocrx_word' id='word_1_516' title='bbox 1877 2515 1973 2568; x_wconf 87' lang='lat' dir='ltr'>quia</span> <span class='ocrx_word' id='word_1_517' title='bbox 1998 2514 2202 2555; x_wconf 86' lang='lat' dir='ltr'>Dominus</span> 
     </span>
     <span class='ocr_line' id='line_1_42' title="bbox 285 2573 2203 2629; baseline -0.002 -14"><span class='ocrx_word' id='word_1_518' title='bbox 285 2576 434 2616; x_wconf 86' lang='lat' dir='ltr'>direxit</span> <span class='ocrx_word' id='word_1_519' title='bbox 457 2576 567 2616; x_wconf 77' lang='lat' dir='ltr'>viam</span> <span class='ocrx_word' id='word_1_520' title='bbox 592 2589 744 2616; x_wconf 87' lang='lat' dir='ltr'>meam:</span> <span class='ocrx_word' id='word_1_521' title='bbox 770 2576 968 2617; x_wconf 90' lang='lat' dir='ltr'>dimittite</span> <span class='ocrx_word' id='word_1_522' title='bbox 991 2589 1055 2616; x_wconf 92' lang='lat' dir='ltr'>me</span> <span class='ocrx_word' id='word_1_523' title='bbox 1079 2581 1126 2616; x_wconf 91' lang='lat' dir='ltr'>ut</span> <span class='ocrx_word' id='word_1_524' title='bbox 1150 2588 1315 2629; x_wconf 74' lang='lat' dir='ltr'>pergam</span> <span class='ocrx_word' id='word_1_525' title='bbox 1339 2575 1392 2616; x_wconf 88' lang='lat' dir='ltr'>ad</span> <span class='ocrx_word' id='word_1_526' title='bbox 1414 2575 1629 2616; x_wconf 87' lang='lat' dir='ltr'>dominum</span> <span class='ocrx_word' id='word_1_527' title='bbox 1652 2588 1800 2615; x_wconf 91' lang='lat' dir='ltr'>meum.</span> <span class='ocrx_word' id='word_1_528' title='bbox 1852 2575 1886 2598; x_wconf 77' lang='lat'>5⁷</span> <span class='ocrx_word' id='word_1_529' title='bbox 1911 2573 1965 2614; x_wconf 90' lang='lat' dir='ltr'>Et</span> <span class='ocrx_word' id='word_1_530' title='bbox 1990 2573 2203 2614; x_wconf 84' lang='lat' dir='ltr'>dixerunt:</span> 
     </span>
     <span class='ocr_line' id='line_1_43' title="bbox 286 2632 2202 2688; baseline -0.002 -13"><span class='ocrx_word' id='word_1_531' title='bbox 286 2634 486 2675; x_wconf 85' lang='lat' dir='ltr'>Vocemus</span> <span class='ocrx_word' id='word_1_532' title='bbox 516 2634 706 2688; x_wconf 89' lang='lat' dir='ltr'>puellam.</span> <span class='ocrx_word' id='word_1_533' title='bbox 739 2642 778 2675; x_wconf 90' lang='lat' dir='ltr'>et</span> <span class='ocrx_word' id='word_1_534' title='bbox 810 2648 1038 2688; x_wconf 75' lang='lat' dir='ltr'>quaeramus</span> <span class='ocrx_word' id='word_1_535' title='bbox 1069 2635 1193 2688; x_wconf 86' lang='lat' dir='ltr'>ipsius</span> <span class='ocrx_word' id='word_1_536' title='bbox 1224 2634 1495 2675; x_wconf 85' lang='lat' dir='ltr'>voluntatem.</span> <span class='ocrx_word' id='word_1_537' title='bbox 1553 2635 1589 2658; x_wconf 74' lang='lat'>5⁸</span> <span class='ocrx_word' id='word_1_538' title='bbox 1618 2634 1803 2687; x_wconf 87' lang='lat' dir='ltr'>Cumque</span> <span class='ocrx_word' id='word_1_539' title='bbox 1832 2638 1981 2674; x_wconf 81' lang='lat' dir='ltr'>vocata</span> <span class='ocrx_word' id='word_1_540' title='bbox 2011 2632 2202 2678; x_wconf 84' lang='lat' dir='ltr'>venisset,</span> 
     </span>
     <span class='ocr_line' id='line_1_44' title="bbox 285 2692 2203 2744; baseline -0.002 -11"><span class='ocrx_word' id='word_1_541' title='bbox 285 2694 479 2734; x_wconf 83' lang='lat' dir='ltr'>sciscitati</span> <span class='ocrx_word' id='word_1_542' title='bbox 511 2700 624 2734; x_wconf 80' lang='lat' dir='ltr'>sunt:</span> <span class='ocrx_word' id='word_1_543' title='bbox 658 2694 725 2734; x_wconf 77' lang='lat' dir='ltr'>Vis</span> <span class='ocrx_word' id='word_1_544' title='bbox 755 2695 810 2734; x_wconf 87' lang='lat' dir='ltr'>ire</span> <span class='ocrx_word' id='word_1_545' title='bbox 841 2707 934 2734; x_wconf 78' lang='grc'>011111</span> <span class='ocrx_word' id='word_1_546' title='bbox 964 2694 1126 2734; x_wconf 89' lang='lat' dir='ltr'>homine</span> <span class='ocrx_word' id='word_1_547' title='bbox 1156 2694 1260 2734; x_wconf 71' lang='lat' dir='ltr'>isto?</span> <span class='ocrx_word' id='word_1_548' title='bbox 1293 2694 1392 2742; x_wconf 79' lang='lat' dir='ltr'>Quae</span> <span class='ocrx_word' id='word_1_549' title='bbox 1421 2693 1497 2733; x_wconf 89' lang='lat' dir='ltr'>ait:</span> <span class='ocrx_word' id='word_1_550' title='bbox 1530 2693 1701 2734; x_wconf 87' lang='lat' dir='ltr'>Vadam.</span> <span class='ocrx_word' id='word_1_551' title='bbox 1760 2694 1796 2717; x_wconf 80' lang='lat'>⁵⁹</span> <span class='ocrx_word' id='word_1_552' title='bbox 1824 2692 2080 2733; x_wconf 89' lang='lat' dir='ltr'>Dimiserunt</span> <span class='ocrx_word' id='word_1_553' title='bbox 2110 2703 2203 2744; x_wconf 77' lang='lat' dir='ltr'>ergo</span> 
     </span>
     <span class='ocr_line' id='line_1_45' title="bbox 286 2751 2203 2806; baseline -0.001 -14"><span class='ocrx_word' id='word_1_554' title='bbox 286 2766 388 2797; x_wconf 89' lang='grc'>00111,</span> <span class='ocrx_word' id='word_1_555' title='bbox 425 2759 465 2793; x_wconf 90' lang='grc'>01</span> <span class='ocrx_word' id='word_1_556' title='bbox 499 2753 699 2794; x_wconf 82' lang='lat' dir='ltr'>nutricem</span> <span class='ocrx_word' id='word_1_557' title='bbox 733 2753 849 2797; x_wconf 88' lang='lat' dir='ltr'>illius.</span> <span class='ocrx_word' id='word_1_558' title='bbox 886 2766 1131 2806; x_wconf 78' lang='lat' dir='ltr'>servumque</span> <span class='ocrx_word' id='word_1_559' title='bbox 1165 2753 1387 2796; x_wconf 84' lang='lat' dir='ltr'>Abraham.</span> <span class='ocrx_word' id='word_1_560' title='bbox 1424 2758 1465 2793; x_wconf 90' lang='lat' dir='ltr'>et</span> <span class='ocrx_word' id='word_1_561' title='bbox 1499 2752 1666 2793; x_wconf 87' lang='lat' dir='ltr'>comites</span> <span class='ocrx_word' id='word_1_562' title='bbox 1701 2752 1796 2798; x_wconf 89' lang='lat' dir='ltr'>eius.</span> <span class='ocrx_word' id='word_1_563' title='bbox 1863 2753 1899 2775; x_wconf 69' lang='lat'>‘⁵¹’</span> <span class='ocrx_word' id='word_1_564' title='bbox 1932 2751 2203 2804; x_wconf 84' lang='lat' dir='ltr'>imprecantes</span> 
     </span>
     <span class='ocr_line' id='line_1_46' title="bbox 288 2809 2204 2866; baseline -0.001 -15"><span class='ocrx_word' id='word_1_565' title='bbox 288 2824 478 2864; x_wconf 88' lang='lat' dir='ltr'>prospera</span> <span class='ocrx_word' id='word_1_566' title='bbox 511 2813 633 2853; x_wconf 87' lang='lat' dir='ltr'>sorori</span> <span class='ocrx_word' id='word_1_567' title='bbox 667 2826 760 2855; x_wconf 77' lang='lat' dir='ltr'>suae.</span> <span class='ocrx_word' id='word_1_568' title='bbox 795 2818 919 2866; x_wconf 89' lang='lat' dir='ltr'>atque</span> <span class='ocrx_word' id='word_1_569' title='bbox 951 2812 1150 2853; x_wconf 82' lang='lat' dir='ltr'>dicentes:</span> <span class='ocrx_word' id='word_1_570' title='bbox 1184 2812 1305 2853; x_wconf 84' lang='lat' dir='ltr'>Soror</span> <span class='ocrx_word' id='word_1_571' title='bbox 1335 2816 1476 2852; x_wconf 85' lang='lat' dir='ltr'>nostra-</span> <span class='ocrx_word' id='word_1_572' title='bbox 1507 2825 1559 2856; x_wconf 83' lang='lat' dir='ltr'>es,</span> <span class='ocrx_word' id='word_1_573' title='bbox 1594 2824 1747 2851; x_wconf 83' lang='lat' dir='ltr'>crescas</span> <span class='ocrx_word' id='word_1_574' title='bbox 1779 2811 1821 2851; x_wconf 90' lang='lat' dir='ltr'>in</span> <span class='ocrx_word' id='word_1_575' title='bbox 1852 2809 1960 2850; x_wconf 91' lang='lat' dir='ltr'>mille</span> <span class='ocrx_word' id='word_1_576' title='bbox 1991 2809 2129 2853; x_wconf 89' lang='lat' dir='ltr'>millia.</span> <span class='ocrx_word' id='word_1_577' title='bbox 2164 2814 2204 2849; x_wconf 92' lang='lat' dir='ltr'>et</span> 
     </span>
     <span class='ocr_line' id='line_1_47' title="bbox 287 2867 2204 2925; baseline -0.001 -15"><span class='ocrx_word' id='word_1_578' title='bbox 287 2871 494 2923; x_wconf 84' lang='lat' dir='ltr'>possideat</span> <span class='ocrx_word' id='word_1_579' title='bbox 524 2885 660 2911; x_wconf 87' lang='lat' dir='ltr'>semen</span> <span class='ocrx_word' id='word_1_580' title='bbox 691 2877 809 2912; x_wconf 90' lang='lat' dir='ltr'>tuum</span> <span class='ocrx_word' id='word_1_581' title='bbox 839 2877 978 2925; x_wconf 85' lang='lat' dir='ltr'>portas</span> <span class='ocrx_word' id='word_1_582' title='bbox 1010 2871 1265 2912; x_wconf 89' lang='lat' dir='ltr'>inimicorum</span> <span class='ocrx_word' id='word_1_583' title='bbox 1296 2883 1473 2911; x_wconf 88' lang='lat' dir='ltr'>suorum.</span> <span class='ocrx_word' id='word_1_584' title='bbox 1535 2872 1566 2894; x_wconf 78' lang='lat'>⁶1</span> <span class='ocrx_word' id='word_1_585' title='bbox 1600 2870 1730 2924; x_wconf 79' lang='lat' dir='ltr'>Igitur</span> <span class='ocrx_word' id='word_1_586' title='bbox 1761 2870 1957 2915; x_wconf 78' lang='lat' dir='ltr'>Rebecca,</span> <span class='ocrx_word' id='word_1_587' title='bbox 1989 2873 2030 2909; x_wconf 89' lang='lat' dir='ltr'>et</span> <span class='ocrx_word' id='word_1_588' title='bbox 2060 2867 2204 2922; x_wconf 78' lang='lat' dir='ltr'>puellae</span> 
     </span>
     <span class='ocr_line' id='line_1_48' title="bbox 286 2927 2202 2983; baseline -0.001 -14"><span class='ocrx_word' id='word_1_589' title='bbox 286 2929 403 2972; x_wconf 85' lang='lat' dir='ltr'>illius.</span> <span class='ocrx_word' id='word_1_590' title='bbox 433 2931 605 2970; x_wconf 77' lang='lat' dir='ltr'>ascensis</span> <span class='ocrx_word' id='word_1_591' title='bbox 633 2930 807 2972; x_wconf 83' lang='lat' dir='ltr'>camelis.</span> <span class='ocrx_word' id='word_1_592' title='bbox 835 2936 984 2971; x_wconf 81' lang='lat' dir='ltr'>secutae</span> <span class='ocrx_word' id='word_1_593' title='bbox 1009 2936 1104 2970; x_wconf 83' lang='lat' dir='ltr'>sunt</span> <span class='ocrx_word' id='word_1_594' title='bbox 1132 2930 1282 2970; x_wconf 86' lang='lat' dir='ltr'>virum:</span> <span class='ocrx_word' id='word_1_595' title='bbox 1312 2929 1380 2983; x_wconf 90' lang='lat' dir='ltr'>qui</span> <span class='ocrx_word' id='word_1_596' title='bbox 1405 2930 1578 2970; x_wconf 77' lang='lat' dir='ltr'>festinus</span> <span class='ocrx_word' id='word_1_597' title='bbox 1604 2929 1888 2969; x_wconf 86' lang='lat' dir='ltr'>revertebatur</span> <span class='ocrx_word' id='word_1_598' title='bbox 1912 2928 1965 2969; x_wconf 90' lang='lat' dir='ltr'>ad</span> <span class='ocrx_word' id='word_1_599' title='bbox 1989 2927 2202 2968; x_wconf 87' lang='lat' dir='ltr'>dominum</span> 
     </span>
     <span class='ocr_line' id='line_1_49' title="bbox 288 3002 427 3029; baseline 0 -2"><span class='ocrx_word' id='word_1_600' title='bbox 288 3002 427 3029; x_wconf 82' lang='lat' dir='ltr'>suum:</span> 
     </span>
    </p>

    <p class='ocr_par' dir='ltr' id='par_1_5' title="bbox 124 3046 2200 3102">
     <span class='ocr_line' id='line_1_50' title="bbox 124 3046 2200 3102; baseline 0.004 -23"><span class='ocrx_word' id='word_1_601' title='bbox 124 3057 240 3082; x_wconf 72' lang='lat' dir='ltr'>ducitur</span> <span class='ocrx_word' id='word_1_602' title='bbox 400 3050 495 3088; x_wconf 71' lang='lat'>⁶200</span> <span class='ocrx_word' id='word_1_603' title='bbox 531 3054 670 3088; x_wconf 87' lang='lat' dir='ltr'>autem</span> <span class='ocrx_word' id='word_1_604' title='bbox 706 3055 888 3102; x_wconf 85' lang='lat' dir='ltr'>tempore</span> <span class='ocrx_word' id='word_1_605' title='bbox 922 3048 1217 3089; x_wconf 87' lang='lat' dir='ltr'>deambulabat</span> <span class='ocrx_word' id='word_1_606' title='bbox 1254 3048 1368 3088; x_wconf 86' lang='lat' dir='ltr'>Isaac</span> <span class='ocrx_word' id='word_1_607' title='bbox 1402 3061 1473 3101; x_wconf 87' lang='lat' dir='ltr'>per</span> <span class='ocrx_word' id='word_1_608' title='bbox 1506 3048 1617 3088; x_wconf 87' lang='lat' dir='ltr'>viam</span> <span class='ocrx_word' id='word_1_609' title='bbox 1652 3061 1742 3101; x_wconf 81' lang='lat' dir='ltr'>quae</span> <span class='ocrx_word' id='word_1_610' title='bbox 1775 3047 1889 3087; x_wconf 88' lang='lat' dir='ltr'>ducit</span> <span class='ocrx_word' id='word_1_611' title='bbox 1924 3046 1976 3087; x_wconf 90' lang='lat' dir='ltr'>ad</span> <span class='ocrx_word' id='word_1_612' title='bbox 2009 3046 2200 3087; x_wconf 84' lang='lat' dir='ltr'>Puteum.</span> 
     </span>
    </p>

    <p class='ocr_par' dir='ltr' id='par_1_6' title="bbox 108 3093 2203 3396">
     <span class='ocr_line' id='line_1_51' title="bbox 108 3093 2203 3151; baseline -0.002 -4"><span class='ocrx_word' id='word_1_613' title='bbox 108 3093 143 3117; x_wconf 65' lang='lat'>‘²¹&#39;</span> <span class='ocrx_word' id='word_1_614' title='bbox 167 3093 256 3118; x_wconf 41' lang='lat' dir='ltr'>Imm*</span> <span class='ocrx_word' id='word_1_615' title='bbox 294 3107 426 3147; x_wconf 76' lang='lat' dir='ltr'>acuius</span> <span class='ocrx_word' id='word_1_616' title='bbox 459 3120 604 3147; x_wconf 89' lang='lat' dir='ltr'>nomen</span> <span class='ocrx_word' id='word_1_617' title='bbox 637 3113 695 3147; x_wconf 83' lang='lat' dir='ltr'>est</span> <span class='ocrx_word' id='word_1_618' title='bbox 726 3108 924 3151; x_wconf 85' lang='lat' dir='ltr'>Viventis.</span> <span class='ocrx_word' id='word_1_619' title='bbox 957 3112 997 3148; x_wconf 91' lang='lat' dir='ltr'>et</span> <span class='ocrx_word' id='word_1_620' title='bbox 1028 3107 1223 3147; x_wconf 80' lang='lat' dir='ltr'>videntis:</span> <span class='ocrx_word' id='word_1_621' title='bbox 1256 3107 1474 3147; x_wconf 89' lang='lat' dir='ltr'>habitabat</span> <span class='ocrx_word' id='word_1_622' title='bbox 1505 3107 1612 3147; x_wconf 89' lang='lat' dir='ltr'>enim</span> <span class='ocrx_word' id='word_1_623' title='bbox 1643 3107 1683 3146; x_wconf 90' lang='lat' dir='ltr'>in</span> <span class='ocrx_word' id='word_1_624' title='bbox 1714 3112 1822 3147; x_wconf 88' lang='lat' dir='ltr'>terra</span> <span class='ocrx_word' id='word_1_625' title='bbox 1851 3104 2038 3146; x_wconf 88' lang='lat' dir='ltr'>australi:</span> <span class='ocrx_word' id='word_1_626' title='bbox 2100 3105 2133 3127; x_wconf 70' lang='lat'>⁶²³</span> <span class='ocrx_word' id='word_1_627' title='bbox 2163 3110 2203 3144; x_wconf 88' lang='lat' dir='ltr'>et</span> 
     </span>
     <span class='ocr_line' id='line_1_52' title="bbox 290 3162 2201 3219; baseline -0.002 -13"><span class='ocrx_word' id='word_1_628' title='bbox 290 3179 469 3219; x_wconf 75' lang='lat' dir='ltr'>egressus</span> <span class='ocrx_word' id='word_1_629' title='bbox 491 3166 623 3206; x_wconf 82' lang='lat' dir='ltr'>fuerat</span> <span class='ocrx_word' id='word_1_630' title='bbox 644 3167 695 3206; x_wconf 92' lang='lat' dir='ltr'>ad</span> <span class='ocrx_word' id='word_1_631' title='bbox 718 3167 1001 3207; x_wconf 85' lang='lat' dir='ltr'>meditandum</span> <span class='ocrx_word' id='word_1_632' title='bbox 1022 3166 1061 3206; x_wconf 91' lang='lat' dir='ltr'>in</span> <span class='ocrx_word' id='word_1_633' title='bbox 1083 3179 1191 3219; x_wconf 81' lang='lat' dir='ltr'>agro.</span> <span class='ocrx_word' id='word_1_634' title='bbox 1215 3165 1408 3206; x_wconf 78' lang='lat' dir='ltr'>inclinata</span> <span class='ocrx_word' id='word_1_635' title='bbox 1430 3166 1511 3205; x_wconf 88' lang='lat' dir='ltr'>iam</span> <span class='ocrx_word' id='word_1_636' title='bbox 1532 3166 1613 3206; x_wconf 88' lang='lat' dir='ltr'>die:</span> <span class='ocrx_word' id='word_1_637' title='bbox 1636 3178 1811 3218; x_wconf 83' lang='lat' dir='ltr'>cumque</span> <span class='ocrx_word' id='word_1_638' title='bbox 1833 3164 2030 3205; x_wconf 86' lang='lat' dir='ltr'>elevasset</span> <span class='ocrx_word' id='word_1_639' title='bbox 2051 3162 2201 3207; x_wconf 86' lang='grc'>000103,</span> 
     </span>
     <span class='ocr_line' id='line_1_53' title="bbox 291 3221 2202 3278; baseline -0.002 -13"><span class='ocrx_word' id='word_1_640' title='bbox 291 3225 394 3265; x_wconf 88' lang='lat' dir='ltr'>vidit</span> <span class='ocrx_word' id='word_1_641' title='bbox 427 3224 600 3266; x_wconf 86' lang='lat' dir='ltr'>camelos</span> <span class='ocrx_word' id='word_1_642' title='bbox 635 3225 840 3265; x_wconf 82' lang='lat' dir='ltr'>venientes</span> <span class='ocrx_word' id='word_1_643' title='bbox 876 3224 1023 3278; x_wconf 85' lang='lat' dir='ltr'>procul.</span> <span class='ocrx_word' id='word_1_644' title='bbox 1088 3227 1120 3249; x_wconf 80' lang='lat'>⁶⁴</span> <span class='ocrx_word' id='word_1_645' title='bbox 1154 3225 1339 3265; x_wconf 86' lang='lat' dir='ltr'>Rebecca</span> <span class='ocrx_word' id='word_1_646' title='bbox 1371 3238 1544 3278; x_wconf 77' lang='lat' dir='ltr'>quoque,</span> <span class='ocrx_word' id='word_1_647' title='bbox 1579 3229 1797 3278; x_wconf 89' lang='lat' dir='ltr'>conspecto</span> <span class='ocrx_word' id='word_1_648' title='bbox 1832 3223 1957 3266; x_wconf 82' lang='lat' dir='ltr'>Isaac.</span> <span class='ocrx_word' id='word_1_649' title='bbox 1992 3221 2202 3263; x_wconf 84' lang='lat' dir='ltr'>deseendit</span> 
     </span>
     <span class='ocr_line' id='line_1_54' title="bbox 291 3281 2201 3337; baseline -0.003 -12"><span class='ocrx_word' id='word_1_650' title='bbox 291 3285 340 3325; x_wconf 93' lang='lat' dir='ltr'>de</span> <span class='ocrx_word' id='word_1_651' title='bbox 359 3283 524 3328; x_wconf 84' lang='lat' dir='ltr'>camelo.</span> <span class='ocrx_word' id='word_1_652' title='bbox 575 3286 606 3308; x_wconf 72' lang='lat'>‘³⁵</span> <span class='ocrx_word' id='word_1_653' title='bbox 625 3290 664 3324; x_wconf 91' lang='lat' dir='ltr'>et</span> <span class='ocrx_word' id='word_1_654' title='bbox 685 3284 741 3324; x_wconf 86' lang='lat' dir='ltr'>ait</span> <span class='ocrx_word' id='word_1_655' title='bbox 761 3285 813 3325; x_wconf 90' lang='lat' dir='ltr'>ad</span> <span class='ocrx_word' id='word_1_656' title='bbox 833 3298 1020 3337; x_wconf 88' lang='lat' dir='ltr'>puerum:</span> <span class='ocrx_word' id='word_1_657' title='bbox 1042 3284 1140 3332; x_wconf 82' lang='lat' dir='ltr'>Quis</span> <span class='ocrx_word' id='word_1_658' title='bbox 1159 3289 1219 3325; x_wconf 89' lang='lat' dir='ltr'>est</span> <span class='ocrx_word' id='word_1_659' title='bbox 1240 3283 1302 3324; x_wconf 91' lang='lat' dir='ltr'>ille</span> <span class='ocrx_word' id='word_1_660' title='bbox 1320 3284 1442 3324; x_wconf 90' lang='lat' dir='ltr'>homo</span> <span class='ocrx_word' id='word_1_661' title='bbox 1463 3283 1531 3337; x_wconf 90' lang='lat' dir='ltr'>qui</span> <span class='ocrx_word' id='word_1_662' title='bbox 1550 3283 1663 3323; x_wconf 84' lang='lat' dir='ltr'>venit</span> <span class='ocrx_word' id='word_1_663' title='bbox 1683 3296 1753 3337; x_wconf 85' lang='lat' dir='ltr'>per</span> <span class='ocrx_word' id='word_1_664' title='bbox 1770 3295 1912 3336; x_wconf 78' lang='lat' dir='ltr'>agrum</span> <span class='ocrx_word' id='word_1_665' title='bbox 1931 3281 1971 3321; x_wconf 93' lang='lat' dir='ltr'>in</span> <span class='ocrx_word' id='word_1_666' title='bbox 1991 3293 2201 3321; x_wconf 85' lang='lat' dir='ltr'>occursum</span> 
     </span>
     <span class='ocr_line' id='line_1_55' title="bbox 292 3340 2201 3396; baseline -0.002 -13"><span class='ocrx_word' id='word_1_667' title='bbox 292 3343 432 3383; x_wconf 76' lang='lat' dir='ltr'>nobis?</span> <span class='ocrx_word' id='word_1_668' title='bbox 457 3343 654 3396; x_wconf 84' lang='lat' dir='ltr'>Dixitque</span> <span class='ocrx_word' id='word_1_669' title='bbox 678 3344 730 3383; x_wconf 87' lang='lat' dir='ltr'>ei:</span> <span class='ocrx_word' id='word_1_670' title='bbox 763 3343 847 3395; x_wconf 79' lang='lat' dir='ltr'>lpse</span> <span class='ocrx_word' id='word_1_671' title='bbox 871 3351 931 3383; x_wconf 82' lang='lat' dir='ltr'>est</span> <span class='ocrx_word' id='word_1_672' title='bbox 955 3343 1143 3383; x_wconf 78' lang='lat' dir='ltr'>dominus</span> <span class='ocrx_word' id='word_1_673' title='bbox 1169 3357 1292 3384; x_wconf 82' lang='lat' dir='ltr'>meus.</span> <span class='ocrx_word' id='word_1_674' title='bbox 1319 3343 1372 3383; x_wconf 82' lang='lat' dir='ltr'>At</span> <span class='ocrx_word' id='word_1_675' title='bbox 1398 3342 1461 3383; x_wconf 89' lang='lat' dir='ltr'>illa</span> <span class='ocrx_word' id='word_1_676' title='bbox 1487 3342 1630 3383; x_wconf 80' lang='lat' dir='ltr'>tollens</span> <span class='ocrx_word' id='word_1_677' title='bbox 1654 3343 1735 3383; x_wconf 75' lang='grc'>0110</span> <span class='ocrx_word' id='word_1_678' title='bbox 1758 3340 1939 3394; x_wconf 74' lang='lat' dir='ltr'>pallium.</span> <span class='ocrx_word' id='word_1_679' title='bbox 1966 3340 2125 3393; x_wconf 90' lang='lat' dir='ltr'>operuit</span> <span class='ocrx_word' id='word_1_680' title='bbox 2148 3352 2201 3380; x_wconf 87' lang='lat' dir='ltr'>se.</span> 
     </span>
    </p>
   </div>
   <div class='ocr_carea' id='block_1_3' title="bbox 424 3459 735 3502">
    <p class='ocr_par' dir='ltr' id='par_1_7' title="bbox 424 3459 735 3502">
     <span class='ocr_line' id='line_1_56' title="bbox 424 3459 735 3502; baseline -0.003 -9"><span class='ocrx_word' id='word_1_681' title='bbox 424 3459 466 3493; x_wconf 71' lang='lat'>62</span> <span class='ocrx_word' id='word_1_682' title='bbox 495 3459 580 3502; x_wconf 73' lang='lat' dir='ltr'>·Sup</span> <span class='ocrx_word' id='word_1_683' title='bbox 608 3460 657 3499; x_wconf 69' lang='lat'>16,</span> <span class='ocrx_word' id='word_1_684' title='bbox 685 3460 735 3492; x_wconf 78' lang='lat'>14.</span> 
     </span>
    </p>
   </div>
  </div>
 </body>
</html>
