2356 3760
130 90 183 129 13,
209 89 278 122 18-
298 90 349 129 15,
376 90 414 122 11
993 89 1182 123 ESTHER
1955 99 2030 141 455

131 188 171 223 01
192 196 240 223 110
260 182 426 223 claudas
447 195 517 223 ora
536 187 576 223 te
596 182 842 223 canentium.
892 184 926 206 ¹⁸
945 182 1087 223 Omnis
1108 196 1269 236 quoque
1292 184 1414 224 Israel
1432 185 1520 237 pari
1539 191 1675 226 mente
1695 193 1735 228 et
1754 190 2029 232 obsecratione

131 240 326 282 clamavit
354 241 406 282 ad
433 241 669 288 Dominum,
701 254 745 281 eo
776 241 886 293 quod
914 241 968 281 eis
998 246 1109 281 certa
1135 254 1243 282 mors
1271 242 1535 295 impenderet.

235 299 298 343 14.
354 302 368 324 ¹
395 299 544 340 Esther
571 311 732 352 quoque
759 298 897 352 regina
923 300 1106 352 confugit
1133 300 1185 340 ad
1211 300 1447 350 Dominum,
1476 314 1630 354 pavens
1657 303 1890 355 periculum,
1921 309 2029 360 quod

129 358 384 399 imminebat.
435 360 449 382 ²
471 357 654 410 Cumque
677 357 929 410 deposuisset
951 363 1084 398 vestes
1105 358 1245 411 regias,
1273 358 1435 399 fletibus
1458 365 1499 399 et
1520 360 1648 401 luctui
1670 366 1769 414 apta
1790 362 2029 405 indumenta

130 417 319 470 suscepit,
345 422 386 457 et
407 429 479 469 pro
502 415 720 469 unguentis
743 415 876 461 variis,
902 416 1032 457 cinere
1055 421 1096 457 et
1118 422 1292 457 stercore
1314 417 1502 470 implevit
1524 424 1659 471 caput,
1685 425 1726 460 et
1748 434 1891 473 corpus
1914 436 2031 463 suum

129 475 363 516 humiliavit
393 474 569 514 ieiuniis:
603 474 820 527 omniaque
850 474 950 521 loca,
985 474 1025 515 in
1059 475 1205 528 quibus
1238 480 1361 516 antea
1391 475 1519 517 laetari
1551 484 1827 524 consueverat,
1863 480 2031 521 crinium

128 533 375 575 laceratione
398 532 629 587 complevit.
681 535 697 557 ³
720 533 775 573 Et
798 534 1095 587 deprecabatur
1116 533 1340 574 Dominum
1363 535 1496 574 Deum
1522 535 1655 581 Israel,
1681 536 1834 577 dicens:
1859 538 2032 579 Domine

129 593 197 637 mi,
231 593 299 645 qui
328 605 399 632 rex
427 596 565 633 noster
593 604 633 632 03
663 591 781 636 solus.
814 592 966 633 adiuva
993 605 1057 632 me
1087 592 1322 638 solitariam,
1355 598 1395 632 et
1425 593 1537 634 cuius
1566 599 1712 646 praeter
1741 600 1781 635 te
1810 596 1942 637 nullus
1972 602 2033 637 est

130 651 349 692 auxiliator
375 650 487 691 alius.
542 653 557 674 4
583 650 812 691 Periculum
838 663 975 691 meum
1001 651 1042 691 in
1068 650 1257 691 manibus
1283 650 1382 691 111013
1409 656 1480 692 est.
1535 654 1550 676 5
1576 652 1727 692 Audivi
1754 667 1777 693 a
1801 659 1917 706 patre
1942 668 2031 696 meo

133 710 264 763 aquod
291 714 337 750 tu
365 708 539 750 Domine
567 708 726 750 tulisses
756 709 879 750 Israel
907 710 955 750 de
984 709 1140 750 cunctis
1168 709 1379 757 Gentibus,
1410 715 1451 750 et
1478 715 1615 763 patres
1643 716 1801 752 nostros
1829 725 1879 752 ex
1906 714 2032 753 omni-

129 769 205 809 bus
237 774 344 809 retro
378 768 599 809 maioribus
632 768 724 813 31113,
760 774 807 809 111
838 769 1062 822 possideres
1094 768 1365 809 hereditatem
1398 769 1700 821 sempiternam,
1735 770 1945 823 fecistique
1979 773 2032 812 eis

130 827 235 868 sicut
256 827 416 868 locutus
438 840 490 867 es.
543 828 558 850 ⁶
578 827 843 867 Peccavimus
863 827 904 867 in
926 832 1145 880 conspectu
1168 832 1252 871 tuo,
1277 832 1317 867 et
1338 826 1485 868 idcirco
1508 827 1712 868 tradidisti
1734 841 1806 869 nos
1827 828 1867 868 in
1889 842 2033 870 manus

129 885 385 927 inimicorum
416 891 667 926 nostrorum:
729 888 743 909 ⁷
775 886 972 927 coluimus
1004 886 1111 926 enim
1142 886 1237 926 deos
1269 898 1419 926 00111111.
1456 885 1592 927 11131113
1624 899 1663 927 03
1694 887 1886 927 Domine:
1948 889 1963 911 Β
1994 894 2034 928 01

129 958 237 985 nunc
260 958 341 985 non
366 944 420 984 eis
444 944 606 988 sufficit,
634 945 744 997 quod
767 945 983 985 durissima
1005 958 1077 986 nos
1102 945 1340 998 opprimunt
1363 944 1571 993 servitute,
1598 945 1668 985 sed
1690 946 1814 986 robur
1835 959 2033 986 manuum

130 1016 307 1049 suarum,
336 1002 536 1044 idolorum
563 1003 759 1057 potentiae
785 1004 1042 1057 deputantes,
1101 1006 1116 1028 ⁹
1142 1003 1286 1044 volunt
1315 1008 1388 1043 tua
1412 1008 1572 1043 mutare
1598 1004 1806 1057 promissa,
1837 1009 1877 1045 et
1904 1005 2033 1045 delere

129 1062 400 1103 hereditatem
424 1067 550 1109 tuam,
576 1068 617 1102 et
639 1062 824 1103 claudere
847 1076 918 1103 ora
938 1063 1197 1103 laudantium
1219 1067 1271 1107 te,
1298 1068 1422 1115 atque
1444 1063 1679 1115 extinguere
1700 1062 1868 1116 gloriam
1892 1064 2034 1117 templi

130 1126 172 1162 et
199 1121 337 1162 altaris
364 1120 437 1167 tui,
494 1122 530 1144 ¹⁰
556 1127 603 1161 ut
630 1121 816 1174 aperiant
843 1135 914 1163 ora
940 1122 1146 1169 Gentium,
1177 1127 1217 1162 et
1243 1121 1414 1162 laudent
1439 1120 1640 1161 idolorum
1666 1122 1962 1170 fortitudinem,
1993 1128 2034 1162 et

128 1180 351 1233 praedicent
373 1179 576 1220 carnalem
598 1193 732 1233 regem
755 1180 795 1221 in
818 1181 1122 1234 sempiternum.
1175 1182 1205 1204 ¹¹
1230 1180 1289 1220 Ne
1312 1180 1451 1220 tradas
1473 1179 1648 1219 Domine
1679 1186 1882 1232 sceptrum
1914 1186 2033 1221 tuum

129 1239 202 1287 his,
234 1239 303 1292 qui
330 1252 411 1279 non
439 1244 547 1285 sunt,
577 1252 626 1279 ne
654 1239 814 1280 rideant
842 1240 894 1281 ad
921 1239 1080 1280 ruinam
1108 1245 1309 1279 nostram:
1339 1238 1409 1278 sed
1437 1243 1628 1278 converte
1656 1238 1866 1279 consilium
1894 1252 2033 1280 eorum

130 1310 250 1351 super
266 1311 343 1342 003,
364 1303 405 1338 01
421 1310 525 1345 011111,
546 1298 615 1351 qui
630 1298 671 1338 in
688 1311 760 1339 1103
777 1299 902 1352 coepit
918 1298 1068 1340 saevire.
1089 1297 1286 1350 disperde.
1333 1298 1364 1320 ¹2
1380 1297 1585 1336 Memento
1603 1297 1789 1343 Domine,
1809 1303 1849 1337 et
1866 1299 2033 1338 ostende

129 1362 170 1397 te
193 1357 309 1397 nobis
333 1356 373 1396 in
396 1362 579 1409 tempore
602 1356 877 1397 tribulationis
901 1362 1059 1400 nostrae,
1086 1362 1127 1396 et
1150 1356 1204 1396 da
1224 1355 1323 1395 mihi
1347 1355 1536 1395 fiduciam
1562 1355 1736 1396 Domine
1758 1368 1828 1396 rex
1852 1356 2030 1398 deorum.

130 1420 170 1456 et
199 1415 397 1456 universae
422 1415 657 1468 potestatis:
712 1418 743 1440 ¹3
768 1416 900 1456 tribue
927 1428 1151 1456 sermonem
1178 1413 1451 1467 compositum
1476 1413 1516 1454 in
1542 1426 1608 1454 ore
1632 1427 1722 1455 meo
1748 1414 1789 1454 in
1814 1420 2033 1468 conspectu

128 1474 265 1522 leonis,
292 1479 333 1514 et
356 1473 532 1514 transfer
555 1486 622 1514 001
644 1473 749 1515 1111113
773 1474 813 1514 111
838 1474 976 1515 0(1111111
1000 1474 1128 1515 1103113
1153 1473 1291 1518 nostri,
1319 1478 1365 1513 ut
1388 1478 1430 1513 et
1453 1472 1537 1526 ipse
1561 1478 1711 1525 pereat.
1739 1478 1780 1513 et
1803 1473 1936 1519 ceteri,
1964 1473 2033 1527 qui

129 1533 164 1574 ei
182 1532 455 1574 consentiunt.
503 1535 535 1557 ¹⁴
555 1533 637 1573 Nos
657 1539 795 1573 autem
814 1533 940 1574 libera
957 1546 1082 1573 manu
1101 1539 1185 1581 tua,
1206 1537 1248 1573 et
1266 1532 1418 1572 adiuva
1435 1544 1510 1577 1110,
1532 1531 1688 1572 11111111111
1708 1531 1817 1572 aliud
1837 1532 2033 1572 auxilium

128 1592 361 1640 habentem,
388 1591 464 1632 11131
488 1597 540 1640 10,
567 1591 753 1637 Domine,
782 1593 850 1645 qui
874 1592 998 1633 habes
1024 1591 1205 1632 omnium
1231 1590 1454 1635 scientiam,
1508 1592 1539 1614 ¹5
1564 1595 1605 1630 et
1629 1590 1735 1631 nosti
1761 1590 1856 1643 quia
1880 1591 2032 1632 oderim

128 1651 297 1705 gloriam
310 1651 555 1704 iniquorum,
571 1656 612 1691 et
625 1651 803 1692 detester
815 1651 946 1692 cubile
959 1650 1343 1699 incircumcisorum,
1360 1655 1401 1690 et
1414 1649 1543 1690 omnis
1558 1649 1801 1703 alienigenae.
1836 1651 1871 1673 ¹⁶
1884 1650 1943 1690 Tu
1957 1650 2032 1690 3013

129 1710 415 1751 necessitatem
436 1722 582 1757 meam,
599 1710 709 1763 quod
730 1710 940 1751 abominer
960 1710 1119 1763 signum
1139 1709 1338 1763 superbiae
1357 1713 1398 1749 et
1418 1707 1554 1761 gloriae
1574 1721 1684 1754 meae,
1702 1709 1811 1761 quod
1832 1713 1893 1749 est
1913 1721 2033 1762 super

129 1775 255 1823 caput
276 1782 413 1810 meum
434 1768 475 1809 in
489 1768 630 1809 diebus
643 1769 931 1810 ostentationis
944 1782 1055 1815 meae,
1072 1774 1112 1809 et
1126 1769 1303 1809 detester
1315 1767 1415 1808 illud
1429 1767 1543 1821 quasi
1556 1780 1739 1820 pannum
1752 1772 2029 1815 menstmatae,

129 1834 171 1869 et
197 1841 278 1869 non
304 1832 466 1882 portem
493 1827 534 1868 in
555 1827 698 1868 diebus
719 1828 867 1869 silentii
894 1828 986 1874 mei.
1035 1829 1067 1851 ¹⁷
1089 1832 1130 1868 et
1157 1827 1267 1880 quod
1294 1840 1374 1867 non
1396 1826 1638 1867 comederim
1666 1826 1707 1866 in
1725 1839 1866 1866 mensa
1883 1826 2028 1874 Aman,

128 1900 202 1928 nec
219 1887 319 1928 mihi
336 1886 536 1941 placuerit
550 1886 785 1927 convivium
798 1887 912 1940 regis,
929 1893 970 1928 et
982 1900 1063 1928 non
1077 1886 1247 1927 biberim
1262 1886 1403 1926 vinum
1417 1884 1676 1925 libaminum:
1703 1885 1738 1908 ¹8
1751 1890 1792 1925 et
1805 1897 2030 1938 numquam

127 1946 270 1987 laetata
288 1946 341 1987 sit
361 1945 507 1986 ancilla
525 1950 609 1993 tua,
632 1958 681 1986 ex
702 1960 781 1999 quo
801 1946 880 1987 huc
899 1945 1102 1986 translata
1119 1958 1209 1986 sum
1228 1957 1356 1998 usque
1376 1943 1416 1984 in
1435 1948 1676 1997 praesentem
1696 1942 1814 1992 diem,
1835 1943 1911 1983 nisi
1931 1943 1972 1984 in
1990 1948 2031 1984 te

128 2005 304 2046 Domine
324 2006 435 2046 Deus
453 2004 674 2045 Abraham.
717 2007 751 2029 ¹⁹
769 2006 880 2046 Deus
901 2005 1017 2045 fortis
1038 2017 1158 2058 super
1178 2017 1329 2051 omnes,
1353 2002 1500 2043 exaudi
1521 2015 1663 2043 vocem
1682 2015 1832 2051 eorum,
1856 2002 1924 2055 qui
1944 2002 2031 2043 nul-

127 2064 209 2105 lam
230 2064 352 2105 aliam
372 2075 485 2116 spem
505 2062 672 2110 habent,
688 2070 729 2104 et
749 2063 876 2105 libera
897 2077 969 2105 nos
991 2063 1040 2104 de
1061 2076 1186 2103 manu
1207 2062 1452 2115 iniquorum,
1468 2066 1509 2101 et
1522 2074 1615 2101 erue
1635 2074 1699 2101 me
1721 2074 1744 2101 a
1762 2060 1906 2102 timore
1926 2074 2028 2102 meo.

623 2155 661 2197 5.
690 2155 757 2197 Ad
786 2157 825 2206 4,
845 2157 871 2195 8
900 2155 1283 2209 supplementum,
1310 2154 1377 2204 15,
1405 2155 1524 2194 1-3.

546 2222 642 2264 Haec
670 2235 816 2274 quoque
845 2221 979 2262 addita
1008 2221 1133 2274 reperi
1161 2220 1206 2262 in
1233 2220 1400 2260 editione
1427 2220 1593 2272 vulyata.

233 2287 297 2331 15.
352 2289 365 2311 ¹
389 2287 446 2328 Et
468 2287 684 2328 mandavit
708 2287 743 2327 ei
766 2286 896 2339 (haud
919 2286 1090 2327 dubium
1116 2285 1214 2339 quin
1238 2290 1343 2325 esset
1366 2284 1662 2336 Mardochaeus)
1687 2288 1733 2323 ut
1757 2282 2032 2337 ingrederetur

128 2346 181 2387 ad
200 2359 346 2400 regem,
369 2352 410 2387 et
429 2351 590 2400 rogaret
609 2359 681 2400 pro
702 2345 852 2399 populo
874 2359 945 2387 suo
967 2351 1007 2386 et
1026 2357 1099 2399 pro
1120 2344 1256 2398 patria
1274 2357 1358 2385 sua.
1407 2345 1422 2367 '2
1442 2343 1666 2384 Memorare
1686 2342 1854 2395 (inquit)
1875 2343 2031 2384 dierum

127 2405 372 2446 humilitatis
400 2410 493 2455 tuae,
525 2405 730 2459 quomodo
758 2404 917 2445 nutrita
943 2404 995 2446 sis
1023 2404 1064 2444 in
1091 2416 1217 2444 manu
1244 2416 1347 2451 mea,
1379 2402 1475 2455 quia
1501 2402 1635 2442 Aman
1663 2401 1862 2442 secundus
1892 2414 1915 2441 a
1941 2414 2032 2455 rege

126 2464 288 2506 locutus
314 2469 376 2505 est
401 2469 545 2505 contra
570 2477 642 2505 nos
667 2464 710 2505 in
734 2468 927 2505 mortem:
982 2465 997 2488 ³
1023 2468 1065 2504 et
1089 2467 1135 2503 tu
1162 2462 1309 2503 invoca
1333 2461 1570 2509 Dominum,
1599 2465 1640 2500 et
1663 2459 1826 2514 loquere
1852 2460 1934 2514 regi
1958 2473 2031 2514 pro

128 2523 256 2572 nobis,
288 2528 329 2564 et
356 2522 483 2564 libera
511 2536 583 2565 nos
612 2523 662 2564 de
690 2527 833 2564 morte.

585 2615 624 2656 6.
654 2615 722 2655 Ad
751 2615 790 2666 5,
810 2616 830 2655 1
855 2625 892 2654 s·
923 2613 1305 2667 supplementum,
1334 2612 1400 2663 15,
1420 2612 1570 2652 4—19.

693 2680 735 2721 N
739 2694 859 2722 eonon
886 2685 918 2721 et
946 2680 1026 2721 ista
1054 2693 1140 2732 quoe
1169 2678 1326 2720 subdita
1355 2682 1458 2719 sunt.

231 2749 247 2772 ‘¹
272 2747 348 2788 Die
375 2752 513 2788 autem
539 2745 660 2787 tertio
688 2745 877 2799 deposuit
903 2745 1151 2786 vestimenta
1177 2748 1345 2784 ornatus
1371 2742 1443 2789 sui,
1473 2746 1514 2783 et
1540 2740 1794 2781 circumdata
1819 2744 1880 2780 est
1905 2739 2032 2793 gloria

128 2819 211 2847 sua.
259 2809 274 2831 ⁵
294 2806 477 2860 Cumque
496 2805 603 2859 regio
622 2804 795 2859 fulgeret
813 2804 970 2851 habitu,
993 2809 1035 2844 et
1053 2803 1283 2844 invocasset
1303 2801 1485 2843 omnium
1504 2804 1702 2840 rectorem
1722 2804 1763 2839 et
1782 2798 2029 2839 salvatorem

126 2866 272 2915 Deum,
302 2865 523 2918 assumpsit
548 2864 649 2905 duas
675 2863 861 2911 famulas,
919 2865 934 2887 ⁶
960 2867 1001 2903 et
1027 2875 1147 2915 super
1171 2874 1297 2902 unam
1324 2860 1488 2914 quidem
1514 2858 1778 2905 innitebatur,
1809 2857 1923 2911 quasi
1948 2869 2031 2910 prae

127 2924 277 2965 deliciis
309 2929 350 2965 et
378 2923 506 2964 nimia
534 2922 807 2964 teneritudine
838 2935 982 2976 corpus
1014 2934 1132 2961 suum
1162 2920 1264 2961 ferre
1294 2932 1377 2960 non
1407 2917 1627 2959 sustinens:
1688 2918 1702 2939 ⁷
1734 2915 1862 2956 altera
1892 2920 2030 2956 autern

126 2983 374 3024 famularum
411 2982 660 3036 sequebatur
696 2981 917 3030 dominam,
957 2979 1182 3022 defluentia
1217 2979 1258 3019 in
1296 2978 1467 3018 humum
1504 2976 1746 3016 indumenta
1782 2980 2027 3015 sustentans.

130 3044 145 3066 ⁸
175 3042 271 3096 Ipsa
299 3047 437 3083 autern
465 3053 578 3082 roseo
608 3040 739 3081 colore
768 3040 929 3081 vultum
958 3039 1133 3093 perfusa,
1166 3043 1206 3079 et
1233 3037 1359 3091 gratis
1389 3049 1435 3076 ac
1463 3034 1689 3075 nitentibus
1718 3033 1841 3075 oculis
1871 3033 2030 3073 tristem

127 3101 288 3142 celabat
307 3100 501 3148 animum,
523 3104 569 3140 et
583 3099 707 3140 nimio
727 3099 873 3140 timore
892 3103 1162 3140 contractum.
1212 3098 1228 3121 ⁹
1249 3096 1434 3149 Ingressa
1451 3094 1574 3147 igitur
1592 3098 1741 3133 cuncta
1758 3105 1830 3146 per
1848 3091 2029 3132 ordinem

128 3160 243 3209 ostia,
266 3159 383 3200 stetit
402 3163 546 3200 contra
564 3170 710 3211 regem,
732 3157 803 3199 ubi
822 3157 886 3198 ille
905 3157 1111 3198 residebat
1130 3168 1250 3210 super
1269 3154 1413 3195 solium
1433 3152 1544 3205 regni
1564 3151 1636 3199 sui,
1659 3151 1827 3192 indutus
1847 3149 2029 3190 vestibus

127 3218 255 3272 regiis,
278 3231 457 3271 auroque
476 3217 645 3271 fulgens,
668 3221 708 3257 et
727 3216 913 3270 pretiosis
931 3215 1147 3269 lapidibus,
1170 3219 1338 3267 eratque
1357 3211 1545 3253 terribilis
1566 3215 1744 3264 aspectu.
1794 3211 1829 3233 ¹⁰
1847 3208 2028 3271 Cumque

128 3277 325 3318 elevasset
352 3276 511 3324 faciem,
542 3280 583 3317 et
612 3275 850 3316 ardentibus
879 3275 1003 3316 oculis
1031 3274 1208 3315 furorem
1236 3271 1410 3325 pectoris
1439 3270 1668 3317 indicasset,
1699 3268 1838 3321 regina
1865 3270 2025 3312 corruit,

127 3342 168 3377 et
194 3335 236 3376 in
264 3335 459 3389 pallorem
487 3334 618 3376 colore
645 3339 820 3381 mutato,
849 3333 1002 3374 lassum
1030 3345 1150 3387 super
1178 3329 1408 3372 ancillulam
1436 3327 1649 3370 reclinavit
1676 3331 1811 3380 caput.
1869 3327 1899 3349 ¹¹
1927 3324 2027 3363 Con-

230 3413 242 3415 ⁷.
258 3439 310 3480 14,
335 3439 355 3471 5
380 3438 448 3472 aDt
471 3439 502 3479 4,
527 3438 579 3471 34.

2052 306 2213 331 obsecratio

2064 347 2168 368 reginae

2075 376 2188 401 Esther.

2049 2284 2224 2310 Mardocnae-

2045 2326 2078 2344 113
2099 2326 2226 2351 reginam

2083 2355 2190 2380 monet.

2083 2734 2187 2759 Esther

2058 2770 2096 2794 ad
2117 2777 2211 2801 regern

2048 2805 2218 2836 ingreditur.
