2356 3760
120 116 152 155 ὃ,
177 115 274 153 6-6,
300 113 342 146 33
979 108 1174 143 BARUCH
1945 114 2022 155 739

122 207 198 248 Dei
215 206 421 247 memoria.
467 208 482 230 ⁶
498 205 699 246 Exierunt
715 202 822 243 enim
839 202 910 242 abs
929 206 969 242 te
986 201 1157 255 pedibus
1177 202 1290 243 ducti
1306 202 1357 243 ab
1374 202 1563 243 inimicis:
1586 203 1761 245 adducet
1779 210 1916 246 autem
1934 206 2022 248 illos

122 265 322 307 Dominus
340 265 392 306 ad
408 270 449 306 te
466 268 651 318 portatos
669 262 709 302 in
727 261 878 302 honore
893 260 998 301 sicut
1012 260 1112 301 filios
1130 261 1252 314 regni.
1298 262 1311 284 7
1326 260 1550 302 Constituit
1565 261 1671 301 enim
1685 261 1795 303 Deus
1812 263 2023 305 humiliare

122 337 284 365 omnem
302 328 484 365 montem
503 321 716 368 excelsum,
732 324 773 360 et
790 331 909 372 rupes
927 332 1133 371 perennes,
1148 324 1189 360 et
1207 319 1409 360 convalles
1428 319 1578 373 replere
1596 320 1636 360 in
1654 320 1930 373 aequalitatem
1946 328 2023 363 ter-

122 396 192 424 rae:
214 389 261 424 ut
280 381 463 423 ambulet
483 379 606 420 Israel
624 378 837 431 diligenter
855 377 896 418 in
914 377 1109 418 honorem
1127 378 1215 418 Dei.
1266 379 1280 401 s
1300 378 1663 419 Obumbraverunt
1682 384 1820 420 autem
1841 384 1881 420 et
1901 380 2021 429 silvae,

123 449 164 483 et
184 454 302 483 omne
324 440 477 494 lignum
497 437 714 479 suavitatis
734 436 858 477 Israel
875 449 925 477 ex
945 436 1142 477 mandato
1160 436 1247 477 Dei.
1294 438 1309 460 ⁹
1327 436 1516 477 Adducet
1534 437 1640 478 enim
1659 437 1769 478 Deus
1789 438 1911 479 Israel
1934 452 2025 479 cum

124 500 377 541 iucunditate
397 498 439 538 in
456 497 608 538 lumine
628 495 854 536 maiestatis
875 508 968 541 suae,
990 508 1082 535 cuin
1104 494 1387 542 misericordia,
1412 500 1452 536 et
1472 495 1639 543 iustitia,
1667 509 1756 549 quae
1776 502 1836 537 est
1856 510 1905 537 ex
1924 497 2023 551 ipso.

834 587 1089 638 Appendix,
1118 587 1157 637 6,
1175 587 1321 626 1—72.

227 658 265 700 6.
297 654 518 708 Exemplar
531 651 722 707 epistolae,
739 665 862 706 quam
880 652 991 692 misit
1009 651 1198 692 Ieremias
1212 651 1263 692 ad
1278 651 1537 692 abducendos
1551 651 1736 705 captivos
1753 652 1793 693 in
1808 652 2025 706 Babyloni·
2055 662 2208 701 Exemmar

123 730 189 757 am
203 729 223 756 a
238 728 328 769 rege
342 712 675 766 Babyloniorum,
690 716 736 752 ut
749 711 1015 752 annunciaret
1029 710 1104 751 illis
1117 710 1341 751 secundum
1355 711 1464 763 quod
1482 716 1730 764 praeceptum
1746 716 1807 751 est
1822 711 1877 751 illi
1891 724 1914 752 a
1925 712 2024 754 Deo.
2063 697 2200 762 {³32⁵ssssss

228 777 241 798 1
270 771 549 814 aPROPTER
572 775 752 824 peccata,
781 783 870 824 quae
894 769 1090 823 peccastis
1116 774 1210 810 ante
1234 769 1380 817 Deum,
1409 769 1665 809 abducemini
1690 769 1731 809 in
1756 769 2026 823 Babyloniam
2064 778 2186 817 ⁸captivi

124 833 277 888 captivi
306 845 330 873 a
358 830 735 872 Nabuchodonosor
762 842 853 882 rege
883 828 1215 882 Babyloniorum.
1273 830 1287 851 2
1318 827 1490 881 Ingressi
1519 827 1658 881 itaque
1686 827 1727 868 in
1757 827 2023 881 Babylonem,
2053 814 2211 874 ιζῖξῦἒέξε

123 892 232 934 eritis
257 891 313 932 ibi
339 889 453 931 annis
478 888 673 942 plurimis,
701 894 742 929 et
767 887 1018 941 temporibus
1043 887 1171 940 longis
1197 899 1324 940 usque
1350 887 1402 927 ad
1426 886 1706 939 generationes
1732 891 1907 940 septem:
1934 892 2027 940 post
2047 884 2217 943 ῗζξξξζξῆξ·

122 951 198 993 hoc
229 955 367 991 autem
398 948 569 989 educam
600 960 672 988 vos
702 947 795 987 inde
826 959 918 987 cum
949 959 1059 1000 pace.
1118 948 1134 970 ³
1168 946 1306 986 bNunc
1337 950 1475 986 autem
1507 944 1697 986 videbitis
1727 945 1768 986 in
1800 945 2029 999 Babylonia
2063 925 2216 984 fiwtuz‘iiitf

123 1011 218 1051 deos
249 1021 401 1057 aureos,
433 1012 474 1048 et
503 1011 726 1060 argenteos,
758 1011 799 1047 et
826 1005 1019 1059 lapideos,
1051 1010 1091 1045 et
1119 1004 1270 1058 ligneos
1300 1004 1339 1044 111
1368 1004 1546 1045 humeris
1575 1004 1741 1058 portari,
1773 1009 2028 1045 ostentantes
2101 996 2166 1013 ”³¹¹¹

124 1073 280 1109 metum
295 1066 506 1109 Gentibus
550 1068 565 1089 ⁴
580 1065 725 1106 Videte
740 1077 832 1119 ergo
847 1077 897 1105 ne
912 1070 952 1105 et
967 1077 1039 1105 vos
1054 1063 1202 1104 similes
1217 1062 1449 1104 efficiamini
1463 1062 1582 1103 factis
1598 1062 1748 1112 alienis,
1766 1067 1807 1104 et
1821 1063 2028 1111 metuatis,

123 1133 164 1169 et
188 1131 321 1167 metus
346 1138 418 1167 vos
444 1125 581 1178 capiat
604 1124 645 1164 in
670 1123 777 1177 ipsis.
830 1125 845 1147 ⁵
870 1123 967 1164 Visa
990 1122 1129 1176 itaque
1154 1122 1277 1163 turba
1301 1122 1350 1162 de
1374 1127 1494 1169 retro,
1522 1127 1562 1162 et
1587 1121 1638 1162 ab
1664 1126 1771 1170 ante,
1799 1122 2028 1171 adorantes,

124 1186 245 1228 dicite
259 1185 300 1226 in
315 1183 504 1226 cordibus
520 1182 682 1224 vestris:
700 1182 754 1223 Te
769 1186 933 1235 oportet
948 1181 1106 1223 adorari
1118 1181 1304 1222 Domine.
1349 1181 1363 1204 ⁶
1377 1179 1554 1233 Angelus
1570 1180 1676 1220 enim
1690 1193 1804 1221 meus
1818 1180 2030 1221 vobiscum

124 1250 202 1286 est:
234 1245 318 1298 ipse
348 1248 486 1284 autem
516 1241 728 1295 exquiram
758 1242 914 1281 animas
944 1245 1112 1281 vestras.

231 1304 245 1326 ⁷
278 1303 384 1343 Nam
413 1301 553 1355 lingua
582 1301 762 1354 ipsorum
794 1299 922 1353 polita
953 1313 977 1339 a
1006 1299 1134 1345 fabro,
1177 1298 1266 1351 ipsa
1296 1297 1420 1338 etiam
1451 1296 1652 1344 inaurata,
1698 1301 1739 1337 et
1768 1296 2029 1350 inargentata
2066 1300 2202 1331 imagines

123 1363 227 1404 falsa
247 1366 354 1410 sunt,
379 1365 420 1402 et
441 1374 522 1401 non
544 1364 716 1413 possunt
736 1358 859 1412 loqui.
913 1359 927 1381 8
949 1358 1004 1397 Ε1
1026 1357 1130 1397 sicut
1152 1356 1297 1409 virgini
1319 1355 1475 1396 amanti
1498 1360 1756 1396 ornamenta:
1780 1355 1840 1396 ita
1861 1360 2027 1408 accepto
2059 1336 2209 1401 m‘ssii‘ssssfffl

125 1434 222 1463 auro
249 1419 439 1461 fabricati
465 1424 572 1459 sunt.
632 1420 646 1442 ⁹
673 1418 850 1458 Coronas
878 1422 984 1457 certe
1012 1428 1153 1456 aureas
1180 1415 1335 1455 habent
1362 1427 1482 1467 super
1508 1414 1645 1467 capita
1671 1427 1745 1454 sua
1771 1413 1826 1454 dii
1852 1413 2031 1455 illorum:

124 1480 232 1521 unde
247 1478 498 1520 subtrahunt
513 1476 742 1517 sacerdotes
758 1476 809 1516 ab
826 1475 879 1516 eis
895 1487 1052 1523 aurum,
1070 1479 1111 1514 et
1126 1478 1352 1527 argentum,
1371 1478 1412 1513 et
1426 1478 1596 1526 erogant
1610 1472 1709 1513 illud
1724 1472 1764 1512 in
1780 1471 2030 1525 semetipsos.

125 1541 161 1564 ¹⁰
178 1539 293 1579 Dant
312 1542 451 1578 autem
471 1541 512 1577 et
531 1549 581 1576 ex
599 1535 686 1589 ipso
706 1533 950 1588 prostitutis,
973 1538 1014 1574 et
1032 1533 1262 1573 meretrices
1282 1536 1448 1573 ornant:
1470 1536 1511 1572 et
1529 1531 1678 1572 iterum
1698 1544 1790 1572 cum
1809 1530 2034 1584 receperint

125 1597 225 1639 illud
253 1610 278 1637 a
304 1594 596 1643 meretricibus,
627 1598 776 1635 ornant
804 1593 899 1634 deos
929 1606 1032 1633 suos
1092 1594 1120 1615 ¹¹
1152 1591 1205 1631 Hi
1235 1596 1372 1631 autem
1402 1603 1483 1631 non
1510 1589 1736 1631 liberantur
1764 1590 1815 1630 ab
1844 1589 2030 1644 aerugine,

125 1662 167 1698 01
190 1656 312 1697 tinea.
367 1656 398 1679 12
423 1653 585 1708 Opertis
611 1658 749 1694 autem
774 1651 849 1692 illis
874 1656 986 1692 veste
1012 1663 1226 1704 purpurea,
1253 1654 1472 1703 extergunt
1494 1649 1639 1689 faciem
1664 1649 1843 1702 ipsorum
1867 1653 2034 1702 propter

125 1714 335 1769 pulverem
362 1713 519 1759 domus,
549 1712 617 1766 qui
643 1716 704 1752 est
729 1710 926 1765 plurimus
951 1710 1057 1751 inter
1082 1722 1160 1751 eos,
1215 1711 1246 1733 ¹³
1270 1709 1485 1762 Sceptrum
1512 1712 1650 1749 autem
1675 1707 1801 1748 habet
1825 1712 1873 1748 ut
1897 1707 2031 1756 homo,

125 1774 231 1816 sicut
254 1773 378 1814 iudex
402 1770 586 1825 regionis,
616 1770 684 1825 qui
709 1770 750 1810 in
776 1783 816 1810 se
842 1774 1081 1824 peccantem
1106 1781 1187 1810 11011
1213 1767 1416 1808 interficit.
1471 1768 1502 1791 ¹⁴
1530 1766 1668 1807 Habet
1693 1765 1817 1807 etiam
1842 1765 1883 1806 in
1908 1778 2033 1806 manu

124 1832 317 1887 gladium,
349 1836 390 1872 et
418 1829 601 1877 securim,
632 1843 673 1870 se
702 1834 841 1870 autem
870 1829 919 1870 de
950 1827 1064 1875 bello,
1096 1832 1137 1868 et
1166 1840 1189 1867 a
1215 1826 1443 1867 latronibus
1473 1838 1552 1867 non
1581 1824 1739 1867 liberat.
1771 1825 1889 1866 Unde
1918 1823 2034 1865 vobis

126 1897 271 1934 notum
297 1890 350 1932 sit
375 1890 472 1943 quia
495 1902 577 1931 non
602 1893 699 1929 sunt
723 1887 789 1929 dii.
845 1889 875 1912 ¹⁵
901 1887 992 1928 Non
1019 1899 1110 1940 ergo
1137 1884 1353 1926 timueritis
1379 1897 1456 1926 eos.

230 1950 345 1992 Sicut
369 1949 477 1990 enim
501 1960 574 1988 vas
598 1946 773 1988 hominis
799 1946 1054 1987 confractum
1078 1944 1221 1985 inutile
1247 1943 1432 1989 efficitur,
1460 1942 1560 1984 tales
1586 1948 1682 1984 sunt
1707 1948 1748 1983 et
1773 1942 1827 1983 dii
1851 1941 2030 1983 illorum:
2075 1942 2200 2001 131111(ξο

128 2012 162 2034 ¹⁰
183 2007 427 2051 Constitutis
449 2006 525 2048 illis
546 2007 588 2047 in
606 2006 739 2054 domo,
763 2005 867 2047 oculi
890 2018 1027 2046 eorum
1050 2003 1158 2058 pleni
1180 2008 1276 2044 sunt
1297 2002 1463 2056 pulvere
1486 2015 1509 2042 a
1530 2001 1701 2055 pedibus
1724 2000 2031 2042 introeuntium.
2087 1984 2191 2052 siiiffies

128 2071 160 2093 ¹⁷
184 2068 241 2109 Et
263 2067 369 2108 sicut
392 2065 522 2115 alicui,
550 2065 618 2118 qui
641 2077 774 2118 regem
799 2064 981 2111 offendit,
1008 2063 1287 2116 circumseptae
1310 2066 1406 2102 sunt
1429 2060 1578 2101 ianuae:
1605 2064 1677 2101 aut
1700 2060 1805 2101 sicut
1828 2059 1881 2100 ad
1903 2058 2034 2112 sepul·
2052 2049 2241 2079 mpe‘ffln‘us'

128 2128 270 2168 chrum
303 2125 529 2167 adductum
561 2128 783 2167 mortuum,
818 2123 877 2163 ita
908 2127 1101 2163 tutantur
1133 2121 1362 2162 sacerdotes
1395 2119 1501 2161 ostia
1533 2118 1738 2167 clausuris,
1774 2123 1815 2159 et
1847 2118 1954 2167 seris,
1988 2130 2038 2157 ne

129 2200 153 2227 a
171 2185 401 2227 latronibus
422 2182 690 2237 expohentur.
742 2184 776 2206 ¹8
797 2182 1001 2222 Lucernas
1023 2180 1253 2221 accendunt
1274 2178 1361 2226 illis,
1386 2183 1427 2219 et
1449 2178 1613 2231 quidem
1635 2177 1797 2225 multas,
1821 2190 1871 2218 ex
1893 2176 2040 2230 quibus

129 2244 283 2286 nullam
312 2243 448 2284 videre
477 2246 667 2296 possunt:
699 2246 795 2282 sunt
824 2246 963 2281 autem
992 2240 1097 2280 sicut
1126 2239 1262 2280 trabes
1291 2237 1331 2278 in
1361 2237 1494 2278 domo.
1554 2238 1587 2261 ¹9
1616 2236 1748 2278 Corda
1776 2248 1870 2276 vero
1900 2248 2040 2276 eorum

129 2304 272 2345 dicunt
299 2302 470 2356 elingere
498 2305 716 2354 serpentes,
748 2299 816 2353 qui
845 2299 894 2340 de
921 2304 1030 2339 terra
1057 2302 1163 2345 sunt,
1194 2297 1292 2338 dum
1321 2295 1543 2336 comedunt
1570 2308 1648 2344 eos,
1678 2300 1719 2336 et
1747 2294 2041 2335 vestimentum

129 2363 321 2417 ipsorum,
351 2366 392 2402 et
418 2373 500 2402 non
527 2359 722 2400 sentiunt.
778 2360 814 2382 20
841 2357 974 2411 Nigrae
1000 2357 1105 2397 fiunt
1130 2355 1253 2396 facies
1281 2368 1419 2396 eorum
1448 2367 1471 2394 a
1496 2354 1622 2401 fumo,
1668 2353 1737 2407 qui
1763 2352 1803 2393 in
1831 2353 1952 2394 domo
1980 2351 2038 2392 fit.

129 2423 161 2446 21
184 2421 317 2474 Supra
339 2432 484 2473 corpus
507 2431 658 2461 eorum.
676 2422 717 2458 et
741 2430 865 2471 supra
885 2421 1010 2470 caput
1032 2428 1171 2457 eorum
1193 2414 1336 2455 volant
1358 2418 1530 2461 noctuae,
1551 2417 1591 2453 et
1614 2411 1861 2460 hirundines,
1880 2416 1921 2452 et
1943 2423 2038 2451 aves

131 2480 255 2521 etiam
280 2477 465 2519 similiter
485 2482 526 2518 et
549 2481 682 2518 cattae.
726 2478 758 2500 22
780 2475 898 2517 Unde
923 2475 1059 2516 sciatis
1082 2473 1177 2528 quia
1200 2486 1282 2514 non
1302 2477 1399 2513 sunt
1420 2471 1486 2513 dii.
1532 2471 1591 2512 Ne
1611 2483 1703 2525 ergo
1721 2469 1937 2511 timueritis
1959 2482 2036 2510 eos.

235 2540 267 2563 23
285 2538 443 2578 Α11111111
464 2536 600 2583 etiam,
623 2535 733 2589 quod
752 2535 919 2583 habent,
942 2535 993 2575 ad
1013 2533 1187 2588 speciem
1207 2538 1280 2573 est.
1303 2530 1389 2572 Nisi
1409 2529 1552 2584 aliquis
1573 2529 1785 2571 exterserit
1804 2528 2033 2583 aeruginem,
2050 2528 2244 2589 {ircssc‘tffiffifi

132 2611 211 2639 non
231 2596 465 2650 fulgebunt:
486 2607 617 2648 neque
637 2594 744 2635 enim
764 2594 862 2635 dum
883 2593 1168 2638 conflarentur,
1191 2590 1435 2632 sentiebant.
1484 2591 1516 2614 2⁴
1535 2589 1599 2630 Ex
1619 2588 1729 2630 omni
1748 2588 1878 2642 pretio
1899 2591 2039 2640 empta
2223 2583 2228 2593 '

131 2661 239 2705 sunt,
270 2655 311 2696 in
342 2654 489 2708 quibus
519 2653 683 2707 spiritus
714 2666 795 2694 non
824 2652 929 2693 inest
958 2651 1065 2706 ipsis.
1124 2652 1155 2675 25
1192 2649 1301 2691 esine
1329 2648 1502 2702 pedibus
1530 2647 1572 2688 in
1600 2647 1777 2688 humeris
1806 2650 2036 2700 portantur,

132 2719 387 2756 ostentantes
422 2712 721 2767 ignobilitatem
757 2725 873 2752 suam
908 2710 1152 2753 hominibus.
1191 2708 1506 2750 Confundantur
1540 2706 1664 2747 etiam
1701 2705 1770 2759 qui
1806 2704 1945 2746 colunt
1980 2717 2038 2744 ea.

131 2775 168 2798 2⁶
195 2774 418 2827 Propterea
445 2772 477 2812 si
506 2770 724 2812 ceciderint
752 2771 792 2811 in
821 2776 985 2819 terram,
1017 2783 1041 2810 a
1068 2767 1294 2822 semetipsis
1322 2779 1404 2808 non
1433 2770 1700 2819 consurgunt:
1730 2776 1861 2817 neque
1890 2763 1922 2804 si
1951 2762 2040 2816 quis

132 2845 225 2873 eum
258 2830 450 2873 statuerit
481 2835 650 2876 rectum,
685 2842 756 2883 per
787 2829 1052 2883 semetipsum
1084 2827 1224 2875 stabit,
1260 2826 1330 2867 sed
1361 2825 1466 2865 sicut
1497 2823 1668 2865 mortuis
1700 2835 1871 2863 munera
1901 2834 2040 2863 eorum

133 2890 208 2931 illis
238 2895 508 2944 apponentur.
566 2890 600 2913 27
632 2888 798 2929 Hostias
827 2887 987 2929 illorum
1017 2887 1204 2928 vendunt
1232 2884 1470 2927 Sacerdotes
1499 2882 1690 2936 ipsorum,
1722 2886 1763 2922 et
1792 2882 2039 2922 abutuntur:

133 2948 317 2990 similiter
343 2953 385 2989 et
410 2947 595 2988 mulieres
623 2960 763 2988 eorum
790 2947 1063 3001 decerpentes,
1093 2957 1224 2999 neque
1250 2943 1422 2990 infirmo,
1452 2954 1583 2994 neque
1609 2940 1860 2982 mendicanti
1888 2938 2042 2993 aliquid

135 3007 387 3062 impertiunt,
435 3008 470 3030 28
489 3007 538 3047 de
557 3005 760 3047 sacrificiis
780 3018 919 3047 eorum
937 3005 1060 3053 foetae,
1082 3009 1124 3045 et
1141 3007 1408 3044 menstruatae
1426 3000 1681 3053 contingunt.
1703 2999 1883 3041 Scientes
1902 2998 2042 3051 itaque

134 3080 183 3107 ex
207 3066 269 3107 his
296 3066 393 3120 quia
416 3077 498 3106 non
524 3069 620 3105 sunt
645 3064 711 3113 dii,
740 3077 789 3104 ne
815 3064 995 3105 timeatis
1021 3076 1099 3105 eos.

238 3127 273 3149 2⁹
299 3124 418 3166 Unde
443 3123 549 3164 enim
575 3127 776 3164 Vocantur
801 3122 880 3164 dii?
908 3122 1013 3172 Quia
1036 3121 1222 3163 mulieres
1248 3122 1463 3173 apponunt
1488 3117 1562 3158 diis
1589 3116 1800 3171 argenteis,
1828 3121 1870 3157 et
1895 3114 2036 3162 aureis,
2063 3114 2226 3175 hffiligfflss

134 3189 176 3224 et
204 3183 362 3238 ligneis:
421 3184 458 3207 3⁰
487 3186 528 3222 et
557 3181 598 3222 in
629 3181 817 3222 domibus
848 3194 987 3223 eorum
1018 3181 1246 3222 sacerdotes
1278 3178 1431 3224 sedent,
1464 3175 1661 3217 habentes
1693 3175 1851 3216 tunicas
1883 3173 2036 3215 scissas.
2057 3184 2228 3210 benefacere

135 3247 176 3283 et
194 3242 341 3296 capita,
362 3246 403 3283 01
421 3241 592 3283 barbam
609 3253 755 3289 rasam,
777 3253 951 3294 quorum
969 3240 1107 3294 capita
1123 3239 1236 3279 nuda
1253 3241 1359 3277 sunt.
1406 3236 1438 3259 3¹
1458 3234 1644 3289 Rugiunt
1662 3239 1801 3276 autem
1820 3233 2041 3274 clamantes
2068 3218 2221 3250 “queunt’

136 3305 280 3342 contra
300 3301 395 3342 deos
418 3312 523 3348 SUOS,
548 3299 653 3340 sicut
674 3298 715 3339 in
738 3311 855 3340 coena
875 3299 1038 3340 mortui.
1090 3300 1122 3323 32
1145 3296 1402 3338 Vestimenta
1423 3305 1563 3335 eorum
1586 3294 1779 3334 auserunt
1800 3290 2040 3333 sacerdotes,

135 3364 177 3400 et
202 3359 386 3400 vestiunt
412 3371 558 3400 uxores
584 3370 688 3406 suaS,
717 3362 758 3398 et
783 3357 884 3399 filios
910 3371 1014 3399 suos.
1068 3359 1101 3382 ³³
1127 3356 1269 3409 Neque
1294 3352 1428 3406 siquid
1453 3352 1549 3393 mali
1574 3352 1791 3406 patiuntur
1817 3350 1867 3391 ab
1894 3347 2039 3399 aliquo.

266 3432 298 3492 6]
323 3432 497 3489 1'511725,
522 3451 552 3485 9.
579 3470 621 3474 -
645 3450 665 3483 3
688 3450 742 3483 brs
766 3451 819 3490 44,
846 3450 897 3484 10.
923 3471 964 3474 -
989 3449 1030 3483 :25
1059 3448 1109 3482 cis
1134 3448 1186 3487 46,
1217 3447 1246 3480 7.
