2356 3760
104 143 133 175 3.
161 143 279 181 18—4,
306 145 325 175 0·
865 141 1240 176 MACHABAEORL‘M
1919 154 1994 194 935

106 238 178 276 bus
203 235 316 276 dolor
339 235 468 276 cordis
493 235 576 276 eius
601 234 864 276 efficiebatur.
917 236 950 258 ¹8
974 235 1052 275 Alii
1076 235 1199 276 etiam
1222 237 1417 291 gregatim
1442 238 1492 278 de
1515 239 1700 281 domibus
1725 245 1981 287 confluebant

105 293 264 347 publica
285 293 581 347 supplicatione
601 294 869 339 obsecrantes,
890 306 962 346 pro
983 306 1027 335 eo
1049 295 1158 347 quod
1176 294 1217 335 in
1236 300 1518 349 contemptum
1536 296 1646 338 locus
1667 306 1769 341 esset
1788 281 1993 346 venturus:

105 354 139 376 ¹⁹
169 352 453 406 Accinctaeque
483 351 668 392 mulieres
699 349 834 391 ciliciis
865 357 1018 404 pectus,
1052 366 1122 405 per
1152 352 1306 406 plateas
1338 354 1608 397 confluebant.
1642 358 1711 397 sed
1742 363 1781 398 et
1812 360 1982 411 virgines

105 424 194 464 quae
218 411 415 452 conclusae
439 415 565 453 erant,
593 409 886 462 procurrebant
910 410 962 450 ad
986 410 1145 455 Oniam,
1172 411 1258 451 aliae
1283 417 1418 452 autem
1445 413 1496 453 ad
1519 427 1666 463 muros
1694 412 1885 469 quaedanr
1904 397 1997 461 vero

104 482 174 522 per
210 470 406 510 fenestras
445 467 714 521 aspiciebant:
779 469 815 491 '20
852 467 1049 508 universae
1086 474 1223 509 autem
1261 471 1548 522 protendentes
1586 486 1729 514 manus
1767 475 1806 514 in
1844 476 1995 521 caelum,

104 528 440 581 deprecabantur.
498 528 529 550 21
558 530 645 566 erat
673 525 779 566 enim
808 526 955 566 misera
982 527 1205 567 commistae
1233 527 1518 577 multitudinis,
1550 535 1590 570 et
1617 533 1753 585 magni
1781 535 1998 575 sacerdotis

104 586 144 627 in
169 599 296 640 agone
319 584 533 627 constituti
557 584 799 637 expectatio.
852 586 884 609 '²2
907 585 961 625 Et
985 585 1026 625 hi
1050 585 1213 638 quidem
1237 586 1485 627 invocabant
1509 589 1829 642 omnipotentem
1852 592 1997 636 Deum,

104 650 151 685 ut
180 644 334 685 credita
363 644 438 685 sibi
467 643 539 684 his
573 642 641 695 qui
672 642 937 687 crediderant,
971 656 1062 684 cum
1094 644 1203 685 omni
1232 643 1467 697 integritate
1496 655 1840 690 conservarentur.

208 723 240 745 '23
266 718 507 760 Heliodorus
533 722 683 761 autem,
712 718 821 771 quod
846 718 1092 767 decreverat,
1119 718 1355 772 perficiebat
1380 720 1520 760 eodem
1544 720 1631 762 loco
1657 722 1740 775 ipse
1765 737 1855 764 cum
1881 726 1997 766 satel-
2019 728 2186 752 Hff¹³¹ss¹0s¹¹<

103 780 242 821 litibus
276 778 381 819 circa
412 775 597 817 {erarium
630 789 815 829 praesens.
877 778 909 801 ²⁴
941 777 1020 817 Sed
1053 777 1217 830 spiritus
1252 777 1541 830 omnipotentis
1574 779 1649 819 Dei
1682 794 1870 834 magnam
1904 784 1999 824 fecit
2021 763 2183 822 ‘Zss'uiissfi‘fsslf

104 852 185 879 suae
212 835 450 879 ostensionis
478 834 738 876 evidentiam.
767 835 825 875 ita
851 840 898 875 ut
924 848 1074 881 omnes,
1104 835 1172 889 qui
1199 835 1285 876 ausi
1311 836 1475 877 fuerant
1499 849 1638 889 parere
1664 838 1709 881 ei.
1738 846 1898 881 ruentes
1924 842 1999 881 Dei
2019 832 2185 863 “³³⁰¹¹³¹¹¹‘²

104 897 269 938 virtute.
302 895 343 935 in
374 892 692 939 dissolutionem,
727 898 767 934 et
799 893 1055 934 formidinem
1087 900 1431 935 converterentur.
1492 896 1524 919 ²5
1554 896 1758 949 Apparuit
1789 898 1893 938 enim
1925 899 1999 939 illis

105 955 271 1009 quidam
302 965 429 1006 equus
460 951 679 992 terribilem
711 952 863 992 habens
894 965 1100 997 sessorem,
1133 952 1297 1005 optimis
1329 953 1588 1007 operimentis
1620 955 1859 996 adornatus:
1891 957 2004 1010 isque

104 1028 197 1055 cum
222 1013 378 1066 impetu
406 1010 624 1051 Heliodoro
650 1010 801 1063 priores
827 1009 954 1051 calces
980 1010 1095 1052 elisit.
1125 1011 1193 1064 qui
1219 1016 1357 1051 autem
1383 1011 1417 1051 ei
1443 1012 1621 1062 sedebat,
1650 1013 1867 1054 videbatur
1892 1028 2005 1056 arma

103 1073 252 1114 habere
274 1082 406 1111 aurea.
459 1071 493 1093 ²⁶
515 1068 593 1109 Alii
616 1068 739 1109 etiam
763 1074 1042 1122 apparuerunt
1063 1069 1143 1110 duo
1166 1069 1331 1110 iuvenes
1354 1069 1507 1110 virtute
1529 1071 1673 1119 decori,
1700 1072 1843 1125 optimi
1863 1073 2002 1126 gloria,

104 1129 353 1185 speciosique
385 1127 556 1168 amictu:
593 1127 662 1180 qui
694 1127 1051 1168 circumsteterunt
1083 1140 1186 1169 eum.
1222 1133 1263 1168 et
1295 1141 1344 1168 ex
1376 1133 1549 1181 utraque
1581 1135 1696 1182 parte
1728 1129 2001 1184 flagellabant,

103 1190 188 1230 sine
211 1186 508 1228 intermissione
531 1185 670 1226 multis
694 1185 821 1239 plagis
846 1186 1118 1226 verberantes.
1172 1187 1205 1209 ²⁷
1230 1186 1374 1227 Subito
1400 1192 1538 1226 autem
1563 1187 1803 1229 Heliodorus
1828 1190 2004 1230 concidit

103 1248 143 1288 in
165 1252 328 1289 terram.
353 1258 527 1298 eumque
548 1243 679 1285 inulta
701 1244 869 1297 caligine
891 1244 1179 1284 circumfusum
1202 1249 1436 1297 rapuerunt,
1462 1249 1585 1297 atque
1606 1245 1646 1285 in
1668 1246 1764 1286 sella
1784 1248 2005 1300 gestatoria

103 1305 283 1360 positum
309 1304 523 1345 eiecerunt.
578 1304 612 1326 28
638 1303 692 1343 Et
717 1302 761 1346 is.
790 1303 857 1356 qui
883 1316 975 1342 cum
1000 1302 1139 1342 multis
1165 1302 1405 1345 cursoribus,
1433 1307 1473 1342 et
1498 1303 1739 1344 satellitibus
1764 1305 2003 1357 praedictum

104 1365 303 1419 ingressus
324 1367 383 1403 est
403 1361 600 1403 aerarium.
623 1362 868 1414 portabatur
886 1359 995 1401 nullo
1016 1360 1091 1400 sibi
1111 1359 1308 1400 auxilium
1326 1360 1492 1403 ferente,
1513 1362 1732 1402 manifesta
1748 1362 1824 1402 Dei
1843 1364 2005 1415 cognita

103 1424 274 1464 virtute:
331 1423 366 1446 '²⁹
394 1426 435 1461 et
462 1419 525 1460 ille
555 1420 718 1472 quidem
746 1431 818 1472 per
845 1418 1027 1459 divinam
1055 1418 1252 1458 virtutem
1280 1417 1440 1459 iacebat
1466 1424 1616 1463 mutus,
1648 1425 1771 1473 atque
1800 1414 1908 1461 omni
1936 1435 2004 1474 spe

103 1488 143 1522 et
166 1480 297 1522 salute
319 1479 516 1533 privatus.
568 1480 604 1501 3⁰
627 1477 680 1517 Hi
703 1482 842 1517 autem
864 1476 1088 1517 Dominum
1112 1476 1418 1525 benedicebant,
1445 1477 1540 1530 quia
1561 1478 1851 1531 magnificabat
1871 1479 2004 1520 locuni

103 1553 239 1581 suum:
271 1544 313 1579 et
341 1536 552 1590 templum.
586 1536 695 1589 quod
724 1534 845 1588 paulo
875 1540 971 1575 ante
1000 1535 1144 1576 timore
1174 1547 1220 1575 ac
1249 1534 1430 1575 tumultu
1461 1540 1548 1576 erat
1575 1535 1751 1589 plenum,
1783 1543 2005 1590 apparente

103 1598 385 1651 omnipotente
413 1595 603 1643 Domino,
634 1594 782 1647 gaudio
813 1599 852 1634 et
881 1593 1025 1634 laetitia
1053 1592 1267 1647 impletum
1297 1598 1369 1634 est.

207 1675 239 1698 ³1
269 1673 382 1712 Tunc
409 1683 504 1711 vero
533 1682 583 1710 ex
612 1669 749 1709 amicis
780 1668 987 1710 Heliodori
1017 1668 1183 1722 quidam
1211 1669 1413 1722 rogabant
1440 1669 1652 1710 confestim
1682 1670 1840 1719 Oniam,
1870 1676 1918 1712 ut
1944 1671 2002 1712 in·
2036 1674 2084 1698 sed
2107 1673 2176 1715 ΟΨ

104 1736 270 1774 vocaret
293 1729 561 1771 Altissimum.
589 1734 637 1768 ut
661 1728 790 1768 vitam
817 1728 988 1768 donaret
1013 1727 1059 1769 ei.
1088 1727 1156 1780 qui
1182 1727 1222 1767 in
1247 1740 1434 1780 supremo
1460 1727 1604 1780 spiritu
1629 1733 1717 1769 erat
1741 1729 2000 1771 constitutus.
2016 1710 2208 1769 ίιιῗὲἶῖἷὲὲἷῖηρ

103 1794 135 1817 32
157 1789 424 1832 Considerans
447 1792 584 1828 autem
608 1799 791 1827 summus
814 1787 998 1827 sacerdos
1021 1799 1071 1826 ne
1092 1786 1197 1826 forte
1220 1798 1289 1825 rex
1312 1786 1583 1838 suspicaretur
1603 1786 1802 1827 malitiam
1826 1787 2003 1841 aliquam
2043 1781 2172 1804 §emm

104 1863 152 1890 ex
170 1848 316 1889 Iudaeis
332 1847 438 1888 circa
453 1845 718 1886 Heliodorum
735 1849 1075 1893 consummatam,
1093 1843 1245 1886 obtulit
1258 1857 1330 1897 pro
1346 1843 1476 1884 salute
1492 1844 1567 1884 viri
1581 1845 1757 1886 hostiam
1773 1845 2004 1887 salutarem.

103 1911 136 1933 ³²³
152 1908 336 1960 Cumque
352 1918 534 1946 summus
552 1904 737 1945 sacerdos
755 1907 952 1949 exoraret,
971 1902 1093 1943 iidem
1109 1902 1274 1943 iuvenes
1292 1902 1441 1943 eisdem
1458 1903 1639 1944 vestibus
1657 1903 1805 1951 amicti,
1825 1909 2006 1945 astantes

106 1966 337 2009 Heliodoro,
367 1963 576 2005 dixerunt:
607 1962 720 2003 Oniae
747 1962 947 2003 sacerdoti
973 1961 1125 2015 gratias
1154 1974 1243 2014 age:
1273 1974 1367 2001 nam
1394 1966 1561 2014 propter
1587 1975 1679 2002 eum
1705 1962 1904 2003 Dominus
1932 1962 2007 2003 tibi

105 2026 234 2065 vita-m
268 2022 451 2064 donavit.
513 2023 546 2046 3⁴
580 2026 625 2062 tu
659 2025 798 2061 autem
832 2033 856 2061 a
888 2021 974 2061 Deo
1008 2019 1247 2073 flagellatus
1283 2019 1431 2060 nuncia
1464 2020 1650 2061 omnibus
1683 2021 1886 2073 magnalia
1917 2021 2005 2065 Dei,

104 2089 146 2125 et
172 2087 434 2137 potestatem.
467 2080 521 2120 Et
548 2079 609 2120 his
638 2079 768 2123 dictis,
799 2092 881 2120 non
909 2083 1237 2132 comparuerunt.

208 2160 240 2183 35
261 2156 503 2198 Heliodorus
524 2161 674 2199 autem,
696 2154 831 2196 hostia
848 2155 935 2195 Deo
955 2154 1106 2202 oblata,
1128 2159 1170 2194 et.
1188 2153 1294 2195 votis
1314 2153 1469 2207 magnis
1488 2153 1693 2206 promissis
1713 2153 1758 2199 ei,
1782 2153 1850 2207 qui
1868 2153 2002 2194 vivere
2036 2153 2177 2212 magnam

106 2218 160 2258 illi
178 2215 386 2263 concessit,
407 2220 447 2255 et
466 2213 579 2255 Oniae
596 2213 747 2268 gratias
766 2226 899 2267 agens.
920 2217 1081 2265 recepto
1101 2212 1291 2260 exercitu,
1312 2212 1535 2265 repedabat
1554 2212 1604 2252 ad
1622 2225 1766 2265 regem.
1812 2214 1848 2236 ³⁶
1866 2213 2003 2253 Testa·
2045 2195 2169 2248 nunfilat.

107 2278 229 2318 batur
256 2279 396 2316 autem
425 2272 612 2314 omnibus
642 2285 688 2313 ea
717 2285 806 2325 quae
834 2272 909 2312 sub
939 2271 1061 2312 oculis
1091 2270 1171 2311 suis
1200 2271 1360 2311 viderat
1388 2283 1509 2323 opera
1536 2263 1673 2323 magni
1699 2270 1786 2311 Dei.
1842 2272 1877 2295 ³⁷
1906 2271 2006 2311 Cum

106 2341 244 2377 autem
273 2346 343 2373 rex
372 2332 661 2385 interrogasset
692 2330 968 2373 Heliodorum.
1002 2329 1090 2383 quis
1120 2334 1225 2369 esset
1253 2333 1373 2381 aptus
1404 2328 1536 2369 adhuc
1565 2327 1686 2369 semel
1717 2328 2005 2381 lerosolymam

105 2393 227 2437 mitti,
259 2391 334 2433 ait:
391 2392 427 2415 3⁸
455 2390 496 2431 Si
526 2403 647 2443 quem
676 2389 800 2430 habes
830 2388 1001 2437 hostem,
1033 2392 1106 2428 aut
1134 2387 1244 2441 regni
1274 2386 1334 2427 tui
1362 2386 1650 2431 insidiatorem,
1681 2386 1801 2427 mitte
1828 2386 1932 2431 illuc,
1964 2391 2006 2426 et

105 2450 354 2506 flagellatum
380 2462 472 2490 eum
498 2448 675 2502 recipies,
702 2447 735 2488 si
759 2453 898 2488 tamen
924 2446 1115 2487 evaserit:
1143 2459 1188 2487 eo
1215 2446 1323 2499 quod
1348 2444 1388 2485 in
1412 2444 1499 2486 loco
1524 2445 1577 2485 sit
1601 2457 1692 2484 vere
1717 2444 1792 2485 Dei
1818 2445 2002 2498 quaedam

106 2511 248 2552 virtus,
298 2511 335 2534 3⁹
358 2509 463 2549 Nam
487 2507 582 2561 ipse,
609 2506 678 2560 qui
701 2506 827 2547 habet
848 2506 889 2546 in
912 2505 1015 2546 caelis
1039 2504 1349 2547 habitationem,
1376 2504 1575 2551 visitator,
1600 2508 1642 2544 et
1663 2503 1826 2544 adiutor
1847 2508 1908 2543 est
1929 2502 2004 2543 loci

106 2569 222 2613 illius,
251 2574 292 2609 et
316 2566 524 2608 venientes
552 2566 604 2607 ad
628 2564 969 2606 malefaciendum
994 2563 1183 2617 percutit,
1212 2575 1258 2603 ac
1284 2562 1428 2615 perdit.
1482 2563 1518 2586 ⁴⁰
1544 2561 1673 2615 Igitur
1697 2562 1746 2602 de
1773 2560 2001 2609 Heliodoro,

106 2634 147 2669 et
174 2626 302 2668 aerarii
330 2624 516 2666 custodia
544 2624 602 2665 ita
629 2637 690 2664 res
719 2636 760 2664 se
787 2623 923 2664 habet.

441 2741 480 2780 2.
511 2738 654 2781 Onias
682 2739 892 2792 pontifex
921 2737 1189 2779 insidiarum
1220 2735 1475 2785 accusatur,
1504 2735 1541 2784 4,
1562 2734 1680 2773 1-6.

210 2817 248 2860 4.
303 2818 313 2840 ¹
341 2815 480 2857 Simon
505 2820 643 2856 autem
667 2813 884 2868 praedictus
909 2813 1184 2867 pecuniarum,
1211 2816 1252 2852 et
1275 2810 1417 2864 patriae
1440 2809 1606 2853 delator,
1632 2807 1736 2848 male
1759 2807 2003 2861 loquebatur
2031 2808 2111 2848 ‚¹³1⁰ss
2132 2809 2170 2847 ³¹³.

107 2877 156 2916 de
187 2874 302 2918 Onia,
336 2880 550 2927 tamquam
580 2873 665 2927 ipse
697 2872 962 2914 Heliodorum
992 2871 1224 2924 instigasset
1255 2870 1308 2910 ad
1336 2869 1432 2917 haec,
1466 2873 1506 2908 et
1535 2868 1620 2921 ipse
1649 2866 1791 2907 fuisset
1820 2866 2004 2906 incentor
2029 2848 2183 2903 ¹¹¹¹1¹1liffne⁵¹'

107 2933 325 2975 malorum:
383 2934 397 2957 ‘2
427 2932 758 2986 provisoremque
789 2930 980 2972 civitatis.
1014 2943 1059 2970 ac
1089 2929 1340 2970 defensorem
1369 2926 1499 2980 gentis
1530 2938 1622 2973 suae,
1656 2929 1696 2965 et
1725 2923 2000 2965 aemulatorem
2014 2915 2197 2977 affiffic-ssssjffssssfie

106 2991 202 3046 legis
234 2991 311 3032 Dei
345 2991 525 3031 audebat
556 2990 835 3031 insidiatorem
867 2989 979 3043 regni
1012 2989 1153 3029 dicere.
1215 2990 1230 3012 ³
1263 2986 1352 3029 Sed.
1388 2999 1478 3026 cum
1512 2982 1732 3024 inimicitiae
1764 2982 1804 3022 in
1838 2986 2000 3022 tantum
2047 2975 2164 3009 0⁴>¹ff0f¹·

107 3050 383 3104 procederent,
411 3054 457 3089 ut
483 3049 605 3089 etiam
632 3062 703 3102 per
728 3049 927 3102 quosdam
952 3046 1126 3089 Simonis
1152 3044 1393 3086 necessarios
1419 3041 1635 3084 homicidia
1660 3041 1819 3082 fierent:
1872 3042 1888 3065 ⁴
1912 3053 2004 3081 con-

108 3109 286 3150 siderans
325 3107 449 3149 Onias
488 3107 710 3160 periculum
750 3105 1034 3153 contentionis,
1076 3110 1116 3145 et
1154 3102 1413 3157 Apollonium
1451 3100 1636 3145 insanire,
1677 3103 1822 3153 utpote
1860 3099 2003 3138 ducem

107 3167 345 3221 Coelesyriae,
380 3170 421 3206 et
452 3165 666 3211 Phoenicis,
702 3166 754 3206 ad
786 3165 1015 3219 augendam
1046 3163 1245 3204 malitiam
1277 3160 1462 3203 Simonis,
1497 3159 1548 3199 ad
1580 3171 1712 3211 regem
1745 3170 1785 3197 se
1817 3155 2000 3203 contulit,

107 3228 122 3250 ⁵
148 3239 230 3267 non
255 3230 303 3266 ut
328 3224 478 3266 civium
506 3229 728 3266 accusator.
757 3224 827 3264 sed
853 3235 1111 3264 communem
1137 3220 1357 3262 utilitatem
1385 3218 1494 3271 apud
1520 3216 1781 3269 semetipsum
1809 3214 2004 3255 universae

108 3281 382 3325 multitudinis
423 3282 692 3323 considerans
764 3283 778 3305 ⁶
817 3281 996 3322 Videbat
1035 3280 1140 3321 enim
1181 3278 1265 3319 sine
1303 3276 1424 3330 regali
1462 3274 1721 3329 providentia
1759 3271 2003 3326 impossibile

108 3355 193 3383 esse
217 3355 358 3395 pacem
384 3341 504 3381 rebus
529 3340 628 3387 dari,
656 3353 729 3381 nec
753 3340 960 3381 Simonem
985 3352 1101 3393 posse
1127 3348 1279 3378 cessare
1305 3349 1327 3376 a
1353 3334 1530 3375 stultitia
1554 3346 1638 3374 sua.
