2356 3760
114 86 165 123 16,
191 84 310 123 δέ16,
335 84 373 116 31
981 80 1151 114 IUDITH
1928 92 2004 133 445

456 178 471 200 ⁸
502 177 592 217 Non
622 176 727 216 enim
757 174 903 214 cecidit
930 180 1074 227 potens
1104 187 1241 214 eorum
1272 189 1294 216 a
1324 176 1547 225 iuvenibus,

454 248 527 276 nec
555 234 625 275 filii
654 233 774 273 Titan
803 238 1087 285 percusserunt
1116 246 1219 279 eum,

453 306 526 334 nec
555 291 698 333 excelsi
727 291 910 344 gigantes
940 297 1217 344 opposuerunt
1246 305 1285 332 se
1314 292 1380 336 illi.

454 351 524 391 sed
554 350 694 390 Iudith
723 349 805 390 filia
833 350 977 390 Morari
1007 350 1047 390 in
1076 350 1205 403 specie
1235 351 1350 391 faciei
1379 364 1460 392 suae
1490 352 1674 394 dissolvit
1701 367 1804 396 eum.

457 411 471 433 ⁹
501 409 628 449 Exuit
656 408 763 449 enim
792 422 833 449 se
862 408 1107 449 vestimento
1137 408 1361 457 viduitatis,

455 473 496 508 et
523 467 658 508 induit
686 480 726 507 se
755 467 1000 508 vestimento
1029 466 1180 507 laetitiae

454 526 495 566 in
525 526 775 567 exultatione
805 525 977 567 filiorum
1009 525 1142 567 Israel.

455 586 491 609 ¹⁰
519 585 649 626 Unxit
677 585 821 626 faciem
851 598 966 625 suam
996 590 1215 639 unguento,

455 652 497 685 et
525 644 730 697 colligavit
759 643 963 684 cincinnos
993 657 1085 684 suos
1114 643 1247 688 mitra,

457 703 613 756 accepit
641 702 788 743 stolam
818 716 967 743 novam
997 703 1049 743 ad
1078 703 1361 756 decipiendum
1390 703 1514 745 illum.

458 764 487 786 ¹¹
517 761 709 803 Sandalia
737 761 820 802 eius
849 767 1073 815 rapuerunt
1101 761 1237 803 oculos
1266 762 1361 804 eius.

456 820 716 874 pulchritudo
746 820 829 861 eius
859 820 1066 874 captivam
1095 820 1192 861 fecit
1221 821 1399 862 animam
1429 821 1524 869 eius,

458 880 692 933 amputavit
720 879 894 933 pugione
923 879 1118 920 cervicem
1149 879 1243 921 eius.

458 941 489 963 ¹2
520 939 776 980 Horruerunt
804 939 935 979 Persae
964 939 1238 980 constantiam
1267 939 1362 987 eius,

458 1003 499 1039 et
526 998 634 1038 Medi
664 998 877 1038 audaciam
907 998 1001 1039 eius.

459 1059 490 1081 ¹³
520 1057 631 1097 Tunc
661 1056 921 1098 ululaverunt
950 1062 1084 1098 castra
1112 1057 1380 1111 Assyriorum,

459 1116 622 1169 quando
653 1121 931 1169 apparuerunt
959 1115 1130 1157 humiles
1159 1116 1249 1164 mei,
1282 1122 1506 1157 arescentes
1535 1116 1575 1156 in
1604 1116 1682 1157 siti.

460 1177 491 1199 ¹⁴
519 1174 609 1215 Filii
638 1174 863 1228 puellarum
893 1180 1219 1228 compunxerunt
1249 1189 1326 1223 eos,

459 1239 499 1275 et
529 1234 633 1274 sicut
661 1247 806 1287 pueros
834 1234 1034 1287 fugientes
1064 1234 1298 1275 occiderunt
1327 1247 1411 1274 eos:

459 1292 665 1346 perierunt
693 1292 733 1333 in
762 1292 898 1346 praelio
928 1306 952 1333 a
979 1292 1080 1333 facie
1110 1292 1275 1333 Domini
1304 1292 1379 1332 Dei
1408 1292 1497 1334 mei.

459 1353 490 1375 ¹⁵
522 1351 733 1404 Hymnum
762 1357 974 1391 cantemus
1002 1351 1191 1399 Domino,

458 1410 657 1462 hymnum
688 1422 840 1450 novum
871 1414 1081 1449 cantemus
1110 1409 1196 1451 Deo
1226 1415 1376 1451 nostro.

459 1469 494 1492 ¹⁶
521 1468 682 1509 Adonai
710 1468 884 1509 Domine
914 1481 1084 1521 magnus
1114 1481 1154 1509 es
1183 1473 1241 1518 tu,

459 1533 499 1568 et
528 1527 743 1581 praeclarus
772 1527 813 1567 in
842 1527 995 1568 virtute
1024 1532 1108 1570 tua.

460 1592 500 1627 et
530 1600 650 1640 quein
680 1599 868 1639 superare
898 1599 1015 1627 nemo
1044 1592 1192 1640 potest.

461 1647 493 1669 ¹⁷
525 1645 614 1686 Tibi
643 1645 794 1686 serviat
823 1645 952 1686 omnis
982 1651 1168 1687 creatura
1197 1652 1287 1686 tua:

464 1704 581 1758 aquia
609 1704 758 1753 dixisti,
790 1710 831 1745 et
860 1704 971 1745 facta
999 1710 1112 1745 sunt:

461 1763 606 1804 misisti
635 1763 822 1816 spiritum
853 1769 982 1811 tuum,
1015 1769 1055 1804 et
1084 1769 1221 1805 creata
1249 1770 1355 1813 sunt,

461 1827 502 1863 et
531 1836 611 1863 non
641 1827 702 1863 est
732 1823 801 1876 qui
829 1822 992 1863 resistat
1020 1823 1110 1864 voci
1139 1828 1231 1865 tuae.

463 1883 496 1905 ¹8
525 1881 684 1923 Montes
714 1894 738 1922 a
765 1882 1043 1922 fundamentis
1072 1883 1350 1923 movebuntur
1378 1896 1469 1923 cum
1499 1882 1632 1936 aquis:

462 1946 598 1993 petrae,
630 1940 735 1981 sicut
764 1953 864 1988 cera,
896 1940 1118 1994 liquescent
1149 1946 1243 1982 ante
1272 1942 1417 1982 faciem
1446 1948 1574 1984 tuam.

463 2001 497 2023 ¹⁹
526 1999 604 2047 Qui
634 2004 771 2040 autem
802 1999 949 2040 timent
979 2005 1030 2045 te,
1061 2000 1198 2053 magni
1227 2006 1346 2042 erunt
1375 2001 1485 2054 apud
1514 2006 1554 2042 te
1583 2014 1654 2055 per
1683 2001 1827 2042 onmia.

462 2060 498 2082 2⁰
526 2058 596 2098 Vae
623 2058 734 2111 genti
763 2058 986 2112 insurgenti
1015 2072 1134 2112 super
1161 2073 1286 2112 genus
1315 2073 1470 2100 meum:

461 2117 661 2158 Dominus
691 2117 796 2158 enim
827 2118 1084 2171 omnipotens
1114 2118 1340 2159 vindicabit
1369 2119 1409 2159 in
1438 2119 1504 2161 eis.

462 2176 503 2217 in
532 2176 595 2217 die
624 2176 761 2217 iudicii
789 2176 975 2218 visitabit
1003 2176 1101 2218 illos.

462 2237 493 2259 2¹
521 2236 650 2276 Dabit
679 2235 785 2276 enim
815 2235 960 2289 ignem,
992 2242 1033 2277 et
1062 2249 1218 2277 vermes
1247 2237 1288 2277 in
1317 2250 1456 2278 carnes
1486 2251 1635 2287 eorum,

462 2301 509 2335 ut
537 2300 719 2339 urantur,
752 2300 793 2335 et
822 2295 1001 2335 sentiant
1030 2308 1157 2348 usque
1186 2295 1227 2336 in
1256 2296 1559 2349 sempiternum.

730 2387 768 2427 2.
799 2386 943 2427 Factis
972 2388 1126 2438 variis,
1154 2388 1220 2439 16,
1238 2389 1415 2429 22-31.

228 2456 259 2478 22
286 2454 341 2494 Et
366 2453 523 2494 factum
549 2458 610 2494 est
635 2459 729 2507 post
753 2453 850 2503 haec,
879 2453 1008 2494 omnis
1035 2453 1208 2508 populus
1235 2460 1329 2508 post
1354 2455 1567 2496 victoriam
1596 2456 1708 2496 venit
1733 2456 1774 2496 in
1802 2455 2018 2496 Ierusalem
2030 2457 2215 2518 figgOSgfflffiss

124 2514 292 2554 adorare
323 2512 565 2554 Dominum:
600 2517 640 2553 et
672 2525 768 2553 mox
800 2517 847 2553 ut
878 2513 1082 2566 purificati
1114 2519 1221 2562 sunt,
1257 2513 1494 2555 obtulerunt
1527 2528 1664 2555 omnes
1696 2514 1943 2563 holocausta,
1980 2520 2019 2555 et
2066 2512 2068 2515 ’
2169 2511 2190 2523 “’

125 2576 234 2621 vota,
268 2578 309 2612 et.
339 2571 666 2625 repromissiones
697 2584 802 2613 suas.
862 2573 894 2596 ²3
924 2571 1048 2613 Porro
1082 2572 1222 2613 Iudith
1253 2573 1443 2614 universa
1473 2586 1572 2614 vasa
1604 2573 1745 2614 bellica
1776 2573 2015 2619 Holofernis,

125 2644 215 2686 quae
237 2631 351 2672 dedit
372 2630 428 2671 illi
450 2630 636 2684 populus,
662 2636 703 2671 et
725 2643 980 2684 conopoeum,
1007 2631 1116 2685 quod
1139 2631 1228 2685 ipsa
1249 2632 1469 2673 sustulerat
1492 2633 1541 2673 de
1565 2632 1684 2673 cubili
1708 2632 1842 2685 ipsius,
1869 2632 2019 2673 obtulit

124 2691 165 2731 in
187 2690 408 2731 anathema
427 2689 652 2731 oblivionis.
702 2691 734 2714 ²4
754 2689 857 2730 Erat
877 2694 1015 2731 autem
1036 2690 1210 2744 populus
1231 2690 1431 2732 iucundus
1452 2691 1673 2732 secundum
1694 2691 1838 2731 faciem
1860 2696 2017 2732 sancto-

124 2762 228 2798 rum,
257 2754 297 2790 et
322 2762 394 2802 per
419 2754 499 2789 tres
525 2761 682 2789 menses
707 2748 901 2802 gaudium
928 2749 1047 2790 huius
1073 2749 1254 2790 victoriae
1279 2750 1527 2791 celebratum
1554 2755 1613 2790 est
1640 2763 1731 2790 cum
1760 2749 1910 2790 Iudith.

228 2810 260 2832 ‘25
283 2808 382 2849 Post
406 2807 489 2848 dies
514 2813 651 2848 autem
674 2807 761 2849 illos
785 2808 1062 2862 unusquisque
1085 2808 1205 2850 rediit
1227 2809 1269 2850 in
1293 2809 1459 2850 domum
1483 2822 1609 2854 suam,
1636 2814 1677 2848 et
1702 2808 1840 2848 Iudith
1864 2821 2013 2861 magna
2029 2815 2214 2873 ‘'³¹1¹“'ssa-30n0

124 2867 235 2908 facta
253 2871 314 2908 est
331 2867 373 2907 in
392 2866 593 2915 Bethulia,
615 2871 655 2908 et
672 2867 900 2920 praeclarior
917 2872 1004 2908 erat
1021 2867 1219 2909 universae
1237 2873 1353 2909 terrae
1373 2867 1505 2908 Israel.
1553 2869 1587 2891 2⁶
1606 2867 1706 2907 Erat
1724 2867 1847 2907 etiam
1866 2867 2010 2908 virtuti
2084 2856 2100 2873 ‘¹
2125 2857 2131 2874 ¹
2160 2856 2177 2879 ¹'

125 2926 293 2966 castitas
319 2925 523 2974 adiuncta,
550 2925 610 2966 ita
633 2931 680 2966 ut
704 2939 785 2967 non
809 2932 1066 2979 cognosceret
1091 2926 1223 2967 virum
1248 2927 1435 2968 omnibus
1460 2926 1599 2967 diebus
1625 2925 1721 2966 vitae
1744 2939 1836 2975 suae,
1864 2939 1913 2966 ex
1938 2940 2016 2979 quo

125 2985 342 3026 defunctus
362 2989 423 3025 est
442 2984 647 3025 Manasses
668 2985 731 3025 vir
750 2985 844 3026 eius.
893 2987 927 3009 2⁷
948 2985 1050 3026 Erat
1070 2991 1207 3026 autem
1228 2986 1369 3027 diebus
1389 2985 1500 3026 festis
1520 2985 1739 3038 procedens
1759 2998 1851 3025 cum
1870 2998 2019 3038 magna

124 3044 260 3097 gloria.
312 3045 346 3068 2⁸
368 3042 519 3083 Mansit
541 3048 679 3084 autem
701 3044 745 3084 in
767 3044 887 3085 domo
911 3043 986 3084 viri
1007 3044 1069 3085 sui
1091 3057 1217 3086 annos
1240 3050 1402 3086 centum
1427 3044 1615 3097 quinque,
1640 3049 1681 3084 et
1703 3043 1855 3084 dimisit
1877 3044 2017 3084 abram

125 3115 241 3143 suam
265 3102 447 3151 liberam,
475 3106 516 3143 et
542 3102 736 3143 defuncta
761 3108 821 3144 est
848 3116 893 3143 ac
919 3103 1079 3157 sepulta
1104 3117 1196 3144 cum
1222 3104 1307 3144 viro
1334 3116 1404 3144 suo
1431 3103 1472 3143 in
1499 3102 1698 3143 Bethulia.
1754 3104 1788 3126 '¹⁹
1813 3102 2017 3155 Luxitque

125 3161 234 3202 illam
261 3161 391 3202 omnis
417 3160 591 3215 populus
618 3161 758 3202 diebus
785 3167 952 3215 septem.
1007 3164 1044 3187 3⁰
1070 3163 1118 3203 In
1144 3163 1254 3204 omni
1281 3166 1416 3202 autem
1444 3161 1575 3214 spatio
1603 3161 1699 3202 vitae
1725 3162 1808 3201 eius
1835 3175 1914 3202 non
1940 3161 2017 3200 fuit

126 3220 194 3273 qui
221 3220 479 3273 perturbaret
509 3219 642 3269 Israel,
674 3225 714 3261 et
741 3226 835 3275 post
861 3226 1035 3262 mortem
1064 3222 1147 3262 eius
1176 3222 1290 3262 annis
1318 3220 1468 3261 multis.

228 3281 260 3303 ³¹
289 3279 385 3319 Dies
416 3284 554 3320 autem
584 3278 763 3320 victoriae
792 3279 910 3320 huius
941 3280 1189 3328 festivitatis,
1223 3280 1273 3320 ab
1306 3279 1485 3319 Hebraeis
1516 3279 1555 3319 in
1587 3292 1752 3319 numero
1784 3284 2013 3319 sanctorum
2038 3275 2195 3299 ¹⁹³¹¹V¹¹²¹¹⁰

2063 3314 2166 3332 «ἸΙΙΠΙΙῙᾸ.

124 3337 280 3378 dierum
310 3338 515 3391 accipitur,
555 3344 596 3378 et
624 3338 769 3379 colitur
797 3352 820 3379 a
850 3339 994 3380 Iudaeis
1023 3352 1072 3380 ex
1100 3339 1165 3380 illo
1196 3344 1376 3391 tempore
1405 3351 1531 3391 usque
1560 3338 1599 3379 in
1628 3342 1865 3391 preesentem
1895 3336 2008 3376 diem.

235 3408 308 3470 ἰὼ,
333 3430 374 3462 17
404 3428 472 3462 aen
496 3432 514 3463 1
546 3442 553 3470 ;
580 3431 623 3464 Ps
646 3430 700 3471 32,
724 3430 754 3464 9.
