2356 3760
124 85 177 125 43,
206 84 346 123 20—44,
373 84 414 117 15
901 84 1242 120 ECCLESIASTICI
1933 97 2005 137 4561

123 179 159 202 ²⁰
176 177 529 218 Pulchritudinem
576 177 761 218 candoris
802 176 885 216 eius
928 177 1198 217 admirabitur
1242 179 1391 223 oculus,
1488 186 1527 221 et
1566 195 1684 235 super
1720 185 1887 227 imbrem
1929 188 2010 229 eius

385 240 629 289 expavescet
658 248 735 276 cor.

123 342 154 364 ²¹
175 340 276 381 Gelu
313 341 419 381 sicut
456 339 580 380 salem
618 338 800 379 effundet
841 351 961 392 super
999 345 1166 380 terram:
1243 347 1283 382 et
1315 343 1413 382 dum
1449 343 1653 396 gelaverit.
1696 345 1763 386 fiet
1803 352 2011 401 tamquam
2025 355 2053 378 “t
2073 355 2100 379 m
2121 356 2203 383 terra·

386 397 598 439 cacumina
626 396 777 437 tribuli.

123 460 154 481 22
179 458 364 512 Frigidus
395 460 543 496 ventus
575 454 709 508 aquilo
741 455 870 505 flavit,
956 462 997 497 et
1026 456 1179 510 gelavit
1209 459 1421 511 crystallus
1453 461 1503 501 ab
1535 474 1652 514 aqua,

175 528 295 570 super
307 528 469 556 omnem
483 514 836 567 congregationem
853 528 1052 568 aquarum
1069 516 1304 569 requiescet.
1357 524 1395 557 et
1416 518 1520 559 sicut
1536 519 1655 560 lorica
1673 521 1813 562 induet
1829 535 1869 562 se
1887 523 2013 575 aquis.

123 577 155 600 '2³
176 575 232 615 Et
264 574 480 615 devorabit
510 577 682 621 montes,
718 578 759 613 et
791 579 933 614 exuret
966 575 1183 617 desertum.
1281 582 1321 616 et
1363 577 1573 630 extinguet
1606 578 1742 622 viride.
1777 580 1880 621 sicut
1912 581 2013 635 igne.

122 635 154 657 2⁴
173 632 375 673 Medicina
403 632 584 673 omnium
612 631 654 672 in
682 632 943 674 festinatione
972 633 1146 674 nebulae:
1230 640 1271 674 et
1298 647 1360 674 ros
1391 635 1559 675 obvians
1589 637 1639 676 ab
1669 638 1808 678 ardore
1837 639 2015 681 venienti

383 689 578 731 humilem
608 690 756 731 efficiet
785 704 890 732 eum.

121 751 153 773 25
176 750 224 790 In
239 763 421 791 sermone
437 748 521 790 eius
536 748 646 790 siluit
662 755 822 799 Ventus,
893 756 934 791 et
949 751 1194 804 cogitatione
1210 764 1284 792 sua
1298 751 1477 804 placavit
1494 753 1698 806 abyssum,
1757 761 1795 795 et
1812 755 2015 807 plantavit

383 809 425 848 in
453 807 522 848 illa
549 808 751 849 Dominus
780 808 943 850 insulas.

122 869 157 891 ²⁶
175 868 253 917 Qui
295 867 494 920 navigant
532 880 654 915 mare,
703 874 892 908 enarrent
931 868 1108 921 pericula
1149 869 1250 910 eius:
1333 874 1375 909 et
1417 870 1626 910 audientes
1668 871 1831 912 auribus
1872 873 2018 913 nostris

384 925 688 967 admirabimur.

122 985 155 1008 2⁷
177 984 262 1026 Illic
305 984 498 1039 praeclara
542 997 674 1038 opera.
721 990 761 1025 et
801 985 1019 1026 mirabilia:
1119 987 1233 1027 varia
1279 986 1499 1028 bestiarum
1545 1000 1702 1041 genera,
1751 994 1791 1029 et
1837 990 2017 1030 omnium

382 1056 586 1097 pecorum.
619 1050 658 1084 et
689 1048 876 1085 creatura
905 1044 1141 1086 belluarum.

121 1104 157 1127 2⁸
174 1103 346 1156 Propter
376 1102 511 1156 ipsum
544 1102 807 1143 confirmatus
841 1109 901 1144 est
942 1103 1095 1145 itineris
1128 1104 1229 1148 finis.
1317 1110 1358 1145 et
1388 1104 1430 1145 in
1462 1117 1644 1146 sermone
1677 1106 1760 1146 eius
1793 1107 2019 1160 composita

382 1166 478 1202 sunt
509 1161 656 1202 omnia.

122 1269 157 1291 '²⁹
174 1266 306 1308 Multa
330 1267 521 1310 dicemus,
551 1271 591 1306 et
621 1267 852 1308 deficiemus
878 1267 919 1307 in
945 1267 1096 1309 verbis:
1177 1267 1473 1308 consummatio
1501 1273 1637 1308 autem
1664 1281 1906 1313 semionum,
1933 1270 2017 1323 ipse
2035 1271 2205 1330 issffiffigssbi·

383 1330 444 1366 est
472 1325 513 1365 in
544 1326 743 1367 omnibus.
2167 1325 2172 1329 ’

121 1386 157 1409 ³⁰
174 1384 403 1426 Gloriantes
429 1384 482 1424 ad
507 1384 605 1437 quid
630 1383 881 1424 valebimus?
960 1383 1044 1436 ipse
1069 1384 1176 1424 enim
1202 1384 1459 1437 omnipotens
1484 1397 1603 1438 super
1628 1386 1764 1426 omnia
1788 1399 1910 1439 opera
1933 1400 2017 1427 sua.

121 1445 152 1467 ³¹
174 1442 377 1484 Terribilis
407 1442 622 1489 Dominus,
656 1448 697 1482 et
726 1455 899 1495 magnus
931 1442 1204 1487 vehementer.
1290 1449 1331 1483 et
1361 1442 1555 1484 mirabilis
1586 1444 1771 1496 potentia
1801 1444 1937 1498 ipsius.

120 1504 152 1526 ²³2
173 1501 455 1543 Glorificantes
479 1500 705 1542 Dominum
729 1506 1109 1554 quantumcumque
1134 1502 1360 1555 potueritis,
1441 1502 1716 1556 supervalebit
1741 1503 1847 1544 enim
1872 1504 2016 1551 adhuc,

382 1566 423 1600 et
453 1558 701 1600 admimbilis
731 1559 1034 1609 magnificentia
1063 1560 1157 1601 eius.

119 1621 152 1643 ³³
173 1619 466 1660 Benedicentes
499 1618 736 1663 Dominum,
774 1618 953 1659 exaltate
986 1618 1099 1660 illum
1136 1625 1337 1673 quantum
1382 1620 1570 1673 potestis:
1658 1620 1786 1661 maior
1819 1621 1923 1661 enim
1958 1626 2020 1662 est

382 1677 493 1718 omni
521 1677 653 1718 laude.

119 1739 152 1761 ³⁴
173 1736 418 1778 Exaltantes
450 1750 543 1777 eum
576 1736 787 1790 replemini
820 1737 985 1778 virtute.
1073 1750 1122 1778 ne
1154 1737 1365 1778 laboretis:
1400 1751 1481 1778 non
1514 1738 1620 1778 enim
1654 1738 2016 1791 comprehendetis.

119 1798 151 1820 ³⁵
173 1795 292 1845 aQuis
316 1795 474 1836 videbit
497 1808 602 1843 eum,
629 1800 670 1835 et
693 1795 924 1836 enarrabit?
995 1801 1037 1836 et
1060 1796 1149 1850 quis
1172 1796 1453 1850 magnificabit
1475 1809 1567 1836 eum
1591 1796 1696 1837 sicut
1719 1802 1780 1837 est
1803 1797 1853 1837 ab
1877 1797 2017 1838 initio?

119 1856 154 1879 3⁶
171 1854 304 1895 Multa
331 1853 574 1896 abscondita
600 1859 697 1894 sunt
724 1854 880 1895 maiora
906 1855 985 1895 his:
1067 1868 1200 1908 pauca
1226 1855 1333 1895 enim
1362 1855 1537 1896 vidimus
1566 1867 1733 1908 operum
1761 1855 1856 1897 eius.

118 1915 152 1938 ³⁷
171 1913 321 1955 Omnia
347 1918 486 1953 autem
512 1913 713 1954 Dominus
741 1913 848 1959 fecit,
931 1920 971 1954 et
998 1914 1061 1968 pie
1090 1913 1303 1967 agentibus
1332 1914 1444 1955 dedit
1471 1914 1726 1967 sapientiam.

439 2030 510 2080 II.
549 2031 704 2080 Laus
743 2031 850 2081 Dei
890 2032 950 2081 in
988 2031 1251 2090 historia,
1290 2029 1701 2091 44‚1—50,23.

466 2127 506 2166 1.
537 2125 696 2167 Gloria
726 2128 804 2168 Dei
835 2129 879 2167 in
910 2128 1119 2179 patribus
1149 2127 1419 2178 generatim,
1449 2128 1514 2178 44,
1532 2127 1677 2168 1—15.

118 2197 182 2241 44.
238 2200 251 2222 1
281 2197 514 2239 Laudemus
545 2196 652 2239 viros
682 2197 887 2251 gloriosos
972 2202 1013 2238 et
1042 2202 1231 2251 parentes
1261 2203 1420 2239 nostros
1450 2197 1491 2238 in
1520 2197 1778 2251 generatione
1808 2210 1892 2239 sua.
2034 2196 2213 2257 Ιβιοξῗξζξζῗ

139 2258 154 2281 ’²
171 2256 346 2298 Multam
373 2255 543 2310 gloriam
571 2256 669 2297 fecit
696 2256 898 2297 Dominus
978 2256 1282 2309 magnificentia
1309 2269 1382 2297 sua
1411 2270 1433 2296 a
1462 2256 1617 2298 saeculo.
2038 2252 2207 2297 {splendet-

139 2318 155 2341 ³
172 2315 443 2357 Dominantes
470 2315 513 2355 in
541 2316 818 2369 potestatibus
847 2315 940 2362 suis,
1022 2315 1206 2356 homines
1234 2315 1371 2369 magni
1400 2315 1564 2364 virtute,

172 2379 214 2416 et
251 2374 472 2428 prudentia
509 2387 583 2415 sua
610 2374 783 2428 praediti.
860 2374 1102 2415 nunciantes
1133 2374 1173 2414 in
1202 2374 1411 2428 prophetis
1442 2373 1683 2427 dignitatem
1712 2373 2016 2427 prophetarum,

140 2436 154 2457 ⁴
173 2439 214 2474 et
227 2433 476 2487 imperantes
493 2432 534 2473 in
550 2434 739 2487 praesenti
753 2433 917 2487 populo,
966 2438 1008 2474 et
1022 2433 1176 2474 virtute
1191 2433 1419 2487 prudentiae
1437 2432 1596 2486 populis
1611 2432 1865 2473 sanctissima
1881 2432 2017 2473 verba.

140 2494 154 2516 ⁵
174 2491 222 2533 In
246 2492 393 2546 peritia
417 2505 492 2532 sua
513 2492 764 2545 requirentes
789 2493 932 2534 modos
957 2492 1143 2540 musicos,
1208 2496 1250 2533 et
1273 2497 1486 2532 narrantes
1512 2491 1692 2532 carmina
1715 2491 2017 2544 scripturarum.

140 2553 155 2576 ⁶
174 2550 370 2593 Homines
401 2550 548 2592 djvites
579 2551 621 2592 111
650 2551 816 2599 virtute,
904 2551 1216 2605 pulchritudinis
1246 2551 1428 2592 studium
1460 2550 1675 2592 habentes:
1760 2550 2019 2603 pacificantes

381 2610 422 2651 in
452 2610 641 2651 domibus
671 2611 763 2652 suis.

140 2670 154 2692 ⁷
173 2668 323 2710 Omnes
347 2669 415 2710 isti
448 2669 489 2710 in
523 2669 852 2723 generationibus
888 2669 1019 2723 gentis
1054 2682 1136 2710 suae
1168 2668 1337 2723 gloriam
1373 2668 1510 2722 adepti
1544 2672 1651 2712 sunt,
1731 2672 1771 2708 et
1804 2667 1844 2707 in
1878 2667 2019 2708 diebus

381 2728 462 2769 suis
491 2727 697 2769 habentur
724 2728 765 2769 in
794 2728 996 2770 laudibus.

140 2789 155 2811 ⁸
173 2787 251 2836 Qui
280 2787 328 2828 de
356 2786 432 2828 illis
461 2787 550 2828 nati
577 2792 686 2836 sunt,
716 2787 968 2841 reliquerunt
995 2799 1143 2828 nomen
1224 2786 1416 2828 narrandi
1443 2786 1582 2826 laudes
1612 2797 1768 2826 eorum:

140 2848 155 2870 ⁹
172 2850 213 2886 et
239 2850 336 2886 sunt
363 2859 536 2899 quorum
562 2859 644 2888 non
670 2851 731 2887 est
757 2846 970 2888 memoria:
1051 2846 1258 2899 perierunt
1284 2845 1399 2899 quasi
1426 2844 1494 2898 qui
1520 2857 1600 2885 non
1626 2843 1794 2884 fuerint:

172 2909 213 2945 et
240 2904 328 2945 nati
356 2909 463 2953 sunt,
495 2905 611 2958 quasi
637 2918 718 2946 non
746 2905 846 2949 nati,
929 2910 970 2946 et
997 2905 1066 2945 filii
1093 2905 1273 2958 ipsorum
1301 2917 1393 2945 cum
1420 2903 1526 2956 ipsis.

120 2965 155 2988 1⁰
171 2963 251 3004 Sed
278 2962 335 3003 illi
363 2963 439 3004 1111
467 2963 750 3006 misericordiae
779 2969 886 3011 sunt,
972 2976 1146 3018 quorum
1174 2963 1347 3017 pietates
1376 2975 1457 3002 11011
1487 2961 1721 3002 defuerunt:

119 3024 151 3046 11
171 3035 265 3063 011111
292 3022 443 3062 semine
471 3035 610 3063 eorum
637 3028 881 3077 permanent
907 3023 1027 3071 bona,
1110 3024 1141 3046 1²
1167 3022 1369 3063 hereditas
1397 3025 1540 3060 sancta
1566 3024 1734 3073 nepotes
1761 3031 1912 3065 eorum,

171 3086 213 3121 et
239 3080 281 3121 in
308 3081 567 3122 testamentis
596 3082 712 3123 stetit
740 3095 877 3122 semen
905 3095 1062 3123 eorum:
1145 3083 1177 3105 13
1204 3086 1244 3121 et
1272 3079 1341 3120 filii
1370 3091 1508 3120 eorum
1535 3083 1702 3132 propter
1727 3077 1814 3119 illos

171 3152 299 3193 usque
327 3140 369 3180 in
396 3144 593 3181 aeternum
620 3145 807 3182 manent:
842 3154 978 3181 semen
1002 3153 1141 3182 eorum
1207 3145 1248 3180 et
1269 3138 1396 3192 gloria
1418 3150 1556 3178 eorum
1588 3150 1670 3179 non
1703 3136 2015 3189 derelinquetur.

120 3200 151 3222 ¹⁴
170 3198 350 3252 Corpora
370 3198 551 3252 ipsorum
573 3199 616 3240 111
638 3213 738 3253 pace
761 3199 923 3253 sepulta
945 3204 1052 3248 sunt,
1130 3204 1171 3239 et
1194 3210 1341 3239 nomen
1365 3209 1503 3238 eorum
1527 3196 1632 3237 vivit
1653 3196 1695 3236 in
1716 3194 2017 3249 generationem

380 3262 422 3298 et
449 3259 765 3311 generationem.

120 3318 150 3340 ¹⁵
170 3315 424 3370 Sapientiam
453 3315 634 3370 ipsorum
665 3321 833 3358 narrent
863 3316 1013 3370 populi,
1099 3321 1140 3357 et
1169 3315 1332 3356 laudem
1363 3326 1502 3355 eorum
1533 3314 1699 3354 nunciet
1729 3311 1903 3353 ecelesia.

251 3394 380 3454 35ᾎΡε
405 3420 480 3462 105,
505 3422 535 3454 2.
