2356 3760
127 136 158 176 5,
184 136 302 176 40-6,
328 137 348 169 4
897 138 1273 172 MACHABAEORUM
1953 149 2027 191 911

129 228 293 270 obviam
314 228 402 270 illis.
452 231 488 255 4⁰
508 230 564 271 Et
585 230 644 271 ait
664 229 902 270 Timotheus
923 229 1172 283 principibus
1195 231 1394 273 exercitus
1415 232 1494 273 sui:
1518 234 1618 274 Cum
1641 238 2029 292 appropinquaverit

130 286 264 333 Iudas,
286 292 327 328 et
345 287 544 329 exercitus
564 288 647 329 eius
666 288 718 328 ad
736 292 959 328 torrentem
979 301 1112 341 aquae:
1133 289 1165 330 si
1183 291 1390 331 transierit
1408 292 1459 332 ad
1478 304 1550 333 nos
1568 293 1687 345 prior,
1708 308 1788 335 non
1807 298 2028 349 poterimus

129 345 326 386 sustinere
358 360 468 387 eum:
503 346 598 400 quia
628 350 773 399 potens
804 346 956 398 poterit
987 347 1203 388 adversum
1234 362 1319 390 nos.
1379 351 1410 373 ⁴1
1442 350 1474 390 si
1506 363 1600 391 vero
1633 351 1815 394 timuerit
1845 357 2026 401 transire,

128 408 170 444 et
190 404 372 457 posuerit
393 409 527 445 castra
548 409 665 445 extra
685 403 848 452 flumen,
873 404 1182 446 transfretemus
1205 407 1257 447 ad
1279 420 1356 455 eos,
1381 412 1422 448 et
1443 409 1665 461 poterimus
1688 411 1880 452 adversus
1902 413 2026 456 illum.

128 463 160 486 4²
183 462 242 503 Ut
263 468 402 503 autem
425 461 774 516 appropinquavit
798 462 920 503 Iudas
942 463 995 503 ad
1017 467 1239 504 torrentem
1262 478 1389 518 aquae,
1414 467 1563 507 statuit
1584 468 1733 509 scribas
1756 470 1895 523 populi
1917 484 2029 513 secus

129 526 365 569 torrentem,
396 526 437 561 et
465 520 680 561 mandavit
709 519 775 565 eis,
807 520 961 561 dicens:
993 520 1206 562 Neminem
1235 523 1446 564 hominum
1476 525 1733 578 reliqueritis:
1764 529 1833 569 sed
1862 529 2030 570 veniant

129 591 267 621 omnes
291 578 333 619 in
357 578 552 632 praelium.
605 579 638 602 ⁴¹³
662 577 718 618 Et
742 578 1028 620 transfretavit
1053 580 1105 620 ad
1129 580 1216 621 illos
1241 581 1360 634 prior,
1389 587 1430 623 et
1454 583 1583 623 omnis
1608 585 1780 637 populus
1806 592 1899 639 post
1924 600 2028 636 eum,

129 641 170 677 et
192 637 379 678 contritae
402 642 499 678 sunt
521 649 659 678 omnes
681 642 821 689 gentes
845 650 869 678 a
890 638 992 678 facie
1015 651 1165 687 eorum,
1191 644 1232 679 et
1254 639 1509 692 proiecerunt
1531 654 1645 682 arma
1666 656 1749 688 sua,
1776 649 1816 685 et
1837 644 2030 698 fugerunt

128 695 180 736 ad
197 695 351 745 fanum,
372 696 481 749 quod
499 699 586 735 erat
601 694 642 735 in
660 694 861 737 Carnaim.
907 698 939 720 4⁴
956 696 1012 737 Et
1028 697 1246 750 occupavit
1262 697 1391 750 ipsam
1410 698 1633 746 civitatem,
1653 706 1693 741 et
1709 701 1850 742 fanum
1867 716 2029 744 31100011-

128 753 189 794 (111
216 753 298 807 igni
325 767 417 795 cum
445 753 644 800 omnibus,
675 753 744 806 qui
772 759 887 795 erant
914 754 954 795 in
981 755 1086 808 ipso:
1116 760 1157 796 et
1184 768 1376 809 oppressa
1403 762 1463 797 est
1490 758 1689 805 Carnaim,
1719 764 1759 800 et
1786 773 1866 801 non
1893 762 2030 814 potuit

127 812 326 853 sustinere
355 816 498 853 contra
526 811 670 852 10010111
703 812 825 854 111(10.
883 814 915 837 ‘¹5
944 812 1000 854 Et
1029 814 1291 867 congregavit
1322 814 1445 855 Iudas
1475 816 1682 858 universos
1714 817 1928 867 Israelitas,
1962 820 2029 872 qui

128 875 245 911 erant
273 870 314 911 in
343 869 613 918 Galaaditide,
645 883 669 910 a
697 870 865 912 minimo
895 884 1023 924 usque
1052 873 1104 913 ad
1132 872 1370 919 maximum.
1403 878 1444 914 et
1472 887 1616 915 uxores
1646 888 1796 924 eorum,
1828 882 1869 917 et
1897 882 2027 922 natos,

128 934 169 970 et
197 929 420 969 exercitum
447 940 642 982 magnum
670 928 789 969 valde
818 935 864 970 ut
892 930 1077 971 venirent
1104 930 1144 971 in
1173 936 1323 972 terram
1353 931 1466 972 Iuda.

232 989 268 1012 ‘¹⁶
286 987 343 1028 Et
363 991 564 1027 venerunt
583 1000 711 1040 usque
731 987 918 1041 Ephron:
941 994 982 1029 et
1002 989 1086 1029 1100
1107 989 1250 1030 civitas
1271 1003 1420 1044 magna
1439 991 1480 1031 in
1500 991 1679 1044 ingressu
1700 992 1844 1045 posita,
1867 994 2028 1034 munita

128 1045 259 1094 valde,
288 1050 328 1086 et
352 1058 434 1086 non
460 1050 548 1085 erat
573 1045 772 1087 declinare
798 1047 850 1087 ab
876 1059 923 1088 ea
948 1048 1117 1088 dextera
1142 1047 1206 1088 vel
1231 1048 1404 1094 sinistra,
1433 1050 1502 1089 sed
1527 1062 1598 1103 per
1622 1050 1797 1091 mediam
1824 1051 1901 1092 iter
1925 1057 2023 1093 erat.

127 1106 162 1128 ‘²⁷
194 1104 250 1145 Et
280 1103 531 1144 incluserunt
562 1117 603 1145 se
635 1105 704 1157 qui
735 1109 852 1146 erant
881 1105 923 1146 111
955 1106 1134 1154 civitate,
1169 1111 1209 1147 et
1241 1107 1533 1148 obstruxerunt
1564 1114 1703 1161 portas
1734 1108 1955 1162 lapidibus:
1989 1115 2031 1151 et

127 1162 239 1204 misit
262 1163 314 1203 ad
337 1175 403 1203 eos
429 1162 552 1203 Iudas
575 1163 709 1203 verbis
731 1164 920 1216 pacificis,
972 1166 1007 1188 16
1031 1164 1184 1205 dicens:
1210 1165 1478 1206 Transeamus
1502 1179 1572 1219 per
1595 1171 1744 1207 terram
1768 1172 1958 1215 vestram,
1984 1174 2031 1209 ut

128 1233 267 1261 eamus
296 1220 337 1260 in
368 1226 518 1261 terram
549 1226 750 1263 nostram:
782 1227 823 1262 et
852 1235 970 1264 nemo
1001 1223 1116 1264 vobis
1146 1224 1326 1264 nocebit:
1358 1228 1523 1264 tantum
1552 1224 1722 1278 pedibus
1752 1226 2027 1267 transibimus.

127 1279 183 1320 Et
206 1279 403 1320 nolebant
426 1279 481 1320 eis
505 1280 670 1333 aperire.
722 1282 758 1304 4⁹
781 1280 837 1321 Et
859 1281 1052 1334 praecepit
1077 1281 1199 1322 Iudas
1222 1282 1440 1335 praedicare
1464 1282 1504 1322 in
1529 1282 1681 1328 castris,
1708 1288 1754 1324 ut
1778 1283 2031 1337 applicarent

128 1337 407 1391 unusquisque
434 1338 476 1378 in
505 1352 584 1391 quo
613 1343 699 1379 erat
726 1339 826 1380 loco.
882 1341 918 1363 5⁰
945 1344 986 1380 et
1013 1339 1298 1392 applicuerunt
1325 1352 1366 1380 se
1394 1340 1469 1380 Viri
1496 1340 1679 1381 virtutis:
1709 1346 1750 1381 et
1778 1343 2033 1395 oppugnavit

128 1396 340 1437 civitatem
366 1396 477 1437 illam
503 1402 594 1438 tota
619 1397 693 1443 (110,
722 1402 763 1437 01
787 1402 879 1438 1010
903 1402 1034 1445 110010,
1063 1402 1104 1438 01
1129 1398 1283 1438 tradita
1308 1403 1369 1438 est
1394 1397 1537 1439 civitas
1563 1398 1603 1439 in
1629 1412 1753 1440 manu
1779 1400 1880 1440 eius:
1933 1402 1965 1424 61
1992 1405 2033 1441 01

128 1459 388 1508 peremerunt
417 1468 578 1496 omnem
607 1454 833 1495 masculum
863 1455 903 1495 111
934 1468 1000 1496 ore
1028 1455 1162 1509 gladii,
1195 1461 1235 1496 et
1264 1456 1488 1496 eradicavit
1517 1469 1618 1505 eam,
1650 1462 1691 1497 et
1719 1458 1875 1511 accepit
1903 1458 2032 1511 spolia

129 1514 224 1561 eius,
254 1518 296 1554 et
322 1512 514 1554 transivit
540 1526 612 1566 per
639 1518 771 1554 totam
800 1513 1011 1554 civitatem
1039 1527 1159 1567 super
1184 1514 1432 1556 interfectos.

232 1574 264 1596 ⁵2
296 1571 353 1612 Et
386 1571 623 1625 transgressi
656 1576 750 1612 sunt
786 1571 1001 1613 Iordanem
1034 1572 1075 1612 in
1109 1585 1252 1626 campo
1285 1585 1445 1626 magno,
1481 1578 1624 1614 contra
1654 1573 1799 1615 faciem
1834 1574 2026 1615 Bethsan.

127 1632 160 1655 ⁵³
185 1631 241 1671 Et
266 1634 354 1671 erat
380 1630 502 1671 Iudas
529 1643 775 1683 congregans
802 1636 1015 1675 extremos,
1044 1635 1085 1671 et
1110 1631 1407 1672 exhortabatur
1430 1631 1626 1685 populum
1652 1645 1723 1685 per
1747 1637 1879 1673 totam
1906 1633 2026 1681 viam,

128 1689 256 1730 donec
284 1688 471 1729 venirent
498 1688 539 1729 in
568 1694 719 1729 terram
751 1689 870 1729 Iuda:
926 1691 959 1713 ⁵⁴
987 1695 1026 1730 et
1056 1690 1326 1730 ascenderunt
1353 1689 1393 1730 in
1422 1694 1604 1731 montem
1632 1690 1727 1731 Sion
1756 1704 1847 1732 011111
1875 1690 2029 1739 1011110,

129 1752 170 1788 01
187 1747 348 1801 gaudio,
369 1751 410 1788 et
428 1746 667 1788 obtulerunt
685 1747 934 1793 holocausta.
957 1748 1065 1801 quod
1084 1761 1202 1789 nemo
1222 1761 1270 1789 ex
1289 1748 1343 1789 eis
1362 1748 1571 1790 cecidisset
1589 1749 1716 1790 donec
1733 1754 2033 1790 reverterentur

128 1807 169 1847 in
198 1819 309 1859 pace.

232 1867 264 1889 5⁵
284 1864 340 1905 Et
359 1864 399 1905 in
420 1864 574 1911 diebus,
598 1864 744 1918 quibus
765 1869 852 1905 erat
874 1865 1007 1910 Iudas,
1031 1870 1072 1906 et
1093 1865 1287 1906 Ionathas
1308 1865 1348 1906 in
1368 1870 1477 1907 terra
1496 1865 1664 1913 Galaad,
1687 1871 1728 1907 et
1746 1866 1885 1907 Simon
1905 1866 2030 1907 frater

129 1923 212 1964 eius
243 1923 284 1964 in
315 1922 482 1964 Galilaea
512 1927 655 1964 contra
684 1923 829 1964 faciem
861 1924 1136 1969 Ptolemaidis.
1196 1926 1231 1948 5⁶
1262 1924 1422 1965 audivit
1454 1924 1648 1977 Iosephus
1680 1924 1882 1966 Zachariae
1912 1924 2027 1971 filius,

129 1986 170 2022 et
191 1981 356 2022 Azarias
378 1982 564 2035 princeps
588 1981 764 2030 virtutis,
788 1995 849 2022 res
874 1982 973 2023 bene
994 1988 1140 2036 gestas,
1166 1988 1207 2023 et
1228 1982 1365 2036 praelia
1388 1996 1476 2036 quae
1498 1983 1608 2024 10010
1630 1989 1736 2031 311111,
1787 1985 1820 2007 5⁷
1844 1988 1884 2024 et
1906 1983 2028 2024 dixit:

128 2040 343 2081 Faciamus
368 2045 409 2081 et
432 2040 507 2093 ipsi
532 2040 647 2081 nobis
672 2054 831 2086 nomen.
858 2046 899 2082 et
922 2054 1061 2082 eamus
1084 2054 1264 2095 pugnare
1289 2042 1482 2082 adversus
1506 2046 1657 2095 gentes,
1685 2054 1774 2094 quae
1796 2041 1837 2082 in
1861 2041 2031 2081 circuitu

128 2104 268 2140 nostro
294 2104 401 2140 sunt.
456 2100 491 2123 ⁵8
517 2099 572 2139 Et
596 2100 789 2153 praecepit
814 2099 887 2146 his,
917 2100 985 2153 qui
1011 2105 1127 2140 erant
1152 2099 1192 2140 in
1219 2099 1398 2140 exercitu
1424 2113 1508 2147 suo,
1537 2105 1577 2140 et
1603 2099 1792 2140 abierunt
1819 2099 2031 2140 Iamniam.

128 2159 164 2182 5⁹
187 2157 244 2198 Et
268 2157 396 2198 exivit
419 2157 587 2211 Gorgias
613 2158 662 2198 de
686 2158 866 2203 civitate.
894 2163 934 2199 et
959 2158 1033 2198 viri
1058 2158 1141 2199 01113
1167 2158 1331 2199 obviam
1356 2157 1431 2198 illis
1456 2158 1496 2198 in
1520 2171 1712 2211 pugnam.
1768 2159 1803 2182 66
1826 2158 1882 2198 Ε1
1904 2157 2035 2211 fugati

129 2221 226 2257 sunt
254 2215 462 2269 Iosephus,
493 2222 533 2256 01
559 2216 724 2257 Azarias
753 2229 880 2269 usque
908 2217 948 2257 in
976 2217 1073 2257 fines
1104 2217 1268 2257 Iudaeae:
1298 2221 1339 2257 et
1366 2216 1597 2257 ceciderunt
1624 2216 1690 2257 illo
1719 2216 1781 2257 die
1809 2217 1858 2257 de
1884 2215 2035 2269 populo

131 2274 256 2315 Israel
275 2275 328 2316 ad
349 2275 429 2316 duo
450 2274 577 2315 11111110
598 2275 683 2323 viri,
707 2280 748 2315 et
767 2274 879 2315 facta
900 2280 961 2315 est
981 2275 1078 2328 fuga
1097 2288 1247 2328 magna
1266 2275 1306 2314 in
1328 2274 1497 2327 populo:
1549 2277 1579 2298 61
1603 2275 1697 2327 quia
1717 2288 1797 2316 non
1819 2275 2037 2315 audierunt

132 2333 290 2381 Iudam,
319 2338 359 2374 et
383 2333 528 2374 fratres
555 2333 650 2381 eius,
678 2333 959 2374 existimantes
984 2333 1146 2374 fortiter
1170 2346 1210 2373 se
1235 2333 1426 2373 facturos.
1484 2334 1516 2357 ⁶2
1543 2333 1625 2386 Ipsi
1650 2338 1788 2373 autem
1813 2346 1893 2373 non
1920 2337 2037 2373 erant

130 2392 179 2433 de
208 2391 360 2432 semine
389 2391 567 2433 virorum
599 2391 770 2439 illorum,
802 2404 873 2444 per
903 2404 1003 2445 quos
1033 2391 1139 2432 salus
1169 2391 1281 2432 facta
1309 2396 1370 2432 est
1398 2391 1439 2431 in
1470 2390 1604 2431 Israel.
1665 2392 1698 2415 63
1741 2391 1796 2431 Ε1
1826 2390 1900 2431 viri
1932 2390 2035 2431 Iuda

129 2449 380 2504 magnificati
397 2455 494 2490 sunt
511 2449 630 2491 valde
646 2449 687 2490 in
706 2454 926 2503 conspectu
944 2450 1073 2491 omnis
1093 2449 1227 2497 Israel,
1248 2454 1289 2490 et
1305 2449 1486 2503 gentium
1506 2449 1686 2490 omnium
1704 2449 1774 2489 ubi
1791 2448 2035 2489 audiebatur

130 2522 278 2550 nomen
307 2521 458 2549 eorum.
518 2510 550 2532 ‘⁵4
577 2508 633 2549 Et
661 2514 940 2550 convenerunt
967 2509 1019 2549 ad
1048 2522 1113 2550 eos
1141 2508 1279 2549 fausta
1306 2508 1589 2548 acclamantes.

237 2569 269 2592 66
297 2567 353 2608 Et
381 2566 509 2608 exivit
538 2566 672 2613 Iudas,
704 2572 744 2608 et
771 2567 916 2608 fratres
945 2567 1040 2612 eius.
1071 2572 1112 2608 et
1139 2567 1433 2620 expugnabant
1459 2566 1560 2608 filios
1588 2566 1698 2607 Esau
1726 2566 1766 2606 in
1795 2570 1913 2614 terra,
1945 2578 2034 2618 quae

131 2626 183 2666 ad
200 2626 398 2667 Austrum
417 2630 490 2672 est,
511 2630 552 2666 et
569 2626 768 2678 percussit
786 2626 971 2667 Chebron
990 2631 1030 2666 et
1048 2625 1148 2667 filias
1168 2625 1269 2666 eius:
1290 2630 1331 2666 et
1348 2637 1483 2666 muros
1504 2625 1598 2672 01113,
1619 2629 1660 2665 01
1677 2629 1806 2665 1111103
1825 2623 2033 2665 succendit

129 2684 212 2738 igni
240 2684 280 2725 in
310 2684 492 2725 circuitu.
553 2686 588 2708 66
618 2684 673 2725 Ε1
700 2684 833 2726 movit
861 2690 995 2725 castra
1023 2690 1070 2725 ut
1098 2685 1174 2725 iret
1201 2684 1241 2724 in
1271 2689 1421 2724 terram
1451 2683 1778 2736 alienigenarum,
1809 2687 1849 2722 et
1877 2695 2033 2735 peram-

130 2742 303 2784 bulabat
320 2743 559 2784 Samariam.
610 2745 643 2767 67
666 2743 712 2783 111
732 2743 795 2784 (110
813 2742 882 2784 illa
901 2744 1133 2784 ceciderunt
1151 2743 1380 2784 sacerdotes
1398 2741 1439 2782 in
1459 2741 1573 2787 bello,
1595 2742 1692 2782 dum
1712 2740 1857 2782 volunt
1874 2740 2035 2781 fortiter

130 2802 274 2849 facere,
305 2802 404 2842 dum
432 2801 517 2842 sine
545 2801 710 2843 consilio
740 2806 892 2842 exeunt
919 2802 959 2843 in
988 2801 1182 2855 praelium.
1243 2803 1278 2825 66
1306 2801 1361 2841 Et
1390 2799 1610 2841 declinavit
1639 2799 1761 2840 Iudas
1790 2799 1831 2839 in
1858 2799 2036 2839 Azotum

130 2859 173 2900 in
189 2864 340 2900 terram
357 2859 686 2913 alienigenarum,
705 2865 746 2901 et
761 2860 887 2901 diruit
902 2873 990 2901 aras
1007 2873 1157 2905 eorum,
1176 2864 1217 2901 et
1232 2858 1436 2912 sculptilia
1451 2859 1617 2899 deorum
1633 2858 1813 2911 ipsorum
1828 2857 2038 2899 succendit

131 2918 231 2972 igni:
261 2922 303 2959 et
331 2918 440 2972 cepit
468 2918 597 2972 spolia
625 2919 854 2966 civitatum,
886 2924 927 2960 et
954 2931 1137 2960 reversus
1166 2923 1228 2960 est
1255 2918 1296 2959 in
1324 2923 1474 2958 terram
1505 2916 1618 2957 Iuda.

522 3034 560 3073 7.
591 3033 850 3084 Eplphanes
879 3043 975 3085 prae
1005 3032 1189 3074 tristitia
1219 3031 1426 3082 moritur,
1454 3031 1493 3081 6,
1512 3031 1657 3071 1—16.

236 3102 274 3145 6.
330 3103 344 3126 1
380 3101 437 3142 Ε1
472 3114 543 3143 rex
578 3103 805 3144 Antiochus
841 3103 1157 3157 perambulabat
1192 3102 1414 3156 superiores
1451 3101 1642 3154 regiones,
1682 3105 1722 3141 et
1758 3100 1918 3141 audivit
1953 3111 2037 3140 0330

132 3159 344 3201 civitatem
375 3159 634 3213 Elymaidem
663 3162 705 3202 in
734 3162 898 3203 Perside
928 3162 1233 3209 nobilissimam,
1267 3165 1307 3201 et
1337 3160 1541 3213 copiosam
1571 3159 1611 3200 in
1642 3164 1821 3212 argento.
1855 3163 1895 3199 et
1925 3170 2033 3205 auro,

131 3220 146 3242 2
177 3218 459 3272 templumque
489 3219 530 3259 in
561 3232 608 3260 ea
636 3219 814 3273 locuples
845 3220 982 3261 valde:
1015 3226 1056 3261 et
1085 3220 1164 3260 illic
1195 3219 1398 3259 velamina
1428 3231 1561 3263 aurea,
1594 3222 1635 3258 et
1663 3216 1807 3260 101100,
1840 3221 1881 3257 01
1910 3220 2036 3261 scuta,

134 3289 223 3330 quae
246 3276 410 3330 reliquit
432 3276 664 3318 Alexander
686 3278 865 3331 Philippi
888 3292 958 3319 rex
980 3279 1160 3327 Macedo,
1188 3278 1257 3331 qui
1279 3276 1466 3330 regnavit
1488 3276 1642 3329 primus
1665 3276 1707 3316 in
1730 3275 1894 3316 Graecia.
1946 3276 1961 3298 3
1986 3273 2041 3312 Et

133 3335 258 3383 venit,
291 3341 332 3376 et
361 3336 571 3389 quaerebat
600 3349 742 3389 capere
771 3337 995 3385 civitatem,
1027 3342 1068 3378 et
1097 3335 1319 3389 depraedari
1349 3348 1456 3375 eam:
1488 3339 1529 3375 01
1557 3348 1639 3375 11011
1667 3333 1815 3387 potuit,
1848 3331 2038 3392 quoniam

132 3393 317 3434 innotuit
342 3407 473 3435 sermo
499 3394 573 3442 his,
603 3394 672 3448 qui
698 3400 814 3435 erant
840 3395 881 3435 in
907 3395 1094 3436 civitate:
1148 3397 1163 3419 ⁴
1188 3399 1229 3434 et
1254 3394 1560 3434 insurrexerunt
1585 3393 1626 3433 in
1651 3391 1845 3445 praelium,
1873 3394 1913 3429 et
1938 3389 2041 3440 fugit

133 3451 240 3500 inde,
275 3456 316 3492 et
347 3452 450 3493 abiit
480 3466 572 3493 cum
604 3452 774 3494 tristitia
804 3466 965 3507 magna,
999 3458 1040 3495 et
1069 3465 1252 3494 reversus
1284 3456 1344 3492 031
1374 3452 1415 3492 111
1447 3450 1728 3505 Babyloniam.

2073 1000 2190 1030 puniens

2082 1036 2180 1060 urbem

2073 1070 2189 1100 Ephron

2049 1579 2076 1604 in
2092 1578 2218 1604 Iudaeam

2052 1614 2214 1644 revertitur,

2081 1868 2109 1892 in
2131 1875 2187 1898 qua

2066 1903 2204 1932 Iosephus

2055 1940 2084 1963 et
2099 1938 2214 1962 Azarias

2089 1973 2180 2004 fugati

2071 2009 2197 2037 fueraut;

2075 2565 2200 2596 percutit

2103 2600 2172 2625 filios

2100 2635 2175 2660 Esau

2073 2677 2105 2694 ac
2119 2670 2202 2694 Phili-

2083 2705 2190 2730 sthiim.

2075 3096 2173 3122 Tristis
2193 3102 2207 3120 e

2084 3131 2196 3156 Perside

2100 3166 2180 3197 fugit,
