2356 3760
90 157 122 198 2,
148 157 265 197 10—4,
291 158 310 190 2
444 159 671 195 EPISTOLA
696 160 836 195 ΒΕΑΤΙ
863 161 1001 195 PAULI
1026 162 1089 196 AD
1116 162 1397 198 TIMOTHEUM
1422 164 1635 200 SECUNDA
1879 170 1980 213 1159

89 262 277 302 operans:
298 251 367 291 sed
386 252 555 293 verbum
573 252 649 294 Dei
667 266 748 294 non
768 258 829 294 est
847 253 1069 308 alligatum.
1118 257 1152 280 ¹⁰
1172 255 1267 297 Ideo
1287 256 1423 298 omnia
1440 258 1619 300 sustineo
1636 265 1802 313 propter
1819 262 1978 313 electos,

90 313 136 348 ut
156 312 197 348 et
217 308 292 362 ipsi
314 310 486 352 salutern
509 316 821 366 consequantur,
846 325 935 365 quae
956 319 1017 354 est
1036 314 1077 354 in
1099 314 1258 356 Christo
1281 315 1382 365 Iesu,
1407 329 1497 358 cum
1518 317 1646 371 gloria
1666 318 1822 361 caelesti.
1866 323 1895 345 ¹¹
1916 322 1980 363 Fi—

88 365 187 406 delis
220 380 367 410 sermo:
404 369 509 410 Nam
541 370 573 410 si
606 370 848 412 commortui
881 384 1030 420 sumus,
1065 377 1107 413 et
1138 373 1419 416 convivemus:
1480 377 1511 400 ¹2
1543 375 1575 417 si
1607 376 1906 428 sustinebimus,
1941 386 1982 421 et

87 426 441 479 conregnabimus:
482 428 532 468 asi
563 428 855 481 negaverimus,
891 434 932 470 et
963 430 1028 470 ille
1061 431 1226 485 negabit
1258 445 1347 474 nos:
1409 435 1440 458 ¹3
1478 433 1527 475 bsi
1560 448 1641 477 non
1674 436 1883 487 credimus,
1918 438 1983 479 ille

86 482 214 525 fidelis
241 490 465 538 permanet,
495 499 640 540 negare
667 486 843 540 seipsum
872 501 952 530 non
981 494 1129 541 potest.

224 600 295 651 ΙΙ.
333 602 416 652 De
455 603 894 654 conversatione
934 604 1088 655 inter·
1126 606 1443 669 haereticoS,
1481 609 1849 672 2,14—4,8a.

533 692 572 732 1.
601 691 718 732 Inter
747 692 989 735 haereticos
1018 696 1287 747 praesentes,
1315 699 1354 748 2,
1373 698 1545 739 14—26.

190 763 221 786 14
246 761 344 803 Haec
369 774 597 802 commone:
625 763 846 805 testificans
871 778 1006 806 coram
1030 766 1219 808 Domino.
1248 767 1339 808 Noli
1364 769 1606 809 contendere
1631 769 1780 811 verbis:
1808 771 1859 811 ad
1883 771 1981 813 nihil
2023 776 2149 816 Verbum

85 819 191 861 enim
208 820 306 861 utile
323 826 394 869 est,
412 820 489 861 nisi
504 820 555 860 ad
571 821 874 863 subversionem
891 824 1156 866 audientium.
1202 828 1232 850 ¹⁵
1247 825 1411 867 Solicite
1427 840 1522 867 cura
1538 827 1711 880 teipsum
1728 829 1977 881 probabilem
1991 813 2176 877 ῑῑενέζᾎίξὲἷῖἕπ,

85 878 273 920 exhibere
314 879 413 928 Deo,
459 879 686 932 operarium
729 880 1065 932 inconfusibilem,
1109 889 1216 925 recte
1260 890 1507 926 tractantem
1550 886 1719 926 verbum
1762 886 1965 929 veritatis:

85 938 120 961 16
145 937 325 979 Profana
351 942 501 986 autem,
532 943 573 979 et
599 938 835 993 vaniloquia
861 940 1018 982 devita:
1047 942 1223 983 multum
1251 943 1358 984 enim
1385 943 1603 997 proficiunt
1629 945 1681 985 ad
1708 944 1979 999 impietatem:

84 997 118 1020 ¹⁷
143 1001 184 1037 et
208 1009 338 1037 sermo
361 1009 500 1037 eorum
525 1002 572 1038 ut
595 1011 738 1038 cancer
761 998 902 1052 serpit:
929 1013 977 1040 ex
1003 999 1149 1054 quibus
1173 1006 1234 1042 est
1259 1001 1516 1055 Hymenaeus,
1544 1008 1585 1044 et
1607 1002 1800 1053 Philetus,
1854 1006 1888 1028 ¹8
1913 1004 1981 1058 qui

83 1067 108 1094 a
138 1054 311 1096 veritate
343 1054 592 1104 exciderunt,
625 1056 804 1098 dicentes
834 1058 1167 1100 resurrectionem
1198 1073 1282 1101 esse
1312 1060 1392 1101 iam
1423 1061 1588 1110 factam,
1622 1066 1663 1102 et
1692 1062 1982 1103 subverterunt

83 1114 341 1166 quorundam
370 1113 503 1155 fidem.

188 1174 222 1196 ¹⁹
257 1172 338 1213 Sed
373 1171 534 1212 firmum
571 1173 886 1215 fundamentum
922 1175 998 1216 Dei
1035 1181 1130 1226 stat,
1170 1177 1322 1218 habens
1360 1177 1610 1231 signaculum
1647 1178 1740 1220 hoc:
1779 1179 1979 1232 Cognovit
2003 1186 2052 1217 qui
2077 1186 2162 1211 fidem

80 1229 282 1272 Dominus
302 1229 370 1284 qui
389 1236 485 1272 sunt
502 1230 598 1281 eius,
619 1237 660 1273 et
677 1232 860 1274 discedat
878 1234 928 1274 ab
947 1233 1164 1288 iniquitate
1183 1235 1324 1285 omnis,
1346 1235 1413 1289 qui
1431 1236 1617 1277 nominat
1634 1249 1781 1278 nornen
1798 1237 1975 1279 Domini.
2013 1228 2152 1281 ((1ξὲἰῖᾛὰ

81 1290 117 1314 ²⁰
145 1289 191 1329 ln
217 1302 368 1342 magna
393 1294 530 1330 autern
557 1290 679 1332 domo
704 1304 786 1332 non
812 1291 942 1333 solum
969 1299 1065 1334 sunt
1094 1307 1189 1335 vasa
1215 1307 1347 1343 aurea,
1376 1299 1417 1335 et
1443 1300 1644 1348 argentea,
1673 1295 1743 1336 sed
1768 1300 1809 1336 et
1832 1295 1976 1349 lignea,
2018 1299 2148 1351 Unfl‘ssi'ssuu

81 1353 122 1388 et
145 1347 304 1388 fictilia:
331 1352 372 1388 et
397 1348 583 1401 quaedam
608 1349 772 1402 quidem
796 1350 836 1390 in
862 1351 1068 1401 honorem,
1096 1353 1282 1405 quaedam
1308 1357 1445 1393 autem
1469 1353 1510 1393 in
1535 1353 1835 1395 contumeliam.
1883 1356 1914 1378 ²¹
1938 1353 1979 1395 Si
1999 1362 2167 1409 subvertere

81 1404 171 1459 quis
189 1419 282 1460 ergo
299 1406 585 1447 emundaverit
601 1420 641 1447 se
659 1408 709 1448 ab
727 1407 826 1458 istis,
847 1408 923 1449 erit
940 1422 1010 1450 vas
1027 1409 1068 1449 in
1086 1410 1279 1450 honorem
1298 1410 1609 1461 sanctificatum,
1629 1417 1670 1452 et
1686 1411 1785 1453 utile
1802 1412 1979 1453 Domino
2018 1398 2148 1427 ⁹⁰⁵³¹¹m⁵

80 1464 132 1504 ad
161 1477 278 1505 omne
306 1477 407 1518 opus
434 1465 587 1506 bonum
614 1470 818 1517 paratum.

185 1525 217 1547 ²2
246 1522 445 1563 Iuvenilia
470 1527 608 1563 autem
636 1523 835 1565 desideria
860 1525 964 1578 fuge,
994 1530 1147 1567 sectare
1175 1540 1269 1568 vero
1296 1526 1508 1577 iustitiam,
1537 1528 1670 1577 fidem,
1700 1541 1823 1581 spem,
1853 1528 1980 1569 chari·
1997 1534 2061 1558 lites
2079 1534 2172 1581 {efflat

80 1584 222 1631 tatem,
245 1586 286 1622 et
305 1594 446 1635 pacem
468 1594 559 1622 cum
579 1580 637 1631 iis,
661 1582 730 1636 qui
750 1582 945 1625 invocant
964 1584 1185 1626 Dominum
1207 1585 1256 1625 de
1277 1586 1395 1627 corde
1414 1599 1527 1639 puro.
1576 1588 1607 1611 2³
1635 1586 1807 1628 cStultas
1827 1592 1977 1636 autern,
1995 1571 2173 1630 ἶὲξῖἷῗῖιᾟῖ

79 1645 121 1680 et
145 1639 229 1680 sine
254 1639 467 1693 disciplina
492 1640 734 1693 quaestiones
760 1641 917 1683 devita:
944 1642 1071 1684 sciens
1097 1643 1192 1697 quia
1216 1649 1411 1697 generant
1433 1643 1535 1686 lites.
1589 1647 1620 1669 2⁴
1645 1645 1815 1686 Servum
1841 1651 1978 1687 autem
2009 1642 2159 1705 'cffiffffigtff

78 1697 245 1740 Domini
266 1711 348 1740 non
373 1703 536 1752 oportet
555 1698 731 1753 litigare:
757 1700 826 1741 sed
849 1706 1109 1742 mansuetum
1132 1716 1216 1743 esse
1239 1702 1290 1743 ad
1314 1715 1463 1752 omnes,
1489 1702 1714 1753 docibilem,
1740 1703 1977 1757 patientem,

79 1758 111 1781 2⁵
138 1770 230 1797 cum
256 1757 458 1798 modestia
484 1757 767 1811 corripientem
795 1772 873 1807 eos
904 1759 972 1813 qui
998 1760 1192 1802 resistunt
1219 1760 1402 1802 veritati:
1430 1762 1647 1815 nequando
1673 1762 1783 1803 Deus
1810 1762 1879 1803 det
1904 1762 1982 1804 illis

78 1814 366 1869 poenitcntiam
388 1815 440 1856 ad
461 1817 782 1869 cognoscendam
804 1817 1032 1868 veritatem,
1081 1821 1117 1843 2⁶
1136 1824 1177 1861 et
1196 1819 1435 1874 resipiscant
1455 1833 1479 1861 a
1498 1820 1649 1862 diaboli
1668 1820 1835 1875 laqueis,
1858 1834 1882 1861 a
1902 1833 1981 1875 quo

79 1873 234 1927 captivi
263 1878 457 1915 tenentur
484 1874 536 1916 ad
564 1874 689 1928 ipsius
719 1876 989 1919 voluntatem.

547 1979 586 2019 2.
616 1978 734 2020 inter
763 1979 1005 2021 haereticos
1035 1981 1232 2034 futuros,
1261 1983 1300 2034 3,
1320 1984 1439 2033 1—4,
1458 1983 1520 2024 8².

182 2045 220 2090 3.
275 2049 287 2071 ¹
319 2046 408 2088 Hoc
423 2053 561 2089 autem
576 2047 688 2097 scito,
707 2049 815 2102 quod
830 2049 871 2090 in
888 2050 1138 2092 dnovissimis
1153 2051 1293 2092 diebus
1308 2051 1524 2093 instabunt
1538 2056 1724 2106 tempora
1736 2052 1977 2106 periculosa:
2015 2058 2154 2084 H0mi¹1es

77 2107 92 2130 2
128 2110 248 2146 erunt
282 2106 465 2147 homines
502 2107 652 2161 seipsos
688 2113 885 2158 amantes,
924 2109 1071 2162 cupidi,
1110 2109 1217 2159 elati,
1255 2109 1429 2163 superbi,
1468 2110 1704 2164 blasphemi,
1742 2111 1978 2164 parentibus
2021 2100 2145 2158 {¹335ssssss

76 2177 158 2205 non
186 2163 430 2214 obedientes,
459 2164 619 2219 ingrati,
648 2165 816 2216 scelesti,
870 2169 886 2191 ³
911 2167 995 2208 sine
1021 2168 1248 2217 affectione,
1276 2168 1361 2209 sine
1386 2182 1496 2222 pace,
1526 2168 1814 2219 criminatores,
1843 2169 1979 2211 incon·
2013 2164 2154 2225 hasssssstffl

77 2222 266 2273 tinentes,
294 2223 482 2273 immites,
511 2223 595 2265 sine
620 2224 884 2278 benignitate,
938 2228 952 2250 4
977 2226 1216 2279 proditores,
1244 2227 1435 2280 protervi,
1464 2227 1621 2276 tumidi,
1650 2233 1691 2268 et
1715 2228 1978 2281 voluptatum
2014 2234 2153 2274 virtutem

77 2286 280 2323 amatores
306 2281 435 2335 magis
461 2296 584 2336 quam
610 2282 704 2323 Dei:
757 2285 773 2308 ⁵
798 2284 996 2325 habentes
1022 2284 1195 2338 speciem
1222 2285 1385 2338 quidem
1411 2285 1588 2338 pictatis,
1617 2285 1813 2327 virtutem
1840 2292 1977 2327 autem
2013 2276 2151 2344 negssstes

77 2340 162 2381 eius
178 2341 439 2395 abnegantes.
458 2341 514 2382 Et
529 2342 603 2383 hos
619 2341 776 2383 devita:
824 2344 838 2366 θ
854 2356 903 2383 ex
919 2342 979 2384 his
996 2343 1103 2383 enim
1120 2348 1226 2392 sunt,
1246 2343 1315 2397 qui
1330 2349 1548 2397 penetrant
1563 2344 1716 2393 domos,
1736 2349 1777 2385 et
1793 2344 1976 2397 captivas
2021 2340 2141 2369 ‘mmet’

77 2399 235 2440 ducunt
263 2399 519 2441 mulierculas
551 2405 738 2441 oneratas
768 2401 956 2455 peccatis,
991 2415 1080 2455 quae
1109 2402 1315 2443 ducuntur
1344 2401 1465 2443 variis
1495 2402 1718 2443 desideriis:
1779 2405 1792 2426 ⁷
1823 2416 1980 2456 semper

76 2456 289 2507 discentes,
326 2462 368 2498 et
401 2471 627 2512 numquam
662 2459 714 2500 ad
749 2459 960 2501 scientiam
996 2460 1181 2501 veritatis
1215 2460 1507 2514 pervenientes.
1573 2462 1588 2484 s
1623 2461 1977 2509 Quemadmodum

76 2521 215 2557 autem
245 2516 420 2566 eIannes,
447 2522 488 2558 et
509 2517 712 2559 Mambres
735 2518 974 2560 restiterunt
995 2519 1145 2572 Moysi:
1170 2518 1229 2560 ita
1250 2524 1292 2560 et
1313 2518 1353 2560 hi
1376 2518 1570 2560 resistunt
1592 2518 1769 2568 veritati,
1794 2519 1978 2560 homines

75 2574 256 2628 corrupti
282 2580 430 2625 mente,
460 2575 621 2629 reprobi
649 2575 754 2617 circa
780 2577 913 2627 fidem,
972 2580 987 2602 ⁹
1014 2578 1084 2618 sed
1111 2577 1219 2619 ultra
1244 2590 1327 2619 non
1354 2577 1583 2631 proficient:
1612 2577 1844 2631 insipientia
1871 2577 1976 2618 enim

76 2646 216 2674 eorum
243 2633 463 2675 manifesta
489 2634 565 2675 erit
593 2634 792 2685 omnibus,
823 2635 927 2677 sicut
954 2642 995 2677 et
1022 2636 1182 2678 illorum
1210 2636 1300 2678 fuit.

181 2694 216 2716 ¹⁰
238 2692 298 2733 Tu
323 2697 461 2734 autem
486 2699 694 2735 assecutus
718 2708 759 2735 es
781 2708 915 2735 meam
939 2694 1180 2744 doctrinam,
1206 2694 1520 2744 institutionem,
1546 2694 1812 2748 propositum,
1838 2694 2017 2743 fidem,i11
2034 2696 2167 2722 ⁶00tr¹¹¹³

74 2749 440 2804 longanimitatem,
468 2751 738 2802 dilectionem,
764 2753 1019 2807 patientiam,
1070 2756 1099 2778 ¹¹
1123 2753 1432 2807 persecutiones,
1457 2753 1680 2806 passiones:
1712 2753 1847 2806 qualia
1873 2752 1973 2793 mihi
2022 2732 2134 2806 iitigiiss

76 2808 187 2850 facta
206 2814 302 2851 sunt
319 2809 557 2860 Antiochiae,
575 2810 712 2861 Iconii,
729 2817 769 2853 et
785 2812 959 2866 Lystris:
986 2812 1123 2866 quales
1140 2811 1438 2866 persecutiones
1459 2811 1643 2860 sustinui,
1658 2816 1699 2852 et
1719 2824 1767 2851 ex
1786 2810 1973 2852 omnibus
2008 2802 2148 2868 pssffiss„

76 2866 225 2920 eripuit
245 2882 309 2909 me
324 2868 537 2911 Dominus.
580 2871 612 2894 ¹2
632 2869 688 2911 Et
711 2884 860 2921 omnes,
881 2871 948 2925 qui
971 2871 1034 2925 pie
1054 2870 1200 2912 volunt
1219 2870 1354 2911 vivere
1377 2870 1417 2910 in
1433 2869 1590 2911 Christo
1610 2870 1710 2919 Iesu,
1729 2869 1972 2923 persecutio·
1988 2874 2167 2903 permanea&

76 2938 169 2966 nem
192 2926 412 2979 patientur.
460 2930 491 2952 ¹3
513 2927 609 2969 Mali
632 2934 771 2970 autem
794 2929 990 2979 homines,
1014 2935 1055 2970 et
1077 2930 1308 2971 seductores
1332 2928 1544 2981 proficient
1570 2927 1610 2968 in
1630 2928 1754 2981 peius,
1782 2933 1972 2976 errantes,

76 2989 117 3025 et
135 2984 176 3024 in
193 2997 367 3026 errorem
386 2985 609 3029 mittentes.
650 2989 682 3012 14
698 2987 759 3028 Tu
775 3001 870 3030 vero
890 3000 1081 3042 permane
1100 2987 1141 3028 in
1160 2987 1218 3036 iis,
1235 3000 1324 3040 quae
1337 2986 1524 3035 didicisti,
1540 2991 1581 3027 et
1597 2986 1750 3027 credita
1767 2991 1863 3027 sunt
1880 2986 1973 3028 tibi:

76 3042 203 3084 sciens
229 3056 253 3083 a
277 3056 357 3097 quo
385 3043 581 3086 didiceris.
633 3048 664 3070 ¹⁵
691 3051 733 3087 et
757 3047 853 3100 quia
876 3047 927 3088 ab
953 3046 1128 3087 infantia
1152 3059 1286 3087 sacras
1308 3045 1466 3086 litteras
1491 3044 1610 3093 nosti,
1634 3058 1723 3098 quae
1745 3049 1785 3086 te
1803 3050 1975 3099 possunt·

75 3101 273 3143 instruere
294 3103 346 3143 ad
368 3102 554 3153 salutem,
576 3117 647 3157 per
668 3104 801 3152 fidem,
825 3118 914 3159 quae
936 3110 998 3147 est
1019 3105 1060 3145 in
1083 3104 1242 3146 Christo
1267 3105 1368 3145 Iesu.
1414 3105 1448 3127 ¹⁶
1479 3103 1632 3144 menis
1655 3103 1854 3157 scriptura
1873 3102 1973 3143 divi-

75 3159 186 3201 nitus
208 3160 407 3214 inspirata
426 3161 536 3202 utilis
559 3167 621 3204 est
642 3163 694 3204 ad
717 3164 956 3213 docendum,
973 3164 1025 3204 ad
1046 3162 1308 3217 arguendum,
1327 3162 1379 3202 ad
1396 3161 1705 3215 corripiendum,
1721 3162 1772 3202 ad
1792 3160 1972 3201 erudien-

76 3218 173 3259 dum
204 3219 245 3260 in
276 3218 451 3261 iustitia:
502 3222 536 3244 ¹⁷
556 3226 604 3263 ut
629 3221 833 3275 perfectus
860 3222 914 3264 sit
941 3223 1064 3264 homo
1086 3221 1174 3272 Dei,
1200 3221 1251 3261 ad
1281 3233 1398 3262 omne
1427 3233 1527 3273 opus
1555 3220 1708 3261 bonum
1735 3219 1970 3261 instructus.
2042 3277 2046 3281 Ι
2073 3277 2077 3281 ¹

179 3277 217 3321 4.
274 3281 285 3303 ¹
317 3278 527 3320 Testificor
559 3292 695 3321 coram
729 3280 829 3330 Deo,
866 3286 907 3322 et
942 3281 1029 3322 Iesu
1067 3279 1236 3328 Christo,
1274 3278 1343 3332 qui
1376 3278 1627 3320 iudicaturus
1661 3283 1721 3319 est
1754 3277 1882 3325 vivos,
1929 3282 1970 3318 et
2010 3277 2136 3301 ’Ψωφ-

1984 3312 2057 3337 rium
2078 3317 2160 3336 suum

75 3340 270 3387 mortuos,
290 3350 362 3391 per
379 3337 604 3379 adventum
623 3338 760 3392 ipsius,
781 3344 823 3380 ct
839 3352 1007 3393 regnum
1027 3339 1128 3380 eius:
1174 3340 1188 3362 ²
1207 3337 1381 3391 praedica
1399 3337 1581 3387 verbum,
1601 3337 1709 3378 insta
1727 3341 1966 3390 opportune,
2009 3346 2136 3376 impleat,

207 3437 238 3480 2,
263 3439 306 3472 12
323 3440 393 3474 aMt
418 3440 470 3481 10,
495 3440 552 3481 333
578 3441 633 3475 Mc
652 3441 683 3481 8,
704 3441 756 3475 38.
776 3462 816 3464 —
834 3441 876 3475 13
891 3442 1001 3476 bRom
1021 3442 1052 3483 3,
1073 3442 1102 3475 3.
1122 3462 1162 3465 -
1180 3440 1222 3474 23
1242 3442 1276 3474 cl
1299 3441 1373 3475 Tim
1393 3441 1424 3482 4,
1446 3441 1480 3481 7;
1503 3441 1558 3475 Tit
1578 3440 1609 3480 3,
1633 3440 1663 3474 9.
1684 3460 1723 3463 -
1741 3439 1772 3482 3,
1797 3440 1814 3472 1
1832 3439 1870 3471 dl
1897 3437 1970 3470 Tim

76 3485 107 3524 4,
134 3486 162 3518 1.
189 3505 230 3508 -
254 3485 274 3518 8
301 3486 371 3519 eEx
397 3488 426 3527 7,
452 3489 503 3521 11.
530 3508 570 3511 —
596 3489 637 3522 16
669 3488 702 3521 12
726 3489 787 3522 Ptr
812 3489 840 3528 1,
867 3489 918 3522 20.
