2356 3760
143 107 197 145 21,
220 106 361 145 17--22,
387 106 430 139 20
1053 106 1131 140 IOB
1960 118 2034 159 471

145 201 177 223 ¹⁷
203 199 371 248 Quoties
400 198 565 240 lucerna
593 198 810 252 impiorum
839 199 1112 251 extinguetur.
1197 205 1237 240 et
1266 202 1524 254 superveniet
1553 203 1606 243 eis
1636 204 1859 252 inundatio,

196 263 237 298 et
267 258 423 299 dolores
453 258 610 298 dividet
638 257 784 297 furoris
814 257 899 297 sui?

144 318 179 341 ¹⁸
202 316 336 357 Erunt
365 316 470 358 sicut
498 315 625 368 paleae
654 320 749 355 ante
778 315 923 355 faciem
954 315 1079 363 venti,
1153 322 1193 357 et
1223 317 1328 358 sicut
1356 318 1497 359 favilla
1526 332 1649 372 quam
1678 322 1799 362 turbo
1829 324 2032 376 dispergit.

146 377 180 399 ¹²⁷
202 376 313 416 Deus
343 374 524 415 servabit
553 373 642 413 filiis
672 373 777 414 illius
807 373 986 415 dolorem
1016 374 1163 427 patris:
1247 382 1285 415 et
1316 390 1408 416 cuni
1438 377 1669 425 reddiderit,
1702 384 1799 419 tunc
1829 381 1938 422 sciet.
1964 368 1966 374 Α

144 436 180 458 ²⁰
204 434 415 474 Videbunt
445 432 550 473 oculi
581 431 665 472 eius
695 432 1022 473 interfectionem
1053 446 1181 477 suam,
1262 440 1299 474 et
1333 435 1381 475 de
1412 435 1546 476 furore
1577 436 1880 490 Omnipotentis
1912 439 2034 481 bibet.

144 494 175 516 2¹
203 493 311 541 Quid
332 491 439 532 enim
463 491 515 531 ad
533 504 625 531 eum
647 491 825 544 pertinet
845 491 894 532 de
913 491 1034 532 domo
1057 504 1130 532 sua
1153 497 1245 544 post
1263 492 1327 533 se?
1403 500 1441 533 et
1464 494 1496 534 si
1519 507 1708 535 numerus
1732 496 1930 537 mensium
1953 498 2035 539 eius

406 549 666 590 dimidietur?

143 611 175 634 22
203 608 415 662 Numquid
441 609 576 649 Deum
604 608 767 649 docebit
796 608 998 661 quispiam
1026 608 1250 655 scientiam,
1335 610 1404 662 qui
1431 610 1607 651 excelsos
1638 611 1813 653 iudicat?

143 670 175 692 2³
204 668 286 708 Iste
314 667 487 708 moritur
514 667 707 707 robustus
736 672 777 707 et
805 680 939 712 sanus,
1023 667 1136 707 dives
1165 673 1206 708 et
1233 667 1341 708 felix.

143 728 175 751 2⁴
202 726 366 767 Viscera
393 725 477 766 eius
504 725 626 779 plena
652 731 749 766 sunt
777 726 907 779 adipe,
991 731 1031 766 et
1059 725 1245 766 medullis
1274 739 1365 767 ossa
1391 726 1495 767 illius
1525 727 1760 780 irrigantur:

143 787 176 809 25
201 785 315 825 Alius
344 797 439 825 vero
468 784 642 825 moritur
669 784 709 824 in
740 783 1013 825 amaritudine
1042 784 1188 825 animae
1270 785 1423 838 absque
1452 785 1541 826 ullis
1571 786 1734 839 opibus:

143 845 179 868 2⁶
202 844 257 885 Et
288 849 427 884 tamen
458 842 577 884 simul
607 843 648 883 in
679 842 845 896 pulvere
876 843 1091 888 dormient,
1178 850 1218 884 et
1249 857 1405 885 vermes
1437 844 1620 897 operient
1651 858 1728 886 eos.

143 950 176 973 2⁷
201 949 317 989 Certe
347 947 444 989 novi
473 947 740 1002 cogitationes
769 953 938 995 vestras,
1023 954 1064 988 et
1093 948 1317 990 sententias
1347 954 1491 990 contra
1519 962 1582 989 me
1611 949 1783 1003 iniquas.
2084 955 2203 1008 ‚gssffffio

143 1010 178 1032 ²⁸
201 1007 347 1048 Dicitis
377 1007 502 1047 enim:
535 1007 615 1048 Ubi
645 1012 705 1047 est
735 1007 880 1047 domus
910 1006 1126 1060 principis?
1210 1013 1250 1047 et
1280 1007 1350 1048 ubi
1379 1008 1644 1048 tabernacula
1672 1008 1914 1062 impiorum?
2063 1000 2223 1044 αἷιὶίόοτωτι

2063 1060 2128 1078 cum
2152 1055 2223 1078 veri-

143 1068 178 1091 29
204 1066 457 1119 Interrogate
478 1065 700 1119 quemlibet
719 1065 768 1106 de
787 1065 1025 1111 viatoribus,
1083 1072 1124 1106 et
1142 1066 1227 1107 haec
1245 1067 1386 1107 eadem
1406 1066 1518 1107 illum
1537 1066 1757 1120 intelligere
1776 1068 2035 1120 cognoscetis.
2050 1090 2111 1114 tate
2124 1090 2243 1120 pugnat,

142 1127 180 1149 30
202 1124 307 1174 Quia
334 1125 375 1165 in
403 1124 511 1166 diem
538 1124 777 1178 perditionis
806 1130 993 1165 servatur
1021 1124 1163 1173 malus,
1248 1131 1288 1165 et
1317 1126 1369 1166 ad
1397 1125 1503 1165 diem
1531 1125 1676 1165 furoris
1706 1120 1887 1168 ducetur.

142 1186 174 1209 31
201 1183 299 1232 Quis
326 1189 469 1237 arguet
494 1196 630 1224 coram
657 1197 702 1224 eo
730 1183 839 1223 viam
865 1183 973 1224 eius?
1054 1188 1095 1224 et
1121 1197 1211 1237 quae
1236 1184 1343 1232 fecit,
1373 1184 1462 1237 quis
1488 1184 1631 1224 reddet
1656 1183 1736 1225 illi?

142 1245 174 1267 32
203 1243 294 1296 Ipse
321 1243 374 1283 ad
400 1243 615 1296 sepulchra
641 1242 824 1287 ducetur,
907 1248 948 1283 et
974 1242 1015 1283 in
1043 1242 1226 1295 congerie
1252 1247 1509 1283 mortuorum
1537 1242 1735 1295 vigilabit.

141 1304 174 1327 33
200 1301 340 1342 Dulcis
370 1301 450 1342 fuit
478 1301 621 1355 glareis
651 1301 805 1354 Cocyti.
886 1306 927 1341 et
956 1306 1049 1354 post
1079 1314 1120 1341 se
1149 1314 1311 1341 omnem
1341 1301 1548 1342 hominem
1578 1301 1727 1349 trahet,
1806 1306 1847 1342 et
1877 1307 1971 1343 ante
2000 1316 2041 1343 se

404 1359 732 1400 innumerabiles.

142 1421 174 1444 ²³⁴
201 1419 415 1468 Quomodo
453 1419 577 1472 igitur
613 1417 879 1459 consolamini
916 1430 979 1458 me
1016 1418 1181 1466 frustra,
1270 1431 1362 1459 cum
1399 1418 1606 1472 responsio
1645 1424 1782 1460 vestra
1818 1432 2042 1473 repugnare

404 1483 569 1518 ostensa
597 1476 649 1517 sit
678 1476 869 1517 veritati?

140 1606 240 1657 ΙΙΙ.
252 1605 397 1657 Num
417 1605 569 1656 mala
586 1605 825 1670 propter
840 1605 1076 1670 peecata
1092 1604 1319 1655 occulta
1334 1603 1682 1666 inferantur,
1694 1605 1779 1667 22,
1790 1605 2041 1666 1—31,40.

560 1695 599 1734 1.
630 1693 811 1746 Eliphaz
840 1694 1130 1735 Themanites
1161 1694 1374 1746 affirmat,
1403 1695 1468 1746 22,
1488 1695 1633 1735 1-30.

245 1769 310 1812 22.
366 1770 380 1792 ¹
411 1768 678 1821 Respondens
709 1774 848 1809 autem
879 1768 1051 1822 Eliphaz
1082 1767 1356 1815 Themanites
1389 1767 1513 1808 dixit:

160 1877 174 1899 2
200 1873 412 1927 Numquid
437 1874 525 1914 Deo
554 1878 692 1927 potest
720 1873 948 1927 comparari
978 1873 1113 1918 homo,
1186 1873 1311 1913 etiam
1340 1885 1433 1912 eum
1464 1872 1654 1925 perfectae
1684 1872 1806 1913 fuerit
1837 1872 2038 1915 scientiae?
2070 1874 2219 1934 ¹0¹³t¹g³sse

159 1936 175 1958 3
199 1933 307 1982 Quid
336 1933 503 1986 prodest
527 1933 614 1973 Deo
643 1932 674 1973 si
705 1932 835 1973 iustus
864 1931 1012 1973 fueris?
1098 1936 1169 1972 aut
1196 1931 1294 1985 quid
1319 1930 1354 1971 ei
1378 1931 1535 1971 confers
1565 1930 1598 1971 si
1627 1930 1893 1972 immaculata
1916 1932 2039 1974 fuerit
2088 1916 2124 1940 pa
2142 1917 2149 1934 ¹
2169 1917 2186 1935 u

402 1991 471 2032 via
499 1991 596 2032 tua?

159 2053 174 2076 ‘¹
199 2050 413 2104 Numquid
442 2049 590 2091 timens
622 2055 765 2103 arguet
796 2055 848 2095 te,
934 2055 975 2091 et
1006 2049 1142 2090 veniet
1173 2054 1309 2090 tecum
1340 2048 1380 2089 in
1411 2048 1618 2096 iudicium,

159 2113 174 2135 ⁵
198 2110 254 2151 Et
284 2123 366 2150 non
396 2114 565 2163 propter
594 2109 796 2150 malitiam
828 2114 943 2150 tuam
974 2108 1206 2162 plurimam,
1292 2112 1333 2148 et
1363 2107 1543 2148 infinitas
1574 2107 1812 2160 iniquitates
1844 2108 1960 2149 tuas?

159 2217 175 2240 ⁶
197 2214 417 2256 Abstulisti
438 2214 545 2255 enim
568 2213 714 2268 pignus
737 2213 912 2254 fratrum
936 2218 1102 2254 tuorum
1123 2213 1207 2254 sine
1228 2225 1362 2259 eausa,
1432 2218 1473 2252 et
1490 2212 1621 2253 nudos
1641 2212 1825 2266 spoliasti
1844 2213 2036 2254 vestibus.
2083 2210 2204 2270 {iri‘iss'ffiss

158 2276 172 2298 ⁷
196 2275 360 2328 Aquam
386 2273 492 2314 lasso
520 2286 602 2314 non
629 2272 789 2317 dedisti,
872 2277 914 2313 et
941 2272 1133 2313 esurienti
1161 2270 1402 2313 subtraxisti
1429 2284 1589 2324 panem.
2058 2281 2227 2311 gravissuua

158 2335 173 2358 3
199 2333 246 2374 In
271 2332 515 2374 fortitudine
539 2332 693 2373 brachii
714 2331 776 2372 tui
802 2331 1038 2385 possidebas
1058 2336 1222 2380 terram,
1302 2336 1343 2371 et
1365 2330 1674 2384 potentissimus
1697 2329 1912 2371 obtinebas
1936 2344 2036 2372 eam.

159 2394 175 2417 ⁹
197 2392 352 2433 Viduas
380 2391 570 2432 dimisisti
596 2404 760 2440 vacuas,
842 2396 884 2431 et
909 2390 1082 2432 lacertos
1108 2389 1357 2445 pupillorum
1384 2388 1672 2430 comminuisti.

138 2453 175 2475 ¹⁰
196 2451 421 2504 Propterea
451 2449 727 2491 circumdatus
758 2463 798 2490 es
828 2449 996 2503 laqueis,
1083 2454 1123 2490 et
1154 2449 1377 2490 conturbat
1407 2453 1447 2489 te
1478 2448 1651 2489 formido
1683 2447 1831 2489 subita.

139 2512 170 2534 ¹¹
197 2509 253 2551 Et
279 2510 458 2563 putabas
487 2514 528 2549 te
556 2509 745 2549 tenebras
774 2522 856 2550 non
885 2509 1079 2557 visurum,
1155 2513 1196 2549 et
1224 2508 1381 2562 impetu
1411 2519 1611 2561 aquarum
1638 2506 1928 2548 inundantium
1958 2520 2038 2548 non

401 2580 640 2622 oppressum
669 2567 741 2608 iri?

138 2676 169 2698 ¹2
195 2674 260 2715 An
282 2686 363 2715 non
386 2673 540 2727 cogitas
564 2673 674 2727 quod
690 2673 802 2714 Deus
824 2672 1017 2714 excelsior
1038 2672 1133 2714 caelo
1156 2672 1220 2721 sit,
1296 2677 1337 2714 et
1358 2684 1479 2725 super
1500 2670 1708 2712 stellarum
1727 2670 1921 2711 verticem
1943 2670 2036 2711 sub-
2058 2671 2118 2697 ΒΕΘ
2139 2672 2221 2699 11013·

398 2732 587 2773 limetur?

138 2794 169 2816 13
195 2791 252 2832 Et
282 2791 399 2833 dieis:
432 2791 540 2840 Quid
571 2791 678 2832 enim
709 2790 826 2831 novit
856 2790 991 2832 Deus?
1077 2795 1118 2831 et
1149 2790 1265 2844 quasi
1295 2802 1367 2843 per
1397 2788 1609 2842 caliginem
1640 2787 1805 2828 iudicat.

137 2852 168 2875 ¹⁴
196 2850 334 2891 Nubes
354 2850 574 2891 latibulum
595 2849 691 2895 eius,
714 2862 787 2890 nec
807 2855 949 2891 nostra
968 2849 1210 2898 considerat,
1268 2854 1309 2890 et
1329 2848 1435 2889 circa
1455 2847 1637 2888 cardines
1658 2845 1742 2886 caeli
1762 2845 2033 2899 perambulat.

136 2911 168 2933 ¹⁵
195 2909 408 2963 Numquid
434 2909 623 2950 semitam
649 2908 888 2950 saeculorum
914 2908 1119 2950 custodire
1145 2908 1270 2962 cupis,
1343 2920 1466 2960 quam
1493 2905 1755 2946 calcaverunt
1780 2904 1857 2945 viri
1882 2903 2034 2958 iniqui?

136 2969 171 2991 ¹⁶
194 2968 273 3016 Qui
310 2967 462 3009 sublati
500 2972 597 3008 sunt
637 2973 732 3008 ante
774 2972 936 3021 tempus
976 2980 1107 3015 suum,
1200 2972 1241 3008 et
1282 2966 1430 3007 fluvius
1473 2963 1676 3005 subvertit
1720 2963 2037 3004 fundamentum

399 3039 556 3068 eorum:

135 3087 168 3110 ¹⁷
193 3085 272 3134 Qui
298 3085 490 3127 dicebant
515 3086 622 3126 Deo:
652 3085 810 3126 Recede
837 3098 861 3126 a
886 3084 1020 3126 nobis:
1097 3090 1138 3126 et
1165 3084 1281 3138 quasi
1306 3082 1406 3124 nihil
1431 3086 1568 3135 posset
1594 3081 1725 3122 facere
1752 3080 2034 3134 Omnipotens,

396 3144 659 3185 aestimabant
689 3157 800 3184 eum:

134 3204 168 3227 13
193 3203 295 3244 Cum
325 3202 390 3243 ille
420 3202 628 3257 implesset
658 3203 801 3244 domos
832 3215 972 3244 eorum
1003 3202 1131 3251 bonis,
1215 3213 1387 3255 quorum
1418 3197 1624 3240 sententia
1652 3197 1793 3252 procul
1822 3197 1875 3238 sit
1906 3210 1930 3238 a
1957 3209 2033 3238 me.

133 3263 169 3286 ¹⁹
195 3262 425 3303 aVidebunt
452 3261 560 3306 iusti,
591 3267 632 3302 et
659 3261 924 3310 laetabuntur,
1007 3266 1048 3302 et
1075 3261 1268 3302 innocens
1296 3257 1568 3299 subsannabit
1596 3270 1674 3298 eos.

132 3321 168 3344 ²⁰
193 3321 337 3362 Nonne
366 3321 522 3361 succisa
550 3325 611 3361 est
641 3319 788 3361 erectio
819 3333 971 3369 eorum,
1056 3325 1097 3361 et
1125 3318 1315 3373 reliquias
1345 3330 1484 3358 eorum
1514 3314 1729 3357 devoravit
1757 3314 1883 3368 ignis?

261 3445 315 3488 22,
342 3447 383 3480 19
408 3446 470 3480 aPs
494 3447 568 3488 106,
594 3448 644 3480 42.
