2356 3760
109 62 138 101 7,
164 62 260 101 5—8,
286 62 306 94 ‘2
950 58 1171 92 DANIELIS
1928 62 2005 103 845

108 155 203 199 eius,
226 160 266 195 et
285 154 450 194 sublata
469 160 530 194 est
549 154 598 194 de
618 158 737 199 terra,
759 156 800 191 et
818 163 939 204 super
957 152 1079 205 pedes
1100 151 1216 204 quasi
1235 151 1356 192 homo
1378 151 1505 199 stetit,
1527 156 1569 192 et
1588 164 1655 193 cor
1674 152 1847 194 hominis
1869 155 2012 195 datum

107 218 168 254 est
189 212 236 254 ei.
286 214 301 237 ⁵
323 213 379 253 Et
400 225 490 253 ecce
512 210 642 252 bestia
663 209 742 249 alia
763 208 902 249 similis
925 222 1017 251 urso
1039 209 1080 250 in
1102 214 1218 263 parte
1240 209 1374 251 stetit:
1399 216 1439 250 et
1462 215 1542 250 tres
1565 210 1724 251 ordines
1747 218 1863 252 erant
1883 213 1924 253 in
1947 226 2013 254 ore

107 272 203 314 eius.
227 276 268 312 et
289 271 329 312 in
351 271 542 312 dentibus
564 268 659 311 eius,
683 272 725 308 et
745 267 800 308 sic
822 267 1015 309 dicebant
1035 268 1088 308 ei:
1111 269 1248 322 Surge,
1273 269 1438 310 comede
1460 281 1598 309 carnes
1620 268 1826 322 plurimas.
1880 272 1894 294 ‘³
1915 272 2015 312 Post

107 330 191 371 haec
221 330 478 383 aspiciebam.
510 332 551 367 et
579 339 669 366 ecce
699 325 778 366 alia
807 326 922 379 quasi
951 327 1115 380 pardus,
1147 332 1187 367 et
1217 327 1300 367 alas
1330 327 1510 368 habebat
1542 327 1657 381 quasi
1685 328 1784 373 avis,
1818 334 2015 382 quattuor

106 402 227 442 super
253 402 304 437 se,
334 393 374 428 et
401 390 598 439 quattuor
624 384 761 437 capita
788 390 904 425 erant
930 384 971 425 in
998 384 1140 429 bestia,
1169 390 1211 425 et
1236 390 1419 438 potestas
1447 386 1546 426 data
1572 391 1633 426 est
1659 385 1705 427 ei.
1764 389 1778 410 ⁷
1804 387 1903 428 Post
1930 387 2013 428 haec

107 447 353 501 aspiciebam
383 444 424 484 in
454 443 608 485 visione
638 443 781 485 noctis,
815 448 856 483 et
885 456 975 483 ecce
1006 443 1135 484 bestia
1168 448 1315 497 quarta
1346 444 1547 488 terribilis,
1580 450 1705 498 atque
1734 445 1942 489 mirabilis.
1975 452 2015 486 et

106 506 222 547 fortis
258 503 389 547 nimis,
429 503 570 543 dentes
606 501 755 542 ferreos
792 502 974 542 habebat
1009 514 1190 555 magnos,
1231 502 1445 543 comedens
1482 507 1607 556 atque
1644 504 1935 551 comminuens,
1974 511 2015 545 et

106 564 261 616 reliqua
282 562 454 615 pedibus
477 561 558 602 suis
581 560 841 601 conculcans:
866 560 1069 601 dissimilis
1093 566 1232 601 autem
1256 565 1344 601 erat
1366 560 1508 601 ceteris
1531 561 1681 605 bestiis,
1709 575 1808 615 quas
1832 563 2015 604 videram

105 626 200 662 ante
225 634 327 669 eam,
354 626 395 661 et
418 619 599 660 habebat
623 632 776 659 cornua
798 619 950 661 decem.
1005 621 1021 643 ⁸
1044 619 1361 660 Considerabam
1387 632 1549 664 cornua,
1576 624 1618 660 et
1641 633 1731 660 ecce
1756 634 1879 662 cornu
1905 621 2015 662 aliud

104 679 323 733 parvulum
344 684 479 720 ortum
501 682 563 718 est
583 678 632 718 de
652 677 786 718 medio
808 690 965 719 eorum:
989 683 1030 718 et
1051 678 1130 719 tria
1150 678 1199 718 de
1221 677 1409 718 cornibus
1431 678 1570 731 primis
1591 678 1732 719 evulsa
1752 685 1847 720 sunt
1869 693 1893 720 a
1912 680 2014 720 facie

104 738 207 779 eius:
233 744 275 779 et
298 750 388 778 ecce
412 736 527 780 oculi,
556 736 671 790 quasi
696 736 800 777 oculi
823 736 998 777 hominis
1023 742 1140 777 erant
1163 737 1204 777 in
1229 749 1354 777 cornu
1377 736 1468 780 isto.
1495 742 1536 777 et
1560 750 1602 778 os
1626 736 1795 790 loquens
1820 738 2012 791 ingentia.

212 799 227 821 ⁹
248 796 506 849 Aspiciebam
529 796 657 836 donec
679 795 815 836 throni
838 795 959 848 positi
981 801 1088 838 sunt.
1114 801 1154 835 et
1177 795 1370 848 antiquus
1393 795 1548 835 dierum
1572 796 1695 836 sedit:
1719 796 2012 837 vestimentum
2031 796 2199 861 ggidgcsffiffit

104 856 187 896 eius
218 855 437 896 candidum
469 853 584 907 quasi
614 854 696 897 nix,
729 859 770 894 et
800 853 932 907 capilli
963 853 1107 907 capitis
1138 854 1222 894 eius
1254 853 1369 907 quasi
1398 853 1493 894 lana
1522 854 1694 894 munda:
1728 855 1898 896 thronus
1929 855 2012 896 eius
2203 850 2208 856 ’

103 914 279 955 flammae
299 913 419 967 ignis:
441 917 542 953 rotae
562 912 646 953 eius
667 912 768 965 ignis
790 925 993 953 accensus.
1044 914 1079 936 ¹⁰
1099 912 1267 952 Fluvius
1288 912 1440 965 igneus,
1463 912 1711 967 rapidusque
1733 913 2016 967 egrediebatur

104 986 129 1013 a
140 972 243 1013 facie
254 972 349 1013 eius.
369 971 513 1012 amillia
526 971 697 1011 millium
713 970 1005 1011 ministrabant
1020 971 1066 1015 ei,
1083 976 1123 1012 et
1139 971 1269 1011 decies
1284 971 1426 1011 millies
1442 977 1615 1012 centena
1627 971 1755 1013 millia
1769 973 2015 1014 assistebant

105 1031 157 1072 ei:
187 1031 381 1072 iudicium
410 1030 527 1078 sedit,
558 1035 599 1070 et
626 1029 716 1070 libri
745 1030 876 1083 aperti
904 1035 1011 1071 sunt.
1070 1032 1100 1054 11
1129 1030 1386 1083 Aspiciebam
1416 1035 1584 1083 propter
1611 1044 1751 1072 vocem
1782 1044 2014 1073 sermonum

102 1089 330 1143 grandium,
365 1102 465 1142 quos
497 1101 621 1129 cornu
651 1087 751 1128 illud
781 1088 1044 1142 loquebatur:
1077 1094 1118 1129 et
1149 1088 1233 1129 vidi
1264 1088 1457 1142 quoniam
1488 1089 1705 1130 interfecta
1735 1095 1839 1131 esset
1870 1090 2012 1135 best-ia,

103 1152 144 1189 et
162 1148 332 1201 perisset
352 1161 496 1201 corpus
518 1148 613 1191 eius,
636 1152 677 1187 et
697 1147 895 1188 traditum
918 1152 1021 1188 esset
1042 1147 1094 1188 ad
1115 1148 1437 1189 comburendum
1458 1147 1558 1200 igni:
1608 1149 1639 1172 12
1659 1148 1829 1189 aliarum
1852 1162 2014 1202 quoque

103 1206 326 1248 bestiarum
357 1206 498 1247 ablata
526 1211 631 1246 esset
660 1210 855 1259 potestas,
888 1211 928 1246 et
958 1210 1145 1260 tempora
1173 1206 1270 1246 vitae
1299 1206 1527 1246 constituta
1557 1212 1691 1247 essent
1719 1207 1774 1247 eis
1804 1220 1932 1260 usque
1962 1208 2013 1247 ad

103 1270 277 1319 tempus,
310 1271 351 1306 et
381 1271 553 1318 tempus.

209 1326 240 1349 ¹3
254 1324 513 1377 Aspiciebam
529 1337 621 1376 ergo
637 1323 677 1363 in
696 1323 847 1363 visione
864 1323 1006 1369 noctis,
1025 1328 1064 1363 et
1080 1336 1170 1363 ecce
1186 1336 1277 1363 cuni
1294 1322 1471 1363 nubibus
1488 1322 1571 1364 caeli
1588 1323 1703 1376 quasi
1719 1323 1822 1365 filius
1838 1324 2012 1365 hominis
2059 1326 2181 1386 hglrffiffiq

103 1382 306 1426 veniebat,
335 1388 375 1423 et
400 1395 527 1435 usque
553 1382 603 1421 ad
630 1381 847 1434 antiquum
873 1381 1029 1422 dierum
1055 1381 1259 1435 pervenit:
1287 1386 1327 1421 et
1353 1381 1393 1421 in
1419 1387 1639 1435 conspectu
1665 1382 1748 1423 eius
1774 1383 2013 1424 obtulerunt
2076 1380 2179 1426 videns

102 1454 208 1482 eum.
262 1443 293 1465 14
317 1440 373 1481 Et
397 1440 511 1481 dedit
535 1440 569 1480 ei
593 1444 856 1493 potestatem,
883 1445 924 1480 et
948 1440 1155 1484 honorem.
1182 1446 1222 1480 et
1247 1453 1434 1493 regnum:
1461 1445 1503 1481 et
1526 1454 1665 1482 omnes
1690 1441 1841 1495 populi,
1869 1442 2012 1487 tribus,

102 1504 144 1540 et
172 1498 320 1553 linguae
350 1499 426 1553 ipsi
456 1498 652 1539 servient:
690 1504 892 1552 bpotestas
924 1499 1019 1543 eius,
1053 1504 1236 1553 potestas
1268 1504 1431 1543 aeterna,
1475 1512 1564 1553 quae
1595 1512 1676 1541 non
1708 1500 1932 1541 auferetur:
1974 1505 2015 1541 et

101 1571 269 1612 regnum
300 1558 395 1602 eius,
430 1558 539 1611 quod
568 1570 649 1598 non
680 1563 974 1611 corrumpetur.

206 1618 238 1641 1⁵
269 1616 441 1658 Horruit
469 1616 635 1669 spiritus
665 1629 790 1660 meus,
823 1629 895 1667 ego
926 1616 1071 1657 Daniel
1102 1617 1266 1657 territus
1296 1630 1386 1657 surn
1417 1617 1457 1657 in
1488 1617 1560 1660 his,
1593 1622 1634 1658 et
1663 1617 1837 1659 visiones
1868 1617 2012 1671 capitis
2050 1617 2220 1678 femiam

101 1676 180 1716 mei
201 1675 553 1717 conturbaverunt
575 1688 650 1716 me.
703 1676 737 1699 ¹⁶
758 1675 917 1715 Accessi
941 1676 993 1716 ad
1015 1689 1142 1716 unum
1164 1676 1214 1716 de
1236 1675 1533 1722 assistentibus
1558 1681 1599 1717 et
1621 1677 1837 1717 veritatem
1862 1690 2012 1730 quaere—
2030 1659 2181 1727 pvis‘orqm

102 1735 196 1775 bam
215 1735 266 1775 ab
284 1747 330 1775 eo
348 1734 397 1774 de
414 1734 602 1775 omnibus
620 1733 693 1775 his.
714 1733 791 1783 Qui
809 1734 913 1774 dixit
931 1734 1029 1774 mihi
1047 1734 1429 1787 interpretationem
1446 1747 1692 1780 sermonum,
1713 1740 1754 1776 et
1771 1736 1911 1777 docuit
1927 1748 2010 1776 me:
2059 1725 2176 1754 ‘'⁴'‘''p‘f‘

101 1794 134 1817 ¹⁷
168 1793 243 1834 Hae
275 1797 474 1846 quattuor
506 1792 645 1833 bestiae
676 1806 851 1846 magnae:
887 1798 1085 1846 quattuor
1116 1798 1211 1834 sunt
1243 1806 1378 1846 regna,
1414 1806 1503 1846 quae
1535 1800 1780 1847 consurgent
1811 1795 1860 1835 de
1892 1799 2012 1836 terra.

101 1853 136 1875 ¹⁸
162 1851 394 1905 Suscipient
420 1856 559 1892 autem
587 1864 756 1905 regnum
784 1852 915 1892 sancti
942 1852 1018 1892 Dei
1046 1851 1250 1892 altissimi:
1280 1858 1321 1892 et
1348 1852 1596 1893 obtinebunt
1621 1865 1790 1906 regnum
1818 1866 1946 1907 usque
1973 1853 2013 1893 in

99 1909 304 1958 saeculum,
337 1915 377 1950 et
407 1910 598 1950 saeculum
630 1909 881 1951 saeculorum.
941 1912 975 1934 1⁹
1004 1911 1104 1951 Post
1134 1910 1209 1952 hoc
1240 1910 1349 1951 volui
1380 1910 1594 1964 diligenter
1623 1911 1774 1952 discere
1804 1912 1852 1952 de
1884 1911 2015 1953 bestia

101 1974 260 2022 quarta,
288 1981 378 2022 quae
401 1974 488 2009 era-t
512 1968 715 2009 dissimilis
741 1968 860 2009 valde
884 1969 935 2009 ab
960 1969 1161 2013 omnibus,
1188 1975 1229 2009 et
1253 1969 1441 2010 terribilis
1465 1969 1603 2010 nimis:
1629 1970 1771 2011 dentes
1795 1976 1836 2011 et
1860 1983 2014 2024 ungues

99 2027 183 2068 eius
220 2026 356 2067 ferrei:
396 2027 649 2073 comedebat,
690 2032 731 2067 et
769 2027 1086 2075 comminuebat,
1127 2033 1168 2068 et
1204 2027 1360 2081 reliqua
1396 2027 1568 2081 pedibus
1607 2029 1687 2069 suis
1726 2029 2012 2070 conculcabat:

99 2087 136 2110 2⁰
162 2090 203 2126 et
231 2086 281 2126 de
310 2085 498 2127 cornibus
528 2086 679 2131 decem,
711 2099 801 2139 quae
829 2085 1012 2127 habebat
1039 2086 1079 2127 in
1109 2086 1261 2140 capite:
1292 2091 1332 2127 et
1361 2087 1410 2127 de
1439 2086 1529 2135 alio,
1562 2087 1671 2141 quod
1700 2093 1835 2129 ortum
1864 2089 2011 2136 fuerat,

100 2149 195 2185 ante
213 2144 323 2198 quod
340 2144 569 2185 ceciderant
587 2144 666 2185 tria
682 2158 852 2185 cornua:
871 2150 912 2185 et
928 2145 977 2185 de
994 2158 1119 2186 cornu
1136 2144 1215 2187 illo.
1236 2145 1345 2198 quod
1362 2145 1543 2186 habebat
1560 2145 1708 2195 oculos,
1728 2152 1769 2187 et
1785 2160 1827 2188 os
1844 2146 2013 2201 loquens

97 2203 279 2257 grandia,
307 2207 348 2244 et
372 2203 503 2244 maius
528 2208 616 2244 erat
641 2203 794 2244 ceteris.
848 2205 879 2228 21
905 2203 1176 2256 Aspiciebam,
1204 2210 1246 2244 et
1269 2217 1360 2245 ecce
1385 2217 1510 2245 cornu
1534 2204 1634 2246 illud
1658 2205 1837 2246 faciebat
1862 2205 2013 2246 bellum

99 2262 293 2303 adversus
318 2267 494 2311 sanctos,
522 2267 563 2302 et
587 2261 839 2316 praevalebat
864 2262 930 2310 eis,
985 2263 1017 2287 22
1041 2262 1170 2303 donec
1195 2262 1309 2303 venit
1335 2262 1529 2316 antiquus
1555 2263 1725 2313 dierum,
1752 2269 1793 2305 et
1817 2264 2012 2305 iudicium

99 2321 213 2361 dedit
243 2320 396 2362 sanctis
428 2320 599 2369 Excelsi,
634 2326 676 2361 et
706 2326 868 2374 tempus
901 2321 1082 2368 advenit,
1116 2326 1158 2362 et
1188 2334 1358 2374 regnum
1390 2321 1660 2363 obtinuerunt
1690 2323 1833 2364 sancti,
1893 2324 1926 2347 23
1957 2322 2013 2364 Εῖ

98 2379 154 2420 sic
171 2379 247 2420 ait:
268 2379 407 2420 Bestia
424 2384 583 2432 quarta,
602 2392 771 2433 regnum
790 2385 984 2434 quartum
1002 2380 1078 2421 erit
1093 2380 1134 2420 in
1152 2385 1272 2427 terra,
1293 2380 1403 2433 quod
1419 2380 1550 2421 maius
1567 2381 1644 2422 erit
1661 2381 1849 2423 omnibus
1865 2382 2009 2435 regnis,

98 2443 140 2479 et
158 2438 375 2479 devorabit
394 2438 626 2479 universam
645 2443 809 2487 terram,
832 2443 873 2479 et
892 2439 1161 2485 conculcabit,
1183 2444 1224 2479 et
1244 2439 1494 2480 comminuet
1514 2452 1616 2481 eam.
1664 2441 1697 2464 ‘24
1714 2440 1840 2481 Porro
1860 2453 2013 2481 cornua

98 2497 237 2538 decem
258 2496 383 2550 ipsius
403 2497 526 2550 regni,
549 2497 688 2538 decem
708 2510 820 2551 reges
841 2503 979 2538 erunt:
1002 2503 1043 2538 et
1063 2497 1164 2538 alius
1185 2503 1402 2551 consurget
1422 2503 1517 2551 post
1536 2511 1615 2547 eos,
1638 2503 1680 2540 et
1699 2498 1784 2553 ipse
1803 2499 2012 2552 potentior

98 2555 174 2596 erit
196 2555 410 2609 prioribus,
437 2560 478 2596 et
501 2560 581 2596 tres
605 2569 716 2609 reges
739 2555 984 2598 humiliabit.
1037 2558 1069 2581 ‘2⁵
1094 2556 1149 2597 Et
1172 2569 1375 2598 sermones
1400 2562 1544 2598 contra
1567 2556 1783 2598 Excelsum
1806 2557 2009 2611 loquetur,

98 2620 139 2655 et
162 2619 326 2656 sanctos
350 2613 549 2655 Altissimi
575 2619 775 2656 conteret:
802 2619 845 2656 et
868 2615 1036 2668 putabit
1061 2616 1170 2669 quod
1196 2615 1325 2669 possit
1349 2620 1510 2656 mutare
1535 2621 1733 2670 tempora,
1761 2621 1802 2657 et
1825 2616 1943 2670 leges,
1970 2621 2012 2658 et

97 2674 314 2714 tradentur
346 2673 386 2714 in
419 2686 545 2714 manu
578 2673 662 2714 eius
696 2687 824 2727 usque
858 2674 910 2715 ad
943 2679 1118 2728 tempus,
1155 2679 1196 2715 et
1229 2679 1428 2728 tempora,
1464 2679 1506 2715 et
1538 2674 1753 2716 dimidium
1801 2675 2008 2729 temporis.

97 2733 133 2756 2⁶
157 2731 214 2773 Et
238 2731 433 2773 iudicium
459 2732 618 2773 sedebit
642 2737 689 2773 ut
715 2732 926 2773 auferatur
950 2733 1148 2786 potentia,
1177 2737 1219 2773 et
1244 2737 1492 2780 conteratur,
1521 2738 1563 2774 et
1587 2733 1791 2787 dispereat
1816 2746 1944 2788 usque
1968 2734 2010 2774 in

97 2790 231 2832 finem.
286 2792 319 2815 2⁷
349 2791 536 2844 Regnum
563 2795 714 2839 autem,
743 2796 785 2832 et
809 2796 1006 2845 potestas,
1034 2797 1076 2832 et
1101 2791 1343 2845 magnitudo
1369 2792 1493 2845 regni,
1523 2805 1613 2845 quae
1638 2796 1700 2833 est
1724 2792 1866 2833 subter
1891 2806 2010 2834 omne

97 2848 251 2898 caelum,
288 2849 408 2890 detur
440 2849 591 2903 populo
626 2855 862 2892 sanctorum
895 2850 1113 2891 Altissimi:
1149 2850 1261 2891 cuius
1295 2863 1477 2904 regnum,
1512 2863 1681 2903 regnum
1715 2851 2009 2904 sempiternum

97 2913 169 2956 est,
202 2913 243 2948 et
272 2920 411 2949 omnes
440 2921 551 2961 reges
581 2908 759 2950 servient
788 2909 834 2955 ei,
867 2913 909 2949 et
937 2909 1141 2951 obedient.

201 2968 236 2991 ²⁸
260 2966 483 3020 Hucusque
507 2966 596 3007 finis
620 2967 745 3008 verbi.
772 2967 858 3021 Ego
881 2967 1028 3008 Daniel
1050 2967 1229 3008 multum
1253 2968 1569 3021 cogitationibus
1593 2968 1691 3009 meis
1716 2969 2004 3017 conturbabar,
2049 2970 2167 3031 ‘4235ss

97 3030 138 3066 et
165 3025 288 3066 facies
318 3038 410 3065 mea
437 3029 602 3066 mutata
631 3030 692 3066 est
720 3025 761 3066 in
790 3039 873 3066 me:
905 3026 1076 3067 verbum
1106 3031 1245 3067 autem
1275 3026 1317 3067 in
1347 3026 1466 3067 corde
1495 3039 1585 3068 meo
1615 3027 1865 3069 conservavi.
2081 3024 2091 3030 ⁸
2171 3025 2176 3029 ”

270 3118 308 3157 2.
339 3117 402 3157 De
432 3115 625 3157 victoria
655 3116 927 3157 Graecorum
957 3118 1002 3158 et
1030 3118 1261 3171 impietate
1291 3118 1418 3169 regis
1448 3118 1607 3170 ultimi,
1634 3119 1675 3170 8,
1693 3120 1839 3159 1—27.

200 3188 238 3231 8.
294 3191 307 3213 1
333 3189 452 3229 Anno
479 3187 600 3229 tertio
626 3188 738 3241 regni
765 3189 975 3231 Baltassar
999 3189 1114 3243 regis,
1143 3189 1244 3231 visio
1271 3189 1463 3243 apparuit
1489 3188 1600 3230 mihi.
1629 3188 1716 3242 Ego
1741 3188 1888 3230 Daniel
1914 3194 2007 3242 post
2027 3190 2150 3219 Tempus
2169 3191 2198 3213 ‘³‘

2074 3224 2150 3249 locus

96 3246 148 3296 id,
180 3247 290 3300 quod
317 3247 500 3288 videram
528 3246 569 3286 in
596 3246 806 3301 principio,
837 3250 851 3273 2
879 3248 964 3289 vidi
991 3248 1032 3288 in
1060 3247 1215 3289 visione
1242 3261 1344 3297 mea⁷
1375 3261 1468 3288 curn
1496 3260 1624 3288 essem
1651 3247 1692 3288 in
1720 3248 1830 3289 Susis
1859 3253 2003 3296 castro,
2048 3259 2174 3287 visionis-2

97 3306 206 3359 quod
231 3310 292 3346 est
315 3305 357 3345 in
383 3305 517 3346 AElam
541 3304 721 3359 regione:
748 3306 832 3347 vidi
857 3312 996 3348 autem
1021 3306 1062 3347 in
1088 3306 1241 3347 visione
1266 3320 1351 3347 esse
1375 3320 1439 3347 me
1464 3319 1585 3360 super
1608 3311 1771 3360 portam
1796 3306 1900 3347 Ulai.

231 3397 260 3438 7,
286 3396 328 3430 10
353 3397 446 3441 aApc
474 3398 504 3438 5,
532 3398 582 3431 11.
609 3418 650 3422 -
675 3398 717 3432 14
741 3398 831 3443 bSup
856 3399 887 3438 3,
914 3399 991 3437 100;
1018 3398 1096 3432 Mch
1121 3400 1151 3439 4,
1178 3399 1212 3437 7;
1239 3398 1285 3431 Lc
1311 3399 1340 3438 1,
1365 3399 1417 3432 32.
