2356 3760
116 716 144 739 ἷῑ»
153 715 252 739 »manis

124 751 239 780 vlt-pou>-

132 793 232 810 'turc-lb

114 823 249 845 mittitur.

123 949 145 972 1&
154 948 245 977 ψιιῐικ

108 990 174 1007 <non
209 984 256 1007 lx'w-

105 1026 204 1042 ,vwxwtts
232 1022 259 1042 ut

124 1054 244 1079 Vulgata

153 1089 212 1113 51111),

128 1125 212 1149 nau-t
221 1127 236 1150 l.

134 1183 234 1206 merita

108 1217 265 1241 flavinum·-

117 1260 199 1276 «1111111
222 1258 247 1275 vr

106 1289 261 1317 praa-ertio]

123 1324 244 1347 sunonis

104 1366 260 1384 recensens.

114 2712 257 2735 sunnio-m

106 2748 208 2771 <luc-¹111
236 2749 262 2771 ot

114 2789 257 2806 summum

98 2818 274 2841 sacerdota-111

95 2854 123 2877 in
139 2857 277 2877 ueternum

106 2897 124 2906 ν-
133 2888 265 2913 »ιι-1111111.

148 3418 232 3448 idque»

88 3454 282 3478 :numum—nti<

132 3489 251 3518 publicis

142 3524 241 3548 tradit.

287 215 363 255 928
1141 212 1283 245 LIBER
1312 212 1335 244 1.
1911 215 1962 253 14,
1989 215 2030 248 22
2051 215 2130 254 214,
2157 215 2199 248 49

286 307 483 360 populum
521 311 720 349 nostrum.
760 306 1059 347 nunciaverunt
1097 305 1212 345 nobis
1249 306 1299 346 de
1335 310 1470 345 vestra
1506 304 1644 358 gloria,
1684 310 1725 346 et
1760 305 1923 353 honore,
1962 321 2008 349 ac
2043 307 2205 349 laetitia:

286 370 326 405 01
347 365 477 418 gavisi
500 378 640 406 sumus
663 365 702 405 in
726 365 897 405 introitu
921 376 1072 405 eorum.
1124 366 1155 387 22
1178 364 1234 404 Et
1256 363 1489 417 scripsimus
1513 377 1603 417 quze
1625 364 1676 404 ab
1700 363 1754 404 eis
1778 370 1895 405 erant
1917 365 2029 406 dicta
2049 367 2090 407 in
2114 379 2208 407 con-

286 422 384 463 ciliis
410 424 561 477 populi,
589 424 662 465 sic:
694 422 916 463 Numenius
942 421 1146 464 Antiochi.
1175 427 1216 463 ct
1240 422 1461 475 Antipater
1486 422 1641 463 Iasonis
1667 421 1784 468 filius,
1810 422 1935 477 legati
1960 423 2205 466 Iudaeorum.

286 490 486 523 venerunt
513 483 563 523 ad
589 496 672 524 nos.
701 488 945 522 renovantes
970 480 1182 521 nobiscum
1209 480 1433 521 amicitiam
1459 480 1687 534 pristinam.
1741 484 1773 506 2³
1797 481 1854 523 Et
1877 481 2033 535 placuit
2057 483 2208 537 populo

287 541 470 594 excipere
503 542 609 581 viros
640 540 822 591 gloriose.
857 544 898 580 et
929 552 1078 592 ponere
1110 539 1343 592 exemplum
1376 552 1609 580 sermonum
1642 552 1781 580 eorum
1814 539 1853 581 in
1885 541 2105 594 segregatis
2136 555 2207 595 po-

288 599 370 653 puli
399 600 521 642 libris.
554 606 599 640 ut
629 599 681 639 sit
710 599 762 639 ad
791 598 1029 639 memoriam
1059 598 1211 652 populo
1240 598 1556 652 Spartiatarum.
1615 598 1863 652 Exemplum
1893 604 2032 640 autem
2062 600 2204 641 11011101

287 659 519 711 scripsimus
549 657 704 698 Simoni
734 670 882 710 magno
913 657 1126 698 sacerdoti.

394 719 426 741 2⁴
447 718 543 757 Post
562 717 645 757 haec
665 722 803 757 autem
824 715 933 757 misit
951 715 1092 756 Simon
1113 715 1362 756 Numenium
1383 716 1570 763 Romam,
1592 715 1813 756 habentem
1832 715 2021 770 clypeum
2041 730 2206 757 aureum

292 789 495 822 magnum.
527 776 664 829 pondo
692 788 881 816 mnarum
910 774 1030 816 mille.
1061 775 1112 815 ad
1141 775 1406 815 statuendam
1436 788 1527 815 cum
1557 774 1611 815 eis
1639 775 1890 816 societatem.

511 881 548 920 4.
580 880 681 919 Dux
712 879 755 920 et
786 879 1006 920 sacerdos
1037 880 1080 918 in
1112 879 1335 919 aeternum
1368 878 1674 927 constituitur,
1703 879 1770 929 14,
1790 880 1995 920 24b—49.

395 948 496 989 Cum
529 954 667 989 autem
700 948 880 989 audisset
912 947 1086 1001 populus
1120 948 1331 989 Romanus
1388 949 1420 971 ²⁵
1451 960 1654 988 sermones
1686 947 1797 994 istos,
1831 949 2042 990 dixerunt:
2075 950 2209 998 Quam

289 1007 513 1061 gratiarum
540 1007 743 1049 actionem
767 1007 983 1047 reddemus
1007 1006 1174 1051 Simoni,
1201 1012 1242 1047 et
1266 1005 1355 1046 filiis
1380 1006 1488 1046 eius?
1541 1008 1576 1030 ²⁶
1601 1007 1801 1047 Restituit
1824 1007 1932 1048 enim
1955 1007 2040 1061 ipse
2063 1008 2209 1049 fratres

291 1079 395 1109 suos.
414 1073 455 1107 et
470 1066 723 1119 expugnavit
739 1066 922 1107 inimicos
942 1065 1064 1106 lsrael
1080 1066 1131 1106 ab
1147 1065 1214 1110 eis,
1232 1070 1273 1106 et
1287 1070 1526 1106 statuerunt
1540 1065 1574 1106 ei
1589 1065 1835 1113 libertatem,
1853 1072 1894 1107 et
1909 1066 2211 1120 descripserunt

292 1125 329 1165 111
360 1125 508 1166 tabulis
536 1125 658 1168 aereis.
688 1130 729 1165 et
756 1130 980 1178 posuerunt
1007 1124 1047 1164 in
1075 1123 1206 1165 titulis
1233 1124 1273 1164 in
1301 1129 1441 1165 monte
1467 1123 1575 1165 Sion.

397 1185 430 1207 ²⁷
461 1184 515 1224 Et
545 1184 621 1225 1100
650 1189 711 1224 est
741 1183 972 1237 exemplum
1003 1183 1231 1236 scripturae:
1263 1182 1479 1224 OCTAVA
1509 1182 1667 1224 decima
1695 1183 1759 1224 die
1787 1184 1935 1224 mensis
1966 1183 2070 1229 Elul,
2102 1197 2210 1226 anno

292 1243 513 1283 centesimo
551 1242 851 1296 septuagesimo
889 1242 1079 1286 secundo,
1119 1255 1226 1283 anno
1265 1241 1386 1283 tertio
1424 1242 1499 1282 sub
1536 1241 1701 1283 Simone
1737 1242 1948 1284 sacerdote
1984 1256 2132 1296 magno
2169 1242 2210 1283 in

291 1301 512 1347 Α131110111οΙ,
570 1303 605 1325 '2⁸
633 1302 673 1342 in
702 1306 909 1343 conventu
938 1314 1086 1355 magno
1115 1301 1388 1348 sacerdotum,
1419 1306 1459 1341 et
1486 1300 1638 1354 populi,
1670 1306 1711 1342 et
1737 1301 1967 1355 principum
1995 1301 2139 1355 gentis,
2170 1306 2212 1343 et

289 1360 492 1401 seniorum
520 1360 704 1414 regionis.
734 1365 834 1401 nota
860 1360 972 1401 facta
998 1364 1095 1400 sunt
1120 1359 1224 1400 haec:
1254 1359 1457 1408 Quoniam
1484 1359 1720 1413 frequenter
1745 1360 1858 1401 facta
1882 1365 1979 1401 sunt
2005 1360 2144 1413 praelia
2169 1361 2211 1401 in

287 1419 449 1473 regione
481 1425 632 1461 nostra.
695 1421 729 1444 2⁹
760 1419 901 1461 Simon
934 1424 1072 1460 autem
1105 1418 1349 1459 Mathathiae
1380 1417 1484 1459 filius
1517 1431 1566 1459 ex
1598 1418 1687 1459 filiis
1722 1418 1842 1467 [arib,
1877 1424 1918 1459 et
1948 1419 2094 1460 fratres
2126 1419 2210 1460 eius

289 1479 491 1519 dederunt
508 1492 548 1519 30
566 1478 755 1532 periculo,
776 1482 816 1519 et
833 1478 1075 1519 restiterunt
1092 1477 1334 1518 adversariis
1351 1477 1483 1531 gentis
1501 1490 1595 1520 suae.
1616 1482 1663 1518 ut
1679 1482 1838 1518 starent
1854 1482 1998 1518 sancta
2014 1478 2208 1531 ipsorum,

288 1544 329 1578 et
353 1537 435 1578 lex:
464 1543 504 1578 et
528 1537 655 1591 gloria
680 1550 830 1591 magna
853 1537 1186 1590 glorificaverunt
1209 1541 1373 1590 gentem
1400 1549 1528 1577 suam.
1582 1538 1618 1561 30
1642 1536 1699 1577 Et
1723 1536 1987 1590 congregavit
2013 1536 2210 1578 Ionathas

287 1602 451 1650 gentem
471 1610 599 1640 suam,
621 1602 661 1637 et
680 1597 813 1637 factus
833 1601 894 1637 est
911 1595 987 1636 illis
1006 1596 1193 1636 sacerdos
1211 1608 1396 1648 magnus,
1418 1600 1458 1636 et
1477 1595 1690 1649 appositus
1709 1600 1771 1636 est
1789 1595 1841 1636 ad
1858 1595 2057 1649 populum
2076 1608 2208 1637 suum.

287 1658 318 1680 ³¹
345 1656 401 1696 Et
426 1655 646 1696 voluerunt
670 1655 821 1695 inimici
848 1667 986 1695 eorum
1013 1653 1179 1698 calcare,
1208 1659 1248 1694 et
1273 1659 1449 1694 atterere
1473 1653 1678 1707 regionem
1703 1653 1897 1707 ipsorum,
1925 1659 1966 1695 et
1991 1655 2210 1696 extendere

288 1727 434 1755 manus
466 1714 505 1754 in
537 1719 680 1754 sancta
711 1726 862 1754 eorum.
922 1714 954 1737 32
985 1713 1099 1754 Tunc
1128 1712 1282 1753 restitit
1310 1712 1464 1761 Simon,
1497 1718 1538 1753 et
1568 1713 1771 1766 pugnavit
1799 1725 1872 1766 pro
1901 1718 2023 1767 gente
2053 1726 2137 1763 sua,
2170 1718 2212 1754 et

289 1773 471 1827 erogavit
488 1773 681 1826 pecunias
698 1772 862 1821 multas,
882 1777 923 1813 et
939 1771 1119 1812 armavit
1135 1772 1242 1813 viros
1260 1771 1426 1812 virtutis
1442 1771 1575 1825 gentis
1591 1785 1685 1814 suae.
1705 1776 1746 1813 et
1762 1772 1876 1813 dedit
1891 1771 1968 1813 illis
1985 1771 2208 1826 stipendia:

288 1834 321 1857 ²³3
343 1838 384 1872 et
406 1831 586 1873 munivit
608 1831 798 1872 civitates
823 1831 981 1879 Iudaeae,
1007 1836 1049 1872 et
1072 1831 1331 1880 Bethmram,
1358 1843 1448 1884 quae
1470 1836 1558 1871 erat
1579 1830 1620 1871 in
1644 1830 1792 1871 finibus
1817 1831 1976 1880 Iudaeae,
2001 1831 2071 1872 ubi
2094 1836 2212 1872 erant

289 1904 401 1932 arma
423 1889 604 1931 hostium
625 1896 765 1931 antea:
789 1894 830 1931 et
849 1890 988 1944 posuit
1007 1889 1087 1930 illic
1107 1889 1341 1943 praesidium
1362 1889 1469 1930 viros
1493 1889 1662 1931 Iudaeos.
1711 1891 1744 1914 ³⁴¹
1765 1889 1821 1930 Et
1842 1889 1997 1943 Ioppen
2018 1889 2208 1938 munivit,

289 1963 379 2004 quae
398 1957 486 1990 erat
505 1950 556 1990 ad
576 1962 704 1990 mare:
726 1954 768 1990 et
785 1949 999 1992 Gazararn,
1022 1962 1112 2002 quae
1130 1953 1192 1989 est
1210 1948 1251 1989 in
1270 1947 1419 1989 finibus
1438 1948 1571 1997 Azoti‚
1591 1948 1632 1989 in
1653 1961 1735 2002 qua
1752 1948 1888 1989 hostes
1908 1953 2031 1989 antea
2049 1948 2211 1990 habita-

289 2010 402 2051 bant.
429 2014 469 2049 et
492 2008 709 2049 collocavit
732 2007 810 2049 illic
836 2008 1013 2048 Iudaeos:
1039 2013 1080 2048 et
1104 2020 1373 2061 quaecumque
1396 2011 1496 2061 apta
1519 2012 1636 2048 erant
1659 2008 1712 2049 ad
1734 2007 2032 2061 correptionem
2056 2019 2209 2056 eorum,

288 2068 425 2121 posuit
445 2067 485 2108 in
507 2067 573 2108 eis.
621 2069 653 2092 ³⁵
673 2067 729 2108 Et
748 2066 854 2108 vidit
872 2066 1048 2120 populus
1069 2071 1208 2108 actum
1228 2065 1416 2108 Simonis.
1439 2071 1481 2106 et
1498 2065 1681 2119 gloriam,
1704 2079 1828 2120 quam
1849 2066 2060 2120 cogitabat
2078 2066 2211 2107 facere

287 2126 399 2181 genti
425 2140 517 2170 suae,
545 2133 584 2167 et
610 2131 837 2180 posuerunt
860 2139 953 2166 eum
978 2126 1123 2166 ducem
1148 2139 1280 2171 suum,
1307 2130 1348 2166 et
1372 2124 1597 2179 principem
1621 2125 1894 2170 sacerdotum,
1921 2138 1966 2166 eo
1992 2125 2102 2179 quod
2126 2124 2211 2178 ipse

290 2186 443 2226 fecerat
464 2186 548 2226 haec
569 2185 717 2229 omnia,
740 2191 779 2225 et
800 2184 1014 2226 iustitiam.
1037 2189 1078 2225 et
1097 2184 1232 2231 fidem,
1256 2197 1381 2237 quam
1401 2184 1662 2225 conservavit
1680 2184 1791 2238 genti
1811 2197 1906 2233 suae,
1928 2189 1969 2225 et
1988 2183 2212 2238 exquisivit

290 2244 401 2286 omni
416 2245 539 2285 modo
556 2243 738 2285 exaltare
754 2243 953 2297 populum
969 2256 1100 2284 suum.
1145 2244 1181 2267 3⁶
1196 2242 1253 2283 Et
1268 2243 1309 2283 in
1325 2242 1468 2284 diebus
1485 2242 1568 2284 eius
1585 2247 1871 2296 prosperatum
1888 2247 1949 2284 est
1964 2243 2006 2284 in
2020 2242 2211 2284 manibus

290 2304 385 2344 01113.
418 2308 465 2343 ut
493 2302 734 2344 tollerentur
761 2307 902 2356 gentes
931 2303 980 2343 de
1009 2301 1170 2356 regione
1198 2301 1392 2355 ipsorum,
1423 2306 1465 2342 et
1494 2301 1563 2355 qui
1591 2301 1632 2342 in
1661 2301 1831 2343 civitate
1858 2301 1997 2343 David
2025 2306 2143 2343 erant
2170 2301 2211 2342 in

292 2361 511 2403 Ierusalem
538 2361 577 2402 in
605 2374 707 2409 arce,
737 2362 786 2402 de
813 2374 895 2414 qua
920 2361 1211 2415 procedebant,
1240 2365 1282 2401 et
1307 2360 1652 2402 contaminabant
1677 2360 1826 2408 omnia,
1856 2373 1946 2414 quae
1971 2360 2012 2401 in
2039 2360 2211 2401 circuitu

289 2426 526 2462 sanctorum
558 2425 666 2464 sunt,
699 2425 740 2461 et
770 2419 1003 2461 inferebant
1032 2419 1196 2473 plagam
1226 2432 1419 2473 magnam
1451 2419 1652 2460 castitati:
1711 2420 1745 2444 ³⁷
1777 2424 1818 2460 et
1847 2419 2064 2461 collocavit
2093 2419 2135 2460 in
2165 2432 2213 2460 ea

290 2480 397 2521 viros
428 2479 586 2520 Iudaeos
615 2480 666 2520 ad
694 2483 977 2520 tutamentum
1005 2478 1190 2533 regionis,
1220 2483 1262 2519 et
1289 2478 1482 2523 civitatis,
1512 2483 1553 2518 et
1581 2477 1783 2519 exaltavit
1809 2490 1946 2520 muros
1976 2477 2209 2520 Ierusalem.

288 2541 324 2564 ³⁸
357 2539 412 2579 Et
445 2551 515 2578 rex
541 2537 774 2578 Demetrius
807 2537 957 2579 statuit
989 2537 1044 2578 illi
1078 2551 1284 2578 summum
1317 2537 1604 2578 sacerdotium.
1665 2539 1700 2561 ³⁹
1732 2537 1965 2579 Secundum
1998 2537 2084 2578 haec
2115 2537 2212 2578 fecit

290 2611 383 2639 eum
411 2597 588 2638 amicum
616 2610 748 2645 suum,
778 2602 819 2637 et
844 2596 1089 2650 glorificavit
1116 2609 1209 2637 eum
1236 2595 1364 2650 gloria
1390 2609 1550 2649 magna.
1606 2598 1643 2620 40
1668 2595 1842 2637 Audivit
1868 2595 1976 2637 enim
2004 2596 2114 2650 quod
2142 2609 2212 2649 ap-

292 2655 432 2710 pellati
455 2661 550 2696 sunt
576 2655 701 2696 Iudaei
725 2669 748 2696 a
771 2655 967 2696 Romanis
991 2655 1121 2701 amici,
1147 2660 1188 2696 et
1209 2655 1317 2702 socii,
1343 2659 1384 2695 et
1405 2654 1563 2704 fratres,
1588 2659 1629 2695 et
1652 2654 1748 2708 quia
1769 2660 2035 2708 susceperunt
2055 2653 2211 2708 legatos

292 2714 467 2757 Simonis
497 2713 685 2765 gloriose:
745 2716 775 2738 *¹¹
807 2719 848 2755 et
879 2714 975 2768 quia
1008 2714 1145 2758 Iudaei.
1178 2719 1220 2755 et
1249 2714 1480 2755 sacerdotes
1511 2726 1651 2754 eorum
1681 2718 1974 2755 consenserunt
2003 2726 2096 2754 eum
2127 2726 2211 2754 esse

293 2775 437 2815 ducem
465 2786 596 2817 suum.
625 2778 666 2813 et
692 2786 899 2814 summum
925 2773 1179 2814 sacerdotem
1206 2773 1246 2813 in
1273 2778 1484 2819 aeternum,
1513 2773 1642 2814 donec
1667 2778 1809 2826 surgat
1834 2772 2037 2826 propheta
2062 2771 2209 2813 fidelis:

292 2835 324 2857 *¹²
341 2839 380 2873 et
399 2837 444 2873 ut
461 2832 513 2873 sit
530 2845 651 2885 super
667 2845 733 2873 eos
750 2832 846 2875 dux,
866 2837 905 2872 et
923 2837 968 2872 ut
986 2845 1083 2872 cura
1099 2837 1204 2873 esset
1219 2831 1276 2872 illi
1292 2844 1365 2885 pro
1382 2831 1545 2878 sanctis,
1565 2837 1606 2872 et
1622 2836 1669 2872 ut
1686 2831 1956 2872 constitueret
1971 2831 2211 2885 praepositos

293 2904 413 2945 super
443 2904 565 2944 opera
595 2903 746 2937 eorum,
779 2896 820 2931 et
849 2903 970 2944 super
999 2890 1215 2941 regionem,
1248 2896 1289 2931 et
1318 2903 1439 2943 super
1468 2903 1593 2935 arma.
1626 2895 1667 2931 et
1696 2903 1817 2944 super
1846 2889 2051 2944 praesidia:
2108 2891 2142 2914 43
2171 2894 2211 2930 et

291 2963 385 2990 cura
412 2950 463 2990 sit
489 2949 543 2990 illi
571 2950 619 2990 de
645 2949 814 2990 sanctis:
843 2955 883 2990 et
909 2955 954 2990 ut
981 2949 1174 2990 audiatur
1199 2950 1250 2990 ab
1277 2949 1478 2997 omnibus,
1525 2955 1566 2990 et
1599 2949 1832 2990 scribantur
1864 2949 1903 2989 in
1938 2948 2102 2990 nomine
2127 2948 2211 2989 eius

291 3022 429 3049 omnes
455 3008 772 3061 conscriptiones
797 3008 837 3048 in
862 3008 1041 3061 regione:
1068 3013 1109 3048 et
1133 3013 1180 3048 ut
1205 3007 1414 3061 operiatur
1436 3020 1630 3061 purpura,
1658 3012 1699 3048 et
1723 3020 1840 3048 auro:
1893 3009 1926 3032 44
1951 3012 1993 3048 et
2016 3020 2066 3048 ne
2090 3006 2212 3048 liceat

292 3067 359 3107 11111
383 3081 431 3107 ex
451 3067 614 3121 populo.
635 3073 675 3107 et
699 3080 747 3107 ex
771 3067 1050 3108 sacerdotibus
1075 3067 1233 3107 irritum
1258 3067 1389 3107 facere
1413 3066 1568 3120 aliquid
1591 3067 1748 3113 horum,
1769 3072 1811 3107 et
1834 3066 2112 3108 contradicere
2134 3065 2208 3109 his.

292 3140 381 3178 quie
397 3127 447 3166 ab
464 3140 509 3167 eo
526 3126 730 3170 dicuntur,
749 3131 822 3166 aut
837 3138 1062 3167 convocare
1078 3130 1329 3166 conventum
1345 3125 1385 3165 in
1400 3125 1562 3179 regione
1577 3125 1662 3166 sine
1678 3125 1784 3178 ipso:
1801 3130 1843 3166 et
1858 3124 1999 3165 vestiri
2014 3136 2208 3179 purpura.

291 3190 330 3224 et
351 3185 409 3224 uti
430 3184 451 3224 fi
461 3185 553 3225 bula
572 3197 706 3226 aurea.
738 3187 770 3209 ⁴⁵
790 3184 858 3238 qui
877 3190 1016 3225 autem
1035 3184 1176 3224 fecerit
1194 3189 1312 3224 extra
1329 3184 1425 3231 haec,
1446 3188 1520 3224 aut
1536 3183 1698 3224 irritum
1716 3184 1859 3225 fecerit
1876 3183 2032 3237 aliquid
2049 3183 2208 3230 horum,

294 3255 382 3282 reus
411 3244 496 3284 erit.
554 3246 589 3267 4⁶
618 3243 674 3284 Et
702 3242 950 3297 complacuit
979 3243 1089 3284 omni
1119 3242 1267 3296 populo
1297 3248 1478 3283 statuere
1506 3242 1726 3288 Simonem,
1757 3247 1799 3284 et
1825 3243 1958 3283 facere
1985 3242 2211 3283 secundum

295 3301 419 3341 verba
443 3301 530 3342 ista.
582 3304 615 3326 ⁴7
643 3302 694 3342 Et
717 3302 895 3355 suscepit
917 3302 1070 3347 Simon,
1096 3307 1137 3342 et
1159 3301 1314 3354 placuit
1337 3301 1371 3341 ei
1395 3308 1441 3342 ut
1463 3314 1623 3342 summo
1645 3301 1873 3343 sacerdotio
1896 3301 2146 3355 fungeretur,
2171 3306 2212 3341 et

293 3365 397 3399 essct
434 3360 529 3401 dux,
569 3367 607 3400 01
644 3360 830 3413 princeps
865 3361 996 3413 gentis
1037 3360 1279 3403 Iudaeorum,
1318 3365 1359 3401 et
1394 3360 1666 3404 sacerdotum,
1705 3365 1745 3400 et
1780 3364 1973 3414 praeesset
2008 3359 2209 3401 omnibus.

402 3419 436 3441 48
457 3419 507 3458 Ε1
525 3419 768 3471 scripturam
786 3419 908 3460 istam
925 3419 1119 3460 dixerunt
1136 3431 1284 3472 ponere
1302 3418 1340 3458 in
1359 3418 1510 3459 tabulis
1527 3419 1649 3462 aereis,
1669 3424 1710 3459 et
1726 3431 1875 3472 ponere
1891 3431 1957 3459 eas
1973 3417 2014 3459 in
2031 3417 2212 3472 peribolo

300 3483 548 3520 sanctorum,
573 3477 611 3517 in
634 3477 719 3518 loco
742 3477 905 3519 celebri:
955 3480 990 3502 ⁴⁹
1011 3477 1243 3532 exemplum
1266 3483 1404 3518 autem
1426 3490 1565 3518 eorum
1587 3490 1736 3531 ponere
1756 3477 1797 3518 in
1818 3476 1970 3526 aerario,
1993 3482 2041 3518 ut
2061 3476 2212 3518 habeat

300 3535 452 3585 Simon,
485 3542 526 3577 et
555 3535 625 3576 filii
654 3536 750 3577 eius.
