2356 3760
177 141 210 179 5,
237 139 354 177 10—5‚
382 138 424 171 20
893 137 931 170 B.
960 136 1115 171 IACOBI
1140 136 1364 171 APOSTOLI
1968 140 2068 180 1177

175 230 417 272 iudieemini.
442 231 546 273 Ecce
566 230 688 272 iudex
709 234 804 271 ante
825 228 989 270 ianuam
1012 229 1176 271 assistit.
1228 232 1262 254 1⁰
1283 229 1528 283 Exemplum
1551 229 1731 283 aecipite,
1756 231 1912 275 fratres.
1936 231 2068 273 exitus

174 289 282 339 malj,
307 290 467 339 laboris,
494 295 535 331 et
557 288 776 343 patientiae,
801 288 1046 341 Prophetas:
1073 287 1141 342 qui
1163 288 1289 330 locuti
1313 295 1408 329 sunt
1431 289 1472 329 in
1496 288 1658 330 nomine
1681 288 1857 331 Domini.
1911 293 1940 314 11
1965 290 2069 331 Eece

175 348 454 390 beatifioamus
487 362 565 397 eos,
601 347 670 402 qui
702 345 993 387 sustinuerunt.
1029 346 1318 388 Sufferentiam
1354 347 1426 388 Iob
1461 346 1642 396 audistis,
1678 353 1718 388 et
1750 347 1871 389 finem
1904 349 2070 390 Domini

174 406 344 455 vidistis,
376 407 569 461 quoniam
597 403 819 447 misericors
847 405 1047 447 Dominus
1076 412 1148 455 est,
1179 412 1219 447 et
1247 405 1470 447 miserator.

563 511 602 551 3.
632 509 718 549 Pro
748 509 1019 559 iurantibus,
1050 510 1258 560 aegrotis,
1287 508 1435 559 iustis,
1463 509 1503 558 5,
1522 509 1693 549 12-20,

278 582 309 604 1²
334 580 442 621 Ante
468 579 604 621 omnia
628 584 766 619 autem
792 579 936 620 fratres
962 579 1041 620 mei
1071 579 1215 621 anolite
1241 579 1383 629 iurare,
1411 592 1542 633 neque
1568 592 1638 632 per
1664 579 1816 629 caelum,
1844 593 1974 634 neque
2000 594 2070 634 per
2090 582 2205 606 Fratres
2226 588 2259 605 ¹²8

173 644 335 689 terram,
363 652 494 692 neque
521 637 630 678 aliud
657 638 943 691 quodcumque
969 637 1256 679 iuramentum.
1284 638 1346 679 Sit
1372 643 1510 680 autem
1538 651 1667 680 sermo
1694 644 1844 680 vester:
1873 639 1961 689 Est,
1990 645 2067 680 est:
2120 619 2228 677 ἶιῗῗεῖῗῖτῗ

174 697 277 747 Non,
309 711 408 739 non:
440 703 485 737 ut
514 710 595 737 non
625 696 698 737 sub
728 695 875 738 iudicio
905 696 1113 738 decidatis.

277 758 308 780 1³
338 756 540 796 Tristatur
567 754 710 808 aliquis
740 755 946 796 vestrum?
978 761 1081 797 oret:
1112 756 1246 810 AEquo
1275 755 1411 797 animo
1441 755 1524 797 est?
1555 755 1714 808 psallat.
1774 758 1803 780 1⁴
1835 756 2262 816 Infisnffitufeffisssslffffffi

174 814 261 868 quis
281 814 321 854 in
343 814 481 856 vobis?
503 813 672 855 inducat
690 814 947 867 presbyteros
968 814 1168 863 Ecclesiae‚
1191 821 1232 855 et
1253 820 1369 856 orent
1388 828 1508 867 super
1527 827 1631 863 eum,
1655 819 1850 867 ungentes
1872 829 1962 856 eum
1984 815 2069 857 oleo
2088 808 2094 815 ‘
2113 811 2129 822 ⁰
2143 827 2205 851 oleo

172 873 213 913 in
232 873 393 914 nomine
411 873 595 914 Domini:
644 875 674 897 15
693 879 733 913 et
754 873 883 914 oratio
902 872 995 913 fidei
1015 873 1192 914 salvabit
1210 873 1429 923 infirmum,
1451 879 1491 914 et
1511 872 1719 914 alleviabit
1738 886 1830 914 eum
1850 874 2068 915 Dominus:
2097 864 2252 893 ungantur·

172 938 213 973 et
241 931 272 972 si
300 931 340 972 in
368 931 544 985 peccatis
573 931 636 979 sit,
667 931 929 973 remittentur
956 931 1001 973 ei.

276 991 311 1014 1⁶
326 990 583 1031 Confitemini
599 1003 690 1044 ergo
707 990 949 1032 alterutrum
964 997 1135 1045 peccata
1149 996 1297 1040 vestra,
1316 997 1356 1032 et
1372 997 1485 1032 orate
1499 1004 1572 1044 pro
1588 990 1761 1032 invicem
1777 997 1824 1032 ut
1839 991 2067 1032 salvemini:
2083 995 2151 1020 iusti
2162 995 2277 1055 aSStidue

171 1048 347 1090 multum
379 1049 485 1090 enim
518 1049 627 1090 valet
658 1049 889 1102 deprecatio
920 1049 1016 1091 iusti
1048 1049 1220 1092 assidua.
1282 1052 1315 1074 1⁷
1352 1050 1480 1090 bElias
1512 1049 1635 1090 homo
1666 1056 1754 1091 erat
1785 1049 1923 1091 similis
1953 1050 2070 1092 nobis
2133 1038 2201 1056 ΟΜ

171 1107 388 1161 passibilis:
414 1113 455 1148 et
479 1108 660 1149 oratione
686 1107 818 1149 oravit
842 1115 888 1149 ut
911 1122 992 1150 non
1016 1108 1173 1162 plueret
1197 1122 1316 1162 super
1340 1115 1501 1158 terram,
1528 1114 1568 1149 et
1591 1121 1672 1149 non
1697 1108 1801 1162 pluit
1824 1122 1952 1150 annos
1978 1114 2069 1158 tres,

171 1171 212 1207 et
228 1179 385 1207 menses
404 1179 485 1207 sex.
533 1169 567 1191 1⁸
585 1166 640 1207 Et
658 1180 817 1207 rursum
837 1167 988 1208 oravit:
1009 1174 1050 1209 et
1068 1167 1209 1208 caelum
1229 1167 1341 1209 dedit
1360 1167 1555 1221 pluviam,
1576 1172 1617 1208 et
1636 1173 1743 1208 terra
1761 1168 1873 1209 dedit
1891 1168 2069 1209 fructum

170 1237 300 1266 suum.

275 1285 310 1307 ¹9
334 1283 495 1325 Fratres
520 1283 610 1333 mei,
638 1283 670 1325 si
696 1284 783 1338 quis
809 1298 859 1325 ex
884 1285 999 1326 vobis
1025 1285 1220 1326 erraverit
1244 1298 1268 1326 a
1293 1285 1477 1334 veritate,
1505 1289 1547 1326 et
1571 1285 1818 1327 converterit
1845 1285 1932 1339 quis
1958 1299 2068 1326 eum:
2094 1288 2258 1351 pegggffies

170 1343 206 1366 ²⁰
227 1341 325 1383 seire
348 1343 469 1384 debet
493 1343 685 1397 quoniam
710 1343 777 1397 qui
801 1344 983 1384 converti
1007 1344 1146 1385 feeerit
1168 1350 1423 1397 peecatorem
1446 1344 1497 1384 ab
1520 1357 1652 1385 errore
1674 1344 1749 1385 viae
1775 1357 1868 1394 suae,
1893 1344 2070 1385 salvabit
2083 1357 2267 1382 convertant.

170 1400 348 1442 animam
378 1401 461 1442 eius
490 1415 513 1442 a
540 1408 682 1450 morte,
714 1407 755 1442 et
783 1401 937 1454 operiet
964 1402 1271 1443 multitudinem
1301 1408 1573 1456 peecatorum.

301 1503 333 1546 5,
357 1503 400 1537 12
423 1478 549 1538 aiae.
574 1504 626 1537 34.
652 1524 694 1527 -
718 1504 760 1537 17
784 1504 822 1536 bi
850 1504 902 1549 Rg
927 1504 979 1545 17,
1006 1506 1039 1545 1;
1066 1505 1112 1538 Le
1137 1506 1166 1545 4,
1192 1505 1244 1540 25.
