2356 3760
269 138 368 179 1092
961 134 1108 169 ACTUS
1134 133 1481 168 APOSTOLORUM
1896 137 1948 178 23,
1976 137 2119 179 18—24,
2144 137 2187 171 16

264 229 576 271 Adolescentem
606 229 714 270 hunc
741 228 894 281 perduc
922 227 975 268 ad
1004 227 1230 275 tribunum,
1259 227 1387 268 habet
1415 228 1521 269 enim
1552 227 1707 282 aliquid
1734 228 1914 270 indicare
1941 230 2010 272 illi.
2068 231 2103 255 ¹⁸
2131 230 2188 272 Et

263 288 328 329 ille
356 288 521 342 quidem
549 300 758 329 assumens
785 299 877 327 eum
904 286 1025 326 duxit
1052 286 1103 327 ad
1130 285 1357 336 tribunum,
1385 292 1426 328 et
1452 287 1528 328 ait:
1557 287 1730 328 Vinctus
1756 287 1908 329 Paulus
1935 289 2097 342 rogavit
2121 303 2186 330 me

264 347 372 388 hunc
395 346 694 388 adolescentem
719 345 938 398 perducere
961 345 1011 385 ad
1036 349 1089 390 te,
1114 345 1334 386 habentem
1358 345 1514 400 aliquid
1536 345 1647 399 loqui
1669 346 1757 387 tibi.
1808 348 1843 370 ¹⁹
1865 346 2187 400 Apprehendens

264 411 403 447 autern
428 406 617 447 tribunus
640 417 808 445 manum
830 402 949 453 illius,
975 403 1140 445 secessit
1162 417 1253 445 eum
1277 417 1324 446 eo
1346 417 1540 454 seorsum,
1565 409 1607 445 et
1628 404 1900 459 interrogavit
1920 405 2054 447 illum:
2079 406 2184 455 Quid

264 470 336 511 est,
372 466 480 519 quod
513 465 637 505 habes
669 462 847 503 indicare
877 462 1001 503 mihi?
1060 464 1097 487 ²⁰
1128 462 1199 503 Ille
1230 468 1369 504 autem
1400 463 1524 504 dixit:
1560 463 1706 504 ludaeis
1737 464 1931 505 convenit
1960 478 2101 518 rogare
2132 469 2185 511 te,

264 530 311 566 ut
343 524 522 565 crastiua
555 522 619 563 die
651 522 853 575 producas
886 521 1058 562 Paulum
1094 521 1135 562 in
1169 521 1398 571 concilium,
1435 521 1549 575 quasi
1583 522 1737 575 aliquid
1771 522 1920 564 certius
1952 523 2188 577 inquisituri

264 583 344 624 sint
372 583 421 623 de
449 581 533 622 illo:
589 583 619 605 2¹
648 587 694 621 tu
720 593 817 622 vero
843 593 893 621 ne
920 580 1136 622 credideris
1163 580 1251 629 illis,
1281 580 1529 621 insidiantur
1554 581 1662 622 enim
1689 581 1724 621 ei
1751 595 1800 621 ex
1827 581 1882 623 eis
1909 581 1986 622 viri
2012 582 2188 636 amplius

265 655 388 695 quam
417 639 704 694 quadraginta,
735 638 805 693 qui
832 652 872 680 se
900 639 1159 682 devoverunt
1184 652 1268 680 non
1293 640 1555 688 manducare,
1585 653 1717 694 neque
1746 640 1882 681 bibere
1909 641 2038 682 donec
2065 640 2189 682 inter-

262 700 402 741 ficiant
423 712 534 740 eum:
559 704 600 740 et
622 711 730 739 nunc
751 697 889 752 parati
911 702 1019 747 sunt,
1044 703 1310 752 expectantes
1331 697 1577 751 promissum
1600 703 1732 740 tuum.
1782 700 1815 723 ²2
1837 698 2043 741 Tribunus
2064 699 2189 753 igitur

262 758 415 800 dimisit
440 758 750 804 adolescentem,
778 756 1016 811 praecipiens
1038 770 1088 798 ne
1112 757 1176 798 cui
1198 757 1438 811 loqueretur
1461 756 1655 811 quoniam
1681 758 1767 799 haec
1789 762 1891 800 nota
1913 758 1988 800 sibi
2012 758 2186 802 fecisset.

695 867 733 907 5.
764 866 932 908 Paulus
964 866 1227 907 Caesaream
1260 868 1447 917 missus,
1476 868 1543 918 23,
1563 868 1614 908 23
1628 868 1736 908 Ᾱ35.

119 942 190 967 0¹¹¹¹¹
367 942 398 964 ²²³
434 939 487 980 Et
522 937 678 979 vocatis
712 938 872 979 duobus
906 937 1234 987 Centurionibus,
1270 938 1377 979 dixit
1409 938 1503 979 illis:
1539 939 1688 979 Parate
1721 938 1871 980 milites
1905 940 2106 981 ducentos
2139 944 2188 981 ut

67 978 251 1052 111-[1911113110
266 1006 360 1040 eant
388 1011 515 1051 usquc
540 997 776 1042 Caesaream,
804 1001 845 1037 et
869 997 1027 1050 equites
1052 997 1328 1051 septuaginta,
1355 1002 1397 1038 et
1420 997 1643 1039 lancearios
1669 998 1867 1039 ducentos
1892 1011 1916 1039 a
1940 998 2066 1040 tertia
2088 998 2190 1040 hora

70 1050 99 1073 “t
121 1048 243 1078 ‘'¹'¹*¹‘'¹²¹
268 1057 414 1099 noctis:
480 1058 512 1081 ²⁴
549 1060 591 1096 et
627 1055 809 1096 iumenta
848 1061 1076 1109 praeparate
1114 1061 1161 1097 ut
1198 1056 1455 1110 imponentes
1492 1056 1679 1106 Paulum,
1720 1056 1880 1098 salvum
1918 1058 2189 1111 perducerent

263 1117 314 1157 ad
336 1116 509 1156 Felicem
534 1114 758 1168 praesidem,
810 1116 858 1166 (25
881 1114 1037 1156 Timuit
1058 1114 1164 1155 enim
1186 1128 1236 1155 ne
1257 1115 1364 1157 forte
1385 1120 1577 1169 raperent
1598 1129 1691 1156 eum
1716 1115 1854 1165 Iudaei,
1878 1120 1920 1157 et
1942 1115 2185 1165 occiderent,

262 1180 303 1216 et
328 1175 414 1229 ipse
440 1180 584 1228 postea
610 1172 857 1214 calumniam
885 1173 1116 1223 sustineret,
1146 1179 1361 1227 tamquam
1390 1178 1633 1228 accepturus
1659 1174 1892 1228 pecuniam)
1947 1176 1983 1199 2⁶
2010 1174 2189 1217 scribens

262 1234 479 1288 epistolam
507 1232 787 1274 continentem
816 1232 919 1273 haec:
975 1232 1253 1274 CLAUDIUS
1282 1233 1425 1287 Lysias
1454 1233 1611 1287 optimo
1638 1233 1818 1284 Praesidi,
1847 1233 1972 1275 Felici
1999 1233 2187 1276 salutem.

262 1295 296 1317 ²⁷
317 1293 460 1333 Virum
480 1292 589 1332 hunc
609 1292 949 1345 comprehensum
970 1305 995 1333 a
1016 1292 1174 1341 Iudaeis,
1197 1297 1239 1333 et
1257 1292 1521 1346 incipientem
1542 1292 1716 1333 interfici
1736 1293 1788 1333 ab
1809 1292 1876 1342 eis,
1899 1293 2189 1346 superveniens

264 1366 356 1393 cum
380 1351 560 1392 exercitu
583 1350 723 1403 eripui,
749 1350 914 1404 cognito
938 1351 1035 1405 quia
1059 1351 1272 1392 Romanus
1294 1357 1374 1392 est:
1424 1353 1460 1375 ‘²8
1483 1351 1715 1405 Volensque
1738 1351 1837 1393 scire
1860 1365 2038 1401 causam,
2065 1365 2189 1406 quam

264 1410 513 1452 obiiciebant
536 1409 602 1458 illi,
628 1409 780 1450 deduxi
804 1423 896 1450 eum
919 1409 960 1450 in
984 1409 1201 1451 concilium
1225 1423 1378 1452 eorum.
1430 1412 1465 1434 ²⁰
1488 1410 1620 1459 Quem
1643 1410 1781 1451 inveni
1805 1410 1987 1452 accusari
2010 1411 2059 1452 de
2083 1424 2190 1465 quae-

264 1470 466 1511 stionibus
493 1469 590 1522 legis
616 1468 810 1521 ipsorum,
838 1468 939 1508 nihil
966 1482 1062 1510 vero
1089 1468 1259 1522 dignum
1285 1474 1418 1510 morte
1446 1474 1519 1510 aut
1545 1469 1720 1511 vinculis
1746 1469 1969 1511 habentem
1997 1469 2188 1511 criminis.

263 1531 300 1553 3⁰
327 1529 382 1569 Et
411 1542 503 1569 eum
531 1527 631 1568 mihi
660 1526 863 1580 perlatum
893 1533 998 1569 esset
1026 1528 1075 1568 de
1103 1527 1270 1576 insidiis,
1303 1541 1404 1581 quas
1431 1534 1682 1581 paraverant
1709 1528 1777 1577 illi,
1808 1528 1899 1569 misi
1927 1542 2020 1569 eum
2049 1529 2101 1569 ad
2130 1533 2188 1570 te:

265 1587 516 1628 denuncians
545 1592 587 1627 et
615 1586 922 1627 accusatoribus
951 1591 998 1627 ut
1026 1586 1167 1627 dicant
1195 1587 1306 1640 apud
1334 1591 1386 1635 te,
1418 1586 1529 1628 Vale.

79 1648 238 1708 Offgssirffiss
370 1649 401 1671 31
443 1645 592 1686 Milites
632 1658 726 1698 ergo
767 1645 991 1686 secundum
1032 1651 1284 1698 praeceptum
1325 1645 1413 1695 sibi,
1456 1651 1710 1687 assumentes
1750 1645 1938 1695 Paulum,
1982 1646 2192 1688 duxerunt

266 1719 338 1759 per
359 1711 521 1747 noctem
545 1704 586 1744 in
608 1703 929 1758 Antipatridem.
979 1706 1012 1728 ³2
1036 1704 1092 1746 Et
1112 1710 1280 1757 postera
1302 1704 1366 1746 die
1389 1704 1565 1746 dimissis
1588 1704 1795 1758 equitibus
1818 1711 1866 1746 ut
1887 1718 1980 1746 cum
2003 1718 2049 1747 eo
2071 1705 2189 1755 irent,

266 1764 416 1805 reversi
446 1769 543 1805 sunt
572 1763 625 1804 ad
655 1768 801 1804 castra.

75 1823 244 1884 affsquff'sffiilssfi
371 1826 403 1848 33
429 1822 507 1871 Qui
534 1836 625 1863 cum
653 1822 861 1863 venissent
886 1822 1122 1869 Caesaream,
1151 1827 1193 1864 et
1217 1822 1486 1864 tradidissent
1510 1822 1728 1876 epistolam
1754 1823 1926 1876 praesidi,
1955 1827 2193 1865 statuerunt

120 1876 148 1883 ‘⁷
223 1878 227 1882 ’
267 1887 362 1924 ante
390 1881 504 1922 illum
533 1886 574 1922 et
600 1880 788 1922 Paulum.
844 1883 876 1905 3¹
904 1881 1005 1922 Cum
1034 1881 1196 1934 legisset
1223 1886 1375 1929 autem,
1406 1886 1447 1922 et
1473 1881 1766 1935 interrogasset
1793 1882 1842 1923 de
1871 1895 1953 1935 qua
1979 1881 2193 1935 provincia

264 1947 387 1982 esset:
419 1946 461 1982 et
490 1953 738 1994 cognoscens
769 1939 866 1993 quia
895 1940 944 1981 de
975 1940 1124 1989 Cilicia,
1182 1943 1214 1965 3⁵
1244 1940 1423 1981 Audiam
1454 1945 1506 1989 te,
1538 1940 1687 1994 inquit,
1719 1954 1811 1982 cum
1842 1945 2100 1983 accusatores
2131 1941 2192 1982 tui

265 1999 464 2041 venerint.
499 1999 704 2053 Iussitque
732 1999 773 2039 in
802 1999 992 2052 przetorio
1023 1999 1197 2041 Herodis
1227 1999 1422 2041 custodiri
1452 2014 1558 2041 011111.

605 2110 644 2151 6.
675 2109 843 2150 Paulus
875 2120 1030 2150 coram
1061 2109 1203 2149 Felice
1234 2120 1286 2149 se
1317 2110 1586 2160 defendens,
1617 2110 1850 2160 24‚1—22.

72 2183 115 2206 Ad
136 2189 252 2206 «11111111-
374 2179 437 2222 24.
495 2182 507 2203 ¹
537 2180 638 2220 Post
678 2178 857 2232 quinque
898 2184 1036 2220 autem
1078 2179 1162 2220 dies
1202 2179 1414 2220 descendit
1453 2179 1640 2233 princeps
1680 2179 1953 2229 sacerdotum,
1995 2179 2191 2230 Ananias,

80 2221 245 2279 ruiissssiiifun
269 2252 360 2280 cum
394 2238 619 2279 senioribus
652 2238 912 2291 quibusdam,
947 2243 988 2279 et
1019 2237 1202 2279 Tertullo
1234 2239 1413 2291 quodam
1447 2245 1620 2287 oratore,
1655 2238 1723 2292 qui
1756 2239 1947 2280 adierunt
1978 2239 2190 2292 praesidem

269 2298 463 2338 adversus
495 2297 683 2338 Paulum.
743 2299 757 2321 ‘2
789 2297 845 2338 Et
877 2296 1005 2338 citato
1036 2297 1165 2338 Paulo
1197 2297 1324 2350 ooepit
1355 2310 1544 2338 accusare
1577 2297 1794 2345 Tertullus,
1827 2297 1983 2338 dicens:
2017 2297 2119 2338 Cum
2150 2297 2191 2338 111

266 2357 399 2398 multa
420 2370 519 2410 pace
541 2369 710 2409 agamus
732 2369 804 2409 per
825 2361 876 2403 te,
901 2362 942 2397 et
963 2355 1096 2397 multa
1117 2356 1374 2409 corrigantur
1393 2369 1466 2409 per
1486 2362 1601 2398 tuam
1624 2356 1948 2409 providentiam3
1997 2358 2013 2381 3
2034 2370 2193 2410 semper

268 2422 309 2457 et
340 2416 490 2469 ubique
521 2415 775 2468 suscipimus,
809 2415 962 2468 optime
992 2414 1119 2463 Felix,
1151 2429 1242 2455 cum
1274 2415 1385 2457 omni
1414 2415 1639 2465 gratiarum
1671 2415 1843 2456 actione.
1901 2417 1917 2439 4
1948 2415 2007 2456 Ne
2037 2415 2192 2457 diutius

269 2480 407 2515 autem
442 2480 481 2514 te
514 2474 765 2527 protraham,
801 2488 882 2523 oro,
916 2474 1096 2515 breviter
1127 2474 1269 2515 audias
1300 2487 1375 2515 nos
1407 2487 1480 2527 pro
1513 2480 1586 2515 tua
1617 2474 1844 2515 clementia.
1905 2476 1920 2498 5
1954 2474 2192 2516 Invenimus

268 2534 376 2574 hunc
403 2533 610 2575 hominem
638 2533 891 2586 pestiferum,
920 2539 961 2574 et
988 2533 1265 2574 concitantem
1294 2533 1512 2574 seditiones
1541 2533 1730 2574 omnibus
1760 2532 1906 2574 Iudaeis
1933 2533 1975 2573 in
2002 2532 2193 2575 universo

268 2593 376 2641 orbe,
410 2598 451 2633 et
482 2597 690 2633 auctorem
723 2591 933 2633 seditionis
964 2597 1084 2633 sectae
1116 2592 1440 2633 Nazarenorum:
1503 2594 1518 2616 ⁶
1550 2591 1619 2645 qui
1650 2592 1774 2633 etiam
1807 2591 2007 2645 templum
2038 2591 2193 2633 violare

267 2657 441 2693 conatus
472 2657 543 2696 est,
578 2664 699 2704 quem
730 2657 771 2691 et
801 2651 1101 2704 apprehensum
1132 2650 1338 2692 voluimus
1370 2651 1593 2692 secundum
1624 2650 1752 2704 legem
1783 2655 1968 2692 nostram
1998 2650 2190 2692 iudicare.

271 2712 284 2734 ⁷
317 2710 616 2763 Superveniens
648 2715 787 2750 autem
822 2709 1010 2751 tribunus
1043 2710 1198 2763 Lysias,
1233 2723 1325 2751 cum
1359 2709 1399 2749 vi
1430 2722 1581 2763 magna
1613 2709 1763 2762 eripuit
1794 2723 1887 2750 eum
1920 2709 1969 2750 de
2001 2709 2191 2750 manibus

269 2768 429 2812 nostris.
491 2770 505 2792 ⁸
536 2768 678 2809 iubens
708 2774 965 2810 accusatores
996 2768 1080 2809 eius
1111 2769 1163 2809 ad
1194 2774 1233 2809 te
1264 2768 1418 2809 venire:
1452 2782 1475 2809 a
1506 2782 1585 2822 quo
1616 2767 1767 2822 poteris
1798 2768 1882 2821 ipse
1912 2767 2109 2817 iudicans,
2142 2768 2192 2809 de

270 2827 457 2867 omnibus
492 2827 579 2868 istis
613 2840 865 2880 cognoscere,
902 2828 951 2868 de
987 2827 1134 2880 quibus
1167 2840 1241 2869 nos
1276 2840 1515 2868 accusamus
1549 2840 1654 2868 cum.
1719 2829 1734 2850 ⁹
1769 2826 2018 2868 Adiecerunt
2052 2831 2191 2868 autem

272 2893 311 2926 et
345 2886 481 2931 ludaei,
515 2886 695 2927 dicentes
726 2886 809 2927 haec
840 2886 899 2927 ita
929 2900 969 2926 se
999 2886 1160 2927 habere.

83 2949 222 3002 r>¹³³¹¹¹¹¹5
380 2947 413 2968 ¹⁰
449 2944 674 2997 Respondit
704 2950 841 2985 autem
872 2944 1036 2992 Paulus,
1069 2947 1293 2995 (annuente
1323 2944 1398 2985 sibi
1428 2944 1603 2985 Praeside
1634 2944 1781 2997 dicere)
1812 2944 1876 2984 Ex
1904 2943 2045 2984 multis
2075 2943 2191 2984 annis

242 3003 248 3014 '
275 3009 312 3044 te
339 3016 423 3043 esse
450 3003 623 3044 iudicem
649 3003 760 3053 genti
787 3003 880 3045 111110
906 3003 1046 3053 sciens,
1076 3003 1182 3044 110110
1209 3003 1345 3044 animo
1371 3016 1444 3057 pro
1470 3017 1533 3043 me
1560 3002 1822 3043 satisfaciam.
1879 3005 1905 3026 ¹¹
1935 3002 2057 3043 Potes
2084 3002 2188 3043 enim

273 3075 512 3115 cognoscere
540 3062 635 3114 quia
661 3075 741 3103 non
768 3061 858 3115 plus
884 3068 980 3103 sunt
1006 3061 1103 3102 mihi
1132 3061 1216 3102 dies
1243 3075 1365 3115 quam
1394 3061 1620 3111 duodecim,
1650 3075 1699 3101 ex
1726 3075 1806 3114 qno
1833 3061 1996 3102 ascendi
2023 3061 2191 3102 adorare

275 3121 314 3160 in
346 3120 579 3161 ierusalem:
634 3123 663 3144 ¹2
690 3126 729 3162 ct
755 3134 885 3174 1100110
911 3120 948 3160 111
978 3120 1130 3173 templo
1157 3120 1401 3161 invenerunt
1427 3134 1490 3160 me
1516 3133 1608 3161 cum
1635 3119 1771 3173 aliquo
1797 3119 2091 3173 disputantem,
2119 3125 2186 3160 aut

275 3193 515 3219 coneursum
554 3179 769 3219 facientem
810 3180 950 3224 11111100,
989 3192 1119 3232 1100110
1156 3178 1193 3219 111
1232 3179 1460 3232 synagogis,
1525 3181 1557 3203 ¹²³
1592 3191 1723 3232 neque
1759 3178 1798 3218 in
1836 3177 2023 3219 civitate:
2060 3191 2191 3231 neque

274 3239 446 3290 probare
478 3244 642 3290 possunt
680 3237 750 3277 tibi
782 3238 830 3278 de
861 3238 1008 3292 quibus
1039 3251 1145 3278 nunc
1175 3251 1238 3278 me
1268 3243 1474 3279 accusant.
1536 3239 1564 3261 ¹¹
1594 3237 1801 3278 Confiteor
1829 3242 1967 3277 autem
1997 3237 2073 3277 hoc
2102 3236 2189 3286 tibi,

277 3297 386 3349 quod
418 3296 641 3337 seeundum
674 3302 839 3340 sectam,
876 3310 996 3350 quam
1032 3296 1175 3337 dicunt
1207 3296 1401 3343 liaeresim,
1436 3296 1490 3335 sic
1522 3295 1705 3337 deservio
1737 3295 1863 3339 Patri,
1897 3300 1937 3336 et
1968 3295 2055 3335 Deo
2086 3308 2189 3341 meo,

276 3355 442 3395 credens
463 3355 663 3403 omnibus,
687 3368 776 3408 quai
797 3355 834 3394 in
856 3355 972 3405 Lege,
995 3361 1035 3395 et
1059 3354 1270 3408 Prophetis
1290 3354 1443 3408 scripta
1462 3360 1576 3395 sunt:
1624 3356 1654 3378 ¹⁵
1675 3368 1788 3407 spem
1809 3354 1962 3394 habens
1983 3353 2023 3393 in
2043 3354 2189 3402 Deum,

277 3427 400 3465 quam
427 3419 465 3453 ct
492 3413 528 3452 111
557 3413 628 3465 ipsi
656 3420 888 3466 expectant,
917 3413 1251 3454 resmrectionem
1278 3413 1457 3453 futuram
1487 3413 1698 3461 iustorum,
1725 3418 1766 3453 et
1790 3412 2036 3465 iniquorum.
2084 3414 2119 3436 ¹⁶
2146 3412 2191 3452 In

276 3471 351 3513 1100
379 3477 418 3512 et
447 3471 530 3524 ipse
557 3472 702 3512 studeo
730 3471 813 3511 sine
842 3472 1085 3512 offendiculo
1113 3471 1403 3512 ‹⁷¹onscientiam
1432 3472 1580 3511 habere
1608 3472 1659 3512 ad
1686 3472 1832 3519 Deum,
1862 3475 1903 3511 et
1930 3471 1982 3511 ad
2010 3470 2192 3512 homines
