2356 3760
280 95 380 136 1220
1109 93 1252 126 LIBER
1279 93 1338 127 lv,
1964 96 1996 136 2,
2020 95 2118 136 9—3‚
2145 97 2186 130 12

270 198 459 221 memorare
479 186 562 230 quid
582 186 719 220 fecerim
740 186 897 219 Sodoma)
917 188 951 218 et
973 186 1182 226 Gomorrhae,
1229 189 1240 205 ⁹
1261 196 1409 230 quorum
1428 189 1518 219 terra
1539 185 1629 219 iacet
1649 186 1684 219 in
1705 186 1807 231 piceis
1827 186 1932 231 glebis
1953 191 1988 223 et
2007 188 2186 234 aggeribus

270 234 432 269 cinerum.
457 233 504 267 sic
529 233 619 268 dabo
644 245 710 274 eos,
736 233 795 277 qui
820 243 872 265 me
897 242 966 266 non
990 233 1185 273 audierunt,
1211 233 1295 268 dicit
1319 233 1488 267 Dominus
1513 233 1741 277 omnipotens.

817 311 850 346 2.
879 311 1135 348 Consolatio
1164 312 1418 358 ludaeorum,
1445 312 1654 358 2‚10-48.

121 377 212 403 Iudaei
385 375 413 394 ¹⁰
432 372 514 407 Haec
534 372 615 406 dicit
636 371 803 405 Dominus
822 371 865 405 ad
886 371 1043 410 Esdram,
1063 372 1198 405 Nuncia
1217 372 1344 417 populo
1363 383 1450 412 meo,
1471 373 1634 416 quoniam
1653 372 1744 407 dabo
1763 374 1809 408 eis
1828 385 1971 419 regnum
1990 375 2187 415 Ierusalem,

85 420 233 472 .“{g¹¹.¹¹¹¹¹5
273 420 366 465 quod
390 420 533 454 daturus
558 429 649 452 eram
675 418 789 452 Israel.
838 421 862 439 ¹¹
888 419 934 452 Et
957 429 1091 452 sumam
1116 419 1199 452 mihi
1222 419 1364 463 gloriam
1388 419 1534 458 illorum,
1559 424 1593 453 et
1617 419 1708 453 dabo
1731 420 1777 454 eis
1801 421 2026 456 tabernacula
2048 425 2187 460 aeterna,

84 456 220 474 uuemen
240 468 244 477 ¹
273 478 349 512 quae
374 476 648 512 praeparaveram
671 465 745 500 illis.
795 468 820 485 ¹²
844 466 991 510 Lignum
1015 465 1096 500 vitae
1120 466 1185 500 erit
1207 466 1270 500 illis
1294 467 1329 500 in
1353 466 1456 500 odore
1480 467 1657 510 unguenti,
1683 470 1717 501 et
1740 478 1809 502 non
1832 468 2053 509 laborabunt,
2078 480 2188 514 neque

271 515 522 559 fatigabuntur.
572 516 598 533 ¹³³
624 513 686 550 Ite,
712 516 747 547 et
771 512 955 557 accipietis.
983 513 1116 557 Rogate
1142 514 1238 547 vobis
1263 513 1334 547 dies
1359 524 1497 557 paucos,
1523 517 1562 547 ut
1586 514 1822 550 immorentur.
1850 516 1923 550 Iam
1950 519 2111 560 paratum
2136 520 2188 551 est

273 563 370 595 vobis
390 572 546 606 regnum:
568 560 718 605 vigilate.
763 562 788 579 ¹⁴
807 560 946 594 Testare
966 560 1086 594 caelum
1105 565 1139 594 et
1158 564 1296 595 terram.
1318 560 1472 595 Contrivi
1491 560 1581 594 enim
1600 561 1741 601 malum,
1761 565 1797 596 et
1815 563 1927 597 creavi
1947 563 2088 603 bonum,
2108 564 2190 607 quia

273 609 352 642 vivo
375 620 446 652 ego,
470 608 553 641 dicit
576 608 755 641 Dominus.
803 609 828 627 ¹⁵
850 607 962 641 Mater
983 608 1189 652 amplectere
1211 608 1296 641 filios
1319 612 1408 647 tuos,
1431 607 1540 641 educa
1562 607 1634 641 illos
1657 619 1735 642 cum
1757 609 1888 644 laetitia.
1912 610 2009 644 Sicut
2030 611 2189 644 columba

271 656 436 690 confirma
457 655 558 700 pedes
580 665 712 688 eorum:
735 654 899 699 quoniam
920 657 954 688 te
975 655 1069 699 elegi,
1091 655 1174 689 dicit
1195 655 1375 689 Dominus.
1421 657 1450 674 ¹⁶
1470 654 1517 688 Et
1537 655 1748 689 resuscitabo
1769 660 1924 691 mortuos
1945 657 1986 691 de
2006 657 2088 691 locis
2107 658 2188 695 suis,

270 706 305 737 et
327 703 368 736 de
391 702 624 736 monumentis
647 701 791 735 educam
814 701 898 741 illos,
923 702 1086 746 quoniam
1110 701 1255 747 cognovi
1276 713 1403 735 nomen
1424 712 1540 735 meum
1563 701 1597 735 in
1622 702 1735 738 Israel.
1782 705 1810 723 ¹⁷
1833 704 1912 738 Noli
1935 705 2056 738 timere
2078 708 2190 738 mater

270 750 432 784 filiorum:
454 750 618 794 quoniam
637 753 670 782 te
689 749 783 793 elegi,
803 749 886 783 dicit
906 749 1084 783 Dominus.
1128 751 1156 769 ¹⁸
1175 749 1315 783 Mittam
1334 749 1398 783 tibi
1416 748 1628 783 adiutorium
1647 760 1768 794 pueros
1787 761 1880 784 meos
1901 751 2027 785 Isaiam
2046 754 2081 785 et
2101 752 2189 785 Iere—

271 797 387 836 miam,
407 797 451 831 ad
469 807 616 841 quorum
635 796 813 830 consilium
830 796 1056 835 sanctificavi,
1075 799 1110 830 et
1128 796 1249 840 paravi
1266 796 1331 830 tibi
1348 796 1485 830 arbores
1504 796 1685 830 duodecim
1703 801 1866 841 gravatas
1884 798 1987 832 variis
2006 798 2188 837 fructibus,

272 846 300 864 ¹⁹
323 847 357 878 et
379 844 526 878 totidem
549 844 661 878 fontes
685 843 829 877 fluentes
850 843 904 877 lac
926 847 961 877 et
982 843 1064 877 mel:
1096 846 1131 877 et
1153 847 1287 877 montes
1310 844 1494 877 immensos
1517 846 1662 888 septem,
1686 844 1852 878 habentes
1876 856 1988 879 rosa-m
2011 848 2046 879 et
2068 845 2188 882 lilium,

270 891 306 925 in
331 891 455 935 quibus
482 891 607 935 gaudio
632 890 782 934 implebo
809 890 893 924 filios
919 893 1008 924 tuos.

110 939 133 963 si
156 939 224 978 bjmi
386 941 414 959 2⁰
436 939 583 971 Viduam
604 938 762 976 iustifica,
783 937 913 982 pupillo
933 937 1057 977 iudica,
1078 938 1191 982 egenti
1212 938 1266 978 da,
1288 938 1482 982 orphanum
1502 941 1609 978 tuere,
1630 938 1763 972 nudum
1784 940 1882 979 vesti,
1927 942 1951 960 ²¹
1973 940 2188 974 confractum

108 975 225 1005 fuerint,
274 989 308 1019 et
329 986 475 1019 debilem
497 996 588 1025 cura,
611 985 772 1019 claudum
793 984 931 1018 irridere
951 984 1031 1025 noli,
1053 988 1168 1019 tutare
1189 996 1363 1025 mancum,
1385 988 1420 1019 et
1440 995 1567 1019 caecum
1588 985 1632 1019 ad
1654 985 1820 1019 visionem
1841 987 2006 1021 claritatis
2027 997 2111 1021 meae
2131 987 2190 1021 ad-

273 1033 383 1067 mitte.
468 1033 591 1067 Senem
608 1035 643 1066 et
659 1032 819 1066 iuvenem
836 1032 928 1066 intra
944 1043 1059 1066 muros
1077 1036 1155 1066 tuos
1172 1043 1286 1066 serva:
1329 1034 1354 1052 ²³
1372 1036 1526 1066 mortuos
1552 1032 1611 1066 ubi
1627 1032 1808 1073 inveneris,
1826 1034 1964 1078 signans
1983 1034 2188 1068 commenda

271 1080 462 1124 sepulchro,
488 1084 523 1113 et
546 1080 636 1113 dabo
660 1079 725 1113 tibi
749 1080 897 1124 primam
920 1079 1104 1113 sessionem
1128 1080 1164 1113 in
1187 1080 1433 1113 resurrectione
1457 1090 1544 1114 mea.

103 1127 212 1172 <utque
233 1169 237 1173 ⁵
386 1129 412 1147 ²⁴
433 1127 546 1161 Pausa
565 1130 600 1161 et
620 1127 754 1171 quiesce
775 1127 921 1171 populus
942 1137 1048 1166 meus,
1071 1127 1152 1170 quia
1172 1127 1287 1160 veniet
1306 1127 1438 1171 requies
1459 1130 1530 1161 tua.
1576 1128 1602 1146 ²⁵
1621 1127 1749 1161 Nutrix
1770 1127 1861 1162 bona
1879 1129 1974 1162 nutri
1993 1128 2079 1162 filios
2099 1131 2189 1166 tuos,

96 1168 237 1192 xeqmem.
274 1174 438 1208 confirma
460 1174 561 1218 pedes
583 1185 710 1208 eorum.
756 1175 784 1193 ²⁶
804 1174 938 1214 Servos,
961 1185 1045 1218 quos
1067 1174 1130 1208 tibi
1151 1174 1240 1214 dedi,
1262 1185 1362 1207 nemo
1384 1185 1425 1207 ex
1446 1174 1491 1207 eis
1512 1174 1664 1208 interiet:
1687 1185 1743 1208 eos
1764 1185 1825 1219 ego
1846 1175 1936 1209 enim
1956 1176 2129 1220 requiram
2149 1176 2191 1209 de

271 1232 413 1255 numero
431 1224 502 1256 tuo.
545 1223 571 1241 ²⁷
590 1221 668 1255 Noli
684 1221 832 1265 fatigari.
852 1222 937 1255 Cum
954 1221 1044 1255 enim
1062 1221 1195 1255 venerit
1211 1221 1281 1254 dies
1299 1232 1463 1265 pressurae
1481 1226 1515 1255 et
1531 1221 1710 1266 angustiae,
1728 1222 1785 1255 alii
1801 1222 2003 1267 plorabunt:
2022 1226 2057 1257 et
2073 1223 2189 1257 tristes

271 1272 386 1303 erunt:
409 1272 448 1303 tu
469 1272 586 1303 autem
606 1268 721 1302 hilaris
742 1272 777 1302 et
797 1269 934 1313 copiosa
954 1269 1027 1302 eris.
1073 1270 1100 1288 ²³
1122 1268 1292 1303 Zelabunt
1311 1272 1439 1314 gentes,
1461 1272 1496 1302 et
1515 1268 1562 1302 nil
1582 1269 1746 1303 adversus
1767 1274 1800 1303 te
1821 1273 1996 1314 poterunt,
2018 1270 2101 1304 dicit
2122 1270 2190 1303 Do-

271 1316 394 1351 minus.
444 1318 472 1336 '29
496 1316 619 1350 Manus
643 1326 727 1350 meae
751 1319 870 1360 tegent
893 1320 939 1350 te.
965 1326 1006 1349 ne
1030 1315 1089 1349 filii
1112 1316 1165 1350 tui
1188 1316 1380 1360 gehennam
1405 1316 1557 1350 videant.
1607 1318 1635 1336 ³⁰
1661 1316 1854 1350 Iucundare
1878 1321 1990 1351 mater
2012 1328 2090 1351 cum
2115 1317 2190 1351 filiis

271 1364 351 1399 tuis,
375 1364 457 1408 quia
479 1375 539 1408 ego
562 1367 596 1397 te
620 1363 773 1407 eripiam,
797 1363 881 1397 dicit
904 1363 1082 1397 Dominus.
1131 1365 1155 1383 ³¹
1182 1363 1282 1397 Filios
1305 1366 1383 1397 tuos
1407 1363 1615 1397 dormientes
1638 1374 1839 1404 memorare,
1863 1365 2027 1408 quoniam
2050 1375 2111 1410 ego
2134 1375 2190 1398 eos

271 1410 416 1444 educam
443 1411 484 1444 de
511 1411 675 1444 lateribus
703 1414 811 1446 terrae.
852 1413 887 1444 et
913 1410 1181 1444 misericordiam
1208 1421 1286 1444 cum
1313 1410 1376 1443 illis
1402 1410 1544 1444 faciam:
1586 1411 1749 1454 quoniam
1776 1411 1965 1445 misericors
1991 1422 2079 1451 sum,
2107 1411 2191 1446 dicit

275 1458 441 1491 Dominus
462 1458 689 1502 omnipotens.
734 1459 760 1477 ³²
779 1457 994 1501 Amplectere
1013 1460 1113 1491 natos
1133 1461 1210 1491 tuos
1231 1468 1338 1501 usque
1357 1457 1440 1491 dum
1460 1457 1571 1497 venio,
1591 1461 1626 1491 et
1645 1461 1803 1502 praestem
1822 1458 1886 1492 iuis
1905 1458 2188 1493 misericordiam:

273 1506 436 1549 quoniam
463 1505 654 1538 exuberant
679 1505 791 1538 fontes
817 1504 894 1544 mei,
921 1507 955 1537 et
980 1504 1091 1548 gratia
1116 1515 1193 1537 mea.
1217 1515 1286 1537 non
1311 1504 1457 1538 deficiet.

118 1555 217 1584 gentes
386 1555 412 1572 ³³
433 1552 505 1597 Ego
527 1552 653 1585 Esdras
676 1555 886 1595 przeceptum
907 1552 1022 1595 accepi
1043 1562 1063 1585 a
1083 1551 1232 1585 Domino
1253 1551 1288 1585 in
1308 1554 1426 1585 monte
1448 1551 1548 1591 Oreb,
1570 1554 1610 1585 ut
1629 1551 1714 1585 irem
1734 1552 1778 1586 ad
1800 1552 1919 1586 Israel:
1942 1553 1986 1587 ad
2007 1564 2092 1597 quos
2113 1563 2191 1587 cum

109 1596 225 1649 (ὲὲῗὲἒῗ
275 1599 437 1639 venirem,
466 1599 739 1644 reprobaverunt
767 1609 831 1638 me,
861 1602 895 1632 et
922 1602 1126 1643 respuerunt
1154 1598 1362 1632 mandatum
1390 1598 1545 1632 Domini:
1598 1600 1624 1618 ³⁴
1653 1599 1804 1644 Ideoque
1832 1600 1930 1634 vobis
1958 1600 2033 1634 dico
2061 1603 2191 1645 gentes,

105 1660 228 1690 buutur;
275 1657 350 1691 quae
368 1646 507 1687 auditis,
526 1650 559 1680 et
577 1646 778 1690 intelligitis.
797 1646 991 1690 Expectate
1009 1649 1183 1690 pastorem
1202 1649 1367 1685 vestrum,
1386 1646 1539 1690 requiem
1556 1646 1759 1680 aeternitatis
1778 1647 1877 1681 dabit
1894 1647 2006 1681 vobis:
2027 1648 2191 1692 quoniam

273 1694 308 1727 in
325 1694 482 1738 proximo
499 1697 551 1727 est
566 1693 631 1733 ille,
650 1694 709 1737 qui
726 1693 760 1726 in
777 1693 842 1726 fine
859 1693 973 1727 saeculi
989 1693 1162 1727 adveniet.
1204 1695 1230 1713 ³³
1247 1693 1364 1727 Parati
1382 1696 1492 1727 estote
1509 1693 1553 1727 ad
1570 1694 1712 1737 praemia
1727 1694 1831 1739 regni,
1850 1695 1931 1738 quia
1946 1694 2006 1728 lux
2024 1699 2191 1739 perpetua

271 1741 399 1775 lucebit
424 1741 520 1775 vobis
545 1752 605 1786 per
627 1741 858 1774 aeternitatem
882 1741 1057 1785 temporis.
1106 1742 1135 1760 ³⁶
1159 1741 1281 1785 Fugite
1306 1741 1465 1774 umbram
1488 1741 1602 1774 saeculi
1625 1741 1741 1775 huius:
1767 1741 1912 1786 accipite
1935 1741 2191 1776 iucunditatem

270 1789 384 1833 gloriae
408 1792 540 1823 vestrae.
564 1788 637 1833 Ego
660 1791 769 1822 testor
790 1788 905 1832 palam
927 1788 1137 1821 salvatorem
1158 1798 1285 1822 meum.
1333 1789 1359 1807 ³⁷
1384 1788 1674 1822 Commendatum
1697 1788 1827 1822 donum
1849 1789 1994 1833 accipite
2016 1792 2051 1823 et
2072 1789 2191 1823 iucun-

272 1835 412 1874 damini.
430 1836 558 1880 gratias
575 1839 714 1880 agentes
732 1835 761 1869 ei
778 1835 837 1879 qui
854 1846 914 1868 vos
931 1835 975 1868 ad
993 1835 1139 1869 caelestia
1155 1846 1260 1880 regna
1276 1835 1426 1870 vocavit.
1468 1837 1496 1855 ³⁸
1513 1835 1648 1879 Surgite
1665 1840 1699 1869 et
1715 1839 1806 1870 state
1823 1840 1858 1870 et
1874 1836 1990 1870 videte
2006 1847 2189 1871 numerum

270 1883 485 1927 signatorum
511 1883 545 1916 in
573 1883 731 1916 convivio
759 1882 908 1916 Domini.
960 1884 988 1902 ³⁹
1016 1882 1081 1925 Qui
1107 1893 1142 1916 se
1168 1882 1210 1916 de
1237 1883 1360 1916 umbra
1386 1882 1500 1916 saeculi
1526 1882 1790 1923 transtulerunt,
1830 1883 2027 1927 splendidas
2054 1883 2190 1918 tunicas

271 1941 289 1963 a
315 1930 465 1964 Domino
491 1933 707 1974 acceperunt.
757 1932 786 1950 ²⁰
813 1930 938 1973 Recipe
963 1929 1045 1963 Sion
1070 1940 1252 1964 numerum
1277 1933 1389 1970 tuum,
1416 1933 1451 1964 et
1476 1930 1640 1964 conclude
1665 1930 1868 1965 candidatos
1894 1934 1972 1964 tuos
1998 1931 2058 1975 qui
2081 1931 2191 1975 legem

273 1977 412 2012 Domini
437 1977 707 2022 compleverunt.
757 1979 781 1997 11
807 1977 972 2010 Filiorum
996 1980 1147 2017 tuorum,
1173 1987 1258 2021 quos
1284 1977 1441 2021 optabas,
1468 1977 1587 2021 plenus
1612 1980 1664 2011 est
1687 1988 1860 2012 numerus.
1888 1977 1986 2023 Roga
2008 1978 2191 2022 imperium

272 2025 412 2058 Domini
440 2028 479 2059 ut
505 2025 740 2059 sanctificetur
767 2024 913 2069 populus
942 2027 1022 2058 tuus
1050 2024 1109 2068 qui
1137 2028 1281 2058 vocatus
1309 2027 1361 2058 est
1388 2024 1431 2058 ab
1459 2024 1567 2059 initio.

81 2071 255 2112 0011515811t<²³
386 2074 412 2091 ⁴²
437 2072 509 2117 Ego
535 2072 661 2105 Esdras
688 2071 758 2105 vidi
782 2072 817 2105 in
841 2074 958 2105 monte
983 2071 1064 2105 Sion
1089 2071 1228 2105 turbam
1253 2082 1426 2115 magnam,
1453 2082 1559 2115 quam
1582 2082 1762 2106 numerare
1786 2083 1856 2106 non
1880 2072 1989 2116 potui,
2014 2075 2050 2106 et
2073 2083 2190 2106 omnes

91 2106 244 2168 Dgh'csssso-
275 2119 416 2152 canticis
442 2119 688 2152 collaudabant
713 2118 911 2152 Dominum.
962 2120 988 2137 ⁴²³
1013 2118 1060 2151 Et
1085 2118 1119 2151 in
1144 2118 1256 2151 medio
1282 2129 1399 2152 eorum
1425 2121 1499 2152 erat
1523 2118 1656 2152 iuvenis
1681 2122 1817 2153 statura
1842 2119 1960 2159 celsus,
1987 2119 2192 2153 eminentior

87 2166 247 2203 nabuntur.
275 2166 433 2200 omnibus
458 2166 532 2206 illis,
558 2170 592 2199 et
616 2166 755 2210 singulis
780 2176 897 2198 eorum
922 2165 1093 2209 capitibus
1117 2165 1320 2209 imponebat
1344 2176 1497 2205 coronas,
1523 2168 1557 2199 et
1581 2166 1688 2210 magis
1713 2166 1949 2200 exaltabatur:
1976 2167 2049 2211 Ego
2073 2169 2191 2200 autem

273 2213 436 2247 miraculo
456 2213 608 2247 tenebar.
652 2215 678 2232 11
698 2213 792 2246 Tunc
812 2212 1021 2256 interrogavi
1040 2212 1210 2256 angelum.
1230 2215 1264 2246 et
1283 2212 1369 2245 dixi:
1391 2212 1457 2255 Qui
1475 2216 1557 2246 sunt
1574 2213 1619 2251 hi,
1640 2213 1806 2247 Domine?
1851 2215 1878 2233 15
1897 2214 1963 2257 Qui
1981 2214 2190 2258 respondens

271 2261 360 2294 dixit
382 2260 480 2294 mihi:
509 2260 553 2293 Hi
576 2263 658 2294 sunt
681 2260 741 2304 qui
764 2260 945 2293 mortalem
969 2259 1123 2293 tunicam
1147 2260 1392 2304 deposuerunt,
1417 2263 1452 2293 et
1474 2260 1705 2293 immortalem
1729 2264 1962 2304 sumpserunt,
1987 2264 2022 2294 et
2045 2261 2190 2295 confessi

270 2311 352 2341 sunt
371 2318 497 2341 nomen
518 2308 595 2341 Dei:
618 2307 721 2341 Modo
742 2309 961 2345 coronantur,
982 2310 1016 2340 et
1037 2307 1211 2351 accipiunt
1231 2307 1374 2351 palmas.
1419 2309 1448 2326 ⁴¹⁶
1468 2307 1515 2340 Et
1534 2307 1606 2340 dixi
1625 2307 1760 2351 angelo:
1785 2308 1844 2341 Ille
1864 2307 2008 2348 iuvenis,
2030 2308 2106 2352 quis
2126 2311 2188 2347 est,

271 2355 330 2399 qui
352 2355 397 2388 eis
420 2365 561 2389 coronas
583 2355 740 2399 imponit,
764 2360 798 2388 et
820 2354 952 2399 palmas
973 2354 1007 2387 in
1029 2364 1151 2387 manus
1173 2354 1301 2388 tradit?
1348 2356 1375 2373 ⁴⁷
1398 2354 1445 2387 Et
1466 2354 1674 2398 respondens
1697 2354 1786 2389 dixit
1806 2355 1904 2388 mihi:
1930 2355 2007 2399 Ipse
2028 2358 2080 2389 est
2101 2355 2190 2389 filius

271 2402 345 2441 Dei,
364 2413 467 2446 quem
483 2402 518 2436 in
534 2402 656 2436 saeculo
674 2402 818 2436 confessi
835 2404 931 2435 sunt:
950 2412 1011 2445 ego
1028 2404 1146 2435 autem
1163 2401 1382 2446 magnificare
1399 2412 1455 2435 eos
1473 2402 1572 2446 coepi,
1588 2401 1647 2446 qui
1663 2402 1800 2436 fortiter
1816 2413 1877 2447 pro
1894 2402 2033 2436 nomine
2050 2402 2191 2436 Domini

269 2453 453 2483 steterunt.
498 2452 526 2469 ⁴³
551 2449 647 2483 Tunc
670 2449 759 2483 dixit
782 2449 866 2482 mihi
891 2448 1046 2493 angelus:
1073 2449 1179 2490 Vade,
1205 2449 1377 2483 annuncia
1402 2449 1529 2493 populo
1552 2459 1640 2489 mec,
1665 2449 1782 2494 qualia
1805 2452 1841 2484 et
1863 2452 1998 2494 quanta.
2020 2449 2191 2483 mirabilia

271 2497 412 2531 Domini
440 2497 504 2531 Dei
533 2497 659 2531 vidisti.

748 2575 1114 2638 Apocalypsis
1146 2576 1355 2631 Esdrae,
1391 2574 1434 2632 3,
1458 2575 1613 2632 1—14,
1637 2575 1711 2623 47.

1142 2651 1329 2672 ›4ss—

726 2698 766 2740 Ι.
798 2699 977 2741 Esdras
1010 2699 1171 2741 verbis
1206 2698 1420 2750 docetur,
1453 2699 1495 2751 3,
1520 2698 1649 2751 l—-9,
1672 2698 1743 2740 26.

807 2767 842 2804 1.
871 2767 929 2804 De
957 2777 1160 2804 mensura
1186 2767 1388 2813 miseriae,
1414 2767 1450 2812 3,
1469 2765 1576 2812 1-5,
1596 2765 1656 2803 20.

107 2828 226 2866 ῐήὶῑῐηὲὓ·
383 2827 413 2863 3.
462 2829 472 2848 1
499 2828 599 2862 Anno
622 2827 793 2861 tricesimo
816 2827 922 2861 ruinae
945 2827 1097 2861 civitatis
1120 2837 1213 2861 eram
1236 2827 1270 2860 in
1293 2826 1484 2870 Babylone,
1520 2829 1556 2860 et
1577 2825 1807 2860 conturbatus
1823 2835 1900 2860 sum
1917 2835 2021 2870 super
2034 2825 2191 2860 cubiculo

97 2864 234 2923 dgffffffl„
272 2885 347 2908 meo
370 2875 582 2915 recumbens,
606 2878 640 2909 et
663 2875 887 2919 cogitationes
910 2886 993 2908 meae
1016 2874 1250 2908 ascendebant
1271 2885 1373 2918 super
1395 2885 1451 2908 cor
1472 2884 1603 2907 meum:
1650 2875 1662 2893 ²
1684 2873 1847 2917 quoniam
1870 2872 1941 2906 vidi
1963 2872 2190 2907 desertionem

79 2918 144 2958 noni
162 2933 255 2958 sionis
273 2923 364 2961 Sion,
386 2928 419 2955 et
439 2923 690 2956 abundantiam
711 2933 828 2955 eorum
848 2923 906 2966 qui
925 2922 1135 2956 habitabant
1154 2922 1188 2955 in
1209 2921 1396 2964 Babylone.
1441 2924 1452 2941 ³
1471 2925 1506 2954 et
1525 2921 1713 2954 ventilatus
1733 2924 1785 2954 est
1803 2919 1942 2964 spiritus
1962 2930 2057 2954 meus
2077 2920 2189 2960 valde,

272 2974 306 3003 et-
326 2969 413 3013 coepi
434 2969 524 3012 loqui
545 2969 588 3003 ad
608 2969 824 3003 Altissimum
845 2969 948 3003 verba
969 2970 1143 3007 timorata,
1187 2970 1198 2988 1
1218 2972 1252 3002 et
1271 2968 1357 3001 dixi:
1379 2968 1407 3002 O
1427 2968 1624 3001 dominator
1642 2967 1800 3007 Domine,
1821 2972 1859 3001 tu
1879 2967 1997 3001 dixisti
2016 2967 2059 3000 ab
2078 2967 2188 3006 initio,

272 3016 411 3061 quando
434 3016 599 3060 plantasti
621 3020 759 3051 terram.
782 3020 816 3050 et
837 3017 901 3050 hoc
922 3017 1023 3053 solus.
1047 3020 1079 3050 et
1102 3016 1279 3059 imperasti
1300 3015 1438 3060 populo,
1484 3017 1495 3033 ⁵
1516 3019 1551 3048 et
1571 3014 1697 3048 dedisti
1718 3014 1830 3048 Adam
1852 3025 1975 3059 corpus
1996 3018 2188 3048 mortuum:

271 3064 329 3097 sed
353 3068 387 3097 et
409 3064 520 3107 ipsum
545 3063 746 3105 figmentum
770 3074 935 3097 manuum
958 3067 1098 3097 tuarum
1120 3066 1204 3101 erat,
1228 3066 1262 3096 et
1284 3062 1469 3096 insufflasti
1490 3062 1524 3095 in
1547 3072 1625 3096 eum
1647 3061 1807 3106 spiritum
1830 3061 1921 3101 vitae,
1945 3064 1980 3095 et
2001 3061 2114 3096 factus
2137 3064 2188 3094 est

276 3111 394 3144 vivens
415 3120 528 3143 coram
551 3114 599 3143 te:
647 3112 658 3129 ‘¹
679 3114 713 3143 et
734 3110 899 3144 induxisti
920 3121 998 3144 eum
1019 3110 1053 3144 in
1074 3110 1243 3154 paradiso,
1266 3120 1368 3153 quem
1390 3109 1611 3153 plantaverat
1631 3108 1773 3142 dextera
1794 3112 1865 3142 tua.
1887 3111 2077 3152 antequam
2097 3111 2189 3141 terra

274 3157 489 3191 adventaret.
541 3159 551 3176 ⁷
577 3157 621 3189 Et
649 3157 725 3190 huic
750 3158 923 3191 mandasti
948 3157 1085 3201 diligere
1111 3157 1202 3190 viam
1227 3160 1336 3195 tuam,
1362 3160 1396 3190 et
1421 3156 1610 3200 praeterivit
1633 3166 1720 3195 eam,
1746 3158 1780 3189 et
1803 3155 1924 3189 statim
1949 3154 2130 3189 instituisti
2155 3154 2189 3187 in

274 3215 312 3237 eo
332 3208 489 3243 mortem,
509 3207 544 3237 et
562 3203 595 3237 in
615 3204 812 3238 nationibus
831 3205 912 3243 eius,
933 3208 967 3238 et
986 3208 1076 3238 natae
1095 3209 1175 3237 sunt
1194 3207 1322 3247 gentes,
1343 3207 1377 3237 et
1396 3203 1516 3243 tribus,
1537 3207 1571 3237 et
1590 3203 1718 3247 populi,
1738 3206 1773 3236 et
1791 3202 2022 3247 cognationes,
2042 3212 2189 3245 quarum

274 3261 342 3284 non
365 3256 415 3284 est
438 3262 609 3284 numerus.
660 3254 670 3269 1
697 3251 737 3283 Et
761 3251 953 3285 ambulavit
978 3261 1192 3295 unaquaeque
1214 3261 1295 3295 gens
1317 3250 1351 3283 in
1374 3250 1554 3284 voluntate
1576 3261 1648 3289 sua,
1672 3254 1707 3283 et
1728 3249 1814 3283 mira
1836 3249 1985 3293 agebant
2007 3258 2119 3282 coram
2143 3252 2189 3285 te,

273 3301 309 3331 et
331 3298 539 3341 spernebant
564 3303 733 3341 praecepta
759 3302 828 3331 tua.
879 3300 890 3316 ⁹
917 3299 1046 3332 Iterum
1070 3301 1187 3331 autem
1213 3298 1245 3331 in
1268 3302 1423 3341 tempore
1447 3296 1614 3331 induxisti
1637 3296 1806 3330 diluvium
1830 3307 1932 3340 super
1954 3295 2189 3329 inhabitantes

273 3344 447 3383 saeculum,
465 3349 498 3377 et
520 3344 697 3388 perdidisti
713 3355 778 3378 eos.
822 3348 848 3364 ¹¹¹
866 3346 909 3378 Et
927 3346 1058 3379 tactum
1075 3349 1126 3378 est
1143 3345 1176 3378 in
1193 3355 1400 3388 unoquoque
1417 3355 1545 3383 eorum,
1562 3344 1651 3377 sicut
1668 3343 1749 3378 Adae
1766 3343 1862 3383 mori,
1879 3343 1926 3376 sic
1942 3341 1992 3375 his
2009 3342 2188 3376 diluvium.

276 3393 296 3410 ¹¹
320 3391 539 3435 Dereliquisti
559 3396 675 3425 autem
695 3402 801 3425 unum
820 3403 859 3425 ex
880 3393 929 3425 liis
949 3392 1021 3426 Noe
1040 3403 1118 3426 cum
1136 3392 1238 3425 domo
1256 3402 1328 3431 sua,
1348 3395 1382 3424 et
1400 3402 1441 3425 ex
1459 3402 1498 3425 eo
1516 3391 1597 3424 iusti
1615 3401 1742 3425 omnes.
1786 3392 1811 3410 ¹²
1830 3390 1876 3423 Et
1892 3389 2024 3422 factum
2043 3392 2094 3422 est
2112 3399 2190 3422 cum

275 3439 459 3482 coepissent
478 3438 708 3482 multiplicari.
730 3438 789 3483 qui
809 3439 1015 3473 habitabant
1035 3450 1136 3483 super
1155 3443 1292 3472 terram,
1309 3442 1342 3471 et
1362 3437 1682 3482 multiplicaverunt
1699 3437 1784 3471 filios
1803 3440 1838 3470 et
1856 3436 2000 3480 populos
2019 3439 2054 3470 et
2071 3438 2189 3480 gentes
