2356 3760
112 181 165 215 13.
192 180 333 219 14—14,
357 180 377 213 2
943 177 1175 212 SAMUELIS
1931 186 2006 227 267

112 283 154 316 et
179 280 224 315 tu
250 274 327 315 eris
353 273 469 328 quasi
493 286 597 314 unus
623 272 673 312 de
697 270 983 324 insipientibus
1009 271 1051 311 in
1078 271 1219 312 Israel:
1247 272 1345 325 quin
1370 272 1507 326 potius
1532 272 1694 326 loquere
1720 277 1771 316 ad
1794 290 1940 327 regem,
1968 282 2009 319 et

111 346 192 374 non
223 332 390 386 negabit
418 346 482 373 me
512 330 598 372 tibi.
658 332 690 354 ¹4
722 329 864 370 Noluit
893 334 1031 370 autem
1063 329 1315 383 acquiescere
1345 330 1530 384 precibus
1561 332 1657 380 eius,
1689 334 1758 373 sed
1787 328 2009 387 praevalens

112 391 266 432 viribus
290 390 491 446 oppressit
514 402 615 437 eam,
642 393 684 429 et
706 387 876 429 cubavit
899 401 991 429 cum
1016 401 1074 429 ea.
1127 390 1159 412 ¹⁵
1182 389 1239 429 Et
1262 403 1425 430 exosam
1451 403 1539 430 eam
1564 390 1710 431 habuit
1732 391 1892 433 Amnon
1918 395 2009 435 odio

112 463 261 505 magno
281 450 420 491 nimis:
440 448 501 489 ita
519 452 567 488 ut
586 447 717 487 maius
738 451 844 487 esset
863 446 1026 491 odium,
1039 460 1119 500 quo
1140 447 1283 488 oderat
1302 461 1404 497 eam,
1427 461 1562 489 amore
1585 462 1663 501 quo
1685 455 1780 489 ante
1801 450 2008 493 dilexerat.

113 509 312 563 Dixitque
337 507 371 548 ei
396 507 578 548 Arnnon:
605 506 743 559 Surge,
771 510 812 546 et
836 506 952 546 vade.
1007 506 1042 529 ¹⁶
1067 506 1167 554 Quae
1190 506 1401 559 respondit
1425 506 1478 547 ei:
1505 506 1634 547 Maius
1660 513 1722 548 est
1746 508 1821 549 hoc
1845 509 2010 558 malum,

114 569 222 622 quod
251 579 359 608 nunc
387 565 472 619 agis
501 565 719 606 adversum
749 577 825 613 me,
858 577 981 617 quarn
1012 564 1121 617 quod
1151 569 1246 605 ante
1274 565 1418 613 fecisti,
1462 565 1664 618 expellens
1692 580 1768 607 me.
1799 566 1855 608 Et
1883 566 2015 608 noluit

113 627 252 668 audire
274 638 383 667 eam:
432 626 466 648 ¹⁷
489 624 559 665 sed
579 628 728 665 vocato
749 636 887 677 puero,
913 622 981 676 qui
1002 623 1268 664 ministrabat
1289 623 1335 669 ei,
1359 623 1482 664 dixit:
1506 623 1616 664 Eiice
1637 624 1743 665 hanc
1764 638 1788 665 a
1807 638 1871 666 me
1892 625 2012 674 foras,

114 690 154 726 et
179 684 322 725 claude
348 683 498 725 ostium
524 687 620 736 post
645 695 747 723 eam.
803 684 837 706 ¹⁸
863 682 963 730 Quae
987 680 1136 722 induta
1160 686 1249 723 erat
1273 681 1392 722 talari
1419 681 1576 722 tunica:
1604 682 1882 724 huiuscemodi
1908 683 2014 725 enim

112 743 204 784 filiae
236 743 339 797 regis
373 741 548 795 virgines
578 740 761 782 vestibus
796 740 1032 781 utebantur.
1069 740 1201 781 Eiecit
1233 740 1374 794 itaque
1408 754 1497 781 eam
1531 740 1717 782 minister
1749 741 1853 782 illius
1887 743 2012 783 foras:

112 802 339 856 clausitque
368 801 473 843 fores
503 805 598 854 post
627 813 728 841 eam.

218 863 252 886 ¹⁹
267 862 367 910 Quae
388 872 602 913 aspergens
624 858 797 899 cinerem
820 858 945 912 capiti
966 872 1051 907 suo,
1068 858 1192 899 scissa
1211 858 1331 899 talari
1352 857 1504 903 tunica,
1522 858 1805 911 impositisque
1826 859 2013 900 manibus
2034 857 2202 917 trssfflfgnet

113 933 233 974 super
256 924 382 973 caput
405 932 536 967 suum,
562 917 651 959 ibat
673 917 914 971 ingrediens,
940 921 982 958 et
1005 916 1197 959 clamans.
1250 919 1287 942 2⁰
1308 916 1427 958 Dixit
1451 921 1589 957 autem
1614 917 1648 957 ei
1672 916 1866 958 Absalom
1890 908 2222 967 fraterfratfzemodi'o

113 992 228 1020 suus:
266 978 479 1032 Numquid
502 978 665 1018 Amnon
691 977 818 1017 frater
841 980 937 1017 tuus
963 977 1186 1017 concubuit
1210 975 1372 1017 tecum?
1398 976 1469 1017 sed
1493 989 1602 1016 nunc
1626 989 1738 1017 soror
1762 980 1864 1023 tace,
1891 975 2017 1016 frater
2051 963 2188 987 atumem·

113 1043 208 1079 tuus
233 1042 312 1078 est:
338 1050 469 1090 neque
494 1036 653 1089 affligas
678 1048 746 1076 cor
768 1040 887 1076 tuum
911 1047 984 1088 pro
1008 1035 1085 1075 hac
1108 1048 1161 1076 re.
1187 1034 1340 1076 Mansit
1362 1034 1502 1088 itaque
1527 1034 1705 1075 Thamar
1728 1035 2017 1076 contabescens

112 1097 154 1138 in
180 1097 302 1138 domo
326 1094 521 1137 Absalom
547 1094 685 1135 fratris
712 1094 785 1135 sui.
839 1096 868 1118 21
896 1094 997 1134 Cum
1024 1098 1163 1135 autem
1189 1094 1371 1135 audisset
1395 1107 1464 1134 rex
1489 1093 1626 1134 David
1652 1094 1778 1134 verba
1801 1093 1898 1142 haec,
1926 1106 2019 1134 con-

113 1156 302 1197 tristatus
323 1159 385 1196 est
404 1154 535 1199 valde,
558 1158 600 1195 et
618 1153 751 1195 noluit
770 1153 1012 1194 contristare
1032 1153 1221 1206 spiritum
1241 1153 1404 1194 Amnon
1424 1152 1495 1192 filii
1514 1152 1587 1201 sui,
1611 1152 1803 1205 quoniam
1824 1151 2020 1205 diligebat

114 1228 219 1264 eum,
246 1214 343 1268 quia
364 1212 658 1267 primogenitus
683 1217 771 1253 erat
793 1212 840 1253 ei.
892 1214 924 1236 22
947 1212 1072 1253 Porro
1096 1225 1177 1253 non
1202 1217 1263 1257 est
1284 1211 1444 1253 locutus
1467 1210 1661 1251 Absalom
1686 1211 1738 1251 ad
1760 1211 1923 1252 Amnon
1946 1223 2019 1251 nec

114 1273 281 1323 malum,
316 1286 391 1314 nec
424 1273 596 1313 bonum:
634 1272 777 1312 oderat
810 1270 917 1311 enim
950 1270 1145 1311 Absalom
1180 1271 1356 1319 Amnon,
1392 1283 1438 1311 eo
1474 1270 1583 1323 quod
1617 1269 1810 1310 violasset
1843 1270 2020 1310 Thamar

114 1345 291 1375 sororem
321 1345 448 1373 suam.

594 1388 632 1429 5.
661 1388 779 1429 Ultio
809 1389 853 1429 et
882 1388 997 1439 fuga
1026 1388 1260 1438 Absalom,
1287 1387 1354 1437 13,
1373 1387 1548 1427 23—38.

219 1458 253 1481 ‘2³³
280 1455 455 1497 Factum
485 1460 547 1495 est
576 1460 714 1495 autem
744 1458 839 1507 post
867 1458 1030 1506 tempus
1060 1452 1224 1499 biennii,
1256 1458 1304 1493 ut
1332 1453 1601 1493 tonderentur
1630 1466 1725 1494 oves
1754 1452 1948 1495 Absalom
1977 1452 2018 1494 in
2059 1457 2189 1517 {fatrem

117 1515 351 1563 Baalhasor,
374 1526 465 1567 quae
482 1517 544 1554 est
561 1512 680 1553 iuxta
698 1512 914 1566 Ephraim:
936 1518 978 1553 et
996 1512 1163 1553 vocavit
1180 1511 1375 1553 Absalom
1395 1525 1533 1552 omnes
1554 1511 1655 1552 filios
1674 1512 1789 1565 regis,
1837 1514 1869 1536 2⁴
1887 1512 2019 1553 venit-
2050 1499 2196 1557 mffl‘sslt,

115 1588 193 1628 que
217 1574 269 1614 ad
292 1586 438 1627 regern,
463 1578 506 1613 et
528 1572 587 1613 ait
610 1572 662 1613 ad
685 1585 796 1612 eum:
823 1571 926 1612 Ecce
950 1571 1176 1612 tondentur
1199 1584 1294 1612 oves
1318 1570 1421 1611 servi
1446 1570 1524 1611 tui:
1550 1570 1701 1619 veniat,
1728 1584 1809 1620 oro,
1834 1584 1904 1611 rex
1927 1584 2019 1611 cum

115 1633 240 1674 servis
269 1632 351 1673 suis
380 1632 433 1673 ad
460 1644 623 1672 servum
652 1644 783 1672 suum.
840 1632 872 1655 2⁵
900 1630 1099 1684 Dixitque
1126 1643 1197 1671 rex
1225 1630 1277 1670 ad
1305 1629 1518 1670 Absalom:
1550 1629 1641 1670 Noli
1669 1629 1724 1670 fili
1752 1630 1820 1679 mi,
1850 1629 1931 1671 noli
1959 1642 2020 1671 ro-

113 1705 208 1746 gare
236 1696 284 1732 ut
312 1691 524 1731 veniamus
554 1703 704 1739 omnes,
736 1695 778 1731 et
804 1703 1021 1743 gravemus
1050 1694 1102 1730 te.
1134 1689 1234 1730 Cum
1265 1694 1402 1729 autem
1433 1693 1593 1739 cogeret
1621 1702 1725 1737 eum,
1757 1693 1798 1729 et
1825 1688 2021 1730 noluisset

113 1750 182 1800 ire,
208 1750 419 1791 benedixit
442 1749 488 1790 ei.
540 1750 576 1773 2⁶
599 1749 655 1790 Et
678 1748 737 1789 ait
759 1748 973 1789 Absalom:
998 1748 1038 1789 Si
1062 1762 1143 1789 non
1167 1748 1229 1788 vis
1253 1747 1401 1796 venire,
1428 1747 1578 1796 veniat,
1605 1747 1782 1797 obsecro,
1807 1747 2019 1789 nobiscum

115 1810 260 1851 saltem
281 1809 445 1850 Amnon
465 1808 593 1849 frater
612 1821 737 1849 meus.
760 1807 960 1861 Dixitque
981 1808 1033 1848 ad
1054 1821 1145 1848 eum
1166 1820 1255 1847 rex:
1280 1808 1370 1847 Non
1392 1811 1454 1847 est
1473 1820 1632 1847 necesse
1654 1811 1701 1847 ut
1720 1806 1850 1847 vadat
1869 1811 2017 1848 tecum.

114 1870 148 1894 2⁷
175 1868 315 1922 Coegit
340 1868 478 1922 itaque
503 1866 698 1908 Absalom
725 1880 830 1915 eum,
858 1871 900 1907 et
924 1866 1080 1907 dimisit
1104 1879 1195 1907 cum
1222 1880 1268 1907 eo
1288 1866 1451 1906 Amnon
1477 1870 1519 1906 et
1543 1865 1751 1906 universos
1777 1865 1878 1907 filios
1903 1865 2019 1919 regis.

115 1928 364 1982 Feceratque
401 1926 596 1968 Absalom
636 1925 869 1967 convivium
910 1926 1025 1979 quasi
1064 1925 1298 1966 convivium
1337 1924 1451 1978 regis.
1518 1926 1552 1948 ²⁸
1590 1924 1843 1978 Praeceperat
1881 1929 2019 1965 autem

114 1987 309 2028 Absalom
341 1986 475 2040 pueris
507 1986 602 2034 suis,
636 1985 791 2026 dicens:
825 1985 1051 2025 Observato
1084 1998 1175 2025 cum
1207 1983 1457 2024 temulentus
1488 1983 1612 2024 fuerit
1642 1984 1804 2024 Amnon
1837 1982 1945 2032 vino,
1978 1987 2021 2024 et

114 2046 254 2087 dixero
268 2046 404 2086 vobis:
427 2044 634 2085 Percutite
654 2058 759 2093 euni,
776 2049 817 2085 et
836 2043 1064 2086 interficite,
1088 2042 1213 2084 nolite
1232 2042 1393 2084 timere:
1416 2056 1487 2094 ego
1508 2042 1614 2082 enirn
1636 2056 1725 2082 sum
1744 2043 1813 2096 qui
1831 2041 2019 2095 praecipio

115 2105 250 2146 vobis:
273 2103 533 2152 roboramini,
558 2108 599 2144 et
620 2108 750 2144 estote
772 2102 848 2142 viri
870 2103 1007 2143 fortes.
1058 2104 1093 2126 29
1115 2102 1317 2143 Fecerunt
1337 2114 1429 2152 ergo
1452 2101 1565 2154 pueri
1586 2100 1780 2142 Absalom
1803 2102 2019 2141 adversum

113 2164 290 2211 Amnon,
318 2162 424 2204 sicut
447 2167 697 2216 praeceperat
722 2161 776 2202 eis
802 2161 1009 2202 Absalom.
1037 2161 1337 2213 Surgentesque
1363 2173 1501 2201 omnes
1528 2159 1597 2200 filii
1623 2160 1724 2213 regis
1751 2160 2020 2201 ascenderunt

114 2222 259 2276 singuli
288 2221 418 2263 mulas
448 2235 553 2270 suas,
586 2226 627 2262 et
654 2221 858 2273 fugerunt.

218 2283 256 2306 ³⁰
269 2281 453 2334 Cumque
470 2280 603 2321 adhuc
618 2286 832 2334 pergerent
847 2279 887 2319 in
905 2279 1060 2328 itinere,
1078 2279 1189 2319 fama
1204 2278 1393 2333 pervenit
1408 2279 1459 2319 ad
1476 2278 1624 2326 David,
1643 2278 1796 2318 dicens:
1815 2277 2019 2319 Percussit
2046 2276 2201 2337 infffffstssu‘

114 2340 309 2383 Absalom
332 2353 471 2381 omnes
494 2339 595 2380 filios
617 2339 732 2392 regis,
757 2344 798 2379 et
819 2352 899 2379 non
922 2338 1118 2379 remansit
1139 2351 1188 2378 ex
1211 2337 1265 2378 eis
1287 2337 1432 2378 saltem
1454 2350 1571 2378 unus.
1621 2338 1653 2361 ³¹
1675 2337 1859 2378 Surrexit
1879 2336 2019 2390 itaque
2114 2319 2141 2344 Ψ
2160 2332 2164 2337 ’

113 2413 197 2449 rex,
228 2404 270 2441 et
297 2398 419 2441 scidit
446 2398 695 2440 vestimenta
722 2412 813 2438 sua:
845 2402 886 2439 et
914 2397 1060 2438 cecidit
1088 2409 1209 2450 super
1236 2401 1400 2443 terram,
1431 2400 1473 2437 et
1501 2409 1639 2437 omnes
1668 2395 1773 2436 servi
1800 2395 1918 2445 illius,
1951 2395 2019 2449 qui

115 2458 363 2500 assistebant
397 2457 443 2505 ei,
481 2457 688 2498 sciderunt
720 2457 970 2505 vestimenta
1004 2469 1087 2497 sua.
1151 2458 1184 2480 ³2
1220 2456 1485 2509 Respondens
1521 2459 1658 2495 autem
1696 2454 1878 2495 Ionadab
1914 2454 2018 2494 filius

114 2518 306 2559 Semmaa
332 2517 469 2558 fratris
498 2516 648 2566 David,
679 2516 801 2557 dixit:
834 2516 893 2556 Ne
923 2515 1098 2556 aestimet
1126 2514 1315 2556 dominus
1344 2528 1457 2555 meus
1486 2527 1568 2561 rex,
1600 2514 1709 2567 quod
1738 2526 1876 2554 omnes
1905 2512 2019 2566 pueri

116 2576 185 2617 filii
202 2577 305 2630 regis
324 2575 443 2618 occisi
461 2575 562 2616 sint:
581 2575 745 2616 Amnon
763 2574 870 2616 solus
888 2579 1075 2616 mortuus
1094 2578 1167 2619 est,
1189 2573 1382 2627 quoniam
1400 2572 1441 2613 in
1461 2586 1526 2614 ore
1544 2571 1738 2613 Absalom
1758 2577 1845 2613 erat
1861 2572 2018 2625 positus

115 2649 167 2676 ex
189 2636 252 2677 die
277 2649 359 2689 qua
383 2634 585 2689 oppressit
608 2635 786 2675 Thamar
808 2647 985 2675 sororem
1011 2633 1106 2674 eius
1156 2635 1188 2657 ³³
1213 2633 1331 2673 Nunc
1355 2645 1446 2686 ergo
1470 2645 1519 2672 ne
1542 2636 1671 2685 ponat
1694 2631 1881 2672 dominus
1905 2644 2018 2671 meus

114 2708 186 2736 rex
212 2708 332 2748 super
358 2707 426 2735 cor
452 2707 570 2735 suum
597 2694 768 2735 verbum
795 2693 919 2741 istud,
948 2692 1102 2734 dicens:
1133 2693 1283 2733 Omnes
1310 2691 1380 2732 filii
1407 2691 1508 2744 regis
1537 2690 1654 2732 occisi
1682 2695 1795 2730 sunt:
1825 2689 2017 2743 quoniam

114 2754 278 2795 Amnon
305 2753 412 2794 solus
438 2758 624 2794 mortuus
652 2758 723 2793 est.
779 2754 811 2777 ³⁴
837 2752 961 2805 Fugit
987 2756 1125 2792 autem
1151 2750 1366 2792 Absalom:
1395 2755 1436 2791 et
1461 2749 1639 2791 elevavit
1664 2761 1764 2802 puer
1789 2748 2019 2802 speculator

116 2812 252 2854 oculos
275 2826 381 2861 suos,
407 2816 448 2853 et
470 2812 649 2866 aspexit:
674 2817 716 2853 et
737 2825 828 2852 ecce
850 2810 1025 2865 populus
1048 2809 1203 2851 multus
1226 2809 1419 2850 veniebat
1441 2822 1512 2862 per
1534 2808 1610 2849 iter
1633 2807 1797 2848 devium
1821 2821 1870 2848 ex
1892 2807 2017 2848 latere

115 2871 278 2913 montis.
331 2873 364 2896 ³⁵
387 2871 507 2912 Dixit
530 2875 668 2912 autem
696 2871 880 2911 Ionadab
906 2870 957 2911 ad
982 2882 1134 2923 regem:
1160 2869 1265 2910 Ecce
1290 2868 1359 2909 filii
1384 2868 1486 2922 regis
1512 2868 1679 2908 adsunt:
1706 2866 1823 2907 iuxta
1845 2866 2017 2907 verbum

115 2930 220 2971 servi
251 2930 312 2971 tui
343 2930 399 2971 sic
429 2930 587 2971 factum
618 2934 691 2971 est.
751 2930 787 2954 ³⁶
817 2929 1001 2983 (Tumque
1033 2933 1229 2969 cessasset
1256 2927 1380 2981 loqui,
1415 2930 1693 2980 apparuerunt
1723 2930 1764 2966 et
1794 2924 1864 2965 filii
1895 2924 2015 2978 regis:

115 2994 156 3030 et
180 2989 383 3030 intrantes
407 2988 652 3030 levaverunt
676 3002 818 3030 vocem
844 3001 972 3037 suam,
1001 2992 1043 3028 et
1070 2987 1289 3028 fleverunt:
1317 2986 1387 3027 sed
1412 2990 1453 3026 et
1477 2998 1547 3025 rex
1573 2989 1614 3025 et
1639 2997 1777 3025 omnes
1803 2983 1907 3025 servi
1933 2983 2016 3024 eius

116 3048 318 3089 fleverunt
350 3047 513 3102 ploratu
546 3061 695 3101 magno
729 3047 861 3088 nimis.
923 3048 958 3071 ³⁷
992 3047 1117 3087 Porro
1151 3045 1346 3086 Absalom
1380 3044 1548 3098 fugiens,
1585 3042 1688 3084 abiit
1721 3042 1773 3083 ad
1807 3041 2018 3084 Tholomai

114 3106 242 3148 filium
260 3106 456 3148 Ammiud
474 3119 608 3161 regem
627 3106 788 3148 Gessur.
809 3105 936 3146 Luxit
953 3118 1046 3159 ergo
1064 3105 1202 3145 David
1220 3104 1348 3145 filium
1368 3116 1485 3144 suum
1506 3102 1662 3143 cunctis
1681 3101 1835 3142 diebus.
1882 3103 1917 3126 ³⁸
1934 3101 2018 3142 Ab-

114 3165 241 3208 salom
268 3171 407 3207 autem
433 3178 526 3206 cum
551 3165 732 3219 fugisset,
761 3170 802 3206 et
828 3164 1007 3205 venisset
1031 3163 1073 3204 in
1099 3164 1259 3212 Gessur,
1287 3162 1367 3203 fuit
1391 3161 1447 3203 ibi
1472 3161 1603 3202 tribus
1630 3160 1757 3201 annis.

510 3270 547 3309 6.
578 3268 895 3311 Reconciliatio
925 3267 1071 3320 patris
1101 3268 1145 3309 et
1172 3267 1265 3317 filii,
1294 3267 1360 3316 13,
1379 3265 1551 3316 39—14,
1570 3266 1634 3306 33.

216 3344 252 3367 ³⁹
280 3341 546 3395 Cessavitque
573 3354 644 3381 rex
669 3339 809 3382 David
837 3339 1023 3393 persequi
1052 3338 1259 3382 Absalom,
1291 3351 1338 3379 eo
1367 3337 1476 3390 quod
1505 3335 1736 3378 consolatus
1765 3338 1871 3375 esset
1898 3345 2016 3386 super

112 3400 274 3442 Amnon
303 3400 485 3441 interitu.
2030 3448 2100 3473 Ioab
2123 3454 2215 3477 regem

218 3459 281 3502 14.
336 3462 348 3483 ¹
383 3458 615 3512 Intelligens
645 3462 782 3498 autem
815 3457 914 3498 Ioab
943 3456 1048 3497 filius
1077 3455 1241 3504 Sarviae,
1274 3455 1383 3508 quod
1412 3467 1480 3495 cor
1508 3453 1610 3507 regis
1640 3464 1801 3493 versum
1830 3453 1935 3490 esset
1962 3447 2011 3487 ad
2035 3489 2083 3513 per
2104 3482 2203 3506 muno-

111 3517 318 3561 Absalom.
374 3523 389 3542 2
414 3517 527 3559 misit
552 3517 770 3561 Thecuam,
799 3520 840 3556 et
866 3515 962 3556 tulit
986 3515 1081 3556 inde
1107 3514 1316 3555 mulierem
1343 3512 1586 3566 sapientem:
1615 3511 1802 3562 dixitque
1827 3507 1878 3547 ad
1905 3517 2011 3545 eam:
2030 3525 2088 3543 rom
2109 3517 2214 3547 placat,
