2356 3760
115 87 168 127 27,
193 85 335 125 25-28,
360 84 403 118 18
865 82 1269 118 PARALIPOMENON
1937 93 2012 134 365

220 181 252 203 '³5
277 179 406 232 Super
431 178 643 219 thesauros
668 181 806 217 autem
832 176 934 229 regis
959 176 1039 216 fuit
1062 176 1240 217 Azmoth
1266 175 1369 217 filius
1395 176 1523 218 Adiel.
1552 178 1611 218 his
1638 184 1774 221 autem
1799 183 1997 225 thesauris
2054 184 2180 223 Prae‘ffifi

117 238 185 292 qui
212 242 328 278 erant
354 238 395 278 in
422 237 601 283 urbibus,
631 239 671 275 et
698 234 739 274 in
766 234 876 282 vicis,
906 240 948 275 et
973 235 1014 275 in
1041 234 1232 283 turribus,
1261 235 1506 289 praesidebat
1534 235 1736 278 Ionathan
1763 239 1866 281 filius
1893 218 2010 284 Oziae1
2042 225 2192 283 ¹³⁰3ssst-

116 299 152 322 '³⁶
184 296 305 350 Operi
339 301 476 337 autem
508 294 671 341 rustico,
706 298 748 333 et
780 292 974 346 agricolis,
1011 293 1079 346 qui
1112 294 1356 334 exercebant
1388 298 1549 343 terram,
1583 301 1756 347 praeerat
1786 297 1878 338 Ezri
1910 300 2012 341 filius

117 355 289 397 Chelub:
349 357 382 380 ²⁷
415 354 708 405 vinearumque
740 351 974 399 cultoribus,
1008 352 1185 392 Semeias
1219 352 1496 393 Romathites:
1530 353 1636 394 cellis
1668 360 1805 395 autem
1837 357 2012 406 vinariis,

119 414 292 455 Zabdias
320 411 557 466 Aphonites.
615 412 651 435 28
680 410 786 451 Nam
815 423 936 463 super
964 409 1116 451 oliveta
1145 415 1185 450 et
1214 410 1344 457 ficeta,
1377 424 1466 464 quae
1494 416 1611 452 erant
1638 412 1679 452 in
1708 415 2013 467 campestribus,

120 473 318 514 Balanam
348 470 575 511 Gederites:
609 482 729 523 super
761 469 979 523 apothecas
1013 474 1150 509 autem
1183 468 1269 517 olei,
1306 469 1407 511 Ioas.
1468 472 1502 494 2⁹
1533 470 1657 511 Porro
1690 472 1894 521 armentis,
1929 486 2017 526 quae

119 531 392 586 pascebantur
415 529 456 570 in
481 529 621 577 Saron,
647 528 889 582 praepositus
913 527 993 568 fuit
1017 527 1148 569 Setrai
1172 527 1396 568 Saronites:
1424 533 1465 569 et
1489 541 1608 582 super
1632 529 1755 570 boves
1780 531 1820 571 in
1846 531 2019 572 vallibus

120 589 276 642 Saphat
296 588 400 629 filius
421 587 532 629 Adli:
580 588 617 613 ³⁰
636 600 756 640 super
777 585 950 628 camelos
971 599 1079 632 vero,
1103 585 1199 627 Ubil
1221 585 1492 627 Ismahelites:
1516 592 1557 627 et
1577 600 1696 641 super
1717 589 1860 638 asinos,
1886 590 2018 631 Iadias

119 647 424 689 Meronathites.
475 649 506 672 ³¹
530 659 650 700 super
672 658 766 687 oves
790 657 951 699 quoque
976 645 1081 685 Iaziz
1103 645 1294 698 Agareus.
1321 657 1458 685 omnes
1481 645 1533 691 hi,
1558 645 1756 699 principes
1780 648 2018 689 substantiae

119 706 220 760 regis
250 706 398 747 David.

224 767 257 790 32
295 764 499 806 Ionathan
536 769 675 805 autem
711 769 882 817 patruus
919 763 1068 812 David,
1108 762 1369 811 consiliarius,
1408 762 1470 803 vir
1506 763 1682 815 prudens
1720 770 1761 804 et
1795 763 2218 806 litteratus:¹¹¹³ss³÷fr³t1¹³

123 824 214 878 Ipse
242 828 282 864 et
313 822 439 864 Iahiel
466 822 571 864 filius
602 822 858 864 Hachamoni
888 827 1004 862 erant
1033 834 1125 862 cum
1154 821 1244 862 filiis
1272 821 1386 875 regis.
1443 823 1476 846 3³
1504 821 1748 875 Achitophel
1777 823 1900 863 etiam
1930 836 2021 864 con-
2061 808 2190 827 mamm

121 882 291 923 siliarius
320 882 435 935 regis,
467 887 509 924 et
537 882 685 923 Chusai
714 881 926 922 Arachites
957 881 1110 921 amicus
1140 880 1254 934 regis.
1311 882 1344 905 ³⁴
1373 880 1473 921 Post
1502 880 1745 934 Achitophel
1773 882 1852 922 fuit
1883 882 2023 923 Ioiada

122 941 224 982 filius
253 941 430 989 Banaiae,
459 946 501 982 et
526 941 739 982 Abiathar.
769 940 961 993 Princeps
989 945 1126 980 autem
1155 939 1355 980 exercitus
1382 939 1482 992 regis
1510 943 1597 980 erat
1626 939 1737 981 Ioab.

275 1047 315 1087 8.
345 1046 613 1087 Novissimae
644 1046 878 1087 orationes
909 1045 953 1086 et
983 1044 1296 1085 ordinationes
1327 1043 1529 1095 Davidis‚
1557 1046 1623 1096 28,
1642 1044 1788 1096 1—29‚
1807 1044 1872 1085 25.

228 1117 291 1160 28.
347 1119 361 1142 ¹
397 1117 651 1158 Convocavit
684 1117 808 1170 igitur
841 1116 978 1157 David
1014 1127 1152 1157 omnes
1187 1114 1387 1168 principes
1425 1114 1558 1161 lsrael,
1598 1115 1718 1155 duces
1754 1115 1947 1163 tribuum,
1985 1120 2026 1156 et
2058 1113 2203 1178 Pssigffl'iffi

56 1187 58 1190 ·
122 1176 360 1230 praepositos
380 1181 621 1222 turmarum,
644 1176 712 1229 qui
732 1175 1023 1216 ministrabant
1041 1174 1140 1227 regi:
1162 1173 1347 1214 tribunos
1368 1186 1528 1226 quoque
1549 1178 1589 1213 et
1608 1174 1873 1222 centuriones,
1895 1179 1936 1214 et
1956 1175 2024 1228 qui
2042 1183 2216 1213 obtestatur,

123 1240 324 1290 praeerant
340 1235 582 1276 substantiae
598 1240 639 1276 et
655 1234 974 1288 possessionibus
990 1233 1104 1286 regis,
1123 1232 1306 1285 filiosque
1323 1244 1414 1272 suos
1432 1244 1524 1272 cum
1541 1232 1746 1281 eunuchis,
1766 1238 1807 1273 et
1822 1237 2022 1286 potentes,

125 1300 166 1337 et
199 1295 502 1337 robustissimos
537 1307 718 1348 quosque
752 1294 792 1334 in
827 1293 1006 1334 exercitu
1042 1290 1272 1332 Ierusalem.
1335 1292 1349 1315 ²
1382 1291 1564 1344 Cumque
1598 1292 1835 1332 surrexisset
1867 1304 1948 1340 rex,
1985 1297 2025 1332 et

126 1354 319 1403 stetisset,
355 1354 430 1394 ait:
464 1354 616 1394 Audite
648 1366 712 1393 me
744 1353 889 1392 fratres
921 1351 1011 1397 mei,
1047 1354 1088 1390 et
1119 1349 1294 1403 populus
1325 1362 1456 1390 meus:
1491 1350 1675 1403 Cogitavi
1708 1356 1755 1391 ut
1786 1350 2024 1391 aedificarem

126 1414 306 1461 domum,
332 1413 373 1453 in
399 1425 480 1465 qua
501 1412 769 1465 requiesceret
793 1423 886 1451 arca
908 1409 1071 1450 foederis
1094 1408 1272 1453 Domini,
1298 1413 1339 1449 et
1363 1407 1581 1449 scabellum
1605 1409 1756 1463 pedum
1779 1409 1855 1450 Dei
1878 1410 2023 1450 nostri:

126 1477 167 1513 et
192 1472 245 1513 ad
270 1471 567 1519 aedificandum,
596 1470 734 1511 omnia
758 1469 996 1523 praeparavi.
1051 1470 1066 1493 ³
1091 1468 1201 1508 Deus
1229 1472 1365 1508 autem
1393 1468 1497 1508 dixit
1523 1468 1639 1508 mihi:
1672 1468 1783 1509 ²³*Non
1809 1468 2026 1509 aedificabis

125 1531 293 1572 domum
319 1529 474 1571 nomini
499 1542 602 1577 meo,
631 1542 676 1570 eo
704 1529 813 1582 quod
839 1528 891 1569 sis
917 1528 979 1568 vir
1005 1526 1187 1571 bellator.
1216 1532 1257 1567 et
1283 1527 1519 1580 sanguinem
1546 1527 1708 1568 fuderis
1762 1529 1778 1552 ⁴¹
1802 1528 1881 1569 Sed
1907 1527 2026 1581 elegit

126 1590 326 1631 Dominus
352 1589 462 1630 Deus
490 1587 614 1629 Israel
640 1600 703 1628 me
730 1588 778 1628 de
804 1587 994 1628 universa
1019 1587 1140 1627 domo
1166 1585 1294 1639 patris
1320 1586 1410 1633 mei,
1439 1590 1486 1626 ut
1511 1599 1637 1626 essem
1663 1599 1733 1627 rex
1759 1599 1877 1640 super
1905 1585 2026 1627 Israel

126 1649 167 1690 in
187 1649 499 1702 sempiternum:
522 1647 571 1688 de
593 1646 697 1688 Iuda
716 1647 823 1687 enim
844 1645 964 1699 elegit
983 1645 1201 1700 principes:
1222 1657 1341 1698 porro
1363 1645 1412 1685 de
1432 1644 1552 1686 domo
1576 1645 1689 1694 Iuda,
1712 1645 1879 1686 domum
1899 1646 2027 1699 patris

127 1708 224 1749 mei:
252 1712 293 1749 et
318 1707 367 1749 de
393 1706 483 1748 filiis
507 1707 635 1761 patris
661 1706 751 1753 mei,
779 1705 934 1759 placuit
959 1705 994 1745 ei
1019 1709 1067 1746 ut
1090 1717 1155 1745 me
1181 1703 1343 1757 eligeret
1368 1716 1499 1757 regem
1527 1717 1646 1758 super
1671 1709 1863 1745 cunctum
1891 1703 2024 1746 Israel.

127 1769 142 1792 ⁵
171 1767 269 1808 bSed
294 1772 335 1808 et
359 1767 408 1808 de
434 1765 524 1807 filiis
548 1766 648 1806 meis
672 1764 791 1817 (filios
816 1765 922 1805 enim
948 1763 1047 1804 mihi
1071 1762 1223 1804 multos
1248 1763 1361 1804 dedit
1384 1763 1602 1817 Dominus)
1627 1762 1746 1817 elegit
1769 1762 2026 1805 Salomonem

129 1826 255 1867 filium
283 1838 433 1874 meum,
464 1829 512 1866 ut
540 1825 697 1865 sederet
726 1824 766 1864 in
796 1824 943 1864 throno
973 1823 1083 1876 regni
1111 1822 1277 1864 Domini
1307 1834 1427 1875 super
1458 1822 1590 1871 lsrael,
1652 1823 1667 1846 ⁶
1695 1822 1879 1876 dixitque
1908 1822 2025 1863 mihi:

127 1884 319 1927 Salomon
342 1884 447 1926 filius
472 1889 567 1925 tuus
590 1882 808 1924 aedificabit
832 1883 999 1924 domum
1023 1894 1168 1929 meam,
1194 1886 1236 1921 et
1259 1881 1364 1921 atria
1386 1893 1494 1921 mea:
1519 1881 1652 1934 ipsum
1676 1881 1782 1921 enim
1807 1880 1904 1935 elegi
1927 1881 2026 1922 mihi

128 1945 169 1985 in
195 1944 335 1992 filium,
363 1949 405 1984 et
430 1956 501 1996 ego
528 1955 594 1984 ero
621 1943 655 1983 ei
681 1943 721 1982 in
748 1947 919 1995 patrem.
977 1942 990 1964 ⁷
1016 1940 1073 1981 Et
1097 1940 1267 1981 firmabo
1294 1952 1462 1993 regnum
1489 1939 1572 1980 eius
1597 1952 1725 1994 usque
1749 1940 1790 1980 in
1816 1946 2025 1988 aeternum,

129 2003 160 2044 si
191 2002 512 2056 perseveraverit
542 2002 673 2042 facere
704 2005 909 2054 praecepta
939 2013 1041 2047 mea,
1075 2004 1116 2040 et
1146 1999 1306 2048 iudicia,
1338 1998 1445 2039 sicut
1476 2003 1517 2039 et
1547 1998 1677 2040 hodie.
1740 2000 1755 2023 ⁸
1787 1999 1904 2039 Nunc
1935 2012 2027 2052 ergo

129 2075 265 2103 coram
293 2062 481 2102 universo
511 2066 620 2101 coetu
652 2059 774 2100 Israel
803 2059 994 2100 audiente
1022 2059 1108 2099 Deo
1137 2063 1288 2106 nostro,
1320 2057 1533 2104 custodite,
1565 2062 1606 2098 et
1632 2057 1852 2111 perquirite
1881 2064 2029 2098 cuncta

128 2120 328 2162 mandata
358 2119 524 2161 Domini
556 2119 633 2160 Dei
666 2118 812 2160 nostri:
847 2123 894 2159 ut
926 2117 1167 2171 possideatis
1201 2117 1364 2157 Terram
1399 2116 1561 2165 bonam,
1596 2123 1638 2157 et
1670 2116 1905 2170 relinquatis
1939 2130 2027 2157 eam

129 2179 218 2221 filiis
247 2179 391 2221 vestris
420 2183 513 2233 post
540 2191 613 2219 vos
641 2190 768 2231 usque
796 2177 837 2217 in
865 2177 1169 2230 sempiternum.

236 2241 252 2263 ⁹
273 2239 332 2280 Tu
354 2243 491 2279 autem
513 2236 704 2279 Salomon
725 2236 780 2277 fili
800 2236 867 2283 mi,
891 2235 991 2277 scito
1011 2236 1145 2276 Deum
1165 2235 1294 2288 patris
1315 2233 1451 2283 tui,⁹et
1471 2234 1621 2276 servito
1642 2234 1676 2276 ei
1697 2235 1815 2276 corde
1835 2234 2026 2288 perfecto,
2044 2232 2225 2294 {ffffifflguss

130 2302 171 2339 et
192 2298 327 2339 animo
349 2296 599 2339 voluntario:
631 2296 785 2337 comnia
805 2295 911 2336 enim
933 2295 1056 2336 corda
1076 2299 1283 2335 scrutatur
1302 2293 1515 2339 Dominus,
1539 2300 1580 2334 et
1600 2294 1808 2335 universas
1829 2293 2028 2334 mentium
2046 2305 2076 2329 et
2092 2304 2220 2333 instruit,

131 2357 397 2411 cogitationes
434 2355 634 2409 intelligit.
674 2355 715 2397 Si
753 2353 954 2408 quaesieris
991 2367 1096 2403 eum,
1135 2353 1333 2394 invenies:
1386 2353 1417 2393 si
1455 2357 1592 2393 autem
1630 2352 1886 2406 dereliqueris
1923 2365 2027 2401 eum,

131 2417 315 2472 proiiciet
335 2420 375 2457 te
395 2416 436 2456 in
456 2420 666 2456 aeternum.
715 2415 751 2439 ¹⁰
771 2414 889 2455 Nune
909 2426 1001 2466 ergo
1024 2413 1120 2467 quia
1139 2411 1258 2466 elegit
1278 2418 1318 2453 te
1338 2411 1539 2453 Dominus
1558 2416 1606 2453 ut
1625 2411 1841 2453 aedificares
1861 2411 2029 2452 domum

132 2476 373 2525 Sanctuarii,
395 2474 635 2522 confortare,
656 2478 697 2514 et
718 2472 876 2527 perfice.
924 2474 954 2496 ¹¹
972 2472 1098 2513 Dedit
1121 2477 1259 2512 autem
1276 2471 1413 2512 David
1430 2470 1635 2512 Salomoni
1658 2470 1738 2512 filio
1762 2483 1832 2512 suo
1857 2469 2030 2523 descrip-

134 2538 286 2578 tionem
309 2534 501 2590 porticus,
537 2538 578 2574 et
601 2531 754 2586 templi,
790 2537 832 2573 et
854 2531 1117 2579 cellariorum,
1154 2536 1194 2572 et
1218 2530 1425 2577 coenaculi,
1452 2535 1493 2571 et
1516 2529 1792 2571 cubiculorum
1815 2529 1856 2570 in
1880 2528 2027 2582 adytis,

133 2602 174 2637 et
208 2596 352 2637 domus
385 2592 699 2648 propitiationis,
777 2593 809 2615 ¹²
841 2603 998 2632 necnon
1033 2595 1074 2631 et
1107 2589 1289 2631 omnium
1325 2602 1414 2643 quae
1448 2589 1699 2643 cogitaverat
1733 2588 1939 2636 atriorum,
1990 2592 2031 2628 et

134 2655 373 2696 exedrarum
398 2665 470 2707 per
495 2651 710 2693 circuitum
734 2650 775 2691 in
801 2650 1012 2691 thesauros
1039 2649 1184 2691 domus
1208 2648 1386 2697 Domini,
1414 2654 1456 2689 et
1480 2648 1520 2689 in
1546 2647 1757 2689 thesauros
1782 2651 2027 2693 sanctorum,

134 2716 166 2739 ¹3
195 2713 522 2765 divisionumque
552 2709 872 2752 sacerdotalium
903 2714 945 2750 et
972 2707 1260 2758 Leviticarum,
1292 2708 1332 2749 in
1363 2707 1500 2749 omnia
1528 2719 1650 2760 opera
1678 2706 1821 2747 domus
1850 2704 2028 2754 Domini,

134 2779 175 2814 et
201 2773 243 2814 in
271 2772 461 2813 universa
488 2783 588 2811 vasa
614 2768 826 2810 ministerii
855 2767 997 2822 templi
1024 2767 1202 2809 Domini.
1259 2769 1291 2791 ¹4
1319 2767 1475 2808 Aurum
1503 2766 1544 2806 in
1572 2765 1748 2819 pondere
1776 2777 1847 2818 per
1874 2762 2031 2818 singula

134 2845 234 2873 vasa
252 2830 476 2872 ministerii.
498 2829 667 2883 Argenti
689 2841 850 2882 quoque
869 2827 1030 2881 pondus
1050 2840 1122 2881 pro
1143 2839 1333 2867 vasorum
1355 2832 1396 2867 et
1416 2838 1582 2879 operum
1603 2824 1851 2865 diversitate.
1901 2824 1932 2847 ¹⁵
1952 2822 2031 2864 Sed

134 2896 175 2932 et
200 2891 241 2931 in
268 2889 512 2931 candelabra
539 2901 670 2937 aurea,
700 2892 741 2928 et
767 2887 819 2928 ad
844 2885 1027 2927 lucernas
1054 2898 1204 2933 eorum,
1235 2898 1378 2926 aurum
1404 2897 1476 2938 pro
1503 2895 1691 2924 mensura
1716 2881 2031 2935 uniuscuiusque

135 2948 366 2991 candelabri
386 2953 427 2988 et
444 2947 713 2988 lucernarum.
735 2945 927 2988 Similiter
947 2949 988 2986 et
1007 2945 1047 2986 in
1068 2943 1312 2986 candelabra
1331 2948 1532 2998 argentea,
1556 2948 1596 2983 et
1615 2942 1655 2982 in
1674 2941 1857 2983 lucernas
1877 2953 2028 2990 eorum,

134 3022 206 3063 pro
242 3006 479 3050 diversitate
512 3018 722 3054 mensurae,
757 3005 917 3059 pondus
953 3004 1108 3058 argenti
1144 3003 1325 3045 tradidit.
1390 3004 1424 3027 ¹⁶
1457 3002 1612 3042 Aurum
1649 3013 1810 3054 quoque
1844 2999 1957 3041 dedit
1990 2998 2031 3039 in

134 3079 292 3108 mensas
327 3064 614 3120 propositionis
649 3077 721 3118 pro
758 3064 994 3105 diversitate
1029 3075 1279 3104 mensarum:
1317 3061 1499 3103 similiter
1533 3065 1574 3101 et
1609 3064 1822 3114 argentum
1856 3059 1898 3099 in
1933 3057 2031 3098 alias

133 3139 293 3167 mensas
316 3128 539 3179 argenteas.
589 3125 623 3148 ¹⁷
645 3123 709 3164 Ad
729 3123 950 3164 fuscinulas
973 3135 1146 3176 quoque,
1170 3126 1211 3162 et
1231 3120 1399 3175 phialas,
1424 3125 1464 3160 et
1486 3118 1695 3160 thuribula
1715 3131 1764 3159 ex
1785 3130 1882 3159 auro
1904 3116 2031 3170 puris-

135 3185 248 3234 simo,
278 3190 320 3225 et
344 3182 551 3225 leunculos
579 3195 720 3223 aureos
746 3195 818 3236 pro
848 3181 1047 3236 qualitate
1073 3193 1271 3222 mensurae
1298 3179 1456 3233 pondus
1484 3178 1693 3219 distribuit
1718 3178 1759 3218 in
1785 3174 2028 3218 leunculum.

135 3249 176 3284 et
199 3242 444 3284 leunculum.
472 3240 664 3284 Similiter
689 3245 730 3282 et
753 3241 794 3282 in
819 3240 954 3282 leones
979 3245 1191 3294 argenteos
1215 3239 1420 3280 diversum
1446 3237 1602 3291 argenti
1627 3236 1786 3290 pondus
1812 3233 2027 3288 separavit.

135 3303 170 3327 ¹⁸
196 3302 327 3343 Altari
355 3306 505 3350 autem,
533 3300 575 3341 in
605 3313 683 3354 quo
712 3299 898 3341 adoletur
923 3300 1144 3348 incensum,
1175 3311 1318 3339 aurum
1346 3296 1606 3351 purissimum
1634 3295 1765 3336 dedit:
1794 3298 1841 3334 ut
1868 3305 1916 3333 ex
1943 3292 2028 3344 ipso

267 3427 320 3470 28,
345 3427 364 3461 3
389 3428 427 3461 ³2
451 3427 510 3462 Sm
535 3427 565 3468 7,
590 3427 641 3461 13.
668 3447 710 3451 —
734 3427 754 3460 5
778 3425 865 3470 bsap
889 3426 921 3467 9,
946 3426 976 3460 7.
1002 3446 1044 3450 —
1068 3426 1088 3459 9
1116 3425 1175 3458 cPs
1200 3425 1231 3465 7,
1256 3423 1307 3458 10.
