2356 3760
137 148 167 183 2.
194 147 312 186 12—3‚
337 147 357 180 8
978 147 1209 180 smithius
1956 158 2030 197 25?

240 242 272 265 ¹‘-'
299 240 574 294 Egressusque
601 244 662 280 est
688 240 826 280 Abner
853 239 956 280 filius
986 240 1076 284 Ner.
1107 249 1147 281 et
1176 241 1286 293 pueri
1316 242 1500 282 isboseth
1532 243 1595 282 tilii
1625 245 1718 284 Saul
1745 248 1793 287 (19
1822 249 1961 289 castris
1991 249 2028 289 in
2060 250 2153 274 ΛΜΗ·
2174 251 2210 274 ³¹²

136 301 319 342 Gabaon.
375 302 406 323 ¹³
432 300 556 340 Porro
585 298 683 338 Ioab
711 297 814 338 filius
841 298 1003 341 Sarviae.
1033 305 1072 339 et
1099 299 1212 351 pueri
1239 300 1374 341 David
1401 301 1544 354 egressi
1571 312 1677 345 sunt.
1706 309 1747 344 et
1773 315 2029 348 occurrerunt
2074 286 2195 351 suffit„

136 359 190 399 eis
219 358 336 399 iuxta
364 357 559 412 piscinam
588 356 772 397 Gabaon.
830 357 883 397 Et
913 370 1004 397 cum
1035 357 1074 397 in
1104 371 1230 398 unum
1260 359 1555 403 convenissent.
1587 373 1607 399 e
1636 360 1793 413 regione
1822 366 2029 406 sederunt:

136 417 177 458 hi
205 431 255 458 ex
284 431 366 458 una
393 421 508 470 parte
538 414 713 468 piscinae.
745 421 785 455 et
814 414 871 455 illi
900 429 949 455 ex
979 415 1116 456 altera.
1177 417 1207 439 ¹⁴
1239 416 1432 470 Dixitque
1461 418 1599 458 Abner
1627 420 1678 459 ad
1713 420 1825 460 loab:
1856 424 2029 471 surgant

136 476 262 530 pueri,
290 482 332 517 et
355 474 499 515 ludant
526 486 661 514 coram
689 473 817 514 nobis.
868 474 923 514 Et
949 474 1160 527 respondit
1187 475 1304 516 Ioab:
1332 476 1519 529 Surgunt.
1577 478 1606 500 ¹⁵
1632 478 1900 519 Surrexerunt
1927 494 2029 527 erqo.

136 542 177 576 et
199 534 447 576 transierunt
471 545 638 573 numero
662 532 876 573 duodecim
901 533 949 573 de
975 532 1199 574 Beniamin.
1227 547 1275 573 ex
1298 540 1413 586 parte
1445 535 1624 576 isboseth
1649 536 1717 576 tilii
1740 537 1847 580 Saul.
1873 545 1911 578 et
1936 540 2032 580 duo-

135 593 263 636 decim
300 592 349 633 de
386 590 519 645 pueris
556 590 704 632 David.
786 593 820 615 ¹⁶
855 591 1201 645 Apprehensoque
1241 593 1516 647 unusquisque
1554 594 1685 647 capite
1723 596 1921 649 comparis
1959 598 2031 640 sui,

135 651 276 694 defixit
298 649 477 704 gladium
503 649 542 690 in
566 649 672 690 latus
696 649 901 694 contrarii.
927 656 967 691 et
991 650 1222 691 ceciderunt
1246 650 1382 691 simul:
1409 658 1682 705 vocatumque
1706 661 1765 694 est
1790 668 1934 695 nomen
1958 655 2032 696 loci

134 709 256 751 illius:
285 710 392 763 Ager
417 709 690 752 robustorum.
721 708 761 749 in
789 709 972 750 Gabaon.
1031 710 1063 733 ¹⁷
1092 709 1145 750 Et
1175 716 1309 750 ortum
1338 717 1396 751 est
1427 711 1574 751 bellum
1603 712 1748 752 durum
1777 713 1874 753 satis
1904 713 1940 753 in
1970 714 2032 754 die

133 768 219 809 illa:
249 769 496 821 fugatusque
525 774 586 808 est
613 768 763 811 Abner.
795 774 834 808 et
864 767 939 807 viri
971 768 1093 808 lsrael
1122 782 1145 808 a
1175 768 1306 821 pueris
1336 768 1484 810 David.

238 830 272 852 1⁸
300 820 431 867 Erant
462 832 600 867 autem
631 825 687 867 ibi
717 834 797 867 tres
828 826 898 867 filii
927 826 1090 871 Sarviae.
1126 827 1237 872 [oab.
1270 834 1310 868 et
1341 828 1492 872 Abisai.
1526 835 1565 869 et
1598 828 1732 869 Asael:
1767 843 1882 882 porro
1914 830 2225 889 Asaelss’i‘ggegfggs

133 899 270 928 cursor
293 885 568 927 velocissimus
593 885 683 930 fuit.
713 885 827 939 quasi
852 899 955 926 unus
981 886 1029 926 de
1054 886 1219 939 capreis.
1248 900 1337 940 quae
1362 894 1574 927 morantur
1599 887 1637 927 111
1663 887 1784 929 silvis.
1839 891 1872 912 ¹⁹
1897 889 2031 929 Perse-
2052 881 2220 926 trah-sidia:

134 945 337 999 quebatur
362 950 500 985 autem
528 944 647 985 Asael
674 945 822 988 Abner.
852 950 892 985 et
920 958 999 985 non
1027 944 1250 986 declinavit
1276 946 1327 986 ad
1355 946 1565 987 dexteram
1594 960 1723 1000 neque
1750 947 1802 987 ad
1828 947 2032 988 sinistram

132 1003 326 1045 omittens
357 1003 542 1057 persequi
572 1003 721 1044 Abner.
781 1005 817 1027 ²⁰
848 1003 1044 1057 Respexit
1073 1003 1213 1057 itaque
1244 1005 1381 1045 Abner
1411 1012 1502 1058 post
1534 1010 1691 1059 tergum
1723 1019 1853 1050 suum.
1886 1012 1925 1047 et
1957 1006 2032 1047 ait:

133 1064 246 1104 Tune
268 1077 308 1103 es
330 1061 474 1103 Asael?
499 1062 576 1111 Qui
599 1062 827 1115 respondit:
852 1062 937 1115 Ego
961 1076 1062 1104 sum.
1114 1064 1144 1087 2¹
1167 1063 1365 1117 Dixitque
1387 1064 1421 1104 ei
1443 1064 1598 1105 Abner:
1623 1065 1735 1105 Vade
1758 1065 1809 1106 ad
1832 1066 2031 1107 dextram.

132 1122 216 1163 sive
241 1122 294 1163 ad
317 1121 537 1164 sinistram.
564 1127 605 1162 et
629 1121 887 1174 apprehende
912 1135 1038 1162 unum
1064 1123 1113 1163 de
1138 1122 1474 1168 adolescentibus.
1502 1130 1542 1164 et
1567 1123 1660 1164 tolle
1686 1123 1760 1164 tibi
1784 1123 1912 1177 spolia
1936 1124 2031 1165 eius.

133 1180 275 1222 Noluit
298 1187 437 1222 autem
461 1180 582 1221 Asael
606 1180 795 1221 omittere
821 1180 919 1234 quin
947 1187 1104 1234 urgeret
1130 1195 1233 1223 eum.
1287 1184 1318 1206 ’3“3
1345 1183 1604 1236 Rursumque
1628 1182 1786 1223 locutus
1813 1189 1873 1223 est
1896 1184 2035 1224 Abner

131 1240 183 1281 ad
203 1239 341 1281 Asael:
364 1239 516 1282 recede.
542 1238 621 1281 noli
643 1253 707 1280 me
729 1239 854 1293 sequi.
878 1254 927 1280 ne
949 1239 1168 1294 compellar
1189 1241 1403 1282 confodere
1427 1247 1465 1281 te
1487 1241 1526 1281 in
1549 1247 1711 1284 terram.
1735 1248 1775 1282 et
1796 1242 1929 1282 levare
1952 1256 2031 1283 11011

131 1305 273 1353 potero
299 1298 443 1339 faciem
471 1312 605 1339 meam
632 1299 684 1339 ad
714 1298 811 1339 [oab
838 1299 1005 1339 fratrem
1035 1304 1164 1340 tuum.
1221 1302 1253 1323 ²³
1280 1300 1356 1348 Qui
1385 1299 1522 1340 audire
1550 1300 1807 1353 contempsit.
1838 1307 1874 1341 et
1903 1300 2030 1342 noluit

130 1358 348 1399 declinare:
398 1357 596 1411 percussit
628 1370 720 1411 ergo
753 1371 845 1399 eum
877 1358 1015 1398 Abner
1047 1371 1189 1398 aversa
1221 1358 1338 1398 hasta
1372 1358 1412 1398 111
1446 1358 1620 1408 inguine.
1655 1366 1694 1399 et
1729 1359 1958 1403 transfodit.
1993 1367 2032 1400 et

130 1423 315 1459 mortuus
339 1423 399 1457 est
422 1416 463 1457 in
486 1417 626 1458 eodem
650 1415 755 1457 loco:
780 1430 1002 1469 omnesque
1025 1416 1093 1469 qui
1117 1416 1347 1457 transibant
1373 1430 1442 1470 per
1463 1417 1595 1458 locum
1618 1413 1744 1461 iilum.
1770 1417 1809 1458 in
1834 1431 1912 1471 quo
1935 1418 2032 1459 ceci-

129 1476 246 1517 derat
273 1475 404 1519 Asael.
436 1481 477 1515 et
505 1481 690 1515 mortuus
720 1481 818 1518 erat.
850 1475 1141 1516 subsistebant.

233 1536 265 1558 '2⁴
294 1533 636 1587 Persequentibus
669 1538 806 1574 autem
840 1533 951 1579 loab,
985 1540 1025 1575 et
1055 1534 1195 1575 Abisai
1226 1535 1448 1588 fugientem
1480 1536 1628 1580 Abner.
1661 1535 1719 1577 sol
1750 1536 1958 1577 occubuit:
1991 1542 2032 1577 et
2068 1538 2210 1598 ᾗὲῐξῑζξ

128 1598 329 1634 ν9119111111
356 1606 482 1646 usque
510 1593 561 1633 ad
588 1592 738 1633 (follem
767 1606 883 1646 aquae
910 1594 1069 1638 ductus.
1100 1593 1167 1647 qui
1196 1600 1257 1635 est
1283 1608 1333 1635 ex
1360 1595 1530 1635 adverso
1559 1594 1674 1635 vallis
1702 1594 1855 1635 itineris
1883 1595 2031 1636 deserti
2056 1581 2217 1637 revertitur,

128 1652 168 1693 in
191 1653 373 1694 Gabaon.
425 1653 456 1676 ²5
479 1651 801 1706 Congregatique
824 1658 919 1692 sunt
942 1652 1011 1693 filii
1035 1652 1248 1693 Beniamin
1272 1654 1324 1694 ad
1346 1654 1501 1695 Abner:
1526 1660 1565 1694 et
1588 1653 1819 1707 conglobati
1842 1653 1881 1694 in
1905 1668 2030 1695 unum

127 1725 314 1759 cuneum,
342 1717 545 1752 steterunt
572 1710 612 1751 in
639 1710 877 1752 summitate
904 1711 1052 1752 tumuli
1079 1712 1208 1753 unius.
1263 1714 1298 1736 ²⁶
1324 1713 1378 1753 Et
1404 1712 1649 1754 exclamavit
1676 1713 1813 1754 Abner
1838 1714 1889 1754 ad
1919 1713 2028 1759 loab.

126 1775 167 1811 et
192 1770 267 1811 ait:
296 1771 404 1811 Num
431 1784 557 1824 usque
583 1771 635 1811 ad
661 1769 977 1812 internecionem
1005 1777 1099 1812 tuus
1126 1784 1264 1813 mucro
1290 1771 1506 1813 desaeviet?
1533 1786 1584 1812 an
1611 1772 1768 1824 ignoras
1796 1773 1904 1825 quod
1930 1772 2031 1825 peri-

126 1828 263 1870 culosa
285 1829 337 1870 sit
361 1829 615 1883 desperatio?
640 1843 851 1883 usquequo
876 1843 956 1871 non
981 1829 1079 1871 dicis
1103 1829 1252 1884 populo
1277 1837 1322 1872 ut
1346 1831 1513 1872 omittat
1537 1831 1721 1885 persequi
1744 1832 1889 1872 fratres
1912 1832 2029 1872 suos?

125 1890 159 1912 2⁷
187 1894 228 1930 et
254 1888 312 1930 ait
341 1889 458 1929 Ioab:
488 1888 600 1929 Vivit
628 1888 841 1934 Dominus,
870 1888 901 1929 si
928 1888 1088 1930 locutus
1115 1889 1270 1933 fuisses.
1301 1904 1419 1931 mane
1447 1890 1672 1931 recessisset
1701 1889 1872 1943 populus
1899 1903 2031 1944 perse·

126 1961 252 2001 quens
274 1947 443 1988 fratrem
466 1961 597 1988 suum.
648 1949 683 1971 2⁸
709 1947 894 1988 lnsonuit
918 1961 1010 2001 ergo
1036 1948 1134 1989 loab
1158 1948 1341 1995 buccina.
1366 1954 1406 1989 et
1429 1949 1545 1990 stetit
1568 1949 1698 1990 omnis
1721 1949 1932 1993 exercitus.
1956 1963 2029 1990 nec

125 2006 324 2060 persecuti
354 2012 449 2047 sunt
480 2006 587 2047 ultra
618 2006 753 2051 Israel.
785 2020 915 2060 neque
946 2006 1067 2048 iniere
1097 2013 1314 2049 certarnen.
1373 2010 1408 2032 2⁹
1436 2008 1574 2049 Abner
1603 2014 1740 2049 autem
1771 2014 1811 2049 et
1840 2007 1914 2049 viri
1945 2008 2028 2049 eius

124 2065 314 2106 abierunt
335 2078 406 2119 per
427 2065 684 2118 campestria.
709 2071 800 2106 tota
821 2072 940 2106 nocte
964 2065 1048 2106 illa:
1073 2072 1113 2107 et
1135 2066 1384 2108 transierunt
1409 2067 1637 2116 iordanem‚
1661 2074 1700 2108 et
1723 2066 1897 2108 lustrata
1919 2067 2028 2108 omni

124 2124 231 2164 Beth
254 2124 394 2168 horon.
420 2132 620 2165 venerunt
645 2124 697 2165 ad
720 2130 865 2165 castra.
917 2127 954 2148 ²³⁰
976 2125 1100 2166 Porro
1126 2125 1225 2166 Ioab
1248 2139 1444 2171 reversus.
1470 2126 1617 2167 omisso
1641 2126 1789 2170 Abner.
1815 2140 2029 2180 congrega-

123 2182 184 2224 vit
208 2196 369 2224 omnem
394 2181 610 2237 populum:
638 2189 678 2224 et
703 2183 922 2224 defuerunt
946 2184 995 2224 de
1020 2184 1154 2238 pueris
1179 2185 1315 2226 David
1341 2185 1479 2225 decem
1505 2190 1544 2226 et
1571 2198 1717 2226 novem
1743 2184 1830 2229 viri.
1857 2191 2027 2239 excepto

122 2240 277 2283 Asaele.
335 2244 367 2266 ³¹
396 2241 511 2283 Servi
540 2247 679 2283 autem
708 2242 845 2283 David
875 2249 1161 2296 percusserunt
1190 2243 1239 2284 (19
1269 2243 1495 2291 Beniamin„
1527 2250 1568 2285 et
1597 2245 1646 2285 de
1676 2243 1783 2288 viris.
1816 2244 1883 2297 qui
1913 2251 2028 2285 erant

122 2314 214 2342 cum
246 2301 386 2342 Abner
418 2307 621 2342 trecentos
655 2300 880 2355 sexaginta,
917 2301 985 2356 qui
1019 2309 1060 2343 et
1092 2303 1243 2344 mortui
1277 2310 1384 2344 sunt.
1446 2305 1478 2327 ²³²
1511 2302 1788 2357 Tuleruntque
1821 2303 1952 2347 Asael.
1987 2310 2028 2344 et

121 2359 366 2414 sepelierunt
389 2374 480 2401 eum
504 2359 546 2400 in
570 2359 782 2413 sepulchro
806 2360 934 2414 patris
959 2361 1018 2402 sui
1043 2360 1084 2402 in
1110 2360 1367 2402 Bethlehem:
1393 2368 1434 2403 et
1457 2361 1773 2403 ambulaverunt
1796 2367 1886 2403 tota
1909 2367 2027 2403 nocte

124 2419 222 2460 [oab
249 2425 291 2460 et
316 2419 393 2459 viri
420 2419 488 2473 qui
516 2426 631 2460 erant
659 2433 750 2460 cum
778 2433 836 2464 eo.
865 2425 907 2461 et
932 2420 973 2460 in
999 2419 1087 2474 ipso
1114 2420 1349 2475 crepusculo
1377 2428 1650 2475 pervenerunt
1676 2420 1716 2462 in
1745 2421 1922 2462 Hebron.

225 2477 263 2521 3.
318 2480 332 2502 1
363 2478 492 2519 Facta
523 2484 583 2519 est
615 2490 707 2532 ergo
738 2477 860 2533 longa
891 2479 1140 2521 concertatio
1172 2479 1278 2521 inter
1309 2481 1477 2522 domum
1508 2479 1616 2529 Saul,
1650 2485 1691 2521 et
1721 2479 1827 2521 inter
1856 2480 2023 2521 domum
2045 2484 2215 2544 {eigtkfflffi

119 2537 274 2578 David:
294 2537 432 2579 David
450 2537 719 2593 proficiscens,
740 2544 781 2579 et
798 2551 957 2592 semper
974 2538 1104 2592 seipso
1122 2539 1339 2584 robustior.
1360 2540 1504 2581 domus
1523 2545 1661 2580 autem
1679 2538 1773 2579 Saul
1794 2539 2024 2580 decrescens
2072 2556 2187 2587 geritur.

120 2596 314 2650 quotidie.

580 2673 619 2713 3.
649 2671 833 2712 Familia
861 2671 1050 2713 Davldis
1080 2673 1125 2713 in
1156 2672 1354 2724 Hebron,
1383 2675 1422 2724 3,
1442 2674 1562 2714 2—5.

221 2745 236 2767 ²
268 2743 467 2798 aNatique
494 2749 591 2784 sunt
618 2742 688 2784 filii
714 2743 853 2785 David
880 2743 921 2785 111
950 2744 1136 2786 Hebron:
1165 2744 1325 2799 fuitque
1352 2744 1645 2798 primogenitus
1674 2744 1756 2785 eius
1783 2745 1946 2785 Amnon
1974 2745 2022 2785 de
2059 2749 2114 2773 ⁵2¹
2137 2748 2198 2773 nm.

116 2802 342 2843 Achinoam
369 2802 632 2844 Iezraelitide.
685 2805 701 2827 ³
723 2803 779 2844 Et
813 2809 908 2857 post
939 2817 1032 2844 eum
1056 2803 1232 2845 Cheleab
1263 2804 1312 2844 de
1336 2803 1496 2857 Abigail
1529 2817 1652 2844 uxore
1678 2802 1809 2843 Nabal
1833 2802 2022 2844 Carmeli:

116 2874 234 2914 porro
260 2861 405 2903 tertius
429 2861 626 2903 Absalom
651 2861 754 2903 filius
779 2862 953 2903 Maacha
976 2861 1068 2903 filiae
1092 2862 1278 2904 Tholmai
1302 2862 1404 2916 regis
1430 2864 1589 2904 Gessur.
1642 2864 1657 2886 ⁴
1682 2862 1860 2910 Quartus
1885 2867 2023 2903 autem

113 2919 307 2969 Adonias‚
344 2920 449 2961 filius
486 2920 687 2975 Haggith:
723 2926 765 2962 et
800 2921 967 2975 quintus
1002 2921 1241 2976 Saphathia.
1279 2921 1382 2963 filius
1418 2921 1569 2963 Abital.
1631 2923 1647 2945 ⁵
1680 2921 1828 2962 Sextus
1864 2934 2024 2975 quoque

117 2978 324 3020 Iethraam
353 2980 403 3021 de
432 2979 536 3033 Egla
565 2993 690 3021 uxore
720 2979 869 3021 David.
901 2980 941 3020 hi
972 2980 1059 3022 nati
1088 2987 1185 3022 sunt
1213 2981 1350 3022 David
1379 2981 1420 3022 in
1451 2981 1628 3022 Hebron.

634 3084 672 3125 4.
702 3083 916 3125 Extrema
945 3084 1075 3125 ducis
1105 3085 1273 3137 Abner,
1303 3086 1342 3136 3,
1363 3085 1513 3125 6—39.

219 3156 234 3179 ⁶
261 3155 362 3196 Cum
391 3168 483 3208 ergo
512 3161 617 3196 esset
646 3154 828 3209 praelium
858 3155 964 3197 inter
991 3157 1159 3198 domum
1188 3156 1285 3198 Saul
1313 3162 1354 3197 et
1381 3157 1548 3197 domum
1576 3154 1724 3199 David.
1754 3156 1892 3196 Abner
1921 3154 2022 3196 filius
2036 3157 2217 3218 abfflffl‘qu

112 3213 194 3254 Ner
217 3214 384 3267 regebat
409 3214 580 3255 domum
607 3213 715 3255 Saul.
774 3216 787 3238 ⁷
813 3215 966 3256 Fuerat
991 3220 1130 3256 autem
1157 3215 1268 3256 Sauli
1294 3214 1522 3256 concubina
1547 3213 1710 3255 nomine
1738 3214 1912 3267 Respha.
1941 3213 2022 3255 filia
2063 3212 2191 3252 irritatu,

110 3271 198 3314 Aia.
220 3272 420 3327 Dixitque
443 3273 633 3314 Isboseth
654 3274 706 3314 ad
726 3274 882 3315 Abner:
934 3276 949 3298 ⁸
969 3274 1102 3323 Quare
1122 3273 1325 3327 ingressus
1347 3287 1386 3314 es
1408 3274 1459 3315 ad
1479 3272 1749 3315 concubinam
1770 3272 1898 3326 patris
1919 3272 2021 3313 inei?

110 3330 188 3379 Qui
215 3331 343 3372 irat-us
372 3331 493 3372 nimis
522 3337 690 3385 propter
716 3333 842 3374 verba
870 3333 1070 3376 Isboseth.
1100 3333 1176 3374 ait:
1208 3332 1419 3386 Numquid
1447 3339 1573 3387 caput
1599 3331 1709 3372 canis
1738 3345 1809 3381 ego
1837 3345 1925 3372 sum
1954 3332 2022 3371 ad-

110 3402 272 3431 versum
308 3390 454 3431 Iudam
489 3390 620 3433 hodie.
657 3390 726 3445 qui
758 3391 921 3432 fecerim
955 3391 1274 3432 misericordiam
1308 3405 1428 3444 super
1460 3392 1627 3433 (1011111111
1660 3389 1756 3431 Saul
1791 3389 1914 3442 patris
1948 3387 2019 3429 tui.

248 3493 280 3534 3,
304 3493 325 3526 :2
348 3495 380 3526 ²1
408 3494 477 3527 Par
499 3495 531 3534 3,
557 3496 586 3528 1.

196 3556 446 3584 Hctzenauer.
473 3557 596 3589 Vulgata
618 3558 806 3584 creme-mma.
1772 3551 1814 3590 i'ae'
