2356 3760
101 78 153 118 40,
178 78 318 117 34—41,
345 78 385 112 12
915 75 1194 110 EZEoHIELIS
1925 84 2000 124 827

100 184 213 212 mum
243 171 338 216 eius,
371 175 411 211 et
439 170 617 211 frontem
647 168 742 212 eius.
775 175 814 208 et
844 169 1094 210 vestibulum
1124 170 1207 210 eius
1237 171 1341 211 sicut
1371 183 1510 223 supra:
1542 178 1581 211 et
1610 172 1805 215 fenestras
1835 176 1929 218 eius.
1963 182 2002 217 et

100 229 305 270 vestibula
344 229 427 270 eius
467 229 508 268 in
549 227 732 274 circuitu,
773 226 1027 280 longitudine
1069 228 1368 282 quinquaginta
1408 229 1650 277 cubitorum,
1708 238 1747 272 et
1786 233 2002 275 latitudine

100 288 429 342 vigintiquinque
454 286 697 327 cubitorum.
749 286 782 308 34
805 284 861 325 Et
885 286 1133 326 vestibulum
1158 287 1254 336 eius,
1280 287 1321 327 id
1344 292 1405 327 est
1429 287 1521 328 atrii
1545 288 1771 329 exterioris:
1797 297 1836 331 et
1860 292 2004 343 palmae

100 346 252 388 caelatae
268 347 309 387 in
325 346 459 387 fronte
476 344 560 385 eius
576 343 670 383 hinc
687 348 727 383 et
746 342 859 383 inde:
878 349 919 384 et
935 343 977 384 in
994 350 1085 386 octo
1102 345 1294 398 gradibus
1312 358 1499 386 ascensus
1517 346 1612 387 eius.
1657 348 1689 371 ³⁵
1706 347 1760 388 Et
1776 348 2004 390 introduxit

100 419 164 446 me
190 405 243 446 ad
266 410 440 458 portam,
469 415 558 455 quae
582 401 825 454 respiciebat
849 402 901 442 ad
925 401 1188 455 Aquilonem:
1215 408 1256 444 et
1279 416 1441 444 mensus
1466 410 1527 445 est
1551 405 1773 446 secundum
1797 420 2004 448 mensuras

100 464 336 518 superiores,
393 463 429 486 3⁶
459 459 703 500 Thalamum
733 459 828 502 eius.
861 465 901 500 et
929 460 1108 501 frontem
1137 461 1232 506 eius,
1265 468 1305 502 et
1335 461 1583 503 vestibulum
1612 463 1708 511 eius,
1740 470 1780 505 et
1808 464 2005 506 fenestras

100 523 184 563 eius
201 534 272 575 per
289 520 514 566 circuitum,
534 517 788 570 longitudine
807 518 1107 572 quinquaginta
1124 519 1367 568 cubitorum,
1388 526 1428 560 et
1444 520 1661 562 latitudine
1679 522 2005 576 vigintiquinque

100 580 344 622 cubitorum.
395 579 429 602 ³⁷
453 576 509 617 Et
531 575 781 616 vestibulum
805 577 888 617 eius
911 577 1152 630 respiciebat
1177 578 1229 618 ad
1252 578 1401 618 atrium
1425 579 1619 620 exterius:
1645 586 1683 620 et
1708 581 1900 621 eaelatura
1922 581 2006 634 pal-

100 651 261 679 marum
290 637 333 677 in
361 637 495 677 fronte
525 635 609 675 eius
639 634 732 675 hinc
762 640 803 675 et-
831 635 943 676 inde:
975 640 1016 676 et
1044 636 1086 676 in
1115 642 1207 677 octo
1236 636 1428 689 gradibus
1459 650 1645 678 ascensus
1675 639 1770 680 eius.

204 697 240 720 38
271 695 327 736 Et
358 707 430 748 per
460 692 618 747 singula
648 693 941 747 gazophylacia
973 694 1123 735 ostium
1154 694 1195 735 in
1225 695 1429 736 frontibus
1461 701 1690 748 portarum:
1723 697 1779 737 ibi
1809 697 2007 738 lavabant
2033 698 2188 758 “k’ffi‘ssffl

100 754 399 796 holocaustum.
452 753 488 777 3⁹
512 752 567 792 Et
592 752 633 792 in
658 752 860 794 vestibulo
886 758 1026 806 portae,
1054 753 1144 794 duae
1168 766 1317 794 mensae
1341 753 1445 797 hinc.
1473 759 1513 794 et
1538 755 1628 795 duae
1652 768 1800 795 mensae
1823 756 1934 796 inde:
1960 763 2007 797 ut
2127 752 2137 757 ξ

99 813 335 855 immoletur
361 823 481 865 super
506 823 573 852 eas
599 810 897 857 holocaustum,
927 816 967 852 et
993 824 1065 865 pro
1092 817 1273 865 peccato,
1303 817 1342 853 et
1368 825 1440 865 pro
1468 811 1627 854 delicto.
1682 815 1718 837 ⁴0
1743 813 1797 854 Et
1825 815 1877 854 ad
1900 814 2008 855 latus

100 871 292 919 exterius,
322 870 432 924 quod
458 869 641 910 ascendit
668 869 721 909 ad
746 869 897 910 ostium
922 875 1063 923 portae,
1094 883 1182 924 quae
1207 870 1339 925 pergit
1365 871 1417 911 ad
1442 871 1698 924 Aquilonem,
1727 872 1817 913 duze
1841 885 2008 913 mensae:

99 935 141 971 et
164 930 217 971 ad
238 929 347 970 latus
371 928 545 969 alterum
568 932 664 968 ante
687 927 937 969 Vestibulum
959 934 1099 982 portae.
1125 929 1216 970 duae
1237 941 1397 970 mensae.
1449 931 1481 953 ‘¹1
1504 930 1710 978 Quattuor
1732 944 1880 971 mensae
1902 931 2006 974 hinc.

100 995 141 1030 et
157 993 356 1042 quattuor
369 999 519 1027 mensae
533 986 645 1027 inde:
688 999 759 1040 per
772 986 902 1027 latera
916 992 1044 1040 portae
1060 993 1151 1029 octo
1166 1001 1315 1028 mensae
1330 993 1457 1030 erant.
1475 1001 1595 1042 super
1610 1002 1709 1042 quas
1725 988 2007 1030 immolabant.

98 1049 131 1072 42
154 1048 362 1096 Quattuor
383 1050 522 1086 autem
544 1057 694 1085 mensae
717 1045 769 1085 ad
790 1045 1088 1090 holocaustum,
1113 1046 1162 1087 de
1183 1046 1386 1100 lapidibus
1410 1047 1574 1100 quadris
1596 1052 1810 1088 extructae:
1833 1047 2008 1101 longitu-

99 1106 193 1147 dine
224 1104 353 1146 cubiti
382 1103 502 1144 unius
533 1109 575 1144 et
605 1103 780 1144 dimidii:
814 1110 853 1145 et
883 1103 1103 1145 latitudine
1134 1105 1261 1146 cubiti
1292 1105 1410 1145 unius
1442 1111 1482 1146 et
1513 1105 1687 1146 dimidii:
1720 1111 1759 1147 et
1791 1105 2008 1147 altitudine

99 1164 229 1206 cubiti
247 1163 384 1204 unius:
405 1175 526 1216 super
544 1175 645 1215 quas
663 1168 821 1215 ponant
840 1175 950 1207 vasa,
970 1163 1012 1203 in
1031 1163 1178 1216 quibus
1196 1163 1433 1204 immolatur
1449 1163 1746 1212 holocaustum,
1767 1169 1807 1205 et
1825 1165 2005 1206 victima.

97 1225 131 1248 ⁴³
162 1222 218 1263 Et
247 1221 358 1263 labia-
388 1234 527 1261 earum
558 1220 685 1274 palmi
715 1221 847 1266 unius,
880 1221 1030 1262 reflexa
1060 1221 1301 1262 intrinsecus
1332 1234 1403 1275 per
1434 1221 1666 1262 circuitum:
1699 1235 1818 1275 super
1848 1236 2008 1263 mensas

99 1287 239 1322 autem
269 1293 408 1321 carnes
439 1279 669 1321 oblationis.
726 1281 759 1304 44
788 1280 845 1320 Et
874 1285 991 1320 extra
1019 1285 1182 1333 portam
1212 1279 1444 1320 interiorem
1473 1280 1766 1333 gazophylacia
1794 1286 2008 1321 cantorum

99 1341 140 1381 in
171 1339 274 1381 atrio
304 1338 497 1386 interiori,
531 1338 640 1391 quod
670 1343 757 1378 erat
785 1338 826 1378 in
854 1338 980 1378 latere
1008 1343 1138 1391 portae
1166 1338 1415 1391 respicientis
1446 1338 1498 1378 ad
1526 1338 1787 1391 Aquilonem:
1819 1344 1859 1380 et
1887 1339 2009 1379 facies

100 1411 240 1440 eorum
265 1402 410 1438 contra
432 1396 543 1436 viam
566 1395 812 1443 Australem,
840 1409 923 1436 una
946 1409 996 1436 ex
1019 1396 1145 1437 latere
1169 1401 1298 1450 portae
1323 1396 1551 1445 Orientalis‚
1580 1410 1669 1450 quae
1692 1397 1933 1450 respiciebat
1958 1397 2009 1438 ad

100 1457 211 1497 viam
237 1454 463 1509 Aquilonis.
519 1455 552 1478 45
579 1453 634 1494 Et
663 1453 766 1494 dixit
795 1454 847 1494 ad
874 1467 957 1495 me:
988 1454 1077 1495 Hoc
1104 1460 1165 1495 est
1191 1454 1541 1508 gazophylacium.
1573 1456 1682 1509 quod
1709 1455 1872 1509 respicit
1899 1455 2009 1496 viam

99 1514 382 1561 Meridianam,
406 1512 666 1553 sacerdotum
688 1512 775 1559 erit,
801 1512 870 1566 qui
892 1513 1099 1554 excubant
1120 1513 1161 1553 in
1183 1513 1377 1554 custodiis
1400 1513 1553 1567 templi.
1603 1515 1639 1538 ⁴⁶
1660 1514 1784 1555 Porro
1805 1514 2010 1568 gazophy-

99 1573 262 1622 lacium,
293 1572 403 1626 quod
428 1571 592 1624 respicit
619 1571 671 1611 ad
697 1571 807 1611 viam
833 1571 1058 1625 Aquilonis,
1087 1572 1345 1612 sacerdotum
1372 1572 1458 1619 erit,
1489 1572 1557 1625 qui
1583 1573 1789 1613 excubant
1816 1572 1868 1613 ad
1893 1572 2009 1612 mini-

99 1632 268 1674 sterium
298 1630 449 1672 altaris,
480 1629 548 1670 isti
577 1634 674 1670 sunt
702 1629 771 1670 filii
801 1630 944 1679 Sadoc,
977 1630 1045 1684 qui
1075 1630 1275 1671 accedunt
1304 1631 1353 1672 de
1383 1630 1472 1670 filiis
1500 1630 1599 1671 Levi
1629 1631 1681 1671 ad
1709 1631 1931 1671 Dominum
1961 1636 2007 1671 ut

99 1690 334 1732 ministrent
363 1689 409 1730 ei.

203 1750 238 1774 4⁷
264 1748 320 1789 Et
343 1760 507 1788 mensus
532 1752 593 1788 est
619 1746 769 1788 atrium
794 1747 1048 1801 longitudine
1074 1752 1239 1788 centum
1265 1747 1508 1791 cubitorum.
1536 1754 1575 1788 et
1599 1747 1818 1788 latitudine
1844 1753 2047 1788 eentumet
2062 1758 2210 1779 mensum

100 1808 334 1849 cubitorum
363 1819 435 1860 per
465 1806 687 1859 quadrum:
719 1811 760 1847 et
791 1806 918 1847 altare
949 1812 1044 1847 ante
1074 1806 1220 1847 faciem
1251 1805 1403 1860 templi.

203 1867 240 1891 ‘³⁸
264 1866 321 1907 Et
344 1864 575 1906 introduxit
599 1877 663 1904 me
687 1865 729 1905 in
754 1864 1003 1905 vestibulum
1029 1864 1189 1918 templi:
1217 1870 1257 1905 et
1281 1878 1443 1905 mensus
1469 1871 1529 1905 est
1553 1864 1801 1906 vestibulum
1829 1865 2007 1918 quinque
2025 1866 2199 1926 “essgffiulljssffl

100 1925 248 1967 cubitis
273 1924 379 1972 hinc,
407 1929 447 1964 et
473 1923 653 1977 quinque
678 1923 825 1964 cubitis
851 1924 962 1964 inde:
990 1929 1032 1965 et
1054 1923 1317 1964 latitudinem
1341 1928 1470 1977 portae
1495 1923 1618 1964 trium
1645 1924 1874 1964 cubitorum
1900 1923 2005 1966 hinc.
2118 1908 2137 1932 p
2160 1921 2165 1926 ’

100 1990 141 2025 et
174 1984 299 2025 trium
334 1982 566 2023 cubitorum
599 1982 705 2023 inde.
767 1984 803 2007 ⁴¹⁹
836 1982 1153 2036 Longitudinem
1188 1988 1326 2023 autem
1360 1982 1551 2023 vestibuli
1585 1982 1730 2035 viginti
1763 1982 2006 2024 cubitorum.

100 2049 140 2084 et
173 2041 437 2083 latitudinem
470 2040 660 2081 undecim
694 2041 938 2087 cubitorum,
975 2046 1016 2082 et
1049 2046 1141 2082 octo
1175 2041 1367 2094 gradibus
1402 2041 1698 2081 ascendebatur
1732 2041 1783 2081 ad
1817 2053 1918 2080 eam.
1955 2040 2009 2080 Et

101 2101 300 2143 columnae
329 2105 446 2141 erant
474 2099 516 2140 in
544 2099 767 2141 frontibus:
798 2113 881 2140 una
910 2100 1014 2149 hinc,
1047 2106 1088 2141 et
1118 2100 1246 2140 altera
1274 2100 1379 2141 inde.

205 2159 269 2202 41.
325 2161 338 2183 ¹
361 2158 417 2199 Et
437 2158 669 2199 introduxit
689 2172 754 2200 me
776 2158 816 2199 in
838 2158 1051 2212 templum,
1076 2165 1117 2200 et
1138 2172 1301 2200 mensus
1323 2164 1384 2199 est
1405 2158 1571 2202 frontes,
1596 2171 1666 2198 sex
1688 2158 1846 2199 cubitos
1866 2156 2007 2197 latitu-
2040 2159 2183 2186 sanctum»

101 2219 206 2260 dinis
231 2218 337 2267 hinc,
366 2223 407 2258 et
433 2230 503 2258 sex
529 2217 688 2258 cubitos
713 2217 945 2258 latitudinis
970 2217 1076 2262 inde,
1103 2217 1366 2258 latitudinem
1393 2216 1657 2258 tabernaculi.
1712 2218 1726 2240 ‘2
1752 2216 1806 2256 Et
1832 2215 2008 2256 latitudo

100 2282 241 2331 portae,
273 2277 413 2318 decem
442 2275 675 2316 cubitorum
705 2281 811 2316 erat:
842 2281 883 2316 et
910 2275 1040 2316 latera
1068 2281 1208 2329 portae,
1241 2276 1420 2329 quinque
1450 2275 1596 2316 cubitis
1625 2275 1729 2318 hinc,
1762 2280 1802 2315 et
1832 2274 2010 2327 quinque

102 2335 250 2377 cubitis
267 2335 380 2375 inde:
400 2339 441 2375 et
458 2347 621 2375 mensus
640 2339 701 2375 est
717 2333 1014 2388 longitudinem
1033 2335 1116 2375 eius
1136 2335 1411 2388 quadraginta
1427 2334 1670 2378 cubitorum,
1691 2339 1731 2374 61
1748 2332 2009 2374 latitudinem

101 2393 247 2448 viginti
277 2393 522 2434 cubitorum.

205 2455 221 2478 ³
236 2452 292 2493 Et
307 2452 576 2505 introgressus
592 2451 834 2493 intrinsecus
850 2465 1014 2493 mensus
1031 2457 1092 2493 est
1107 2452 1148 2492 in
1164 2452 1299 2493 fronte
1315 2457 1445 2505 portae
1461 2451 1562 2492 duos
1579 2451 1756 2492 cubitos:
1775 2456 1815 2490 et
1831 2454 2005 2503 portam,
2025 2455 2189 2511 tssssssfissffissss,

101 2525 172 2552 sex
198 2510 449 2552 cubitorum:
478 2515 519 2550 et
544 2509 807 2551 latitudinem
833 2517 974 2564 portae,
1003 2516 1160 2564 septem
1188 2511 1432 2552 cubitorum.
1486 2512 1502 2534 ‘¹
1528 2510 1584 2550 Et
1609 2521 1771 2550 mensus
1798 2513 1859 2549 est
1884 2503 2045 2560 lo11gi-“
2194 2505 2199 2515 ’

101 2569 288 2611 tudinem
311 2569 395 2610 eius
418 2568 564 2622 viginti
586 2569 831 2617 cubitorum,
856 2574 897 2610 et
918 2569 1181 2610 latitudinem
1205 2570 1288 2610 eius
1312 2569 1457 2623 viginti
1480 2568 1722 2611 cubitorum.
1748 2572 1843 2608 ante
1865 2565 2009 2606 faciem

101 2628 263 2682 templi:
295 2633 336 2668 et
364 2627 470 2668 dixit
499 2627 552 2668 ad
580 2641 663 2668 me:
695 2628 784 2669 Hoc
813 2634 875 2669 est
904 2633 1093 2669 sanctum
1122 2634 1370 2669 sanctorum.

205 2688 221 2711 5
239 2687 295 2727 Et
313 2699 476 2727 mensus
495 2692 557 2727 est
574 2686 773 2740 parietem
791 2687 937 2728 domus
956 2700 1026 2728 sex
1045 2687 1296 2728 cubitorum:
1317 2692 1358 2727 et
1375 2685 1636 2726 latitudinem
1654 2684 1790 2724 lateris
1811 2687 2008 2736 quattuor
2031 2682 2192 2742 cffijfffgg·

102 2746 335 2787 cubitorum
351 2744 531 2798 undique
547 2757 618 2798 per
634 2745 849 2786 circuitum
865 2746 1022 2787 domus.
1070 2747 1085 2770 6
1100 2745 1250 2786 Latera
1265 2751 1415 2793 autem,
1434 2744 1541 2784 latus
1559 2743 1610 2783 ad
1624 2742 1744 2786 latus,
1764 2742 1823 2782 bis
1840 2740 2008 2794 triginta

104 2804 202 2845 tria:
230 2808 271 2844 et
297 2808 413 2844 erant
440 2803 672 2852 eminentia,
702 2817 792 2857 quae
817 2804 1125 2858 ingrederentur
1149 2817 1221 2858 per
1245 2804 1443 2858 parietem
1469 2803 1625 2845 domus,
1653 2801 1694 2841 in
1719 2799 1913 2841 lateribus
1940 2811 2011 2852 per

102 2862 330 2911 circuitum,
360 2867 408 2903 ut
435 2862 703 2911 continerent,
734 2867 775 2903 et
803 2876 885 2904 non
914 2863 1165 2916 attingerent
1192 2863 1390 2916 parietem
1419 2860 1572 2914 templi.
1631 2861 1645 2883 ⁷
1675 2859 1729 2899 Et
1757 2858 1895 2912 platea
1923 2862 2009 2898 erat

102 2921 144 2962 in
160 2920 398 2965 rotundum,
419 2921 640 2961 ascendens
657 2934 817 2962 sursum
835 2934 907 2974 per
924 2921 1142 2967 cochleam,
1164 2927 1204 2962 et
1221 2921 1263 2961 in
1281 2919 1535 2961 coenaculum
1554 2917 1696 2971 templi
1714 2917 1923 2958 deferebat
1941 2928 2012 2969 per

101 2992 267 3033 gyrum:
292 2978 440 3019 idcirco
463 2978 586 3019 latius
610 2984 698 3020 erat
720 2979 922 3033 templum
944 2980 987 3021 in
1010 2979 1302 3033 superioribus:
1328 2984 1368 3019 et
1391 2978 1446 3018 sic
1470 2977 1519 3018 de
1542 2975 1798 3017 inferioribus
1822 2974 2012 3016 ascende-

103 3038 226 3079 batur
242 3037 294 3078 ad
310 3037 518 3090 superiora
531 3037 573 3077 in
589 3038 781 3080 medium.
829 3040 844 3062 ⁸
860 3038 915 3079 Et
932 3039 1016 3080 vidi
1032 3039 1073 3079 in
1089 3039 1210 3080 domo
1229 3036 1488 3078 altitudinem
1505 3048 1576 3088 per
1591 3034 1817 3077 circuitum.
1835 3033 2012 3073 fundata-

101 3096 232 3137 latera
257 3096 310 3136 ad
333 3108 566 3136 mensuram
593 3096 738 3137 calami
763 3110 834 3137 sex
859 3097 1092 3138 cubitorum
1117 3097 1269 3150 spatio:
1326 3097 1341 3119 ⁹
1366 3100 1406 3135 et
1430 3093 1692 3134 latitudinem
1718 3106 1789 3146 per
1813 3092 2010 3145 parietem

101 3154 239 3195 lateris
267 3154 488 3195 forinsecus
519 3154 698 3207 quinque
726 3155 978 3197 cubitorum:
1008 3161 1049 3197 et
1077 3161 1164 3196 erat
1192 3154 1358 3195 interior
1386 3153 1531 3193 domus
1558 3151 1600 3192 in
1627 3151 1823 3192 lateribus
1852 3150 2008 3190 domus.

103 3215 140 3238 ¹⁰
161 3213 217 3254 Et
238 3212 345 3254 inter
366 3212 659 3266 gazophylacia
679 3212 942 3255 latitudinem
966 3214 1111 3268 viginti
1135 3213 1366 3254 cubitorum
1389 3211 1431 3251 in
1454 3210 1625 3251 circuitu
1648 3210 1793 3250 domus
1816 3207 2008 3260 undique,

105 3273 137 3296 Π
157 3276 198 3312 et
218 3271 369 3312 ostium
387 3270 524 3312 lateris
545 3271 598 3311 ad
617 3271 862 3312 orationem:
884 3273 1035 3313 ostium
1055 3285 1182 3313 unum
1203 3271 1255 3311 ad
1275 3270 1385 3310 viam
1404 3269 1629 3322 Aquilonis,
1651 3274 1691 3309 et
1713 3268 1861 3309 ostium
1882 3277 2007 3305 unum

106 3330 158 3370 ad
175 3329 285 3370 Viam
301 3329 554 3370 Australem:
572 3334 612 3369 et
627 3329 889 3371 latitudinem
905 3330 982 3372 loci
999 3331 1050 3372 ad
1068 3330 1305 3374 orationem,
1325 3328 1504 3382 quinque
1521 3327 1752 3368 cubitorum
1769 3325 1809 3365 111
1826 3323 2006 3364 circuitu.

106 3390 138 3412 ¹²
162 3388 219 3428 Et
243 3387 470 3433 aedificium,
500 3388 609 3441 quod
635 3393 722 3429 erat
747 3399 994 3443 separatum,
1023 3401 1266 3441 versumque
1292 3387 1344 3428 ad
1369 3386 1479 3427 via-m
1504 3385 1783 3439 respicientem
1810 3382 1862 3421 ad
1886 3390 2006 3419 mare.
