2356 3760
284 213 359 252 944
1131 209 1276 243 LIBER
1300 209 1344 243 11.
1926 214 1977 253 10,
2003 213 2122 254 8-10,
2148 214 2191 248 38

277 309 317 344 et
340 303 497 357 palmas
520 303 791 356 praeferebant
814 302 860 344 ei.
886 302 953 355 qui
977 303 1235 355 prosperavit
1256 303 1445 344 mundari
1468 303 1601 344 locum
1624 316 1755 345 suum.
1809 306 1824 328 ⁸
1846 305 1902 346 Et
1923 307 2191 348 decreverunt

276 362 482 403 communi
505 367 720 415 prfecepto,
746 368 786 401 et
808 361 982 402 decreto,
1008 361 1207 402 univorsae
1228 362 1339 415 genti
1364 362 1594 403 ludaeorum
1617 362 1806 403 omnibus
1829 364 1944 405 annis
1968 379 2083 419 agere
2106 366 2190 407 dies

274 421 384 461 istos.

85 479 253 539 idslllgftffjff'
384 483 398 503 9
423 480 479 520 Et
502 478 693 520 Antiochi
720 477 896 531 quidem,
924 478 992 530 qui
1018 478 1247 531 appellatus
1272 484 1333 520 est
1359 479 1526 523 Nobilis,
1554 480 1650 520 vitae
1674 493 1859 521 excessus
1884 481 1941 522 ita
1967 495 2007 523 se
2031 483 2187 524 habuit.

133 551 211 581 regis.

416 597 483 645 11.
523 595 810 645 Antiocho
850 593 913 645 V.
959 595 1246 660 Eupatore
1286 597 1585 660 regnante,
1627 596 1704 658 10,
1733 596 1948 660 10-—13‚
1977 598 2062 650 26.

611 691 650 731 1.
681 690 815 731 ludas
846 691 1084 731 ministros
1115 692 1243 742 regis
1274 691 1479 742 superat,
1508 692 1574 742 10,
1594 692 1768 744 10-11,
1789 694 1853 734 12.

94 771 246 830 νζξῃῇξιῑιῖιζυ
382 772 416 793 ¹⁰
443 770 559 810 Nunc
587 774 724 808 autem
752 768 801 809 de
828 768 1037 821 Eupatore
1064 767 1255 809 Antiochi
1283 768 1395 821 impii
1422 768 1514 815 filio,
1545 781 1634 822 quae
1658 775 1771 821 gesta
1799 774 1896 810 sunt
1920 770 2188 816 narrabimus,

133 842 208 880 imm
277 829 508 869 breviantes
534 827 654 870 mala.
683 840 773 881 quae
798 827 836 867 111
865 827 977 868 bellis
1002 833 1114 877 ,005111
1142 832 1249 867 sunt.
1306 829 1335 851 ¹¹
1364 827 1440 867 Hic
1466 827 1572 867 enim
1599 834 1787 881 suscepto
1814 841 1948 879 regno,
1976 829 2191 869 constituit

98 878 236 900 ‘¹¹'‘⁷¹¹¹⁴'¹¹³
275 901 395 941 super
433 887 596 937 negotia
634 886 742 939 regni
782 886 945 940 Lysiam
988 886 1206 939 quendam,
1246 885 1462 931 Phrenicis,
1518 892 1559 926 et
1596 887 1723 940 Syriae
1760 887 1915 928 militiae
1952 887 2188 941 principem.

275 949 305 970 12
333 947 436 987 Nam
465 945 721 993 Ρ101011110115,
751 945 817 998 qui
846 945 1059 985 dicebatur
1084 945 1230 989 Macer,
1259 944 1352 985 iusti
1381 950 1518 991 tenax,
1547 958 1641 998 erga
1668 945 1825 987 10111005
1852 959 1935 987 0550
1961 947 2189 992 constituit,

274 1011 313 1046 et
341 1005 542 1059 prsecipue
571 1010 736 1058 propter
760 1003 1035 1056 iniquitatem,
1065 1017 1155 1057 quae
1180 1004 1292 1043 facta
1317 1009 1405 1044 erat
1430 1004 1469 1043 in
1497 1017 1574 1050 005,
1604 1010 1645 1044 et
1670 1004 1836 1057 pacifice
1862 1018 1978 1055 agere
2004 1018 2095 1045 curn
2122 1005 2189 1046 eis.

276 1067 306 1088 ¹³
323 1065 401 1105 Sed
419 1065 469 1105 ob
488 1064 562 1104 hoc
581 1068 795 1103 accusatus
814 1063 865 1102 ab
884 1062 1022 1103 amicis
1041 1063 1150 1115 apud
1169 1062 1434 1115 Eupatorem,
1455 1076 1546 1103 cum
1564 1064 1800 1116 frequenter
1816 1064 2000 1117 proditor
2017 1063 2189 1107 audiret.

274 1137 319 1164 00
341 1123 449 1176 quod
470 1124 649 1175 (fyprum
671 1121 868 1161 creditam
889 1121 964 1161 sibi
985 1134 1009 1161 a
1028 1121 1302 1162 Philometore
1322 1121 1576 1167 deseruisset,
1599 1127 1640 1162 et
1660 1123 1710 1163 ad
1731 1122 1980 1163 Antiochum
2005 1122 2191 1164 Nobilem

275 1181 497 1223 translatus
529 1181 652 1221 etiam
684 1181 734 1221 ab
766 1194 811 1221 eo
841 1179 1081 1222 recessisset,
1115 1193 1271 1221 veneno
1303 1180 1432 1220 vitam
1463 1180 1609 1222 finivit.

102 1247 235 1275 Gorsium
382 1243 411 1264 ¹⁴
432 1240 600 1290 Gorgias
621 1245 772 1283 autem,
795 1253 887 1279 cum
908 1245 1013 1279 esset
1033 1239 1117 1279 dux
1137 1238 1330 1287 locorum,
1349 1239 1569 1292 assumptis
1590 1240 1758 1280 advenis
1778 1240 2013 1294 frequenter
2034 1241 2192 1281 Iudaeos

101 1283 236 1347 nii-¹⁴¹fi‘if1'1'1,
276 1299 521 1340 debellabat.
568 1300 599 1323 ¹⁵
620 1298 744 1339 11111001
763 1311 869 1342 vero,
890 1298 958 1351 qui
978 1298 1175 1338 tenebant
1193 1304 1446 1351 opportunas
1463 1298 1723 1342 munitiones.
1744 1299 1906 1353 fugatos
1925 1300 1975 1340 ab
1996 1299 2192 1353 lerosoly-

272 1358 346 1399 mis
372 1358 661 1411 suscipiebant,
689 1362 730 1398 et
756 1356 903 1398 bellare
929 1357 1162 1398 tentabant.
1217 1359 1251 1381 ¹⁶
1278 1357 1331 1397 Hi
1357 1370 1464 1405 vero,
1493 1357 1561 1411 qui
1587 1363 1704 1398 erant
1728 1372 1820 1398 cum
1846 1358 2094 1406 Machabaeo,
2123 1371 2193 1412 per

273 1417 476 1458 orationes
500 1416 722 1457 Dominum
745 1421 935 1465 10000105
958 1422 1003 1456 ut
1027 1422 1132 1456 esset
1153 1415 1227 1457 sibi
1251 1416 1426 1462 adiutor,
1450 1416 1652 1470 impetum
1674 1417 1860 1457 fecerunt
1881 1417 1921 1457 in
1944 1417 2192 1458 munitiones

276 1477 567 1517 ldumzeorum:
601 1477 633 1499 ¹⁷
651 1475 864 1528 multaque
881 1475 919 1514 vi
938 1475 1183 1519 insistentes,
1203 1474 1291 1516 loca
1308 1475 1588 1520 obtinuerunt,
1609 1481 1864 1516 occurrentes
1882 1476 2190 1519 interemerunt.

273 1542 314 1576 et
338 1548 477 1576 omnes
501 1534 620 1575 simul
646 1548 725 1575 non
750 1534 884 1574 minus
909 1534 1053 1583 viginti
1078 1533 1256 1575 millibus
1282 1534 1605 1575 trucidaverunt.
1660 1536 1694 1558 ¹⁸
1718 1534 1895 1583 Quidam
1921 1540 2072 1583 autem,
2099 1548 2192 1575 cum

273 1594 549 1647 confugissent
581 1593 620 1633 in
652 1594 754 1633 duas
786 1598 915 1633 turres
946 1592 1066 1633 valde
1097 1593 1289 1636 munitas,
1324 1607 1486 1634 onmem
1518 1599 1764 1646 apparatum
1797 1594 1847 1634 ad
1879 1594 2192 1647 repugnandum

274 1653 484 1695 habentes,
546 1654 579 1676 19
610 1652 869 1692 Μο0,1101)10115
902 1652 953 1692 1111
985 1665 1125 1692 eorum
1157 1652 1516 1716 expugnationem,
1550 1651 1689 1693 relicto
1721 1652 1897 1697 Simone,
1932 1658 1973 1693 et
2006 1653 2190 1706 Iosepho,

274 1712 455 1764 itemque
479 1711 665 1751 Zachaeo:
691 1711 827 1763 eisque
852 1710 919 1764 qui
944 1723 1036 1750 011111
1059 1710 1155 1764 ipsis
1179 1716 1296 1751 erant
1318 1710 1417 1751 satis
1440 1710 1592 1755 inultis
1617 1711 1701 1764 ipse
1725 1712 1777 1752 1111
1800 1725 1878 1754 eas
1906 1724 1995 1765 quae
2018 1711 2192 1765 amplius

275 1770 561 1824 per-moenam
589 1783 745 1823 [menas
770 1783 874 1810 conv
878 1782 988 1809 ersus
1013 1775 1085 1810 051.
1139 1771 1175 1793 20
1199 1769 1252 1809 Hi
1277 1782 1384 1815 vero,
1413 1769 1481 1823 qui
1506 1783 1598 1810 cum
1622 1770 1786 1811 Simone
1811 1776 1938 1815 erant,
1965 1770 2192 1823 cupiditate

275 1829 400 1873 ducti
427 1842 451 1869 a
476 1828 735 1882 quibusdam,
763 1828 831 1881 qui
856 1828 895 1868 in
923 1828 1102 1868 turribus
1127 1834 1256 1876 erant,
1283 1829 1390 1869 suasi
1415 1834 1512 1869 sunt
1535 1829 1726 1882 pecunia:
1753 1835 1794 1869 01
1817 1829 2082 1882 septuaginta
2105 1828 2192 1869 mil-

274 1888 379 1929 libus
403 1887 650 1928 didrachmis
674 1887 863 1940 acceptis,
888 1887 1131 1928 dimiserunt
1155 1888 1354 1941 quosdam
1378 1887 1564 1937 effuoeie.
1616 1890 1647 1912 ²¹
1670 1888 1771 1928 Cum
1795 1894 1933 1929 autem
1956 1887 2191 1929 Machabaeo

275 1947 516 1987 nunciatum
543 1952 646 1987 esset
674 1947 782 1999 quod
809 1946 965 1986 factum
992 1952 1064 1994 est,
1093 1946 1343 2011 principibus
1370 1940 1509 2000 populi
1536 1946 1802 2000 congregatis,
1831 1946 2052 1992 accusavit,
2083 1947 2193 2000 quod

276 2005 448 2060 pecunia
474 2006 618 2046 fratres
646 2005 938 2053 vendidissent,
968 2005 1209 2046 adversariis
1236 2018 1375 2046 eorum
1403 2005 1588 2046 dimissis
1645 2007 1676 2029 ’2
1704 2006 1789 2046 Hos
1816 2005 1940 2054 ioitur
1964 2005 2192 2059 proditores

275 2066 406 2106 factos
432 2064 648 2107 interfecit,
676 2070 717 2105 et
742 2064 956 2105 confestim
983 2065 1084 2105 duas
1110 2070 1240 2105 turres
1267 2064 1497 2118 occupavit.
1551 2066 1583 2089 23
1607 2065 1741 2105 Α111115
1768 2070 1905 2105 autem
1932 2078 1978 2105 ac
2003 2064 2192 2105 manibus

276 2124 412 2165 omnia
439 2136 628 2177 prospere
655 2124 811 2172 agendo
838 2123 877 2163 in
905 2123 1065 2164 duabus
1091 2123 1389 2164 munitionibus
1415 2123 1505 2177 plus
1533 2137 1656 2177 quam
1684 2123 1828 2177 viginti
1855 2123 1981 2164 millia
2006 2123 2190 2177 peremit.

80 2192 264 2231 Thumna-1110
384 2184 414 2206 2⁴
450 2183 506 2222 At
540 2182 790 2226 Timotheus,
829 2182 896 2235 qui
932 2182 1041 2236 prius
1077 2196 1099 2222 a
1137 2182 1282 2223 10111015
1317 2183 1452 2223 fuerat
1486 2188 1713 2236 superatus,
1751 2188 1977 2223 convocato
2013 2182 2191 2223 exercitu

83 2234 261 2293 &13:23ssssst
281 2241 498 2295 peregrinae
516 2240 804 2286 multitudinis,
827 2246 868 2281 et
887 2246 1130 2294 congregato
1151 2241 1339 2294 equitatu
1359 2241 1522 2290 Asiano,
1545 2241 1714 2282 advenit
1734 2241 1849 2295 quasi
1869 2241 1990 2282 armis
2012 2241 2192 2282 Iudaeam

277 2306 482 2353 capturus.
570 2301 601 2324 2⁵
636 2299 895 2340 Machabaeus
931 2305 1082 2343 autem.
1120 2305 1161 2340 et
1197 2300 1265 2353 qui
1300 2313 1392 2340 cum
1427 2300 1514 2353 ipso
1550 2306 1678 2347 erant,
1717 2300 2190 2354 appropinquanteillo.

276 2359 603 2412 deprecabantur
637 2358 873 2402 Dominum,
911 2364 1037 2411 caput
1071 2364 1179 2399 terra
1214 2364 1485 2412 aspergentes,
1521 2359 1764 2412 lumbosque
1799 2358 1935 2399 ciliciis
1971 2359 2190 2412 praecincti,

277 2420 312 2442 ²⁶
342 2418 392 2458 ad
424 2417 562 2458 altaris
593 2417 839 2470 crepidinem
870 2417 1089 2471 provoluti,
1122 2423 1169 2458 ut
1198 2417 1273 2458 sibi
1302 2418 1516 2471 propitius,
1548 2418 1720 2458 inimicis
1751 2423 1890 2458 autem
1920 2431 2059 2459 eorum
2089 2424 2193 2458 esset

278 2476 475 2519 inimicus,
510 2482 551 2516 et
581 2476 822 2516 adversariis
855 2477 1151 2524 adversaretur,
1186 2476 1291 2517 sicut
1320 2476 1385 2517 lex
1416 2477 1526 2518 dicit.
1587 2479 1620 2501 27
1653 2477 1709 2517 Ε1
1738 2476 1797 2517 ita
1828 2481 1922 2530 post
1953 2475 2190 2520 orationem.

278 2535 452 2589 sumptis
469 2534 602 2581 armis,
621 2534 779 2588 longius
796 2535 844 2576 de
861 2535 1029 2576 civitate
1046 2536 1323 2589 procedentes,
1343 2542 1384 2576 et
1399 2535 1573 2589 proximi
1590 2536 1776 2577 hostibus
1793 2535 1927 2576 effecti
1943 2536 2190 2576 resederunt.

279 2596 314 2619 28
332 2594 467 2635 Ρ1·1100
486 2600 624 2634 autem
643 2593 735 2635 solis
754 2600 845 2635 ortu
864 2594 1027 2647 utrique
1045 2594 1354 2635 commiserunt:
1374 2594 1440 2635 isti
1459 2594 1622 2648 quidem
1641 2594 1833 2639 victoriae,
1854 2600 1896 2635 et
1911 2594 2193 2648 prosperitatis

279 2665 513 2706 sponsorem
540 2666 631 2692 cum
658 2653 812 2693 virtute
837 2653 1059 2693 Dominum
1086 2653 1302 2694 habentes:
1330 2653 1385 2693 illi
1411 2659 1549 2694 autem
1575 2654 1720 2694 ducem
1746 2653 1837 2694 belli
1864 2653 2046 2693 animum
2071 2653 2193 2694 habe-

83 2719 228 2773 ‚13111
186 2712 257 2771 ⁰¹¹¹}-
249 2713 392 2769 ¹b‹.mt
453 2713 487 2735 29
518 2712 608 2755 Sed
642 2724 733 2751 cum
765 2712 982 2752 vehemens
1013 2726 1151 2765 11110110
1181 2718 1297 2757 esset
1331 2719 1611 2766 apparuerunt
1641 2712 1881 2753 adversariis
1913 2713 1962 2752 de
1993 2711 2087 2753 caelo
2119 2712 2193 2752 viri

113 2785 172 2814 um
176 2792 239 2813 1ιιι»
282 2771 461 2824 quinque
490 2770 527 2810 in
557 2770 681 2823 equis,
711 2770 833 2810 frenis
861 2770 990 2811 aureis
1018 2771 1163 2817 decori,
1193 2771 1391 2812 ducatum
1421 2771 1566 2813 Iudaeis
1593 2776 1852 2825 Ῑ)1105100105;
1907 2772 1944 2795 3⁰
1970 2784 2019 2811 ex
2047 2770 2193 2824 quibus

136 2826 211 2845 ‘'U‘'
281 2830 360 2870 duo
396 2829 679 2870 Mathabaeum
715 2829 895 2870 medium
931 2830 1140 2873 habentes
1187 2830 1308 2871 armis
1344 2830 1425 2870 suis
1461 2830 1777 2883 circumseptum
1813 2829 2057 2871 incolumem
2101 2843 2194 2870 con-

282 2888 521 2928 servabant:
556 2887 595 2928 in
629 2888 881 2929 adversarios
916 2894 1053 2929 autem
1087 2888 1180 2933 tela,
1216 2895 1256 2929 01
1288 2888 1461 2929 fulmina
1492 2889 1707 2932 iaciebant,
1743 2902 1792 2929 ex
1826 2902 1905 2942 quo
1939 2893 1980 2929 et
2011 2888 2194 2929 caecitate

284 2947 451 2990 confusi,
480 2953 519 2986 et
546 2946 686 3000 repleti
713 2947 1021 3000 perturbatione
1047 2948 1262 2989 cadebant.
1316 2950 1346 2972 31
1381 2948 1586 2988 interfecti
1612 2953 1707 2988 sunt
1734 2953 1872 2988 autem
1898 2947 2043 2997 viginti
2069 2946 2193 2987 millia

283 3005 504 3057 quingenti,
532 3011 573 3045 et
597 3005 753 3059 equites
778 3006 970 3047 sexcenti.
1023 3008 1055 3030 ³2
1081 3006 1318 3047 Timotheus
1343 3020 1438 3048 vero
1464 3007 1648 3060 confugit
1672 3006 1710 3046 in
1736 3007 1936 3047 Gazaram
1961 3006 2192 3059 praesidium

283 3063 500 3106 munitum,
532 3064 595 3104 cui
625 3071 797 3117 praeerat
825 3065 1019 3106 Chzereas.
1077 3067 1109 3089 ³³
1137 3066 1396 3106 Machabaeus
1426 3071 1577 3113 autem,
1608 3071 1649 3106 et
1678 3065 1745 3118 qui
1775 3078 1867 3105 cum
1897 3077 1942 3105 eo
1972 3070 2099 3109 erant,
2130 3064 2194 3105 110-

284 3128 418 3162 tantcs
436 3123 681 3163 obsederunt
700 3123 929 3176 preesidium
947 3123 1089 3164 diebus
1107 3130 1314 3176 quattuor.
1360 3126 1392 3149 ³⁴
1408 3125 1463 3165 At
1479 3124 1531 3169 hi,
1551 3123 1619 3177 qui
1635 3124 1745 3164 intus
1762 3130 1890 3171 erant,
1908 3123 1983 3165 loci
2000 3123 2194 3163 firmitate

284 3180 435 3223 confisi,
464 3194 582 3233 supra
611 3183 777 3223 modum
804 3182 1116 3223 maledicebant.
1145 3188 1184 3223 et
1210 3196 1413 3224 sermones
1439 3183 1637 3223 nefandos
1662 3182 1887 3223 iactabant.
1941 3184 1973 3207 ³5
1998 3182 2077 3223 Sed
2102 3195 2192 3222 cum

284 3239 367 3279 dies
397 3239 541 3292 quinta
568 3239 825 3284 illucesceret,
856 3241 999 3293 viginti
1028 3241 1194 3281 iuvenes
1221 3255 1270 3281 ex
1298 3242 1370 3285 his,
1401 3242 1469 3295 qui
1497 3255 1589 3282 cum
1617 3241 1852 3282 Machabaeo
1880 3245 2008 3289 erant,
2038 3240 2194 3281 accensi

285 3297 430 3337 animis
468 3305 633 3351 propter
671 3298 978 3352 blasphemiam,
1020 3300 1189 3340 viriliter
1225 3305 1481 3341 accesserunt
1519 3301 1570 3341 ad
1608 3313 1782 3344 murum,
1822 3305 1862 3340 et
1900 3299 2021 3341 feroci
2058 3299 2194 3340 animo

286 3356 516 3396 incedentes
553 3358 846 3398 ascendebant:
909 3360 945 3382 ³⁶
980 3359 1049 3399 sed
1085 3365 1125 3399 et
1160 3358 1226 3399 alii
1261 3358 1446 3399 similiter
1480 3360 1756 3404 ascendentes,
1795 3364 1936 3407 turres,
1974 3363 2195 3411 portasque

285 3415 526 3455 succendere
545 3416 715 3467 aggressi
735 3422 841 3458 sunt.
862 3422 987 3470 atque
1004 3417 1111 3470 ipsos
1128 3417 1346 3458 maledicos
1364 3418 1479 3458 vivos
1497 3430 1764 3458 concremare.
1809 3419 1844 3441 ³⁷
1862 3417 1938 3457 Per
1953 3417 2194 3458 continuum

286 3480 423 3513 autern
452 3473 620 3513 biduum
647 3474 830 3526 prfesidio
859 3481 1034 3521 vastato,
1063 3475 1323 3516 Timotheum
1351 3476 1624 3517 occultantem
1652 3490 1692 3516 se
1718 3476 1756 3516 in
1785 3477 1963 3529 quodam
1989 3481 2193 3529 repertum

285 3531 372 3573 loco
391 3539 667 3585 peremerunt:
688 3540 726 3573 et
746 3534 911 3574 fratrem
931 3534 1035 3575 illius
1053 3534 1271 3581 Chaiream.¹
1292 3541 1333 3575 et
1350 3535 1672 3589 Apollophanem
1694 3535 1939 3575 occiderunt.
1986 3537 2022 3559 ³8
2039 3534 2195 3583 Quibus
