2356 3760
271 266 347 305 975
1063 264 1373 298 EVANGELM'M
1884 269 1936 309 24,
1961 270 2104 310 39-25‚
2129 270 2173 304 30

272 363 386 398 erant
405 357 444 398 in
464 358 604 399 diebus
623 364 718 398 ante
736 356 932 398 diluvium
954 358 1211 398 comedentes
1229 362 1269 398 et
1288 357 1484 401 bibentes.
1507 359 1704 399 nubentes
1723 364 1763 400 et
1781 361 1928 414 nuptui
1947 363 2168 408 tradentes,

272 430 399 470 usque
430 417 479 457 ad
511 430 601 458 eum
633 416 751 458 diem.
785 430 864 469 quo
895 416 1065 456 intravit
1097 417 1182 457 Noe
1212 416 1251 456 in
1283 430 1430 460 arcam.
1488 420 1523 442 ³⁹
1554 424 1593 458 et
1624 431 1704 458 non
1736 427 2014 469 cognoverunt
2044 423 2171 463 (101190

273 475 383 516 venit
413 474 624 517 diluw'um.
657 483 693 514 et
725 473 817 514 tulit
849 488 1004 514 omnes:
1035 474 1092 514 ita
1122 475 1196 515 erit
1226 482 1266 516 et
1295 476 1496 517 adventus
1525 475 1613 516 Filii
1644 476 1828 518 hominis.
1886 480 1922 502 ⁴⁰
1950 479 2062 520 Tune
2091 481 2171 522 duo

272 540 390 575 erunt
421 534 458 575 in
491 548 603 583 agro:
639 547 738 573 1111113
770 538 1010 575 assumetur.
1043 539 1082 573 et
1114 547 1216 574 unus
1247 533 1508 588 relinquetur.
1566 537 1595 559 ⁴¹
1628 535 1718 575 duae
1747 534 1944 577 molentes
1974 537 2014 578 in
2044 538 2170 580 mola:

273 607 351 634 una
371 601 610 633 assumetur.
631 599 666 631 et
691 605 768 631 una
788 589 1048 644 relinquetur.
1095 594 1127 616 ⁴²
1147 591 1319 646 Vigilate
1338 607 1441 644 ergo.
1463 593 1557 646 quia
1576 594 1737 634 nescitis
1757 608 1838 648 qua
1854 595 1954 636 hora
1971 596 2171 638 Dominus

273 659 405 693 vester
433 660 626 691 venturus
655 650 717 690 sit.
773 651 805 673 ⁴³
836 648 939 690 lllud
968 659 1105 691 autem
1133 651 1289 693 scitote.
1324 652 1535 705 aquomam
1564 652 1594 692 si
1623 653 1741 693 sciret
1769 653 2062 706 paterfamilias
2091 669 2172 709 qua

272 711 369 751 liora
405 712 466 749 fur
499 715 692 749 venturus
727 714 841 752 esset,
879 707 1061 757 vigilaret
1095 710 1248 764 utique.
1284 716 1323 750 et
1358 724 1436 751 non
1470 710 1617 751 sineret
1651 711 1807 765 perfodi
1840 713 2006 754 domum
2041 728 2169 756 suam.

272 772 302 793 ⁴¹
339 770 427 808 ldeo
458 774 492 808 et
525 781 596 809 vos
626 774 755 808 estote
784 768 935 820 parati:
967 768 1058 822 quia
1090 782 1168 822 qua
1200 769 1360 809 nescitis
1389 769 1488 809 liora
1515 767 1639 810 Filius
1669 770 1841 811 bominis
1870 778 2067 813 venturus
2096 778 2168 815 est.

277 831 302 851 ¹⁷·
331 827 438 875 Quis,
468 833 599 880 putas.
629 832 687 867 est
716 824 841 867 fidelis
868 840 1018 870 servus,
1047 834 1082 867 et
1114 828 1300 880 prudens.
1331 841 1450 880 quem
1477 828 1692 869 constituit
1717 829 1905 870 dominus
1931 844 2026 872 suus
2052 845 2173 885 super

274 885 467 926 familiam
493 898 621 928 suam,
649 892 694 926 ut
720 886 790 926 det
814 884 890 925 illis
916 885 1049 926 cibum
1077 886 1116 925 in
1144 886 1349 939 tempore?
1402 888 1438 910 ⁴⁶
1466 886 1639 927 bBeatus
1665 886 1729 928 ille
1754 902 1905 933 servus,
1934 903 2054 943 quem
2080 904 2171 932 eum

274 945 427 985 venerit
451 944 639 985 dominus
664 944 758 986 eius.
784 944 983 985 invenerit
1008 945 1062 985 319
1086 945 1315 985 facientem.
1368 947 1401 969 ⁴⁷
1427 958 1544 985 amen
1569 945 1657 986 dico
1681 947 1808 995 vobis,
1836 948 2026 1001 quoniam
2053 962 2174 1003 super

272 1004 405 1043 omnia
436 1003 542 1044 bona
573 1017 643 1043 sua
674 1003 896 1043 constituet
926 1018 1029 1044 eum.
1087 1005 1122 1027 ⁴⁸
1151 1003 1190 1043 Si
1221 1010 1358 1044 autem
1389 1003 1537 1044 dixerit
1565 1002 1695 1045 malus
1725 1018 1862 1047 servus
1893 1005 1956 1047 ille
1985 1007 2025 1048 in
2054 1008 2173 1049 eorde

271 1076 360 1103 suo:
392 1063 546 1103 Moram
575 1062 671 1103 facit
699 1062 887 1103 dominus
915 1075 1027 1102 meus
1055 1062 1208 1103 venire:
1264 1064 1298 1086 ⁴⁹
1325 1069 1365 1103 et
1393 1062 1561 1116 creperit
1587 1070 1795 1116 percutere
1823 1078 2036 1107 conservos
2063 1080 2168 1111 suos,

271 1121 490 1161 manducet
523 1127 673 1162 autem.
708 1126 748 1160 et
781 1120 895 1161 bibat
928 1134 1019 1161 cum
1053 1121 1235 1161 ebriosis:
1295 1123 1331 1145 ⁵⁰
1362 1121 1498 1162 veniet
1529 1122 1717 1163 dominus
1749 1123 1853 1164 servi
1884 1123 1989 1165 illius
2021 1125 2062 1166 in
2093 1126 2168 1175 die,

273 1193 352 1233 qua
380 1193 459 1221 non
490 1186 636 1232 sperat.
668 1185 708 1219 et
736 1179 846 1222 hora,
878 1193 959 1232 qua
987 1179 1164 1233 ignorat:
1220 1182 1250 1204 ⁵¹
1281 1185 1320 1220 et
1348 1180 1504 1221 dividet
1533 1194 1637 1224 eum.
1668 1187 1909 1236 partemque
1937 1184 2020 1225 eius
2049 1189 2175 1238 ponet

271 1252 361 1279 911111
391 1239 624 1292 hypocritis.
664 1236 758 1279 cillie
787 1238 861 1278 erit
890 1238 1019 1281 fletus,
1051 1244 1091 1279 et
1119 1238 1268 1280 stridor
1295 1239 1491 1280 dentium.

97 1311 230 1339 ¹¹¹¹¹¹
375 1310 438 1352 25.
496 1312 507 1333 ¹
539 1309 651 1349 Tunc
683 1307 809 1349 simile
841 1309 915 1349 erit
947 1322 1114 1362 regnum
1147 1307 1334 1351 caelorum
1366 1310 1504 1350 decem
1536 1309 1776 1363 virginibus:
1811 1324 1899 1365 quae
1930 1311 2173 1366 accipientes

94 1359 236 1409 manum
271 1366 479 1421 lampades
504 1382 596 1409 suas
621 1368 805 1409 exierunt
831 1368 995 1409 obviam
1019 1382 1179 1421 sponso.
1206 1376 1245 1409 et
1271 1382 1438 1422 sponsae.
1491 1371 1505 1393 2
1532 1363 1719 1423 Quinque
1743 1376 1881 1410 autem
1906 1384 1954 1410 ex
1979 1371 2033 1411 eis
2058 1376 2174 1412 erant

270 1427 407 1471 fatuae,
445 1434 484 1468 et
521 1427 698 1481 quinque
733 1427 971 1481 prudentes:
1034 1430 1049 1451 ³
1083 1428 1153 1468 sed
1188 1427 1367 1481 quinque
1401 1428 1537 1473 1311199,
1576 1428 1750 1482 acceptis
1785 1427 2056 1482 lampadibus,
2092 1443 2173 1471 non

270 1493 531 1540 sumpserunt
560 1485 691 1527 oleum
719 1499 873 1527 secum:
929 1488 942 1510 ⁴
970 1487 1190 1539 prudentes
1218 1500 1312 1527 vero
1341 1492 1583 1541 acceperunt
1612 1485 1744 1528 oleum
1771 1486 1812 1527 in
1839 1487 1946 1528 vasis
1973 1487 2054 1528 suis
2082 1501 2173 1529 eum

270 1543 540 1599 lampadibus.
588 1548 603 1570 5
624 1546 780 1587 Moram
802 1553 938 1585 autem
961 1545 1134 1585 faciente
1156 1558 1314 1599 sponso.
1338 1546 1666 1587 dormitaverunt
1687 1559 1825 1587 omnes
1847 1552 1888 1587 et
1907 1546 2172 1588 dormierunt.

274 1606 287 1627 ‘³
307 1604 437 1645 Media
457 1610 594 1645 autem
613 1609 731 1645 nocte
750 1603 902 1645 clamor
917 1604 1050 1645 factus
1069 1610 1147 1644 est:
1168 1604 1271 1645 Ecce
1290 1618 1459 1658 sponsus
1478 1605 1602 1648 venit,
1624 1605 1730 1645 exite
1749 1605 1913 1646 obviam
1933 1605 1978 1647 ei.
2028 1607 2042 1629 ⁷
2061 1606 2174 1647 Tunc

270 1671 531 1704 surrexerunt
563 1677 700 1704 onmes
732 1662 905 1716 virgines
937 1661 1024 1704 illae.
1058 1668 1099 1703 et
1130 1668 1378 1704 ornaverunt
1409 1662 1618 1717 lampades
1649 1677 1753 1704 suas
1816 1665 1831 1688 ⁸
1861 1664 2004 1705 Fatuae
2036 1670 2175 1705 autem

270 1722 522 1775 sapientibus
539 1722 747 1763 dixerunt:
765 1722 872 1762 Date
889 1721 1004 1762 nobis
1021 1721 1070 1761 de
1087 1719 1172 1762 oleo
1189 1727 1343 1762 vestro:
1363 1722 1455 1775 quia
1472 1720 1682 1776 lampades
1698 1728 1848 1763 nostrae
1863 1722 2172 1777 extinguuntur.

272 1783 287 1804 ⁹
323 1781 636 1835 Responderunt
668 1781 899 1834 prudentes
936 1780 1133 1821 dicentes:
1169 1780 1228 1821 Ne
1261 1781 1365 1821 forte
1398 1794 1478 1822 non
1511 1781 1689 1822 sufficiat
1720 1781 1848 1826 nobis,
1883 1787 1925 1822 et
1956 1782 2083 1825 vobis.
2118 1781 2174 1822 ite

270 1839 405 1893 potius
434 1840 485 1880 ad
512 1841 746 1882 vendentes.
776 1846 815 1880 et
843 1839 965 1880 emite
991 1839 1119 1880 vobis.
1176 1841 1211 1863 ¹⁰
1236 1840 1346 1880 Dum
1374 1845 1512 1880 autem
1539 1839 1643 1881 irent
1671 1853 1813 1888 emere,
1842 1839 1956 1880 venit
1983 1853 2173 1893 sponsus:

271 1904 312 1939 et
332 1912 421 1953 quae
441 1904 595 1953 paratae
615 1904 742 1942 erant.
764 1898 1024 1939 intraverunt
1045 1911 1137 1939 911111
1158 1911 1203 1940 90
1224 1899 1276 1939 3(1
1295 1898 1473 1952 nuptias,
1496 1904 1536 1939 et
1557 1897 1693 1939 clausa
1713 1904 1775 1939 est
1793 1898 1927 1939 ianua.
1977 1900 2008 1923 ¹¹
2030 1898 2174 1940 Novis-

270 1958 368 1999 sime
402 1971 496 1999 vero
530 1958 701 1999 veniunt
734 1963 775 1998 et
806 1955 970 2011 reliquae
1003 1956 1188 2011 virgines⁴
1225 1957 1423 1998 dieentes:
1457 1957 1643 2000 Domine.
1679 1956 1865 2005 Domine,
1902 1957 2011 2011 aperi
2044 1957 2172 1999 nobis.

271 2019 301 2041 ¹²
327 2017 381 2057 At
408 2015 472 2057 ille
497 2018 755 2071 respondens,
785 2016 860 2057 ait:
888 2017 1019 2057 Amen
1046 2016 1134 2058 (1100
1161 2016 1288 2060 vobis.
1317 2016 1450 2058 1193910
1476 2029 1560 2058 vos.
1616 2018 1648 2041 ¹3
1676 2013 1872 2070 dVigilate
1898 2016 2049 2070 itaque.
2079 2016 2175 2070 quia

269 2076 430 2117 nescitis
459 2076 577 2119 diem.
609 2090 738 2130 neque
766 2076 921 2117 11013111.

62 2150 254 2209 ,‘''„.¹'‘{s²“'‘’¹²f
376 2149 405 2170 ¹⁴
438 2146 568 2188 “Sic-ut
592 2146 698 2186 enim
723 2146 844 2188 homo
871 2159 1032 2200 peregre
1058 2146 1324 2200 proficiscens,
1353 2145 1519 2188 voe-avit
1543 2159 1679 2187 servos
1704 2159 1808 2191 31103,
1836 2151 1877 2187 et
1902 2145 2074 2187 tradidit
2097 2144 2174 2187 illis

77 2194 92 2209 ‘⁸
124 2193 139 2209 Π
159 2192 253 2211 ‘'sun''
272 2206 379 2246 bona
395 2219 478 2246 sua.
524 2207 555 2229 ¹5
573 2205 627 2245 Et
645 2205 714 2245 uni
731 2205 843 2246 dedit
862 2205 1040 2259 quinque
1058 2203 1226 2248 talenta,
1246 2203 1312 2245 alii
1330 2210 1468 2245 autem
1486 2205 1578 2251 duo,
1599 2204 1665 2246 alii
1682 2218 1778 2247 vero
1795 2218 1935 2253 unum,
1955 2204 2173 2259 unicuique

270 2265 492 2305 secundum
516 2264 721 2317 propriam
742 2264 951 2322 virtutem.
976 2270 1016 2304 et
1037 2264 1242 2317 profectus
1264 2269 1325 2304 est
1346 2264 1499 2304 statim.
1550 2266 1585 2288 ¹⁶
1607 2263 1719 2305 Abiit
1741 2269 1880 2305 autem
1903 2264 1971 2318 qui
1994 2263 2174 2318 quinque

271 2321 427 2364 talenta
451 2328 673 2376 acceperat.
701 2330 742 2364 et
765 2328 955 2376 operatus
981 2327 1040 2363 est
1064 2322 1105 2363 in
1129 2322 1195 2364 eis.
1222 2328 1262 2363 et
1285 2320 1466 2363 lucratus
1491 2327 1550 2363 est
1576 2321 1654 2363 alia
1679 2323 1870 2377 quinque.
1922 2324 1956 2347 ¹⁷
1981 2321 2175 2364 Similiter

270 2388 308 2422 et
335 2382 402 2436 qui
426 2382 506 2423 duo
531 2386 752 2435 acceperat.
777 2380 958 2422 lue-ratus
982 2387 1043 2422 est
1066 2379 1145 2422 alia
1167 2381 1259 2423 duo.
1313 2382 1346 2405 ¹3
1371 2380 1448 2430 Qui
1472 2386 1610 2422 autem
1634 2395 1761 2422 unum
1786 2387 2009 2435 acceperat,
2036 2381 2175 2423 abiens

270 2441 373 2482 fodit
396 2440 436 2482 in
460 2447 621 2484 terram,
647 2446 688 2481 et
710 2440 924 2482 abscondit
946 2440 1160 2494 pecuniam
1183 2440 1337 2482 domini
1359 2439 1430 2481 sui.
1482 2442 1517 2464 ¹⁹
1538 2440 1637 2482 Post
1660 2438 1837 2481 multum
1859 2453 1955 2481 vero
1978 2440 2173 2494 temporis

271 2500 384 2540 venit
408 2500 596 2541 dominus
622 2513 830 2541 servorum
855 2497 1026 2542 illorum.
1055 2505 1095 2540 et
1120 2499 1257 2553 posuit.
1281 2499 1480 2540 rationem
1506 2512 1598 2540 cum
1624 2498 1690 2540 eis.
1743 2500 1780 2523 2⁰
1804 2499 1859 2539 Et
1884 2499 2078 2539 accedens
2105 2498 2174 2552 qui

271 2558 450 2613 quinque
476 2557 633 2600 talenta
659 2564 881 2612 acceperat,
911 2556 1062 2600 obtulit
1088 2556 1167 2599 3113
1193 2558 1372 2612 quinque
1398 2556 1566 2603 talenta,
1595 2557 1749 2599 dicens:
1777 2557 1964 2603 Domine,
1994 2557 2174 2611 quinque

272 2616 426 2659 talenta
455 2618 659 2659 tradidisti
688 2617 797 2660 mihi.
828 2631 917 2658 ecce
946 2615 1022 2658 alia
1053 2616 1231 2671 quinque
1259 2615 1560 2671 superlucratus
1589 2630 1690 2658 sum.
1746 2618 1777 2641 ‘2¹
1805 2616 1877 2657 Ait
1902 2614 1958 2656 illi
1987 2616 2175 2658 dominus

271 2677 372 2717 eius:
406 2677 517 2731 Euge
547 2690 659 2717 serve
689 2677 805 2718 bone.
838 2682 877 2717 et
907 2675 1046 2721 fidelis,
1080 2676 1175 2730 quia
1203 2689 1323 2730 super
1351 2689 1483 2730 pauca
1511 2675 1624 2717 fuisti
1654 2673 1793 2724 fidelis,
1825 2688 1946 2729 super
1974 2675 2107 2716 multa
2136 2680 2176 2716 te

272 2736 532 2780 constituam,
563 2735 671 2776 111113
699 2734 740 2775 111
768 2735 963 2789 gaudium
993 2735 1146 2777 domini
1175 2735 1246 2777 tui.
1304 2737 1336 2759 ‘³2
1364 2734 1545 2776 Accessit
1574 2740 1712 2775 autem
1742 2740 1782 2775 et
1812 2734 1880 2788 qui
1909 2734 1989 2776 duo
2018 2731 2176 2775 talenta

273 2801 494 2849 acceperat.
521 2800 560 2835 et
585 2795 659 2835 ait:
684 2793 870 2843 Domine,
897 2795 976 2835 duo
1001 2793 1158 2835 talenta
1182 2794 1386 2835 tradidisti
1410 2793 1519 2837 mihi.
1546 2807 1635 2834 ecce
1659 2792 1736 2834 alia
1761 2793 1841 2835 duo
1864 2791 2044 2833 lucratus
2068 2805 2171 2834 sum.

273 2857 303 2878 '2³
328 2855 395 2895 Ait
420 2853 474 2895 illi
498 2853 685 2896 dominus
710 2853 811 2894 eius:
837 2853 949 2907 Euge
973 2866 1086 2894 serve
1110 2854 1225 2898 bone.
1251 2858 1293 2894 et
1315 2851 1454 2901 fidelis,
1481 2852 1574 2907 quia
1599 2865 1719 2906 super
1740 2865 1873 2906 pauca
1894 2851 2009 2892 fuisti
2032 2849 2172 2897 fidelis,

274 2928 391 2966 super
420 2912 548 2954 multa
577 2919 617 2954 te
646 2912 906 2957 constituam,
936 2911 1043 2953 intra
1072 2912 1111 2952 in
1139 2912 1333 2966 gaudium
1363 2911 1517 2953 domini
1545 2911 1616 2953 tui.
1673 2913 1705 2935 2⁴
1732 2911 1938 2952 Accedens
1967 2915 2105 2951 autem
2134 2914 2175 2951 et

276 2973 340 3025 qui
373 2986 496 3013 unum
527 2971 727 3013 talentum
759 2976 980 3025 acceperat.
1013 2971 1088 3011 ait:
1119 2972 1304 3015 Domine.
1337 2971 1416 3012 scio
1447 2970 1542 3024 quia
1570 2971 1691 3012 homo
1721 2970 1844 3011 durus
1874 2983 1925 3013 es.
1956 2969 2075 3009 metis
2104 2968 2174 3009 ubi

277 3044 355 3071 non
372 3031 589 3072 seminasti.
609 3037 647 3071 et
665 3044 880 3081 9011319933
898 3030 966 3071 ubi
984 3044 1062 3071 non
1080 3030 1280 3083 sparsisti:
1323 3032 1355 3054 ²⁵
1372 3038 1410 3070 et
1428 3029 1575 3070 timens
1592 3029 1684 3072 abii.
1703 3034 1744 3069 et
1760 3027 1954 3069 abscondi
1970 3026 2174 3068 talentum

277 3096 391 3129 11111111
423 3090 459 3129 111
492 3099 613 3129 19113;
645 3104 733 3131 9999
762 3090 886 3130 habes
917 3090 1025 3142 quod
1055 3094 1171 3130 tuum
1202 3094 1273 3130 est.
1331 3090 1366 3113 ‘²⁶
1397 3088 1660 3142 Respondens
1690 3092 1829 3128 autem
1858 3086 2046 3128 dominus
2075 3086 2171 3130 eius.

277 3147 377 3188 dixit
405 3148 456 3187 ei:
484 3150 603 3188 Serve
630 3148 744 3190 male.
773 3154 813 3189 et
838 3148 959 3202 picrer,
987 3147 1140 3188 sciebas
1167 3148 1261 3201 quia
1286 3154 1395 3189 meto
1421 3148 1490 3188 ubi
1516 3160 1596 3188 non
1622 3146 1787 3188 semino.
1815 3151 1856 3186 et
1881 3159 2077 3199 congrego
2104 3144 2173 3186 ubi

278 3220 355 3247 non
379 3207 522 3259 sparsi:
572 3209 604 3230 ‘2⁷
628 3207 807 3260 oportuit
830 3221 921 3256 ereo
945 3213 983 3247 te
1005 3206 1260 3247 committere
1282 3206 1495 3260 pecuniam
1518 3219 1651 3246 meam
1672 3203 1922 3249 numulariis,
1947 3209 1988 3245 et
2008 3203 2172 3244 veniens

278 3278 347 3309 ecto
370 3265 600 3317 recepissem
624 3267 763 3319 utique
785 3266 893 3320 quod
913 3279 1048 3306 meum
1069 3270 1128 3306 est
1149 3279 1240 3306 911111
1261 3279 1393 3306 usura.
1441 3266 1476 3289 '2⁸
1496 3263 1640 3306 Tollite
1660 3263 1799 3317 itaque
1820 3264 1870 3304 ab
1891 3276 1936 3304 eo
1956 3261 2171 3309 talentum,

278 3331 316 3363 et
339 3324 432 3364 date
454 3323 498 3364 ei.
525 3323 589 3376 qm
612 3324 735 3365 babet
757 3325 894 3365 decem
917 3323 1084 3365 talenta.
1134 3326 1168 3348 ²⁹
1201 3324 1322 3365 fomni
1344 3324 1450 3364 enim
1471 3323 1639 3364 habenti
1661 3322 1837 3366 dabitur,
1862 3328 1901 3362 et
1923 3320 2169 3362 abundabit:

278 3382 310 3422 ei
336 3389 484 3423 autem.
513 3382 577 3435 qui
605 3396 681 3421 11011
708 3383 841 3424 babet.
869 3389 907 3423 et
933 3383 1040 3436 quod
1066 3382 1229 3423 videtur
1251 3383 1409 3425 habere.
1437 3383 1643 3422 auferetur
1666 3382 1717 3422 ab
1742 3395 1799 3422 eo.
1851 3382 1888 3405 ³⁰
1911 3380 1965 3421 Et
1988 3378 2173 3421 inutilem

277 3454 437 3481 servum
468 3441 596 3481 eiicite
626 3440 663 3480 in
696 3443 879 3481 tenebras
909 3442 1143 3483 exteriores:
1175 3440 1252 3482 11110
1281 3442 1355 3482 9111
1385 3442 1514 3484 fletus.
1547 3446 1587 3481 et.
1615 3440 1763 3481 stridor
1791 3439 1988 3480 dentium.

408 3566 449 3598 43
475 3566 545 3598 aMt·
572 3568 622 3601 13,
648 3567 705 3606 :3:⁷3;
733 3567 776 3599 Le
805 3569 853 3606 12,
879 3568 934 3601 359:
967 3571 974 3600 1
1007 3569 1092 3601 Thes
1118 3569 1147 3607 4,
1176 3568 1224 3601 15.
1250 3588 1285 3590 a
1304 3568 1345 3600 ,115
1370 3568 1462 3611 bApc
1487 3568 1539 3601 16.
1566 3568 1616 3600 15.
1638 3588 1677 3589 w
1700 3567 1739 3600 51
1769 3566 1855 3609 cSup
1882 3565 1932 3605 13,
1959 3565 2015 3604 422
2044 3564 2098 3598 Ins
2121 3564 2174 3604 25,

275 3613 325 3645 30.
419 3613 471 3654 25,
500 3614 539 3646 13
562 3614 635 3646 nd
664 3614 712 3647 13.
738 3614 788 3646 321²„
887 3615 923 3647 ll
951 3615 1013 3647 “Lc
1043 3616 1092 3649 19.
1120 3616 1170 3648 12.
1234 3636 1238 3637 γ
1264 3614 1305 3647 29
1339 3615 1420 3658 fSup
1449 3614 1499 3648 13.
1529 3615 1583 3653 12,
1610 3614 1664 3647 Mc
1691 3614 1719 3653 4,
1747 3613 1803 3653 ‘25;
1831 3613 1877 3645 Lc
1902 3612 1933 3652 8,
1960 3612 2017 3651 183
2044 3612 2095 3651 19,
2121 3610 2173 3644 26.
