2356 3760
135 123 187 155 243.
216 122 355 155 147—27.
382 122 423 155 13
1024 122 1160 156 ISAIAE
1948 133 2024 174 689

137 217 168 239 ¹⁴
188 214 405 255 Morientes
435 227 516 255 non
539 214 701 259 -vivant,
783 212 967 266 gigantes
995 227 1075 255 non
1105 221 1332 269 resurgant:

188 278 404 327 propterea
430 273 607 313 visitasti
635 277 676 312 et
704 271 933 312 contrivisti
961 285 1038 314 eos,
1122 278 1162 313 et
1189 275 1399 327 perdidisti
1428 289 1587 317 omnem
1616 281 1848 321 memoriam
1877 296 2025 326 eorum.

138 391 168 413 ¹5
191 389 401 429 Indulsisti
429 387 539 441 genti
568 386 753 429 Domine.
838 386 1041 428 indulsisti
1069 389 1197 441 genti:
2046 401 2131 441 ἰωῇ-φρ
2150 409 2215 427 wo

189 447 389 501 numquid
416 446 662 499 glorificatus
692 444 757 485 es?
840 444 1037 499 elongasti
1067 460 1204 487 omnes
1234 449 1425 490 terminos
1456 455 1581 492 terrae.
2063 437 2196 461 ”Vffl‘m'

136 508 171 530 ¹⁶
188 506 361 547 Domine
382 505 423 545 in
446 503 635 557 angustia
656 503 926 557 requisierunt
948 509 999 549 te,
1076 505 1116 545 in
1140 506 1401 548 tribulatione
1424 509 1638 550 murmuris
1661 510 1847 551 doctrina
1867 516 1940 552 tua
1961 513 2027 554 eis.

138 567 170 589 ¹⁷
188 565 302 606 Sicut
332 576 421 616 quae
451 562 638 615 concipit,
671 575 763 602 cum
794 563 1186 616 appropinquaverit
1215 565 1266 605 ad
1297 571 1472 618 partum,
1505 567 1642 608 dolens
1673 568 1822 610 clamat
1851 569 1891 610 in
1921 570 2030 612 dolo-

397 622 507 662 ribus
536 620 636 661 suis:
718 621 774 661 sic
802 621 901 662 facti
930 635 1068 662 sumus
1098 635 1122 662 a
1148 622 1250 663 facie
1279 628 1352 663 tua
1378 625 1563 666 Domine.

138 681 466 734 ¹⁸(loncepimus.
499 684 541 720 et
571 679 685 732 quasi
716 680 1021 733 parturivimus,
1107 686 1148 721 et
1177 682 1405 735 peperimus
1436 684 1641 736 spiritum:

189 739 339 780 salutes
369 752 450 780 non
479 737 647 779 fecimus
677 738 717 778 in
746 743 865 785 terra,
950 739 1038 780 ideo
1068 753 1149 781 non
1178 740 1410 781 ceciderunt
1438 741 1688 783 habitatores
1717 748 1840 785 terrae.

139 800 172 822 ¹⁹
190 798 340 838 Vivent
368 796 519 838 mortui
549 797 620 842 tui,
706 797 908 838 interfecti
936 798 1015 838 mei
1044 804 1272 852 resurgent:

189 855 522 910 expergiscimini,
553 861 594 896 et
622 855 787 897 laudate
869 856 937 909 qui
964 856 1161 898 habitatis
1189 858 1229 898 in
1257 858 1440 911 pulvere:

190 915 285 969 quia
312 928 376 956 ros
405 914 504 955 lucis
533 927 597 955 ros
627 919 734 957 tuus.
819 920 860 956 et
888 920 1038 956 terram
1067 915 1279 969 gigantum
1308 917 1495 957 detrahes
1525 917 1566 958 in
1594 919 1764 959 ruinam.

627 1043 665 1082 4.
695 1041 803 1082 Fata
831 1042 988 1094 populi
1020 1042 1171 1093 lsrael,
1200 1043 1266 1093 26,
1286 1044 1463 1094 20—27,
1482 1043 1547 1084 13.

136 1128 173 1150 ²⁰
190 1126 301 1166 Vade
330 1124 504 1179 populus
534 1138 658 1171 meus,
691 1124 799 1165 intra
826 1125 867 1165 in
897 1125 1082 1166 cubicula
1111 1131 1194 1171 tua,
1278 1125 1419 1166 claude
1448 1126 1553 1166 ostia
1581 1131 1654 1166 tua
1681 1139 1800 1179 super
1828 1131 1879 1170 te,
2044 1120 2224 1188 {gtssiess'ssi'

188 1185 434 1225 abscondere
463 1184 669 1225 modicum
699 1184 751 1224 ad
779 1189 1046 1231 momentum,
1129 1185 1257 1225 donec
1286 1189 1541 1237 pertranseat
1569 1184 1804 1237 indignatio.
2052 1170 2221 1227 eu'ssiissnssriis

136 1245 167 1267 2¹
194 1243 318 1284 aEcce
340 1243 447 1284 enim
470 1243 670 1284 Dominus
693 1242 920 1295 egredietur
941 1243 989 1283 de
1011 1243 1097 1284 loco
1121 1257 1204 1286 suo.
1282 1248 1329 1283 ut
1350 1242 1489 1283 visitet
1510 1242 1768 1295 iniquitatem
1792 1244 2032 1285 habitat-oris

398 1308 515 1343 terrae
544 1307 688 1342 contra
716 1315 826 1341 eum:

189 1366 230 1401 et
264 1361 463 1401 revelabit
496 1366 606 1401 terra
638 1360 875 1413 sanguinem
911 1373 1040 1403 suum.
1130 1365 1172 1399 et
1204 1373 1283 1400 non
1321 1359 1473 1412 operiet
1507 1359 1615 1399 ultra
1648 1359 1880 1401 interfectos
1914 1373 2017 1402 suos.

135 1420 200 1464 27.
257 1422 266 1444 ¹
302 1420 347 1460 In
378 1420 441 1475 die
470 1419 539 1459 illa
567 1418 752 1459 visitabit
780 1418 981 1458 Dominus
1062 1417 1103 1458 in
1131 1418 1264 1471 gladio
1294 1431 1365 1458 suo
1396 1418 1508 1465 duro,
1540 1422 1582 1458 et
1609 1418 1762 1471 grandi,
1794 1422 1835 1458 et
1862 1418 1969 1467 forti,

188 1491 309 1531 super
337 1478 566 1518 Leviathan
597 1481 825 1529 serpentem
855 1482 1026 1525 vectem,
1059 1482 1100 1517 et
1129 1490 1248 1530 super
1277 1476 1504 1516 Leviathan
1535 1481 1762 1527 serpentem
1792 1481 2032 1526 tortuosum,

398 1541 439 1577 et.
468 1536 625 1577 occidet
654 1540 802 1583 cetum,
835 1535 903 1588 qui
933 1535 972 1575 in
1002 1535 1101 1575 mari
1133 1542 1205 1577 est.

153 1656 167 1678 2
190 1653 237 1694 In
267 1653 330 1694 die
359 1651 427 1693 illa
456 1652 576 1692 vinea
604 1651 702 1692 meri
732 1651 918 1691 cantabit
947 1651 992 1692 ei.
2056 1651 2218 1710 [fg'igi'gssgssn

152 1715 168 1737 ³
188 1712 274 1766 Ego
303 1711 516 1759 Dominus,
550 1710 618 1764 qui
647 1723 762 1751 servo
793 1723 894 1754 eam.
978 1715 1143 1763 repente
1172 1710 1397 1764 propinabo
1427 1709 1479 1751 ei:
2080 1705 2107 1745 in
2128 1722 2194 1761 orbe

188 1784 238 1811 ne
264 1771 369 1811 forte
396 1769 586 1810 visitetur
612 1774 756 1810 contra
782 1782 883 1815 eam,
966 1774 1084 1810 nocte
1111 1775 1152 1810 et
1179 1769 1242 1810 die
1269 1782 1384 1810 servo
1412 1782 1512 1810 eam.
2062 1756 2212 1822 “uffifflffl‘

153 1832 168 1854 ⁴
190 1829 423 1883 Indignatio
450 1842 530 1869 non
557 1833 619 1868 est
644 1828 761 1868 mihi:
790 1828 878 1881 quis
905 1828 1022 1868 dabit
1046 1841 1110 1868 ine
1136 1828 1294 1881 spinam
1321 1833 1362 1869 et
1387 1841 1550 1881 veprem
1577 1827 1617 1868 in
1644 1827 1797 1881 praelio:
1876 1828 2037 1881 gradiar

399 1900 519 1941 super
547 1900 648 1935 eam,
680 1887 924 1927 succendam
954 1900 1042 1927 eam
1072 1887 1247 1940 pariter?

153 1950 168 1972 5
188 1948 252 1988 An
277 1947 414 2001 potius
439 1946 595 1987 tenebit
620 1945 904 1986 fortitudinem
928 1959 1074 1993 meam,
1153 1946 1275 1987 faciet
1298 1959 1439 1999 pacem
1464 1945 1574 1993 mihi,
1602 1958 1742 1998 pacem
1767 1945 1888 1985 faciet
1912 1945 2034 1985 mihi?

154 2009 169 2030 ⁶
189 2006 267 2055 Qui
291 2005 574 2057 ingrediuntur
597 2005 752 2058 impetu
778 2005 830 2045 ad
856 2005 989 2047 Iacob,
1016 2004 1175 2045 florebit
1200 2010 1241 2044 et
1263 2004 1508 2058 germinabit
1533 2003 1666 2051 lsrael,
1745 2008 1786 2044 et
1809 2003 2037 2056 implebunt

398 2064 543 2104 faciem
573 2063 680 2105 orbis
710 2063 872 2104 semine.

154 2184 167 2205 ⁷
191 2181 401 2234 Numquid
424 2180 543 2221 iuxta
566 2179 727 2233 plagam
752 2180 1016 2233 percutientis
1041 2192 1081 2220 se
1105 2180 1304 2233 percussit
1327 2179 1443 2220 eum?
1522 2183 1595 2219 aut
1618 2178 1722 2218 sicut
1746 2177 1893 2219 occidit
1916 2176 2232 2241 inter-cafflggfflm

397 2240 525 2280 fectos
556 2238 651 2287 eius,
683 2238 738 2279 sic
768 2238 921 2279 occisus
950 2238 1035 2279 est?
2066 2247 2212 2277 purgatus,

155 2301 169 2323 ¹²¹
192 2300 238 2340 In
267 2311 457 2339 mensura
484 2303 628 2339 contra
654 2310 898 2345 mensuram,
929 2310 1020 2338 cum
1050 2297 1210 2338 abiecta
1236 2297 1369 2340 fuerit.
1402 2296 1596 2337 iudicabis
1625 2308 1731 2336 eam:
1814 2294 2034 2334 meditatus

399 2362 461 2398 est
489 2357 530 2397 in
559 2356 704 2410 spiritu
734 2370 805 2397 suo
836 2356 936 2397 duro
966 2368 1037 2409 per
1065 2356 1171 2397 diem
1201 2361 1334 2396 aestus

156 2420 171 2441 ¹⁴
193 2416 346 2457 Idcirco
381 2429 501 2469 super
533 2415 609 2457 hoc
643 2415 876 2456 dimittetur
908 2414 1101 2468 iniquitas
1136 2414 1275 2455 domui
1311 2414 1450 2455 Iacob:
1538 2421 1577 2453 et
1612 2413 1685 2453 iste
1720 2412 1848 2453 omnis
1881 2411 2036 2451 fructus

400 2480 448 2515 ut
477 2475 687 2515 auferatur
714 2479 929 2528 peccatum
959 2474 1054 2521 eius,

192 2548 284 2575 cum
313 2534 494 2588 posuerit
523 2546 662 2575 omnes
691 2532 845 2587 lapides
876 2532 1014 2573 altaris
1044 2532 1149 2573 sicut
1176 2532 1330 2586 lapides
1360 2530 1500 2572 cineris
1531 2530 1674 2574 allisos,
1758 2542 1838 2569 non
1868 2528 2037 2568 stabunt

400 2593 479 2633 luci
509 2598 550 2633 et
579 2591 758 2633 delubra.

140 2654 176 2677 ¹⁰
192 2652 345 2693 Civitas
376 2651 483 2693 enim
514 2651 676 2691 munita
705 2651 890 2692 desolata
918 2651 1005 2695 erit,
1090 2650 1271 2703 speciosa
1299 2649 1559 2702 relinquetur.
1593 2652 1634 2687 et
1663 2646 1893 2687 dimittetur
1923 2643 2036 2697 quasi

401 2711 625 2752 desertum:

190 2770 244 2811 ibi
275 2775 465 2823 pascetur
494 2769 660 2817 vitulus,
693 2773 734 2809 et
762 2768 818 2809 ibi
848 2768 1078 2814 accubabit,
1162 2773 1203 2808 et
1233 2771 1444 2808 consumet
1473 2764 1728 2805 summitates
1758 2762 1852 2802 eius

140 2831 168 2853 ¹¹
193 2829 239 2869 In
272 2828 454 2869 siccitate
486 2841 635 2869 messes
667 2827 772 2868 illius
805 2832 1077 2870 conterentur.
1163 2826 1348 2867 mulieres
1381 2824 1599 2869 venientes,
1634 2827 1675 2862 et
1706 2821 1895 2862 docentes
1928 2832 2034 2859 eam:

191 2901 270 2928 non
296 2892 358 2928 est
382 2888 489 2928 enim
514 2886 688 2941 populus
714 2886 885 2940 sapiens,
966 2890 1180 2939 propterea
1204 2898 1285 2926 non
1310 2882 1565 2924 miserebitur
1588 2881 1682 2925 eius,
1711 2879 1779 2933 qui
1804 2878 1900 2919 fecit
1924 2891 2034 2918 eum:

398 2951 439 2987 et
469 2946 537 3000 qui
567 2945 763 2987 formavit
792 2958 896 2993 eum,
928 2959 1008 2986 non
1039 2949 1179 2997 parcet
1208 2944 1253 2984 ei.

137 3065 168 3087 ¹2
188 3063 244 3104 Et
274 3063 366 3104 erit:
401 3062 449 3102 In
481 3062 543 3103 die
574 3061 643 3102 illa
672 3061 873 3115 percutiet
903 3060 1102 3101 Dominus
1134 3060 1185 3100 ab
1218 3059 1331 3099 alveo
1363 3056 1537 3097 fluminis
1569 3067 1695 3108 usque
1727 3054 1778 3094 ad
1810 3057 2030 3094 torrentem
2047 3050 2241 3116 efflssffissziffe

397 3121 577 3174 AEgypti,
661 3125 702 3161 et
730 3133 802 3161 vos
833 3118 1175 3173 congregabimini
1205 3130 1308 3158 unus
1338 3121 1378 3156 et
1407 3128 1509 3155 unus
1539 3113 1609 3154 filii
1640 3111 1772 3153 Israel.
2096 3121 2179 3145 bitur.

138 3183 168 3204 ¹³
190 3180 245 3221 Et
273 3180 366 3221 erit:
399 3176 447 3220 In
475 3179 538 3220 die
566 3179 635 3220 illa
662 3178 873 3232 clangetur
900 3178 939 3218 in
969 3178 1072 3218 tuba
1099 3189 1257 3229 magna.
1341 3180 1382 3214 et
1410 3173 1575 3213 venient
1604 3171 1672 3225 qui
1700 3170 1847 3224 perditi
1875 3170 2036 3209 fuerant

398 3239 448 3279 de
477 3243 587 3279 terra
614 3237 886 3291 Assyriorum.

189 3302 230 3338 et
255 3297 324 3351 qui
348 3297 463 3338 eiecti
489 3302 606 3338 erant
630 3297 671 3336 in
696 3296 820 3337 Terra
843 3295 1022 3349 AEgypfi,
1102 3298 1143 3334 et
1168 3292 1398 3333 adorabunt
1422 3289 1645 3331 Dominum
1669 3288 1709 3327 in
1734 3292 1872 3327 monte
1897 3290 2034 3325 sancto

365 3367 382 3383 ·
398 3356 439 3396 in
471 3355 701 3396 Ierusalem.

279 3459 333 3501 2⁶,
358 3433 519 3493 esaum
546 3461 575 3499 1,
600 3460 630 3493 3.

220 3523 436 3549 Hotvzenaue
446 3531 470 3550 r,
496 3523 620 3552 Vulgata
643 3522 830 3560 Clementi-na.
1780 3503 1829 3542 44
