2356 3760
114 271 211 295 §le-isis:

120 324 124 329 .
153 314 187 330 eu

98 342 200 366 itu-ritu
208 349 227 367 1.

59 625 122 643 uva*
144 620 266 644 maturae

72 661 82 677 x
92 654 251 679 'Jndviuinn-

85 1497 236 1523 Habentes

110 1533 210 1564 plagas

68 1569 250 1595 novissimas,

98 1615 221 1646 epinicio

88 1651 232 1676 victorum

94 1688 225 1714 cantato,

101 2033 138 2057 ab
161 2039 218 2058 uno

74 2068 285 2104 animaliuing

103 2106 216 2133 septem

105 2139 217 2169 phialas

79 2175 238 2205 accipiunt.

79 2519 120 2543 Ex
144 2518 247 2548 phialis

97 2554 230 2579 veniunt:

110 2636 215 2660 vulnus

102 2678 220 2697 suevum.

125 2816 203 2834 mare

83 2844 242 2875 sanguinis,

117 2926 212 2951 fantus

85 2968 242 2991 sanguinis,

126 3277 213 3300 :as-tu

128 3311 206 3337 som:

277 104 377 146 1202
1072 102 1389 137 APOCALYPSIS
1924 107 1977 145 14,
2004 106 2145 140 141116ι
2169 107 2188 139 9

707 195 746 236 6.
777 194 939 245 Angeli
969 195 1185 235 iudicium
1215 194 1451 246 facientes,
1480 195 1547 246 14,
1576 196 1749 236 14e—20.

376 269 406 292 ¹⁴
433 265 489 308 Et
516 265 600 307 vidi
627 270 667 307 et
694 278 783 305 ecce
811 264 962 305 nubem
990 264 1227 306 candidam:
1256 270 1298 306 et
1323 277 1444 319 super
1469 264 1622 306 nubem
1648 265 1859 308 sedentem
1885 267 2058 309 similem
2086 268 2189 309 Filio

270 325 457 375 hominis,
482 324 704 366 habentem
727 323 768 364 in
792 323 925 376 capite
948 336 1021 365 suo
1045 336 1237 365 coronam
1261 336 1440 373 auream,
1465 329 1506 365 et
1527 324 1569 365 in
1592 336 1718 365 manu
1740 338 1814 366 sua
1836 325 1982 367 falcem
2006 332 2186 369 acutam.

267 387 298 409 ¹⁵
318 384 393 426 -Et
407 384 509 426 alius
523 382 702 436 Angelus
717 382 846 424 exivit
861 381 910 423 de
926 382 1092 436 templo,
1110 382 1291 424 clamans
1307 395 1406 424 voce
1420 395 1571 436 magna
1585 382 1637 423 ad
1652 383 1863 425 sedentem
1878 398 1999 438 super
2012 385 2184 427 nubem:

324 443 463 485 bMitte
497 442 641 483 falcem
676 446 805 487 tuam,
856 446 897 482 et
930 445 1037 482 mete
1125 441 1221 495 quia
1255 441 1368 482 venit
1400 440 1501 482 hora
1533 446 1581 483 ut
1613 446 1807 487 metatur,
1853 443 2048 497 quoniam
2081 444 2188 486 aruit

532 500 671 541 messis
702 506 829 541 terrae.

374 562 407 585 ¹⁶
422 560 477 601 Et
492 558 603 600 misit
619 558 687 612 qui
702 558 871 599 sedebat
887 570 1008 612 super
1022 557 1186 608 nubem,
1202 558 1349 600 falcem
1364 572 1481 600 suam
1496 558 1716 608 interram,
1734 565 1775 602 et
1790 559 1975 602 demessa
1989 567 2051 603 est
2066 567 2186 603 terra.

377 621 409 643 ¹⁷
435 618 490 659 Et
515 618 616 659 alius
640 617 819 671 Angelus
844 617 973 659 exivit
998 617 1047 658 de
1072 617 1239 671 templo,
1267 617 1377 671 quod
1402 622 1463 659 est
1487 617 1528 659 in
1553 618 1662 668 caelo,
1688 618 1843 660 habens
1869 624 1910 661 et
1934 619 2019 674 ipse
2043 620 2189 661 falcem

269 682 447 719 acutam.
497 678 531 702 ¹⁸
552 676 608 718 Et
629 676 730 717 alius
750 675 929 730 Angelus
951 675 1079 717 exivit
1100 676 1149 717 de
1170 676 1303 726 altari,
1327 676 1396 730 qui
1416 675 1599 718 habebat
1619 682 1870 730 potestatem
1891 691 2015 732 supra
2034 678 2188 733 ignem:

268 742 309 778 et
331 735 527 777 clamavit
550 749 648 777 voce
672 748 822 789 magna
844 734 896 776 ad
919 748 1024 784 eum,
1050 735 1119 789 qui
1142 734 1324 776 habebat
1345 735 1493 776 falcem
1516 740 1694 785 acutam,
1720 736 1875 778 dicens:
1899 737 2021 779 Mitte
2043 737 2188 779 falcem

269 801 384 836 tuam
413 800 591 843 acutam,
623 799 664 836 et
692 794 901 835 vindemia
928 794 1068 835 botros
1097 794 1227 835 vineae
1254 799 1389 835 terrae:
1422 794 1616 848 quoniam
1644 800 1819 836 maturae
1846 801 1944 837 sunt
1971 809 2063 838 uvae
2091 796 2188 838 eius

267 856 301 878 ¹⁹
325 854 382 895 Et
405 853 517 895 misit
540 853 720 907 Angelus
745 852 891 894 falcem
916 865 1033 894 suam
1058 857 1225 894 acutam
1249 852 1291 894 in
1316 858 1480 903 terram,
1504 857 1545 894 et
1569 852 1843 896 vindemiavit
1867 854 2032 896 vineam
2057 861 2187 904 terrae,

266 918 308 954 et
334 912 445 954 misit
471 912 512 953 in
539 912 674 953 lacum
702 911 770 952 irae
796 911 872 952 Dei
899 924 1113 965 magnum:
1176 913 1213 936 ²⁰
1238 917 1280 953 et
1307 911 1488 953 calcatus
1516 916 1578 954 est
1603 911 1715 954 lacus
1743 917 1861 954 extra
1887 913 2113 964 civitatem,
2150 923 2191 955 et

266 972 394 1013 exivit
421 970 583 1025 sanguis
612 970 661 1012 de
687 970 778 1012 lacu
806 984 934 1024 usque
961 970 1015 1011 ad
1040 971 1175 1012 frenos
1203 983 1401 1024 equorum
1429 983 1500 1024 per
1526 970 1662 1012 stadia
1687 971 1797 1013 mille
1824 977 2028 1014 sexcenta.

913 1096 1134 1150 PARS
1177 1095 1556 1165 QUARTA.

577 1185 854 1253 Septem
893 1185 1146 1252 phjalae
1187 1185 1439 1250 effusae,
1477 1185 1566 1250 15,
1593 1186 1689 1237 1Ἥ
1694 1184 1803 1250 22,
1829 1186 1887 1238 5.

1165 1278 1326 1298 «κν-ον*

592 1330 633 1381 Ι.
673 1330 810 1396 Ipsa
848 1288 1183 1396 phialarum
1224 1329 1448 1395 effusiO,
1488 1331 1565 1395 15,
1592 1331 1688 1382 1-
1693 1330 1773 1395 16,
1800 1329 1879 1382 21.

757 1421 796 1461 1.
826 1420 988 1472 Angeli
1018 1420 1201 1474 phialas
1231 1421 1472 1474 accipiunt,
1501 1421 1709 1473 15,1—8.

371 1491 435 1534 15.
493 1494 505 1515 ¹
535 1491 591 1532 Et
622 1491 705 1531 vidi
736 1490 847 1531 aliud
877 1491 1037 1544 signum
1067 1492 1108 1532 in
1139 1491 1235 1533 caelo
1265 1505 1474 1546 magnum,
1507 1497 1548 1533 et
1577 1491 1774 1541 mirabile,
1806 1491 1983 1546 Angelos
2017 1498 2190 1546 septem,

266 1549 464 1591 habentes
498 1549 639 1603 plagas
673 1555 831 1602 septem
865 1550 1125 1591 novissimas:
1162 1550 1367 1599 Quoniam
1400 1550 1442 1591 in
1475 1550 1552 1591 illis
1587 1555 1875 1592 consummata
1908 1556 1970 1593 est
2005 1550 2066 1592 ira
2099 1551 2188 1593 Dei.

372 1611 386 1633 2
412 1609 467 1650 Et
493 1608 578 1649 vidi
604 1613 819 1662 tamquam
845 1621 957 1649 mare
983 1609 1161 1650 vitreum
1186 1609 1356 1651 mistum
1381 1609 1485 1664 igne,
1513 1615 1554 1651 et
1580 1622 1659 1660 eos,
1689 1609 1757 1663 qui
1783 1609 1971 1651 vicerunt
1995 1609 2189 1660 bestiam,

269 1673 309 1709 et
331 1668 550 1722 imaginem
573 1667 669 1717 eius,
694 1673 735 1708 et
757 1680 973 1708 numerum
995 1668 1171 1709 nominis
1194 1669 1290 1717 eius,
1315 1673 1472 1710 stantes
1496 1680 1617 1722 super
1637 1681 1749 1709 mare
1772 1668 1962 1719 vitreum,
1985 1668 2186 1711 habentes

267 1727 444 1768 citharas
463 1726 558 1768 Dei:
607 1728 622 1751 3
643 1731 683 1767 et
703 1731 919 1768 cantantes
940 1727 1147 1769 canticum
1166 1727 1299 1781 Moysi
1319 1727 1425 1769 servi
1443 1727 1532 1777 Dei,
1555 1733 1596 1769 et
1616 1727 1824 1769 canticum
1843 1727 1962 1781 Agni,
1985 1727 2185 1770 dicentes:

266 1785 427 1840 Magna,
454 1791 495 1826 et
519 1785 722 1826 mirabilia
746 1790 843 1827 sunt
868 1798 991 1839 opera
1014 1790 1088 1827 tua
1111 1786 1287 1828 Domine
1311 1787 1422 1828 Deus
1449 1786 1727 1840 omnipotens:
1754 1785 1871 1827 iustae
1896 1791 1938 1828 et
1961 1799 2067 1828 verae
2092 1793 2189 1828 sunt

268 1845 343 1886 viae
369 1852 460 1893 tuae,
489 1845 578 1885 Rex
602 1844 853 1886 saeculorum.
906 1846 921 1869 ‘¹
952 1845 1068 1893 eQuis
1092 1858 1174 1886 non
1200 1845 1363 1887 timebit
1387 1851 1428 1887 te
1451 1845 1640 1895 Domine,
1667 1850 1708 1886 et
1731 1844 2014 1898 magnificabit
2037 1858 2186 1887 nomen

267 1903 410 1944 tuum?
432 1904 528 1957 quia
546 1903 653 1944 solus
672 1903 762 1957 pius
781 1917 840 1945 es:
862 1904 1056 1957 quoniam
1076 1917 1215 1946 omnes
1232 1911 1374 1958 gentes
1392 1904 1572 1953 venient,
1592 1909 1634 1945 et
1652 1903 1887 1946 adorabunt
1903 1903 1946 1944 in
1964 1909 2188 1958 conspectu

267 1968 350 2009 tuo
383 1962 577 2017 quoniam
606 1962 756 2003 iudicia
783 1968 857 2003 tua
884 1962 1104 2004 manifesta
1131 1969 1239 2005 sunt.

372 2023 386 2046 ⁵
406 2021 461 2062 Et
479 2026 573 2075 post
591 2021 676 2062 haec
695 2021 791 2071 vidi,
813 2026 854 2063 et
873 2035 963 2063 ecce
982 2027 1171 2075 apertum
1191 2028 1252 2064 est
1271 2021 1473 2076 templum
1492 2021 1747 2064 tabernaculi
1765 1996 1991 2063 testimonii
2009 2021 2051 2063 in
2070 2022 2186 2063 caelo:

271 2082 347 2121 8et
370 2080 556 2121 exierunt
578 2086 735 2133 septem
756 2079 901 2133 Angeli
922 2080 1121 2122 habentes
1143 2086 1301 2134 septem
1323 2081 1463 2145 plagas
1486 2081 1535 2122 de
1558 2080 1725 2134 templo,
1750 2094 1776 2120 v
1779 2080 1891 2122 estiti
1911 2080 1995 2121 lino
2016 2080 2185 2125 mundo

268 2144 308 2180 et
323 2138 509 2187 candido,
527 2145 568 2180 et
581 2138 789 2192 praecincti
804 2139 910 2179 circa
923 2144 1091 2192 pectora
1107 2139 1215 2180 zonis
1231 2139 1373 2181 aureis.
1420 2141 1434 2163 ⁷
1450 2139 1506 2181 Et
1520 2152 1648 2180 unum
1664 2139 1713 2180 de
1729 2144 1928 2193 quattuor
1941 2139 2188 2181 animalibus

268 2197 380 2238 dedit
400 2205 556 2251 septem
575 2197 738 2251 Angelis
758 2203 915 2251 septem
935 2197 1092 2251 phialas
1112 2211 1266 2245 aureas,
1286 2198 1428 2252 plenas
1447 2198 1667 2239 iracundjae
1685 2198 1761 2240 Dei
1780 2197 1959 2240 viventis
1977 2198 2019 2239 in
2041 2198 2190 2240 saecula

266 2256 516 2297 saeculorum.
571 2258 585 2279 ⁸
608 2256 664 2297 Et
684 2256 901 2309 impletum
924 2262 985 2298 est
1007 2257 1209 2311 templum
1230 2257 1344 2297 1111110
1367 2270 1391 2297 a
1412 2256 1629 2298 maiestate
1650 2256 1738 2306 Dei,
1764 2262 1805 2298 et
1827 2256 1877 2297 de
1899 2256 2056 2298 virtute
2079 2257 2183 2298 eius:

266 2320 307 2357 et
327 2328 446 2356 nemo
467 2320 632 2368 poterat
652 2314 820 2356 introire
841 2315 882 2356 in
903 2315 1117 2369 templum,
1142 2316 1270 2357 donec
1292 2320 1676 2357 consummarentur
1696 2320 1854 2369 septem
1874 2315 2006 2368 plagae
2028 2321 2185 2369 septem

265 2373 525 2427 Angelorum.

733 2445 771 2484 2.
802 2444 964 2495 Angeli
995 2444 1176 2495 phialas
1207 2443 1463 2496 effundunt,
1492 2444 1559 2495 16,
1578 2443 1724 2484 1-21.

376 2514 438 2556 16.
496 2516 504 2537 ¹
538 2513 594 2554 Et
625 2513 764 2554 audivi
795 2526 937 2554 vocem
967 2526 1161 2567 magnam
1192 2513 1241 2554 de
1272 2513 1438 2566 templo,
1471 2513 1675 2554 dicentem
1706 2518 1864 2567 septem
1893 2513 2078 2568 Angelis:
2112 2514 2187 2556 Ite.

271 2577 311 2613 et
340 2572 538 2613 effundite
568 2578 725 2625 septem
754 2571 912 2625 phialas
943 2572 1010 2613 irae
1038 2572 1113 2613 Dei
1143 2572 1184 2613 in
1215 2578 1377 2614 terram.

375 2633 389 2655 2
418 2631 473 2672 Et
502 2630 604 2672 abiit
632 2631 799 2684 primus,
830 2636 871 2672 et
900 2631 1045 2672 effudit
1073 2631 1255 2684 phialam
1283 2645 1400 2673 suam
1427 2631 1469 2672 in
1499 2637 1662 2681 terram,
1693 2637 1734 2673 et
1762 2631 1920 2672 factum
1949 2636 2011 2673 est
2039 2631 2188 2672 vulnus

269 2703 435 2739 saevum,
462 2695 503 2731 et
526 2690 749 2743 pessimum
774 2690 814 2730 in
838 2689 1035 2739 homines,
1063 2690 1131 2743 qui
1156 2689 1368 2731 habebant
1392 2690 1670 2732 characterem
1697 2689 1853 2731 bestiae:
1879 2694 1921 2730 et
1943 2688 1986 2730 in
2011 2702 2090 2739 eos,
2119 2689 2188 2743 qui

269 2749 546 2790 adoraverunt
575 2748 793 2802 imaginem
824 2749 919 2791 eius.

375 2810 390 2832 ³
420 2808 475 2849 Et
504 2807 705 2849 secundus
735 2807 913 2861 Angelus
943 2807 1090 2849 effudit
1117 2807 1298 2862 phialam
1328 2821 1444 2849 suam
1474 2808 1514 2848 in
1544 2821 1667 2858 mare,
1699 2813 1740 2849 et
1768 2807 1903 2848 factus
1933 2812 1994 2848 est
2023 2806 2188 2861 sanguis

272 2872 485 2918 tamquam
516 2866 684 2907 mortui:
715 2872 755 2908 et
783 2866 913 2907 omnis
941 2866 1080 2907 anima
1108 2867 1248 2908 vivens
1276 2872 1441 2907 mortua
1468 2871 1530 2908 est
1555 2866 1597 2907 in
1624 2866 1738 2907 mari.

376 2926 390 2947 *¹
419 2924 474 2965 Et
504 2925 647 2967 tertius
675 2925 821 2966 offudit
854 2925 1035 2978 phialam
1068 2938 1185 2966 suam
1217 2938 1338 2979 super
1370 2925 1552 2975 flumina,
1587 2930 1628 2966 et
1656 2937 1776 2978 super
1804 2924 1939 2965 fontes
1971 2936 2185 2978 aquarum.

272 2990 313 3023 et
354 2983 487 3023 factus
529 2990 589 3025 est
629 2984 803 3037 sanguis.
876 2986 890 3008 ⁵
931 2984 986 3025 Et
1028 2983 1167 3025 audivi
1209 2984 1410 3038 Angelum
1453 2997 1654 3038 aquarum
1694 2983 1917 3025 dicentem:
1968 2982 2104 3024 Iustus
2146 2996 2186 3024 es

275 3041 445 3082 Domine
486 3041 554 3095 qui
596 3056 648 3091 es,
698 3049 737 3083 et
776 3042 845 3096 qui
884 3056 970 3083 eras
1013 3048 1191 3089 sanctus,
1242 3043 1310 3097 qui
1355 3042 1439 3084 haec
1479 3042 1685 3084 iudicasti:
1758 3043 1773 3066 ⁶
1811 3042 1908 3096 quia
1948 3041 2185 3095 sanguinem

270 3101 527 3149 Sanctorum,
567 3107 607 3140 et
640 3101 935 3154 Prophetarum
972 3101 1221 3151 effuderunt,
1261 3107 1301 3142 et
1337 3101 1577 3155 sanguinem
1614 3101 1668 3143 eis
1706 3099 1854 3142 dedisti
1881 3099 2036 3142 bibere:
2075 3099 2185 3153 digni

273 3159 380 3199 enim
404 3165 511 3200 sunt.
567 3161 580 3182 ⁷
605 3159 660 3200 Et
687 3160 825 3200 audivi
853 3160 1027 3201 alterum
1057 3159 1109 3201 ab
1141 3159 1260 3201 altari
1288 3160 1510 3201 dicentem:
1542 3159 1682 3201 Etiam
1711 3158 1887 3200 Domine
1916 3159 2026 3200 Deus
2058 3158 2186 3198 omni-

272 3223 417 3269 potens
447 3230 552 3263 vera,
584 3223 625 3258 et
656 3217 761 3258 iusta
791 3218 940 3259 iudicia
969 3224 1052 3260 tua.

384 3279 398 3297 ³
427 3276 479 3316 Et
510 3282 679 3329 quartus
707 3276 884 3341 Angelus
913 3277 1057 3318 effudit
1086 3277 1265 3330 phialam
1293 3290 1409 3318 suam
1437 3277 1477 3318 in
1505 3277 1642 3326 solem,
1671 3282 1713 3318 et
1740 3276 1885 3317 datum
1913 3281 1974 3317 est
2000 3274 2056 3315 illi
2084 3281 2185 3317 aestu

276 3333 452 3388 affliges(
478 3334 673 3378 homines
702 3340 741 3376 et
770 3335 867 3388 igni:
924 3338 939 3359 9
965 3342 1005 3376 et
1031 3342 1310 3377 aestuaverunt
1336 3336 1518 3377 homines
1545 3341 1646 3377 aestu
1673 3348 1834 3389 magno,
1862 3339 1903 3375 et
1928 3332 2184 3387 blasphema-

410 3439 479 3471 13
483 3437 543 3469 Mt
573 3438 620 3470 1:⁶3.
648 3438 699 3472 39.
755 3459 767 3461 ⁴
792 3438 918 3471 bfloel
931 3439 1014 3472 .13.
1042 3459 1083 3462 Α
1110 3439 1160 3480 15,
1186 3440 1206 3473 4
1234 3441 1284 3473 ‘'Ir
1309 3440 1360 3475 10.
1388 3442 1416 3474 T.
