2356 3760
95 156 126 196 7,
152 156 271 195 43--8,
297 155 340 189 20
966 158 1132 192 REGUM
1915 172 1987 213 291

95 248 135 288 in
159 248 364 289 retiaculis
389 249 568 303 singuli&
596 250 648 290 ad
673 249 910 302 operiendos
936 251 1135 292 funiculos
1162 252 1454 305 capitellorum,
1483 256 1551 308 qui
1576 265 1691 299 erant
1715 272 1832 313 super
1857 262 1993 315 capita

95 305 389 349 columnarum.
439 309 472 332 4³
492 308 549 348 Et
570 308 685 348 bases
707 307 858 355 decem,
883 314 924 349 et
944 308 1092 350 luteres
1114 311 1252 351 deceni
1275 324 1394 364 super
1415 312 1542 354 bases.
1593 317 1625 339 4⁴
1646 316 1701 356 Et
1722 330 1829 358 mare
1851 334 1989 367 unum,

95 370 135 405 et
157 365 281 406 boves
304 365 518 407 duodecim
540 366 681 406 subter
700 379 822 407 mare.
873 368 904 390 ⁴5
926 367 981 408 Et
1001 367 1164 414 lebetes,
1189 374 1229 409 et
1250 375 1418 418 scutras,
1443 376 1483 411 et
1503 371 1700 415 hamulas.
1725 376 1860 416 omnia
1881 391 1989 427 vasa,

95 437 185 476 quae
198 424 296 465 fecit
313 424 456 464 Hiram
471 423 554 477 regi
569 423 775 464 Salomoni
791 424 831 464 in
848 425 968 466 domo
984 426 1163 470 Domini.
1182 427 1230 467 de
1246 427 1473 469 aurichalco
1491 436 1617 471 erant.
1661 434 1696 455 ‘¹⁶
1714 432 1760 472 ln
1776 437 1990 487 campestri

92 482 253 536 regione
282 482 465 523 Iordanis
492 482 601 522 fudit
628 495 674 522 ea
700 495 770 522 rex
797 482 838 522 in
866 483 1053 536 argillosa
1079 490 1199 531 terra,
1228 485 1334 526 inter
1360 486 1538 528 Sochoth
1567 494 1607 529 et
1633 490 1821 532 Sarthan.
1875 494 1909 516 47
1938 494 1990 533 Et

93 541 231 594 posuit
251 540 442 582 Salomon
464 540 601 581 omnia
621 553 738 581 vasa:
761 546 928 595 propter
948 542 1255 584 multitudinem
1277 550 1414 585 autem
1436 546 1604 587 nimiam
1626 561 1705 589 non
1728 554 1814 590 erat
1833 551 1991 602 pondus

92 612 192 641 aeris.

190 659 227 683 ⁴¹⁸
248 657 443 711 Fecitque
466 657 658 698 Salomon
681 658 818 699 omnia
840 672 939 699 vasa
961 659 1002 699 in
1025 660 1146 701 domo
1169 660 1353 701 Domini:
1379 661 1505 702 altare
1529 676 1707 711 aureum,
1733 671 1773 705 et
1796 680 1989 713 mensam,
2029 672 2163 712 Saleffien,

92 729 212 770 super
247 729 371 770 quam
406 721 655 769 ponerentur
688 730 813 770 panes
849 717 1149 770 propositionis,
1187 732 1370 759 auream:
1434 722 1469 744 ⁴⁹
1505 727 1545 761 et
1580 723 1822 764 candelabra
1858 707 2188 770 au1·ea,1{{¹1¹1'{¹1l‘233¹112

93 774 273 828 quinque
305 775 357 816 ad
387 775 611 823 dexteram,
645 780 686 816 et
718 775 896 829 quinque
929 777 980 817 ad
1012 776 1218 817 sinistram
1250 783 1393 818 contra
1424 779 1631 820 oraculum
1663 794 1712 821 ex
1744 795 1840 823 auro
1872 796 1990 835 puro:
2063 778 2134 802 fam

92 838 133 874 et
159 833 275 887 quasi
299 833 370 873 lilii
399 833 527 881 flores,
556 838 597 874 et
620 832 804 874 lucernas
830 835 1003 888 desuper
1028 848 1188 876 aureas:
1217 841 1257 877 et
1281 836 1452 889 forcipes
1480 851 1633 882 aureos.
1687 841 1724 863 5⁰
1749 845 1789 880 et
1814 840 1991 889 hydrias,

92 896 133 933 et
152 891 386 940 fuscinulas,
410 897 451 933 et
470 891 640 945 phialas,
664 897 705 933 et
726 892 973 941 mortariola,
998 899 1038 935 et
1059 894 1280 941 thuribula,
1304 895 1353 935 de
1374 908 1471 936 auro
1494 897 1727 949 purissimo:
1750 903 1791 938 et
1812 887 1993 939 cardines

92 950 289 992 ostiorum
318 951 462 992 domus
491 950 692 992 interioris
721 951 861 992 Sancti
889 958 1136 1001 sanctorum,
1167 959 1208 994 et
1237 953 1433 994 ostiorum
1462 954 1606 996 domus
1635 956 1788 1009 templi,
1820 970 1868 997 ex
1897 970 1994 998 auro

93 1014 221 1050 erant.

195 1070 227 1092 ⁵¹
252 1068 309 1109 Et
331 1068 502 1122 perfecit
526 1081 644 1110 omne
669 1082 770 1122 opus
797 1072 906 1122 quod
930 1070 1108 1111 faciebat
1132 1070 1324 1112 Salomon
1349 1071 1390 1111 in
1415 1072 1535 1113 domo
1560 1073 1738 1119 Domini,
1770 1079 1831 1114 aet
1854 1074 1994 1114 intulit
2026 1077 2173 1142 „St'p‘ssi'ssjq

92 1140 182 1180 quae
210 1126 540 1168 sanctificaverat
567 1126 705 1168 David
734 1132 851 1181 pater
879 1141 986 1177 suus,
1019 1134 1233 1183 argentum
1263 1135 1304 1171 et
1333 1143 1489 1179 aurum,
1521 1136 1562 1172 et
1591 1145 1700 1180 vasa,
1732 1132 1993 1186 reposuitque
2053 1148 2144 1177 ponit.

91 1185 132 1226 in
160 1185 361 1227 thesauris
391 1186 535 1228 domus
563 1186 742 1227 Domini.

560 1290 599 1330 7.
630 1290 860 1331 Dedicatio
891 1291 1046 1343 templi
1078 1292 1271 1344 Domini,
1301 1294 1340 1343 8,
1360 1294 1479 1343 1-9,
1499 1293 1537 1333 9.

196 1366 235 1410 8.
290 1369 304 1391 1
320 1367 433 1407 Tunc
452 1367 704 1420 bcongregati
719 1373 816 1408 sunt
831 1381 969 1409 omnes
984 1367 1155 1409 maiores
1170 1373 1272 1408 natu
1290 1368 1413 1408 lsrael
1427 1382 1519 1408 cum
1535 1368 1784 1422 principibus
1800 1369 1994 1415 tribuum,
2041 1371 2164 1401 1'01’1111ffi

92 1430 133 1467 et
152 1426 274 1467 duces
293 1425 541 1466 familiarum
562 1425 736 1466 filiorum
758 1425 882 1467 Israel
902 1427 954 1467 ad
972 1439 1106 1479 regem
1126 1426 1385 1467 Salomonem
1406 1426 1447 1467 in
1473 1427 1706 1467 Ierusalem:
1728 1433 1775 1468 ut
1794 1428 1998 1468 deferrent
2016 1413 2187 1466 ’τ’ἷῗιῗζῗρρῗιῖῗ

92 1497 228 1526 arcam
249 1484 412 1526 foederis
432 1483 612 1533 Domini,
635 1484 684 1524 de
705 1484 874 1525 civitate
895 1484 1043 1529 David,
1068 1484 1108 1525 id
1129 1490 1201 1531 est,
1225 1486 1274 1525 dc
1295 1485 1402 1526 Sion.
1453 1488 1467 1509 ²
1488 1486 1770 1539 Convenitque
1791 1487 1843 1527 ad
1863 1499 1996 1539 regem
2031 1478 2172 1508 gss'gf‘tffl'·

90 1543 349 1585 Salomonem
379 1542 591 1583 universus
624 1543 747 1583 Israel
776 1543 817 1583 in
847 1556 983 1583 mense
1014 1543 1222 1584 Ethanim.
1255 1544 1296 1584 in
1326 1544 1509 1585 sollemni
1539 1544 1614 1593 die,
1648 1544 1730 1598 ipse
1760 1550 1822 1586 est
1849 1544 1997 1585 mensis

91 1602 301 1656 septimus.

195 1663 211 1685 3
231 1661 521 1713 Veneruntque
541 1660 676 1701 cuncti
697 1673 810 1701 senes
831 1661 879 1701 de
902 1661 1036 1709 lsrael,
1058 1667 1100 1702 et
1120 1661 1302 1702 tulerunt
1322 1675 1456 1702 arcam
1477 1663 1717 1709 sacerdotes
1765 1665 1780 1686 ⁴
1800 1668 1840 1703 et
1858 1668 1995 1715 porta-
2031 1662 2172 1722 ffgffiffllffl]

93 1725 241 1761 verunt
270 1732 406 1761 arcam
436 1718 615 1764 Domini,
648 1724 689 1760 et
718 1719 1029 1760 tabernaculum
1059 1720 1235 1767 foederis,
1268 1726 1309 1761 ct
1339 1720 1475 1761 omnia
1506 1734 1604 1762 vasa
1633 1720 1874 1769 Sanctuafli,
1908 1704 2191 1774 quaetra‘nsiertur.

93 1783 210 1820 erant
231 1778 272 1819 in
295 1777 579 1819 tabernaculo:
605 1783 646 1818 et
667 1778 855 1819 ferebant
877 1792 925 1819 ea
946 1779 1175 1820 sacerdotes
1199 1784 1240 1820 et
1262 1779 1427 1820 Levitae.
1479 1782 1494 1803 5
1519 1780 1606 1820 Rex
1630 1784 1768 1820 autem
1790 1779 1994 1821 Salomon.

92 1843 134 1879 et
166 1837 295 1879 omnis
328 1836 552 1878 multitudo
587 1836 722 1885 Israel,
758 1851 848 1891 quae
880 1842 1128 1878 convenerat
1160 1838 1212 1879 ad
1245 1851 1349 1886 euni,
1383 1838 1646 1892 gradiebatur
1677 1852 1769 1879 cum
1801 1837 1868 1879 illo
1902 1843 1997 1878 ante

92 1910 240 1945 arcam,
260 1901 301 1937 et
317 1895 590 1937 immolabant
606 1909 702 1937 oves
720 1902 761 1937 et
781 1897 902 1937 boves
921 1897 1074 1950 absque
1092 1897 1363 1938 aestimatione
1380 1902 1421 1938 et
1438 1910 1617 1938 numero.
1666 1898 1681 1920 ⁶
1698 1897 1753 1937 Et
1769 1896 1997 1937 intulerunt

92 1955 320 1997 sacerdotes
344 1968 480 1996 arcam
504 1954 667 1995 foederis
691 1955 858 1995 Domini
881 1955 922 1995 in
945 1955 1079 1996 locum
1103 1969 1233 2004 suum,
1259 1955 1300 1995 in
1324 1955 1531 1996 oraculum
1556 1955 1709 2009 templi,
1735 1955 1775 1995 in
1799 1955 1995 1996 Sanctum

91 2020 327 2056 sanctorum
357 2014 498 2054 subter
527 2013 610 2054 alas
641 2013 861 2055 cherubim.
923 2015 937 2037 ⁷
967 2013 1175 2067 Siquidem
1206 2014 1413 2054 cherubim
1445 2015 1735 2067 expandebant
1764 2013 1846 2054 alas
1877 2026 1997 2066 super

91 2073 226 2115 locum
254 2086 367 2117 arcae,
397 2077 439 2113 et
463 2072 736 2125 protegebant
763 2085 910 2121 arcam,
941 2078 981 2113 et
1008 2078 1143 2113 vectes
1171 2073 1255 2113 eius
1283 2073 1465 2126 desuper.
1523 2074 1538 2096 Β
1564 2073 1747 2125 Cumque
1774 2072 1998 2112 eminerent

92 2137 240 2181 vectes,
275 2137 317 2172 et
347 2136 592 2184 apparerent
624 2131 882 2172 summitates
915 2144 1053 2172 eorum
1085 2131 1182 2172 foris
1215 2131 1502 2172 Sanctuarium
1535 2136 1629 2171 ante.
1662 2130 1881 2177 oraculum,
1916 2143 1997 2170 non

92 2191 348 2245 apparebant
375 2189 483 2231 ultra
508 2189 771 2237 extrinsecus,
802 2189 871 2243 qui
899 2195 940 2231 et
966 2190 1132 2231 fuerunt
1158 2189 1213 2231 ibi
1240 2203 1367 2243 usque
1394 2190 1435 2230 in
1462 2196 1701 2243 praesentem
1730 2189 1848 2230 diem.
1906 2191 1921 2213 ⁹
1950 2189 1996 2228 In

92 2263 186 2291 arca
210 2254 349 2290 autem
374 2261 456 2290 non
482 2253 569 2289 erat
594 2248 704 2289 aliud
737 2248 830 2289 Cnisi
855 2249 946 2289 duae
970 2248 1122 2289 tabulae
1146 2248 1328 2302 lapideae,
1357 2262 1457 2302 quas
1482 2253 1676 2302 posuerat
1700 2248 1741 2288 in
1766 2261 1813 2289 ea
1836 2248 1997 2300 Moyses

92 2309 133 2350 in
162 2308 312 2357 Horeb,
344 2307 508 2362 quando
536 2307 691 2361 pepigit
718 2307 919 2349 Dominus
947 2307 1081 2348 foedus
1110 2320 1201 2348 cum
1230 2307 1321 2347 filiis
1352 2307 1486 2355 Israel,
1517 2320 1609 2347 cum
1637 2307 1922 2360 egrederentur
1949 2306 1998 2346 de

93 2369 214 2409 Terra
243 2366 423 2421 AEgypti.

198 2428 233 2451 1⁰
255 2426 430 2466 Factum
453 2430 515 2466 est
538 2430 689 2474 autem,
716 2438 808 2466 cum
833 2425 1011 2466 exissent
1034 2425 1262 2466 sacerdotes
1286 2426 1335 2466 de
1359 2424 1611 2471 Sanctuario,
1638 2423 1786 2465 nebula
1809 2422 1996 2476 implevit
2030 2420 2173 2487 *⁰333ssOE

93 2486 261 2528 domum
278 2483 457 2533 Domini,
504 2486 535 2508 11
553 2488 595 2525 et
610 2497 693 2525 non
710 2489 904 2538 poterant
921 2484 1150 2525 sacerdotes
1168 2488 1275 2525 stare
1294 2489 1335 2524 et
1352 2483 1582 2524 ministrare
1600 2487 1767 2537 propter
1782 2481 1993 2522 nebulam:
2027 2492 2163 2537 ,Domini

92 2544 335 2598 impleverat
359 2543 465 2584 enim
490 2542 617 2597 gloria
640 2542 807 2583 Domini
832 2543 1000 2584 domum
1025 2542 1203 2584 Domini.
1258 2544 1289 2567 ¹²
1315 2543 1428 2583 Tunc
1453 2542 1511 2583 ait
1535 2541 1745 2583 Salomon:
1774 2540 1995 2582 dDominus
2026 2526 2175 2557 ¹¹¹¹p¹⁹⁰¹¹³

93 2603 198 2645 dixit
220 2607 267 2644 ut
289 2601 495 2643 habitaret
517 2600 559 2642 in
581 2601 741 2643 nebula.
786 2604 817 2626 ¹3
838 2601 1057 2643 AEdificans
1080 2601 1279 2643 aedificavi
1302 2602 1469 2642 domum
1492 2600 1533 2641 in
1556 2599 1837 2641 habitaculum
1859 2604 1991 2646 tuum,

94 2661 369 2703 firmissimum
397 2660 543 2702 solium
572 2665 691 2701 tuum
719 2660 761 2701 in
790 2660 1095 2715 sempiternum.

199 2723 231 2745 14
262 2719 555 2773 Convertitque
586 2732 656 2760 rex
687 2719 832 2760 faciem
865 2733 993 2768 suam,
1028 2725 1069 2760 et
1100 2719 1310 2760 benedixit
1342 2718 1451 2760 omni
1483 2717 1658 2759 ecclesiae
1691 2716 1831 2757 Israel:
1865 2715 1995 2757 omnis
2034 2716 2169 2783 3122}ssssssss

94 2780 201 2821 enim
226 2778 392 2821 ecclesia
418 2777 541 2819 Israel
565 2778 715 2819 stabat.
770 2780 801 2803 1⁵
825 2778 882 2819 Et
906 2779 965 2819 ait
988 2778 1199 2820 Salomon:
1227 2777 1472 2819 Benedictus
1496 2776 1696 2818 Dominus
1721 2776 1830 2816 Deus
1858 2774 1992 2819 Israel,
2024 2787 2178 2816 benedicat,

96 2838 165 2892 qui
183 2837 344 2880 locutus
364 2842 426 2878 est
445 2850 512 2878 ore
532 2850 604 2878 suo
625 2837 676 2877 ad
696 2836 833 2878 David
853 2842 1013 2891 patrem
1033 2850 1182 2885 meum,
1205 2842 1246 2878 et
1264 2836 1306 2877 in
1325 2836 1514 2877 manibus
1535 2835 1618 2876 eius
1637 2833 1818 2888 perfecit,
1840 2833 1994 2874 dicens:

95 2899 130 2922 1⁶
143 2897 180 2938 A
194 2897 270 2947 die,
288 2909 370 2951 qua
384 2896 506 2937 eduxi
519 2895 719 2950 populum
733 2909 870 2936 meum
887 2896 1010 2937 Israel
1024 2896 1074 2937 de
1089 2896 1281 2950 AEgypto,
1298 2908 1379 2936 non
1395 2894 1493 2948 elegi
1508 2893 1719 2935 civitatem
1734 2892 1783 2933 de
1798 2891 1997 2932 universis

95 2956 284 2997 tribubus
311 2954 446 3003 Israel,
472 2959 519 2996 ut
543 2954 812 2995 aedificaretur
836 2955 993 3003 domus,
1020 2959 1061 2996 et
1084 2960 1190 2996 esset
1213 2967 1362 2996 nomen
1386 2967 1521 2994 meum
1546 2952 1620 2993 ibi:
1646 2951 1716 2992 sed
1740 2950 1838 3004 elegi
1862 2950 1999 2990 David

96 3020 143 3056 ut
169 3019 275 3056 esset
300 3026 420 3068 super
445 3013 643 3067 populum
669 3026 806 3054 meum
835 3013 969 3055 Israel.
1026 3015 1059 3038 1⁷
1093 3013 1331 3067 eVoluitque
1357 3011 1494 3053 David
1520 3016 1637 3065 pater
1662 3023 1775 3051 meus
1801 3009 1999 3050 aedificare

95 3074 263 3115 domum
290 3072 446 3114 nomini
472 3071 639 3113 Domini
665 3071 742 3112 Dei
771 3071 912 3113 Israel:
969 3073 1004 3097 1⁸
1031 3077 1072 3114 et
1098 3072 1158 3113 ait
1183 3071 1384 3113 Dominus
1413 3071 1464 3111 ad
1491 3069 1628 3110 David
1655 3073 1815 3123 patrem
1842 3081 1996 3109 meum:

95 3132 215 3181 Quod
238 3130 427 3185 cogitasti
449 3130 491 3171 in
515 3131 633 3172 corde
657 3135 729 3172 tuo
754 3130 951 3172 aedificare
975 3131 1144 3173 domum
1167 3130 1322 3172 nomini
1345 3143 1447 3177 meo,
1474 3129 1575 3170 bene
1597 3127 1741 3176 fecisti,
1766 3127 1842 3168 hoc
1865 3126 1998 3180 ipsum

95 3196 232 3232 mente
260 3195 455 3231 tractans.
513 3191 549 3214 1⁹
576 3189 857 3230 Veruntamen
886 3195 932 3230 tu
960 3203 1042 3231 non
1071 3189 1289 3231 aedificabis
1318 3188 1417 3229 mihi
1445 3188 1626 3236 domum,
1657 3186 1727 3227 sed
1755 3185 1859 3226 filius
1888 3190 1995 3233 tuus,

97 3249 166 3303 qui
188 3249 415 3304 egredietur
436 3249 485 3289 de
506 3247 670 3289 renibus
692 3247 786 3293 tuis,
810 3248 894 3302 ipse
916 3248 1135 3290 aedificabit
1157 3249 1325 3289 domum
1346 3246 1502 3288 nomini
1522 3259 1625 3288 meo.
1675 3247 1712 3270 2⁰
1732 3243 1999 3286 Confirmavit

95 3308 297 3350 Dominus
317 3320 545 3349 sermonem
566 3319 697 3356 suum,
721 3319 842 3360 quern
861 3306 1023 3349 locutus
1043 3313 1123 3349 est:
1146 3306 1323 3360 stetique
1343 3318 1415 3359 pro
1436 3304 1573 3346 David
1593 3308 1709 3358 patre
1730 3316 1831 3351 meo,
1854 3308 1894 3343 et
1914 3301 1997 3343 sedi

228 3444 268 3478 51
294 3444 333 3477 82
357 3443 424 3478 Par
446 3444 478 3485 5,
502 3446 532 3480 1.
558 3464 602 3469 —
625 3444 657 3486 8,
690 3445 709 3478 1
734 3444 774 3477 ¹02
799 3445 866 3478 Par
887 3445 920 3486 5,
944 3446 974 3480 2.
1001 3465 1043 3471 —-
1066 3445 1087 3479 9
1112 3445 1182 3478 cEx
1203 3445 1256 3484 34,
1279 3445 1336 3484 27;
1366 3444 1442 3478 Hbr
1461 3444 1493 3485 9,
1515 3444 1545 3478 4.
1572 3463 1614 3468 —
1637 3442 1680 3476 12
1699 3442 1739 3474 <1⁴2
1761 3442 1827 3474 Par
1847 3441 1877 3479 6,
1899 3442 1927 3473 1.
1954 3457 1996 3464 -

97 3492 140 3526 17
163 3492 200 3525 02
221 3491 280 3525 Sm
302 3491 333 3532 7,
354 3491 385 3526 5.

1721 3546 1788 3585 10*
