2356 3760
119 141 406 184 iasa-m,a›
476 170 479 171 γ
878 139 1257 174 MACHABAEORUM
1941 144 2011 185 951

220 237 252 260 '2⁵
279 234 457 274 Nicanor
482 236 633 275 autem,
663 236 703 271 et
731 230 799 284 qui
826 245 917 271 cum
944 232 1029 284 ipso
1057 236 1184 280 erant,
1212 245 1304 272 cum
1332 231 1439 272 tubis
1466 238 1506 272 et
1532 233 1697 272 canticis
1725 235 2009 276 admovebant.
2034 235 2200 279 Nic{¹¹¹*'s‘.¹¹¹

117 297 152 320 '2⁶
182 294 305 334 Iudas
335 305 441 335 vero,
473 295 513 330 et
544 288 613 342 qui
642 302 734 329 cum
765 301 809 329 eo
840 296 967 334 erant,
998 289 1189 331 invocato
1218 290 1316 334 Deo,
1348 303 1418 342 per
1447 290 1647 330 orationes
1677 293 1872 343 congressi
1901 299 2013 333 sunt:
2038 272 2197 300 ‘'f“'fflr'm'

118 355 152 378 ‘2⁷
184 365 310 393 manu
344 349 507 403 quidem
539 352 781 401 pugnantes.
816 347 885 387 sed
916 348 1139 388 Dominum
1172 348 1359 389 cordibus
1392 352 1564 392 orantes,
1598 354 1903 401 prostraverunt
1935 364 2013 390 non

117 411 251 452 minus
280 406 633 462 trigintaquinque
660 404 797 448 millia.
828 405 1042 458 1)1··cese11tia
1069 406 1145 445 Dei
1172 405 1383 458 magnifice
1411 405 1612 446 delectati.
1669 408 1702 429 '³⁶
1731 406 1910 459 Cumque
1937 421 2017 448 ces-

118 473 287 515 sassent,
321 472 361 508 et
392 479 485 507 cum
515 463 663 518 gaudio
694 463 883 509 redirent,
917 468 1195 516 cognoverunt
1226 464 1467 504 Nicanorem
1497 464 1621 504 ruisse
1651 478 1742 504 cum
1773 465 1893 504 armis
1924 465 2014 506 suis.

118 530 153 552 2⁹
188 527 315 567 Facto
351 525 492 578 itaque
527 521 713 566 clamore,
751 526 790 562 et
825 520 1134 575 perturbatione
1169 521 1359 564 excitata.
1398 522 1528 573 patria
1566 535 1662 562 voce
1698 522 2017 575 omnipotentem

118 584 343 627 Dominum
373 581 681 624 benedicebant.

222 644 259 668 3⁰
286 639 484 694 Praecepit
512 644 650 679 autem
682 638 816 682 Iudas.
848 638 917 691 qui
945 650 1016 691 per
1044 637 1181 678 onmia
1209 650 1373 689 corpore
1401 642 1440 677 et
1470 637 1603 678 animo
1632 637 1733 678 mori
1760 651 1832 691 pro
1861 638 2015 678 civibus
2031 641 2108 665 0¹1⁸>
2124 647 2205 671 <veut

118 707 287 756 paratus
320 705 418 748 erat,
452 702 577 751 caput
610 697 832 740 Nicanoris
867 701 907 737 et
938 709 1106 736 manum
1139 708 1231 736 cum
1264 695 1429 736 humero
1462 695 1692 739 abscissam,
1728 695 2015 748 lerosolymam
2028 678 2222 736 1‘1'J1‹¹›¹1331¹21¹1{.¹1'„

118 759 296 814 perferri.
358 760 390 783 3¹
425 757 513 806 Quo
548 769 640 796 cum
674 755 935 809 pervenisset.
972 754 1207 795 convocatis
1242 753 1547 797 contribulibus,
1584 760 1624 793 et
1657 753 1931 794 sacerdotibus
1966 754 2016 793 ad
2050 747 2206 775 '‘¹¹‘¹¹‘'¹¹‘¹i“

119 818 260 867 altare,
287 815 472 858 accersiit
496 819 536 855 et
560 828 637 859 eos,
665 813 733 867 qui
756 814 796 854 in
820 826 910 854 arce
934 818 1061 854 erant.
1113 814 1145 837 ³²
1169 812 1224 852 Et
1248 816 1408 853 ostenso
1433 811 1564 864 capite
1590 811 1809 855 Nicanoris,
1835 818 1874 851 et
1897 824 2018 852 manu

119 876 287 924 nefaria,
328 887 451 928 quam
489 873 712 914 extendens
750 877 893 913 contra
930 872 1097 912 domum
1135 876 1320 910 sanctam
1359 868 1650 922 omnipotentis
1687 868 1774 912 Dei,
1813 869 2021 921 magnifice

118 935 315 989 gloriatus
352 938 424 973 est.
489 934 521 956 33
558 931 757 984 Linguam
794 930 918 971 etiam
955 929 1067 983 impii
1105 928 1315 969 Nicanoris
1352 927 1559 981 praecisam
1596 926 1710 967 iussit
1746 926 2021 979 particulatim

120 993 265 1034 avibus
293 991 397 1033 dari:
427 1003 594 1031 inanum
622 994 761 1030 autem
788 988 988 1029 dementis
1016 993 1157 1028 contra
1185 986 1384 1040 ternplum
1411 985 1613 1039 suspendi.
1668 987 1700 1009 3⁴
1727 985 1875 1025 Omnes
1902 984 2024 1037 igitur

121 1051 205 1093 caeli
222 1050 517 1092 benedixerunt
534 1047 771 1092 Dominum,
790 1046 988 1087 dicentes:
1008 1045 1264 1089 Benedictus,
1285 1044 1353 1098 qui
1368 1043 1501 1085 locum
1519 1056 1635 1084 suum
1653 1042 2021 1083 incontaminatum

119 1109 312 1151 servavit.
369 1110 402 1133 ³⁵
431 1106 654 1160 Suspendit
683 1110 821 1146 autem
854 1104 1063 1145 Nicanoris
1093 1109 1217 1156 caput
1247 1103 1287 1143 in
1317 1116 1476 1143 summa
1505 1114 1606 1149 arce,
1638 1106 1682 1142 ut
1713 1101 1876 1142 evidens
1906 1105 2020 1144 esset.

120 1174 162 1209 et
183 1168 448 1208 manifestum
471 1165 631 1219 signum
655 1163 794 1205 auxilii
816 1162 904 1203 Dei.
955 1164 991 1187 33
1016 1162 1161 1214 Itaque
1184 1174 1321 1202 omnes
1345 1160 1550 1201 communi
1573 1159 1735 1200 consilio
1759 1160 2023 1199 decreverunt

119 1226 229 1268 nullo
250 1226 371 1267 modo
393 1224 500 1266 diem
521 1223 645 1264 istum
666 1223 820 1276 absque
841 1220 1076 1261 celebritate
1097 1219 1318 1273 praeterire:
1366 1220 1399 1243 3⁷
1421 1219 1568 1258 habere
1589 1224 1725 1258 autem
1747 1216 2022 1257 celebritatem

120 1284 403 1326 tertiadecima
432 1283 496 1323 die
524 1281 672 1323 mensis
701 1281 824 1327 Adar,
857 1279 966 1333 quod
995 1278 1145 1319 dicitur
1172 1291 1270 1318 voce
1298 1276 1475 1330 Syriaca.
1506 1275 1633 1329 pridie
1661 1274 1904 1316 Mardochaei
1933 1274 2021 1315 diei.

803 1381 1066 1431 Conclusio,
1094 1380 1160 1431 15,
1180 1380 1353 1421 38—40.

223 1459 258 1482 33
284 1456 414 1510 Igitur
436 1455 497 1495 his
522 1466 615 1507 erga
640 1453 881 1493 Nicanorem
905 1450 1039 1504 gestis.
1066 1455 1105 1491 et
1130 1463 1179 1490 ex
1202 1448 1277 1489 illis
1302 1447 1552 1501 temporibus
1577 1446 1628 1487 ab
1652 1445 1832 1486 Hebraeis
1857 1446 2023 1486 civitate
2062 1447 2195 1478 Epilogu-

120 1528 315 1570 possessa‚
345 1527 417 1567 ego
446 1525 608 1567 quoque
635 1510 675 1551 in
703 1510 763 1552 his
790 1510 939 1551 faciam
966 1509 1087 1549 finem
1116 1507 1322 1549 sermonis.
1377 1508 1412 1531 ³⁹
1438 1506 1494 1546 Et
1520 1505 1553 1546 si
1581 1504 1743 1558 quidem
1770 1504 1883 1548 bene.
1912 1508 1953 1544 et
1980 1509 2024 1543 ut
2064 1485 2196 1508 *mmm*

120 1574 299 1615 historiae
330 1571 540 1626 competit.
574 1571 650 1612 hoc
681 1574 721 1610 et
752 1568 837 1622 ipse
869 1567 1010 1609 velim:
1043 1566 1103 1607 sin
1136 1571 1275 1606 autem
1305 1565 1439 1606 minus
1471 1563 1600 1617 digne,
1635 1563 1936 1604 concedendum
1969 1568 2028 1602 est

121 1632 232 1674 mihi.
291 1634 328 1656 ⁴¹⁰
357 1630 471 1672 Sicut
503 1629 609 1670 enim
641 1627 783 1668 vinum
815 1639 973 1679 semper
1004 1626 1150 1669 bibere,
1185 1629 1257 1665 aut
1287 1635 1444 1676 semper
1474 1635 1636 1675 aquam,
1670 1621 1917 1662 contrarium
1948 1625 2026 1660 est:

122 1691 288 1733 alternis
320 1694 460 1731 autem
492 1687 565 1732 uti.
599 1685 857 1728 delectabile:
890 1685 948 1725 ita
980 1683 1207 1737 legentibus
1239 1682 1272 1722 si
1303 1693 1460 1735 semper
1491 1684 1657 1721 exactus
1689 1679 1741 1720 sit
1773 1691 1914 1722 sermo.
1947 1691 2028 1719 non

122 1750 199 1792 erit
224 1753 377 1803 gratus.
408 1747 485 1788 Hic
513 1759 605 1799 ergo
634 1744 708 1786 erit
737 1748 1056 1786 consummatus.

930 2072 1230 2126 FINI&
