2356 3760
116 99 146 131 1.
172 97 290 130 21-2.
316 98 357 128 1&
886 90 1028 124 LlBER
1053 90 1241 124 ESTHER
1924 101 1998 140 447

117 192 195 244 est)
222 189 523 243 provinciarum
550 192 715 228 tuarum
743 186 974 238 divulgetur
1001 185 1225 237 imperium.
1256 193 1295 225 et
1325 190 1480 225 cunctae
1508 198 1650 225 uxores
1678 192 1761 228 tam
1790 193 1996 238 maiorum,

119 262 241 303 quam
275 248 477 288 minorum
511 246 697 287 deferant
729 244 885 284 maritis
920 244 999 284 suis
1034 243 1238 283 honorem.
1301 246 1331 267 '³1
1366 243 1520 296 placuit
1553 244 1760 285 consilium
1794 249 1875 288 eius
1907 252 1998 299 regi.

119 314 159 348 et
186 307 452 361 principibus:
481 304 657 356 fecitque
683 315 754 343 rex
781 303 898 343 iuxta
924 301 1134 343 consilium
1163 301 1418 344 ζ11311111011311.
1476 303 1507 325 ‘²2'
1535 307 1575 342 et
1602 302 1710 342 misit
1739 304 1924 355 epistolas
1952 310 2001 348 ad

119 367 326 407 universas
358 362 585 418 provincias
616 361 726 414 regni
759 361 830 405 sui,
866 368 912 401 ut
945 373 1114 413 quaeque.
1145 373 1240 412 gens
1273 360 1410 400 audire
1442 366 1483 400 et
1513 360 1640 409 legere
1671 366 1843 413 poterat,
1878 364 2003 403 diver-

120 425 171 466 sis
198 424 342 478 linguis
369 428 409 463 et
435 420 591 467 litteris,
622 432 705 460 esse
733 420 839 461 viros
866 419 1064 472 principes
1093 431 1138 458 ac
1165 418 1334 458 maiores
1362 419 1402 458 in
1430 419 1617 460 domibus
1645 419 1742 459 suis:
1772 425 1810 459 et
1839 420 1912 460 1100
1940 435 2006 473 per

120 488 285 524 cunctos
314 480 484 534 populos
514 478 724 531 divulgari.

630 582 669 621 2.
699 580 860 620 Esther
889 580 1072 631 eligitur
1101 580 1277 631 regina,
1305 581 1343 630 2,
1362 580 1505 619 1-18.

223 657 260 699 2.
316 658 329 680 1
353 656 426 696 His
448 656 507 696 ita
527 653 660 708 gestis,
685 658 904 706 postquam
925 652 1026 701 101113
1049 652 1210 693 Assueri
1232 651 1455 704 indignatio
1479 652 1744 697 deferbuerat,
1769 653 2002 694 recordatus
2027 652 2076 676 ΡΗ)
2099 653 2189 678 Xer-‘⁸

2047 688 2169 715 virium-s

119 722 180 756 est
209 715 364 757 Vasthi.
397 720 438 755 et
468 726 557 767 quae
586 712 755 755 10013301,
788 711 851 751 vel
883 724 971 764 quze
1001 724 1120 764 passa
1149 716 1269 751 esset:
1328 712 1342 733 2
1373 710 1642 763 dixeruntque
1672 711 1784 763 pueri
1812 712 1924 764 regis,
1958 725 2002 752 ac
2015 722 2208 748 adducuntuz.

120 774 293 815 ministri
326 774 427 813 eius:
462 772 706 821 Quaerantur
737 771 818 824 regi
851 770 993 823 puellae
1026 770 1197 822 virgines
1232 782 1277 810 ac
1310 768 1508 821 3110010310,
1570 772 1585 792 ³
1618 774 1658 808 et
1690 769 1909 810 mittantur
1943 771 2010 823 qui

120 833 372 874 considerent
406 844 476 885 per
508 831 715 871 universas
749 829 976 882 provincias
1012 828 1163 881 puellas
1198 828 1396 881 speciosas
1430 834 1471 867 et
1504 827 1693 875 virg-ines:
1731 834 1771 868 et
1804 829 2011 869 adducant

120 905 186 932 eas
225 892 276 932 ad
314 891 523 931 civitatem
553 890 694 933 Susan,
736 894 776 929 et
814 888 979 928 tradant
1018 901 1083 927 033
1122 888 1161 927 111
1192 888 1357 927 (1011111111
1388 886 1629 926 feminarum
1658 886 1732 926 sub
1762 900 1885 926 manu
1917 887 2012 935 Egoi

121 950 303 997 eunuchi,
337 950 405 1003 qui
434 954 495 989 031.
523 948 762 1002 praepositus
792 952 833 987 et
861 952 995 987 0113103
1025 946 1238 986 mulierum
1268 945 1485 998 regiarum:
1517 949 1558 984 et.
1587 944 1788 997 accipiant
1816 946 2012 985 mundum

119 1009 368 1053 muliebrem,
410 1014 451 1048 et
486 1012 619 1048 cetera
656 1007 707 1046 ad
745 1019 839 1046 usus
873 1005 1106 1046 necessaria.
1162 1007 1177 1029 4
1207 1005 1262 1045 Et
1291 1016 1554 1057 quaecumque
1589 1004 1694 1044 111101·
1724 1017 1861 1044 01111103
1891 1004 2013 1044 oculis

120 1068 220 1121 regis
250 1067 456 1121 placuerit,
494 1066 582 1119 ipsa
610 1071 747 1118 regnet
779 1078 850 1117 pro
884 1065 1036 1105 Vasthi.
1070 1064 1228 1104 Placuit
1259 1076 1386 1103 sermo
1418 1063 1516 1115 regi:
1557 1067 1598 1102 et
1628 1062 1695 1106 113,
1738 1068 1783 1103 111
1814 1076 2013 1116 suggesse-

121 1132 223 1168 rant.
258 1127 372 1167 iussit
402 1126 496 1166 fieri.

224 1188 239 1210 ⁵
271 1185 373 1225 Erat
404 1185 465 1224 vir
496 1184 655 1224 Iudaeus
687 1183 727 1223 in
757 1183 885 1223 Susan
919 1183 1096 1224 civitate.
1128 1182 1325 1222 vocabulo
1356 1179 1632 1220 Mardochfeus
1665 1179 1768 1220 filius
1803 1180 1892 1224 1311,
1943 1180 2010 1219 11111

121 1244 262 1291 Semei,
285 1244 355 1284 filii
375 1243 450 1292 Cis,
475 1244 523 1283 de
544 1243 668 1296 stirpe
691 1242 843 1285 lemini.
895 1244 910 1265 ⁴¹
933 1241 1023 1294 aqui
1043 1240 1265 1281 translatus
1285 1241 1419 1280 fuerat
1439 1239 1488 1278 de
1512 1238 1728 1278 Ierusalem
1749 1251 1793 1278 eo
1815 1244 2005 1291 tempore.

121 1317 200 1357 quo
235 1302 465 1343 lechoniam
498 1314 629 1349 regem
664 1301 767 1341 Iuda
800 1300 1174 1340 Nabuchodonosor
1203 1311 1273 1337 rex
1306 1297 1526 1350 Babylonis
1558 1296 1834 1342 transtulerat,
1898 1299 1911 1320 ⁷
1945 1298 2012 1349 qui

120 1363 197 1402 11111
230 1361 423 1402 nutritius
456 1360 546 1401 filiae
578 1360 713 1399 fratris
746 1359 806 1398 sui
839 1359 1003 1400 Edissae.
1040 1370 1129 1410 quae
1161 1357 1287 1397 altero
1321 1355 1482 1396 nomine
1516 1356 1742 1395 vocabatur
1774 1355 1937 1396 Esther:
1973 1361 2013 1395 et

121 1428 339 1472 utrumque
370 1424 581 1472 parentem
614 1418 822 1457 amiserat:
856 1417 1022 1470 pulchra
1056 1416 1185 1459 nimis,
1221 1421 1261 1455 et
1293 1415 1438 1455 decora
1468 1414 1581 1454 facie.
1616 1414 1867 1467 Mortuisque
1898 1420 2014 1467 patre

119 1480 202 1519 eius
225 1491 271 1518 ac
293 1483 435 1523 1113110,
460 1476 738 1517 Mardochaeus
760 1475 835 1516 sibi
858 1489 946 1515 eam
971 1475 1187 1527 adoptavit
1209 1474 1249 1514 in
1272 1474 1407 1514 filiam.
1461 1476 1476 1495 θ’
1499 1473 1680 1526 Cumque
1702 1473 2013 1526 percrebruisset

121 1537 220 1590 regis
250 1537 476 1590 imperium,
510 1542 551 1576 et.
581 1536 698 1575 iuxta
727 1535 970 1575 mandatum
1002 1533 1105 1574 illius
1136 1533 1276 1573 multae
1306 1532 1483 1585 pulchrae
1514 1532 1685 1581 virgines
1717 1532 2015 1572 adducerentur

119 1598 261 1639 Susan.
285 1601 325 1636 et
345 1596 453 1648 Egeo
473 1595 732 1635 traderentur
751 1593 968 1641 Eunucho;
991 1593 1138 1633 Esther
1158 1605 1318 1645 quoque
1338 1592 1443 1631 inter
1462 1597 1613 1631 ceteras
1632 1590 1785 1643 puellas
1806 1591 1839 1631 ei
1860 1591 2013 1631 tradita

119 1664 191 1703 est,
223 1662 269 1695 ut
297 1660 527 1695 servaretur
554 1654 594 1693 in
624 1666 790 1693 numero
821 1653 1075 1692 feminarum.

226 1716 241 1738 9
265 1714 363 1762 Quae
385 1713 539 1767 placuit
562 1712 608 1756 ei.
634 1717 675 1753 et
698 1711 854 1752 invenit
876 1711 1050 1764 gratiam
1074 1711 1114 1750 in
1139 1715 1356 1763 conspectu
1381 1709 1496 1749 illius.
1524 1709 1579 1748 Et
1600 1708 1792 1761 praecepit
1814 1708 2008 1753 eunucho,

119 1782 164 1813 ut
195 1772 435 1813 acceleraret
462 1772 660 1812 mundum
690 1771 939 1819 muliebrem,
970 1775 1011 1810 et
1038 1770 1218 1810 traderet
1246 1769 1280 1809 ei
1308 1774 1444 1822 partes
1473 1781 1576 1813 suas,
1608 1772 1649 1807 et
1676 1772 1831 1820 septem
1859 1766 2011 1820 puellas

119 1831 431 1885 speciosissimas
456 1831 505 1871 de
530 1831 650 1871 domo
675 1830 788 1883 regis,
817 1836 857 1870 et
877 1826 967 1869 ‘tam
993 1829 1134 1882 ipsam.
1163 1841 1285 1881 quam
1310 1827 1569 1880 pedissequas
1595 1826 1677 1866 eius
1703 1831 1865 1867 ornaret
1890 1831 2014 1878 atque

119 1890 329 1932 excoleret.
382 1893 417 1914 ¹⁰
439 1890 537 1938 Quae
559 1889 689 1930 noluit
711 1889 887 1929 indicare
910 1888 943 1928 ei
968 1887 1161 1940 populum
1186 1892 1226 1927 et
1248 1886 1424 1939 patriam
1447 1898 1581 1925 suam:
1606 1884 1883 1925 Mardochaeus
1907 1885 2012 1925 enim

120 1955 365 2003 praeceperat
391 1949 437 1993 01,
467 1953 514 1988 111
540 1948 589 1988 de
616 1948 691 1988 hac
717 1960 758 1988 re
785 1947 948 1988 omnino
976 1946 1179 1986 reticeret:
1235 1947 1266 1970 11
1295 1945 1362 1998 qui
1390 1944 1683 1985 deambulabat
1711 1943 1892 1997 quotidie
1920 1950 2014 1983 ante

122 2008 367 2049 vestibulum
387 2008 542 2052 domus,
568 2007 608 2047 in
632 2019 713 2059 qua
736 2006 871 2046 electae
892 2006 1064 2058 virgines
1089 2005 1369 2047 servabantur,
1392 2016 1530 2043 curam
1551 2015 1671 2056 agens
1691 2002 1833 2043 salutis
1852 2002 2012 2047 Esther,

118 2073 160 2107 et
186 2066 284 2107 scire
310 2066 449 2107 volens
477 2066 573 2119 quid
601 2066 634 2105 ei
662 2065 872 2105 accideret.
930 2067 960 2088 ¹²
987 2064 1087 2104 Cum
1116 2068 1251 2104 autem
1280 2063 1457 2103 venisset
1483 2066 1644 2114 tempus
1672 2061 1920 2114 singularum
1948 2074 2017 2113 per

119 2126 301 2167 ordinem
322 2125 559 2178 puellarum,
582 2129 629 2164 ut
648 2124 850 2164 intrarent
870 2124 920 2163 ad
942 2136 1086 2176 regem,
1109 2122 1279 2175 expletis
1300 2121 1499 2167 omnibus,
1523 2134 1612 2173 quae
1632 2121 1683 2161 ad
1703 2120 1860 2161 cultum
1879 2119 2017 2160 mulie-

120 2186 231 2225 brem
256 2184 529 2237 pertinebant.
557 2183 705 2223 mensis
731 2182 994 2223 duodecimus
1019 2182 1275 2222 vertebatur:
1302 2181 1362 2221 ita
1386 2180 1618 2223 dumtaxat.
1646 2184 1693 2220 ut
1718 2192 1787 2219 sex
1812 2178 2016 2219 mensibus

118 2244 204 2284 oleo
221 2248 468 2297 ungerentur
482 2242 704 2296 myrrhino,
723 2248 764 2282 et
781 2241 866 2282 aliis
883 2254 953 2281 sex
970 2241 1215 2294 quibusdam
1231 2239 1449 2293 pigmentis
1466 2244 1508 2279 et
1524 2238 1776 2279 aromatibus
1793 2242 2014 2278 uterentur.

119 2305 150 2327 ¹³
174 2302 531 2356 Ingredientesque
554 2302 606 2342 ad
628 2314 773 2354 regem,
800 2300 998 2353 quidquid
1020 2299 1298 2353 postulassent
1320 2298 1372 2338 ad
1395 2302 1585 2339 ornatum
1607 2297 1825 2350 pertinens,
1852 2296 2017 2349 accipie-

118 2361 237 2401 bant:
270 2365 310 2400 et
339 2365 387 2400 ut
416 2359 470 2400 eis
500 2358 720 2412 placuerat,
754 2357 988 2411 compositae
1019 2358 1067 2398 de
1096 2356 1269 2397 triclinio
1300 2355 1543 2396 feminarum
1574 2355 1626 2395 ad
1654 2354 1756 2407 regis
1786 2353 2016 2394 cubiculum

118 2419 361 2460 transibant.
407 2420 438 2442 1⁴
454 2418 510 2458 Et
524 2431 616 2472 quae
630 2417 857 2458 intraverat
873 2430 1049 2470 vespere,
1068 2416 1351 2469 egrediebatur
1366 2427 1496 2461 mane,
1516 2419 1641 2467 atque
1656 2413 1750 2454 inde
1765 2412 1806 2453 in
1822 2413 2017 2453 secundas

117 2478 222 2519 aedes
254 2478 543 2525 deducebatur,
579 2490 669 2530 quae
699 2477 774 2517 sub
806 2489 929 2517 manu
962 2475 1153 2525 Susagazi
1185 2474 1359 2515 eunuchi
1391 2478 1517 2519 erant,
1553 2473 1621 2526 qui
1652 2471 1885 2513 concubinis
1917 2470 2017 2523 regis

118 2537 380 2590 praesidebat:
409 2549 483 2577 nec
510 2536 691 2576 habebat
718 2540 967 2589 potestatem
997 2535 1048 2575 ad
1076 2547 1209 2587 regem
1238 2533 1347 2574 ultra
1372 2531 1579 2575 redeundi,
1610 2531 1685 2571 nisi
1714 2530 1907 2572 voluisset
1934 2542 2014 2574 rex,

118 2600 160 2636 et
189 2609 279 2636 eam
310 2595 446 2636 venire
476 2594 657 2635 iussisset
687 2607 736 2635 ex
767 2594 941 2635 nomine.

223 2657 254 2679 1⁵
276 2654 454 2695 Evoluto
478 2660 617 2694 autem
638 2658 821 2707 tempore
844 2666 914 2706 per
935 2653 1128 2698 ordinem,
1153 2652 1338 2692 instabat
1359 2650 1454 2693 dies,
1480 2663 1559 2703 quo
1582 2649 1730 2690 Esther
1752 2648 1833 2688 filia
1854 2646 2015 2687 Abihail

118 2713 253 2754 fratris
286 2713 542 2761 Mardochaei,
580 2725 702 2766 quam
737 2712 812 2753 sibi
847 2713 1119 2765 adoptaverat
1152 2711 1193 2751 in
1227 2710 1363 2757 filiam,
1400 2710 1565 2750 deberet
1599 2707 1748 2748 intrare
1783 2706 1835 2746 ad
1866 2718 2012 2758 regem.

118 2773 216 2821 Quae
250 2786 331 2814 non
368 2772 556 2825 quaesivit
589 2770 828 2812 muliebrem
864 2771 1031 2815 cultum,
1069 2771 1139 2811 sed
1176 2782 1441 2824 quaecumque
1476 2767 1607 2808 voluit
1641 2766 1773 2818 Egens
1809 2764 2017 2805 eunuchus

117 2836 252 2872 custos
275 2831 490 2884 virginum,
515 2831 600 2871 haec
624 2831 658 2871 ei
682 2830 734 2871 ad
757 2836 947 2871 ornatum
972 2829 1096 2870 dedit.
1122 2829 1224 2869 Erat
1247 2828 1353 2869 enim
1376 2828 1554 2868 formosa
1576 2824 1705 2869 valde,
1731 2829 1772 2864 et
1794 2822 2017 2864 incredibili

117 2890 430 2943 pulchritudine,
458 2890 641 2930 omnium
665 2888 789 2930 oeulis
814 2888 994 2943 gratiosa
1017 2894 1058 2929 et
1082 2887 1268 2928 amabilis
1293 2887 1521 2928 videbatur.
1576 2886 1610 2907 ¹⁶
1633 2884 1771 2923 Ducta
1794 2887 1855 2923 est
1878 2881 2018 2934 itaque

117 2949 169 2990 ad
191 2948 422 2990 cubiculum
444 2949 545 3002 regis
568 2948 731 2989 Assueri
752 2961 889 2988 mense
912 2947 1080 2993 decimo,
1106 2947 1175 3000 qui
1196 2951 1369 2988 vocatur
1391 2943 1557 2987 Tebeth,
1583 2941 1755 2995 septimo
1780 2954 1885 2981 anno
1908 2940 2019 2993 regni

117 3007 211 3049 eius.
268 3009 301 3032 1⁷
329 3008 385 3048 Et
411 3007 623 3048 adamavit
650 3020 739 3047 eam
766 3019 836 3047 rex
863 3006 953 3060 plus
981 3019 1104 3060 quam
1132 3019 1271 3047 omnes
1298 3003 1494 3049 mulieres,
1524 3000 1751 3054 habuitque
1776 2999 1950 3053 gratiam
1978 3004 2020 3039 et

116 3067 430 3108 misericordiam
459 3079 595 3107 coram
622 3079 667 3107 eo
695 3078 816 3119 super
842 3078 981 3106 omnes
1007 3064 1205 3108 mulieres.
1236 3069 1277 3104 et
1301 3062 1439 3117 posuit
1466 3061 1655 3102 diadema
1679 3058 1791 3112 regni
1817 3058 1858 3098 in
1885 3057 2018 3110 capite

116 3125 211 3171 eius,
239 3126 418 3180 fecitque
444 3138 533 3165 eam
558 3137 726 3178 regnare
751 3124 792 3165 in
817 3124 904 3166 loco
931 3123 1088 3165 Vasthi.
1145 3126 1179 3148 ¹8
1206 3124 1262 3164 Et
1287 3121 1403 3162 iussit
1428 3119 1663 3161 convivium
1688 3116 1907 3171 praeparari
1931 3129 2018 3168 per-

116 3184 374 3238 magnificum
400 3183 556 3225 cunctis
581 3183 843 3237 principibus,
871 3188 913 3223 et
936 3183 1061 3223 servis
1087 3182 1167 3223 suis
1192 3195 1264 3235 pro
1290 3178 1585 3222 coniunctione,
1613 3182 1654 3218 et
1679 3175 1832 3229 nuptiis
1857 3174 2015 3215 Esther.

116 3242 171 3283 Et
198 3243 311 3284 dedit
338 3243 517 3297 requiem
547 3242 744 3283 universis
772 3241 1002 3296 provinciis.
1034 3255 1081 3282 30
1109 3242 1217 3282 dona
1243 3239 1413 3288 largitus
1442 3242 1503 3278 est
1530 3236 1648 3277 iuxta
1674 3233 2016 3288 magnificentiam

114 3301 389 3355 principalem.

244 3427 275 3468 2,
299 3428 319 3460 6
345 3428 383 3460 ³2
409 3428 461 3472 Rg
485 3429 539 3469 24,
564 3428 621 3468 153
649 3427 704 3461 Inf
728 3429 780 3467 11,
806 3427 835 3461 4.

2032 1181 2134 1204 Edissa
2153 1187 2200 1205 seu

2068 1216 2113 1239 Est
2120 1215 2168 1239 11011

2057 1258 2171 1281 quoquc

2049 1712 2099 1737 pro
2120 1713 2182 1737 rege

2057 1743 2175 1771 parat-ur

2077 2648 2164 2686 atque

2072 2689 2169 2713 regina

2057 2718 2182 2749 eligitur.
