2356 3760
140 295 168 318 et
191 300 255 317 curn

117 328 278 359 Spartiatis,

135 1555 255 1579 quorum

104 1592 151 1608 lex
168 1584 250 1608 Arius
266 1584 287 1608 Ι.

134 1620 212 1644 ‘mia‘
235 1618 257 1643 I.

132 1655 244 1685 pontlfit
247 1655 259 1678 1

114 1691 275 1721 ,ζῶ-11180131,

127 2041 264 2066 Ionathas

127 2083 265 2106 principes

128 2112 265 2137 heim-trii

306 202 383 242 9⁴24
1161 199 1307 233 LIBER
1334 200 1361 234 I.
1958 202 2009 242 12,
2035 202 2156 242 5—12,
2182 203 2224 237 38

410 296 425 317 5
442 293 499 334 Et
515 293 591 335 hoc
608 298 669 334 est
687 292 919 346 exemplum
938 292 1215 345 epistolarum.
1237 306 1338 347 quas
1355 292 1517 347 scripsit
1536 293 1733 334 Ionathas
1750 294 1988 347 Spartiatis:
2037 298 2052 320 ⁶
2071 296 2224 337 IONA-

305 352 446 393 THAS
482 366 665 393 summus
701 352 898 396 sacerdos,
937 356 978 391 et
1012 351 1186 392 seniores
1221 352 1366 405 gentis.
1403 357 1445 392 et
1479 352 1722 401 sacerdotes,
1760 357 1801 393 et
1835 352 2013 407 reliquus
2047 355 2224 408 populus

304 411 535 452 Iudaeorum
569 410 788 464 Spartiatis
822 409 1018 450 fratribus
1053 410 1240 452 salutem.
1306 412 1320 434 ⁷
1358 410 1606 463 Iampridem
1640 410 1773 452 missae
1807 417 1924 452 erant
1957 413 2139 466 epistolae
2173 414 2224 454 ad

303 469 450 510 Oniam
474 482 678 510 summum
703 468 955 510 sacerdotem
980 468 1031 508 310
1053 468 1162 513 Ario.
1188 469 1255 523 qui
1280 469 1479 523 regnabat
1501 470 1610 522 apud
1634 482 1717 515 vos,
1744 469 1937 523 quoniam
1961 471 2056 512 estis
2077 472 2224 513 fratres

304 528 443 570 nostri.
470 529 572 568 sit-ut
598 527 840 580 rescriptum
865 526 1061 573 continet,
1089 528 1199 581 quod
1224 527 1453 569 subiectum
1479 532 1551 569 est.
1606 529 1621 551 ⁸
1645 528 1701 568 Et
1725 529 1904 582 suscepit
1927 529 2052 570 Onias
2076 531 2222 576 virum,

304 587 373 641 qui
404 588 549 627 missus
579 586 725 628 fuerat.
759 598 851 627 cum
883 585 1053 627 honore:
1087 591 1128 627 et
1159 587 1317 640 accepit
1347 585 1552 640 epistolas,
1585 587 1625 627 in
1658 586 1805 640 quibus
1837 587 2146 640 significabatur
2176 589 2225 630 de

303 646 510 689 societate.
548 650 589 685 et
624 644 815 685 amicitia.
883 646 898 667 ⁹
934 645 1029 688 Nos.
1068 658 1160 686 cum
1196 645 1306 686 nullo
1342 645 1487 686 horum
1522 645 1807 699 indigeremus,
1845 646 2043 688 habentes
2079 647 2225 689 solatio

303 710 465 745 sanctos
490 703 625 746 libros.
654 703 722 757 qui
747 710 844 744 sunt
868 703 908 743 in
933 703 1123 744 manibus
1148 704 1309 746 nostris.
1364 706 1399 727 ¹⁰
1423 703 1642 745 maluimus
1666 704 1830 745 mittere
1856 706 1907 745 ad
1932 718 2004 747 vos
2028 718 2226 747 renovare

302 763 619 805 fraternitatem.
644 767 682 802 et
706 762 942 809 amicitiam,
966 775 1016 802 110
1037 762 1142 803 forte
1165 762 1284 803 alieni
1306 762 1532 803 efficiamur
1553 775 1577 802 a
1598 763 1732 803 vobis:
1756 763 1889 804 multa
1909 763 2017 804 enim
2038 770 2227 818 tempora

303 821 566 865 transierunt,
590 834 638 861 ex
661 834 740 875 quo
761 820 927 862 misistis
949 822 1000 861 ad
1021 834 1105 862 nos.
1156 824 1184 845 ¹¹
1210 822 1291 862 Nos
1312 834 1404 875 ergo
1425 821 1466 862 in
1488 821 1598 862 omni
1618 826 1802 875 tempore
1822 822 1907 863 sine
1927 822 2226 865 intermissione

301 880 340 920 111
362 879 504 921 diebus
524 879 799 924 sollemnibus,
821 885 861 920 et
881 880 1035 921 ceteris.
1059 880 1207 933 quibus
1227 885 1402 934 oportet.
1424 893 1623 921 memores
1642 893 1782 922 sumus
1801 880 1927 922 vestri
1945 881 1986 921 in
2006 881 2222 930 sacrificiis,

303 952 393 992 qua}
424 938 642 981 offerimus.
676 944 716 979 et
747 939 787 979 in
819 938 1188 983 observationibus.
1221 939 1327 980 sicut
1356 939 1417 979 fas
1449 943 1522 987 est⁷
1555 943 1597 979 et
1626 939 1743 979 decet
1772 939 2004 980 meminisse
2034 940 2222 982 fratrum.

303 1000 333 1022 ¹²
363 998 570 1039 Lfetamur
597 998 738 1051 itaque
766 998 815 1038 de
842 997 969 1051 gloria
997 1002 1145 1039 vestra.
1204 1000 1235 1022 ¹3
1263 998 1346 1039 Nos
1375 1003 1514 1039 autem
1543 997 1900 1039 circumdederunt
1928 999 2069 1039 multae
2096 999 2226 1040 tribu-

302 1056 486 1099 lationes.
515 1062 555 1097 et
578 1056 711 1097 multa
734 1055 883 1109 praelia,
911 1062 950 1097 et
975 1056 1325 1110 impugnaverunt
1348 1070 1421 1098 nos
1445 1069 1568 1109 reges.
1597 1056 1666 1110 qui
1690 1062 1786 1097 sunt
1809 1057 1849 1097 in
1875 1057 2046 1098 circuitu
2070 1063 2223 1099 nostro.

303 1117 333 1140 ¹⁴
364 1115 577 1156 Noluimus
607 1128 699 1167 ergo
729 1115 844 1155 vobis
873 1115 1035 1156 molesti
1064 1128 1159 1160 esse
1190 1129 1323 1170 neque
1350 1116 1493 1156 ceteris
1522 1115 1650 1158 sociis
1682 1120 1722 1156 et
1751 1116 1889 1156 amicis
1917 1116 2066 1158 nostris
2095 1117 2136 1158 in
2164 1117 2225 1157 his

243 1226 246 1229 ¹
304 1173 458 1228 prfeliis
518 1176 549 1198 ¹5
578 1174 796 1214 habuimus
826 1173 933 1214 enim
963 1174 1012 1214 de
1041 1174 1136 1215 (1010
1166 1174 1377 1219 auxilium.
1408 1179 1450 1215 et
1476 1174 1639 1215 liberati
1667 1187 1806 1215 sumus
1836 1188 1919 1216 nos
1952 1180 1992 1216 et
2020 1175 2226 1217 humiliati

155 2148 234 2179 fugat

113 2705 138 2725 vt
168 2704 187 2726 Α
194 2703 276 2726 rabas

142 2739 262 2767 »mu-utin

148 2900 244 2923 *iinon

145 2936 249 2964 ioppen

130 2974 260 2999 ιιντῚΗκίῒ.

147 3163 212 3179 lirun

131 3085 263 3108 lunatum

302 1239 397 1274 sunt
421 1232 573 1273 inimici
596 1233 736 1273 nostri.
790 1234 824 1257 ¹⁶
846 1232 1054 1285 Elegimus
1077 1233 1219 1287 itaque
1244 1233 1493 1274 Numenium
1515 1233 1709 1274 Antiochi
1732 1233 1872 1283 filium
1898 1240 1938 1274 et
1961 1234 2225 1288 Antipatrem

305 1291 458 1332 Iasonis
483 1291 623 1333 filium.
652 1297 692 1332 et
716 1291 900 1332 misimus
926 1292 978 1332 ad
1004 1292 1213 1333 Romanos
1237 1305 1435 1333 renovare
1459 1305 1551 1333 cum
1577 1291 1632 1333 eis
1657 1292 1893 1337 amicitiam.
1921 1298 1962 1333 et
1985 1293 2225 1334 societatem

302 1350 529 1404 pristinam.
589 1353 622 1374 ¹⁷
651 1350 941 1391 Mandavimus
970 1350 1111 1404 itaque
1141 1351 1195 1392 eis
1225 1356 1272 1392 ut
1301 1351 1469 1392 veniant
1499 1351 1625 1391 etiam
1654 1351 1706 1391 ad
1736 1364 1820 1394 vos.
1852 1357 1893 1392 et
1921 1351 2104 1393 salutent
2132 1365 2223 1393 vos:

301 1415 341 1450 et
364 1410 539 1450 reddant
565 1409 680 1451 vobis
704 1409 896 1463 epistolas
920 1415 1081 1451 nostras
1106 1410 1155 1451 de
1178 1410 1446 1451 innovatione
1469 1410 1742 1451 fraternitatis
1766 1416 1927 1451 nostrae.
1981 1412 2015 1434 ¹⁸
2038 1410 2095 1452 Et
2117 1424 2225 1451 nunc

302 1468 564 1514 benefacietis
594 1469 886 1522 respondentes
917 1469 1034 1509 nobis
1065 1469 1118 1510 ad
1146 1469 1243 1510 haee.

411 1546 443 1568 ¹⁹
478 1544 532 1584 Et
566 1544 642 1585 hoc
677 1550 736 1585 est
771 1544 1013 1597 rescriptum
1048 1544 1326 1597 epistolarum.
1364 1545 1474 1598 quod
1508 1544 1676 1585 miserat
1709 1545 1841 1586 Oniae:
1904 1546 1940 1569 ²⁰
1972 1545 2104 1589 Arius.
2140 1558 2211 1586 rex

303 1603 607 1656 Spartiatarum
641 1603 754 1644 Oniae
787 1602 989 1644 sacerdoti
1020 1616 1169 1656 magno
1203 1603 1389 1644 salutem.
1451 1605 1483 1627 ‘²¹
1518 1603 1741 1644 Inventum
1775 1609 1835 1644 est
1867 1603 1908 1644 in
1941 1603 2144 1657 scriptura
2176 1605 2225 1645 de

302 1662 533 1737 Spartiatis
570 1667 611 1702 et
646 1661 804 1707 Indaeis,
841 1661 1036 1715 quoniam
1069 1667 1167 1702 sunt
1199 1662 1357 1708 fratres,
1393 1667 1435 1702 et
1468 1662 1579 1715 quod
1611 1667 1708 1703 sunt
1741 1663 1790 1703 de
1822 1675 1967 1716 genere
1998 1663 2222 1704 Abraham

320 1721 418 1761 2Εΐ
446 1734 553 1761 1111110
583 1733 632 1761 ex
663 1734 742 1774 quo
772 1720 856 1761 haec
885 1720 1163 1771 cognovimus
1196 1720 1435 1761 benefacitis
1464 1720 1686 1762 scribentes
1715 1721 1832 1763 nobis
1861 1722 1911 1762 de
1939 1734 2039 1775 pace
2067 1726 2223 1763 vestra:

297 1781 329 1804 ²³
349 1780 428 1821 Sed
449 1785 491 1820 et
510 1793 582 1821 nos
604 1779 882 1833 rescripsimus
904 1772 1039 1821 vobis:
1062 1779 1217 1821 Ρο0013
1237 1785 1379 1821 nostra
1400 1785 1441 1820 et
1460 1779 1733 1845 possessiones
1754 1785 1915 1828 nostrae
1940 1785 2087 1821 vestrae
2107 1785 2222 1821 sunt:

298 1844 338 1879 et
367 1838 1043 1882 1708113),11081130.111311(13ν1111118
1072 1838 1212 1893 itaque
1240 1839 1325 1880 haec
1353 1838 1538 1880 nunciari
1567 1839 1694 1880 vobis

766 1961 803 2000 4.
835 1959 1059 2012 Populum
1091 1971 1227 2000 suum
1259 1960 1480 2011 protegit,
1509 1960 1576 2010 12,
1596 1960 1771 2001 24-38,

407 2038 438 2060 '2⁴
463 2036 517 2076 Et
541 2036 700 2077 audivit
727 2036 923 2077 Ionathas
948 2036 1142 2090 quoniam
1166 2035 1334 2090 regressi
1357 2041 1454 2077 sunt
1476 2035 1678 2089 principes
1702 2035 1901 2076 Demetrii
1925 2050 2018 2077 cum
2042 2037 2223 2078 exercitu

303 2095 433 2136 multo
453 2108 575 2148 supra
595 2108 719 2149 quam
738 2095 861 2148 prius,
882 2108 1064 2149 pugnare
1083 2095 1279 2136 adversus
1298 2108 1403 2136 eum.
1436 2097 1467 2119 ²5
1487 2100 1527 2135 et
1545 2094 1645 2135 exiit
1664 2095 1714 2136 ab
1737 2094 1968 2144 Ierusalem,
1990 2100 2031 2136 et
2049 2096 2225 2137 occurrit

303 2154 357 2195 eis
382 2154 422 2194 in
448 2154 661 2195 Amathite
686 2154 865 2207 regione:
893 2167 974 2195 non
999 2154 1106 2194 enim
1132 2154 1303 2195 dederat
1327 2154 1381 2194 eis
1407 2154 1587 2207 spatium
1613 2158 1661 2194 ut
1684 2153 1994 2207 ingrederentur
2017 2154 2223 2208 regionem

301 2213 396 2253 eius.
457 2214 491 2236 '2⁶
522 2213 578 2254 Et
608 2213 719 2253 misit
750 2212 1024 2266 speculatores
1056 2213 1095 2253 in
1128 2217 1263 2253 castra
1293 2225 1451 2253 eorum:
1485 2218 1526 2253 et
1556 2212 1705 2253 reversi
1735 2213 2083 2254 renunciaverunt
2114 2214 2224 2267 quod

301 2272 561 2312 constituunt
582 2272 842 2325 supervenire
862 2271 939 2312 illis
960 2277 1092 2312 nocte.
1142 2273 1176 2295 '2⁷
1199 2271 1299 2312 Cum
1322 2271 1536 2312 occidisset
1556 2277 1695 2312 autem
1717 2271 1787 2314 sol.
1810 2272 2005 2325 praecepit
2027 2272 2224 2313 Ionathas

300 2331 380 2371 suis
412 2330 588 2384 vigilare.
621 2337 661 2371 et
690 2344 774 2371 esse
803 2330 844 2371 in
873 2330 995 2371 armis
1024 2335 1191 2384 paratos
1221 2331 1274 2371 ad
1302 2343 1483 2384 pugnam
1513 2335 1605 2371 tota
1632 2335 1763 2374 nocte.
1796 2335 1837 2370 et
1866 2331 2005 2383 posuit
2033 2332 2223 2373 custodes

300 2402 370 2443 per
400 2389 614 2430 circuitum
645 2395 884 2430 castrorum.
943 2391 978 2413 '2²³
1007 2389 1063 2430 Et
1092 2389 1312 2430 audierunt
1342 2389 1563 2429 adversarii
1595 2389 1705 2442 quod
1734 2394 1903 2442 paratus
1933 2394 1993 2430 est
2025 2389 2223 2431 Ionathas

300 2462 393 2489 cum
423 2448 503 2489 suis
534 2448 574 2489 in
605 2448 728 2489 bello:
760 2454 801 2489 et
830 2448 1070 2493 timuerunt,
1104 2454 1145 2489 et
1173 2447 1503 2489 formidaverunt
1532 2447 1573 2488 in
1604 2448 1723 2489 corde
1753 2461 1844 2489 suo:
1876 2453 1918 2489 et
1947 2449 2223 2489 accenderunt

299 2510 410 2548 10008
440 2507 479 2548 111
509 2507 650 2548 castris
679 2507 773 2549 suis.
830 2508 865 2531 ‘³⁹
896 2507 1092 2548 Ionathas
1122 2511 1273 2551 autem.
1305 2512 1346 2547 et
1375 2507 1444 2561 qui
1473 2520 1565 2548 cum
1595 2519 1640 2547 eo
1669 2512 1798 2550 erant.
1829 2520 1912 2548 non
1941 2512 2224 2561 cognoverunt

301 2579 429 2620 usque
454 2580 592 2606 mane:
622 2566 821 2607 videbant
846 2572 985 2607 autem
1012 2565 1230 2607 luminaria
1256 2565 1454 2612 ardentia.
1509 2568 1546 2590 ²³⁰
1571 2570 1612 2606 et
1638 2570 1800 2606 secutus
1827 2570 1889 2606 est
1915 2579 1982 2607 008
2010 2565 2220 2615 Ionathas,

301 2631 341 2665 et
371 2639 452 2666 non
484 2625 794 2678 comprehendit
825 2638 909 2665 eos:
943 2624 1192 2666 transierant
1222 2624 1329 2665 enim
1360 2624 1511 2665 fiumen
1543 2624 1824 2665 Eleutherum.

406 2703 436 2724 ²³¹
470 2701 525 2741 Et
555 2700 724 2741 divertit
757 2700 952 2741 Ionathas
985 2701 1036 2742 ad
1066 2701 1236 2745 Arabas.
1271 2700 1340 2754 qui
1371 2706 1574 2741 vocantur
1604 2699 1806 2745 Zabadaei.
1840 2705 1881 2741 et
1910 2700 2111 2754 percussit
2140 2714 2220 2751 eos,

302 2765 341 2800 et
362 2759 518 2813 accepit
539 2759 668 2812 spolia
687 2772 838 2801 eorum.
886 2762 918 2783 ²³2
939 2760 994 2800 Et
1013 2759 1159 2807 iunxit.
1182 2764 1223 2800 et
1243 2759 1357 2801 venit
1375 2760 1639 2807 Damascum.
1660 2765 1703 2800 'et
1722 2758 2039 2812 perambulabat
2058 2773 2220 2801 omnem

301 2819 503 2872 regionem
535 2817 656 2859 illam.

407 2897 440 2918 ²³3
465 2894 604 2935 Simon
632 2900 770 2934 autem
797 2893 907 2935 exiit.
937 2899 978 2934 et
1003 2894 1118 2934 venit
1144 2908 1271 2947 usque
1297 2894 1348 2935 ad
1375 2893 1629 2940 Ascalonem.
1658 2899 1699 2934 et
1724 2893 1777 2933 ad
1801 2893 1989 2946 proxima
2013 2893 2219 2946 praesidia:

303 2959 343 2993 et
364 2952 586 2994 declinavit
606 2953 645 2993 in
670 2953 836 3006 Ioppen,
868 2958 909 2993 et
938 2953 1157 3005 occupavit
1185 2966 1273 2993 eam
1305 2954 1353 3004 (34
1374 2952 1536 2993 audivit
1556 2952 1662 2992 enim
1685 2952 1795 3005 quod
1816 2951 1968 2992 vellent
1987 2952 2220 3005 praesidium

302 3013 461 3053 tradere
491 3012 677 3064 partibus
707 3011 922 3061 Demetrii)
954 3016 994 3052 et
1023 3011 1161 3064 posuit
1190 3011 1244 3052 ibi
1276 3011 1464 3052 custodes
1494 3016 1541 3052 ut
1570 3010 1824 3051 custodirent
1853 3024 1954 3051 eam.

407 3089 438 3111 ³³⁵
470 3087 522 3127 Et
552 3099 735 3127 reversus
765 3092 826 3127 est
856 3087 1064 3133 Ionathas.
1097 3092 1136 3127 et
1167 3087 1413 3128 convocavit
1441 3087 1616 3127 seniores
1645 3086 1797 3139 populi,
1830 3092 1870 3126 et
1900 3086 2099 3139 cogitavit
2128 3100 2217 3127 cum

303 3146 356 3184 eis
386 3145 583 3186 {edificare
614 3145 799 3199 praesidia
828 3146 867 3186 in
899 3146 1048 3190 Iudaea.
1106 3148 1141 3170 ³⁶
1170 3151 1210 3186 ct
1239 3145 1438 3187 aedificare
1466 3158 1603 3186 muros
1632 3145 1672 3185 in
1704 3144 1936 3189 Ierusalem.
1968 3150 2009 3185 et
2037 3144 2219 3185 exaltare

302 3204 561 3244 altitudinem
590 3218 781 3258 magnam
808 3205 914 3245 inter
939 3205 1119 3246 medium
1147 3205 1247 3245 arcis
1275 3210 1316 3245 et
1342 3204 1534 3253 civitatis,
1564 3208 1610 3244 ut
1636 3208 1845 3257 separaret
1870 3216 1959 3244 eam
1987 3217 2011 3244 a
2036 3203 2219 3246 civitate.

304 3268 349 3302 ut
381 3268 485 3302 esset
516 3263 603 3316 ipsa
634 3263 902 3312 singulariter.
936 3268 977 3304 et
1008 3277 1139 3317 neque
1171 3268 1322 3304 emant.
1356 3276 1486 3316 neque
1519 3263 1713 3303 vendant.
1773 3264 1808 3286 ³⁷
1840 3262 1896 3303 Et
1927 3267 2219 3307 convenerunt,

306 3327 349 3360 ut
375 3321 621 3362 {edificarent
647 3322 877 3362 civitatem:
905 3328 945 3362 et
970 3322 1117 3363 cecidit
1140 3335 1292 3366 murus.
1320 3322 1387 3375 qui
1413 3326 1502 3362 erat
1525 3334 1646 3374 super
1669 3326 1893 3362 torrentem
1919 3320 1970 3361 ab
1996 3325 2089 3361 ortu
2113 3320 2218 3362 solis.

304 3385 343 3419 et
378 3380 583 3431 reparavit
618 3394 722 3424 eum.
760 3380 827 3434 qui
862 3386 1035 3422 vocatur
1067 3380 1343 3434 Caphetetha:
1419 3381 1455 3405 ³⁸
1488 3384 1529 3420 et
1561 3379 1701 3421 Simon
1735 3379 1955 3420 aedificavit
1986 3378 2149 3420 Adiada
2181 3379 2220 3419 in

304 3437 488 3491 Sephela,
519 3443 559 3477 et
588 3439 764 3479 munivit
793 3453 895 3487 eam,
926 3445 965 3479 et
995 3439 1191 3494 imposuit
1218 3445 1370 3492 portas.
1401 3443 1442 3480 et
1469 3451 1588 3479 seras.
