2356 3760
78 440 251 465 Bacchidem

69 478 99 501 et
114 476 255 500 Alcimum
273 495 279 502 .

280 228 357 268 914
1135 225 1279 259 LIBER
1305 226 1330 259 1.
1970 228 2001 268 7,
2026 227 2123 267 7—7,
2148 227 2191 261 38

273 321 286 343 ⁷
317 320 436 360 Nunc
465 332 558 373 ergo
586 319 706 361 mitte
736 320 881 365 virum,
913 319 974 359 cui
1005 319 1145 366 credis,
1176 325 1223 360 ut
1251 324 1330 367 eat,
1361 323 1402 360 et
1430 319 1570 360 videat
1599 318 1887 360 exterminium
1917 334 2047 370 omne,
2082 322 2192 375 quod

268 378 365 419 fecit
391 378 519 427 nobis,
549 383 590 419 et
616 378 846 429 regionibus
872 377 993 431 regis:
1022 383 1063 418 et
1089 378 1236 431 puniat
1263 391 1401 419 omnes
1428 377 1579 419 amicos
1607 378 1703 426 eius,
1732 382 1774 419 et
1800 378 2007 420 adiutores
2036 392 2189 421 eorum.

379 438 394 461 ⁸
410 437 466 478 Et
482 437 601 490 elegit
617 450 687 477 rex
704 450 752 477 ex
769 436 907 476 amicis
924 436 1005 476 suis
1024 436 1282 483 Bacchidem,
1303 436 1371 490 qui
1388 436 1682 477 dominabatur
1697 441 1810 477 trans
1827 436 1979 478 flumen
1995 451 2191 492 magnum

73 511 253 535 sacomam„
271 509 311 537 ln
331 509 466 549 regno.
489 501 530 537 et
550 496 707 536 fidelem
729 495 828 547 regi:
851 500 891 535 et
912 494 1022 535 misit
1041 508 1146 543 011111,
1198 497 1213 520 9
1232 501 1279 536 ut
1299 495 1457 536 videret
1476 495 1777 543 exterminium,
1800 496 1910 549 quod
1929 496 2027 537 fecit
2048 496 2189 538 Iudas:

114 546 214 573 mittit.

141 846 189 877 qui

73 882 267 906 inranwntmn

272 555 342 596 sed
366 560 407 596 et
430 554 634 595 Alcimum
660 553 830 606 impium
856 553 1074 595 constituit
1096 554 1136 595 in
1161 554 1448 598 sacerdotium,
1475 558 1517 594 et
1539 554 1757 595 mandavit
1781 554 1815 595 ei
1838 554 1970 596 facere
1994 554 2192 596 ultionem

271 613 310 654 in
332 613 433 654 filios
458 612 591 653 lsrael.
642 614 677 636 ¹⁰
695 612 750 652 Et
770 618 1045 662 surrexerunt,
1069 618 1110 654 et
1130 618 1332 654 venerunt
1352 626 1443 654 cum
1465 612 1645 653 exercitu
1666 626 1814 666 magno
1834 612 1875 653 in
1896 618 2046 654 terram
2069 614 2190 654 Iuda:

271 677 312 713 et
342 672 540 712 miserunt
569 671 750 715 nuncios,
783 676 825 712 et
853 670 979 712 locuti
1008 677 1106 713 sunt
1134 672 1186 713 ad
1219 672 1377 717 ludam,
1409 676 1451 712 et
1480 672 1532 712 ad
1561 671 1706 713 fratres
1737 671 1820 712 eius
1851 672 1984 713 verbis
2013 671 2193 725 pacificis

271 731 310 771 in
339 729 442 770 dolo.
501 731 531 754 ¹¹
558 729 614 770 Et
640 743 722 770 non
751 730 1017 771 intenderunt
1044 731 1298 771 sermonibus
1326 743 1484 771 eorum:
1514 729 1707 771 viderunt
1734 730 1841 770 enim
1870 730 1966 784 quia
1992 735 2195 771 venerunt

271 802 363 829 011111
394 788 575 829 exercitu
605 802 766 842 magno.

380 849 409 871 12
432 847 488 888 Et
510 852 790 888 convenerunt
813 848 864 888 ad
888 847 1103 896 Alcimum,
1129 854 1170 889 et
1194 848 1440 889 Bacchidem
1463 848 1722 898 congregatio
1744 848 1969 889 scribarum
1992 848 2194 902 requirere

105 917 226 944 vna-,mn
274 919 363 959 quae
390 906 499 947 iusta
526 912 640 947 sunt:
698 909 728 930 ¹³
755 912 796 947 et
825 907 953 960 primi,
984 906 1153 948 Assidaei
1182 907 1250 960 qui
1278 913 1395 948 erant
1423 907 1462 947 in
1490 900 1580 947 filiis
1610 906 1745 955 lsrael,
1775 911 1816 947 et
1843 906 2115 961 exquirebant
2142 907 2194 948 ab

89 1435 244 1459 Bacchides

88 1470 124 1494 ad
148 1477 240 1496 1000111

83 1506 246 1533 revertitur,

103 1667 229 1692 Alcimus

115 1704 216 1727 indam

95 1740 234 1763 sustinuim-

111 1777 219 1805 nequit.

106 2260 230 2285 Nicanor

119 2296 214 2321 (10111ςο

133 2332 200 2360 agit,

109 2615 158 2640 sed
180 2615 217 2639 (11)

133 2651 204 2675 Iuda

106 2687 231 2714 fugatur,

121 2915 139 2926 ι’(
148 2908 216 2929 ,nti-2·

99 2941 240 2970 tnrnplnrn

107 2977 233 3008 loquitur

271 965 325 1005 eis
349 978 504 1018 pacem.
558 967 588 989 ¹⁴
610 965 816 1005 Dixerunt
838 966 964 1006 enim:
990 966 1125 1007 Homo
1148 966 1335 1007 sacerdos
1358 966 1407 1006 de
1430 965 1582 1006 semine
1603 965 1741 1007 Aaron
1764 966 1889 1013 venit,
1914 979 1996 1007 non
2019 965 2195 1019 decipiet

271 1037 362 1064 nos:
414 1026 444 1048 ¹⁵
465 1030 506 1064 et
525 1024 686 1065 locutus
708 1029 769 1064 est
790 1037 881 1064 cum
904 1023 958 1065 eis
980 1024 1106 1065 verba
1125 1024 1314 1078 pacifica:
1337 1029 1379 1065 et
1398 1024 1551 1065 iuravit
1571 1023 1658 1069 illis,
1682 1024 1837 1065 dicens:
1861 1025 1953 1066 Non
1974 1024 2194 1065 inferemus

270 1083 385 1123 vobis
412 1082 578 1125 malum.
606 1096 738 1136 neque
764 1082 903 1123 amicis
929 1083 1086 1124 vestris.
1142 1085 1177 1108 ¹⁶
1202 1084 1257 1124 Et
1282 1083 1543 1124 crediderunt
1568 1083 1620 1123 ei:
1648 1083 1704 1124 Et
1729 1083 2040 1137 comprehendit
2065 1096 2113 1124 ex
2139 1083 2194 1123 eis

270 1141 484 1193 sexaginta
514 1141 631 1186 viros,
663 1146 704 1181 et
733 1141 882 1182 occidit
910 1155 976 1183 eos
1004 1142 1045 1182 in
1074 1156 1157 1183 una
1184 1142 1248 1183 die
1277 1142 1502 1183 secundum
1531 1142 1715 1189 verbum,
1748 1143 1857 1196 quod
1886 1142 2084 1195 scriptum
2113 1147 2193 1182 est:

271 1201 303 1223 ¹⁷
332 1200 500 1241 aCarnes
524 1205 761 1241 sanctorum
785 1205 963 1247 tuorum,
990 1206 1031 1242 et
1053 1201 1293 1253 sanguinem
1315 1200 1497 1255 ipsorum
1521 1200 1756 1242 effuderunt
1778 1201 1819 1241 in
1842 1199 2013 1242 circuitu
2039 1201 2195 1241 Ierusa-

269 1258 360 1303 lem,
390 1263 432 1299 et
458 1272 539 1299 non
568 1264 656 1299 erat
684 1259 753 1313 qui
780 1259 978 1312 sepeliret.
1036 1261 1070 1284 ¹⁸
1097 1260 1153 1301 Et
1180 1260 1369 1301 incubuit
1396 1260 1529 1307 timor,
1560 1264 1601 1300 et
1628 1264 1781 1302 tremor
1806 1259 1847 1301 in
1876 1272 2039 1301 omnem
2066 1272 2195 1313 popu-

271 1316 374 1357 lum:
410 1317 506 1371 quia
538 1317 750 1358 dixerunt:
786 1318 877 1359 Non
911 1323 973 1359 cst
1005 1319 1168 1365 veritas,
1204 1324 1245 1360 et
1276 1319 1473 1360 iudicium
1504 1318 1545 1359 in
1579 1318 1652 1359 eis:
1686 1318 1926 1369 transgressi
1958 1323 2055 1359 sunt
2087 1318 2195 1359 enim

271 1376 558 1420 constitutum,
592 1382 632 1417 et
662 1376 946 1418 iusiurandum
979 1378 1089 1431 quod
1118 1376 1371 1419 iuraverunt.

379 1437 412 1459 ¹⁹
446 1435 500 1476 Et
535 1435 667 1476 movit
701 1436 924 1477 Bacchides
960 1441 1095 1477 castra
1128 1437 1179 1478 ab
1216 1436 1448 1483 Ierusalem,
1485 1441 1526 1477 et
1560 1436 1758 1490 applicuit
1790 1436 1832 1477 in
1867 1436 2118 1477 Bethzecha:
2155 1440 2196 1477 et

273 1494 395 1538 misit,
426 1499 467 1535 et
494 1495 804 1547 comprehendit
831 1495 982 1537 multos
1011 1509 1060 1536 ex
1087 1496 1154 1543 eis,
1185 1496 1254 1550 qui
1281 1509 1306 1537 a
1332 1510 1372 1537 se
1400 1496 1640 1550 effugerant,
1670 1500 1711 1537 et
1739 1495 1939 1549 quosdam
1967 1495 2016 1536 de
2043 1493 2194 1548 populo

270 1553 484 1597 mactavit,
518 1558 559 1594 et
589 1553 628 1594 in
659 1559 831 1607 puteum
862 1567 1059 1608 magnum
1089 1554 1270 1608 proiecit.
1330 1557 1366 1579 '20
1396 1555 1451 1595 Et
1481 1554 1686 1596 commisit
1716 1554 1920 1608 regionem
1951 1553 2121 1601 Alcimo,
2154 1557 2196 1594 et

271 1611 435 1664 reliquit
462 1625 554 1653 cum
581 1625 627 1653 eo
655 1612 852 1653 auxilium
880 1613 920 1653 in
947 1614 1198 1655 adiutorium
1224 1614 1312 1667 ipsi.
1341 1614 1398 1654 Et
1423 1613 1526 1654 abiit
1552 1613 1776 1654 Bacchides
1803 1614 1856 1654 ad
1881 1626 2034 1667 regem:

378 1673 408 1695 21
441 1676 482 1711 et
511 1671 610 1711 satis
641 1672 790 1724 agebat
821 1671 1002 1712 Alcimus
1033 1685 1105 1725 pro
1137 1672 1371 1726 principatu
1402 1672 1618 1713 sacerdotii
1649 1672 1721 1713 sui.
1781 1674 1813 1696 22
1844 1676 1885 1713 et
1915 1675 2196 1713 convenerunt

273 1730 324 1770 ad
353 1742 445 1770 eum
473 1743 624 1774 01111103,
656 1730 724 1783 qui
750 1730 1053 1783 perturbabant
1079 1730 1279 1785 populum
1305 1745 1437 1776 suum,
1467 1736 1508 1772 et
1535 1731 1804 1772 obtinuerunt
1830 1736 1982 1771 terram
2011 1730 2125 1779 Iuda,
2155 1735 2196 1771 et

271 1789 457 1829 fecerunt
474 1788 637 1842 plagam
656 1802 848 1843 magnam
866 1789 906 1830 in
927 1789 1062 1831 Israel.
1109 1792 1141 1815 23
1159 1790 1215 1831 Et
1232 1790 1337 1832 Vidit
1356 1790 1479 1831 Iudas
1498 1789 1636 1831 omnia
1652 1789 1761 1830 mala
1779 1803 1869 1843 quae
1884 1789 1982 1830 fecit
1998 1788 2192 1837 Alcimus,

270 1853 311 1888 et
340 1847 407 1901 qui
437 1861 529 1888 cum
558 1861 604 1888 eo
633 1853 761 1893 erant,
792 1848 881 1889 filiis
912 1848 1047 1895 Israel,
1078 1849 1209 1891 multo
1238 1849 1327 1903 plus
1357 1862 1482 1903 quam
1510 1849 1673 1890 Gentes.
1731 1850 1763 1873 2⁴
1791 1853 1832 1889 et
1859 1848 1959 1889 exiit
1985 1848 2026 1888 in
2055 1861 2195 1889 omnes

268 1906 367 1947 fines
404 1907 552 1947 Iudeeae
586 1907 625 1947 in
661 1907 845 1954 circuitu,
882 1912 923 1948 et
956 1908 1053 1949 fecit
1087 1908 1315 1949 vindictam
1350 1908 1390 1949 in
1426 1908 1532 1949 viros
1568 1908 1805 1954 desertores,
1857 1913 1898 1948 et
1932 1911 2196 1948 cessaverunt

269 1965 379 2006 ultra
400 1966 508 2006 exire
529 1966 570 2006 in
591 1966 809 2019 regionem.
860 1968 892 1991 2⁵
914 1966 1028 2008 Vidit
1049 1972 1189 2008 autem
1211 1967 1392 2008 Alcimus
1416 1967 1526 2021 quod
1547 1966 1765 2020 praevaluit
1787 1966 1923 2013 Iudas,
1947 1970 1989 2007 et
2010 1966 2079 2019 qui
2101 1979 2194 2007 011111

269 2037 314 2065 00
341 2030 477 2065 erant:
506 2030 547 2065 et
573 2025 767 2079 cognovit
794 2025 890 2079 quia
915 2039 996 2067 non
1023 2031 1161 2080 potest
1186 2026 1385 2067 sustinere
1412 2040 1490 2073 eos,
1519 2030 1560 2066 et
1585 2039 1786 2079 regressus
1813 2030 1874 2066 est
1900 2026 1952 2066 ad
1977 2038 2124 2079 regem,
2153 2029 2195 2065 et

268 2084 480 2125 accusavit
510 2096 576 2125 eos
608 2083 748 2125 multis
779 2084 1029 2126 criminibus.

648 2190 686 2228 2.
717 2188 984 2229 Nicanorem
1015 2190 1267 2240 principem
1297 2189 1565 2242 prosternit,
1594 2190 1633 2239 7,
1653 2189 1826 2230 26-50.

380 2259 414 2282 2⁶
447 2258 522 2298 bEt
549 2258 659 2299 misit
686 2271 757 2299 rex
786 2258 1042 2305 Nicanorem,
1073 2272 1201 2299 unum
1230 2272 1279 2299 ex
1306 2258 1558 2312 principibus
1586 2259 1667 2299 suis
1695 2257 1980 2299 nobilioribus:
2011 2258 2080 2312 qui
2108 2263 2196 2300 erat

275 2317 508 2358 inimicitias
536 2330 724 2358 exercens
751 2322 895 2358 contra
925 2317 1064 2358 lsrael:
1094 2323 1135 2359 et
1160 2318 1378 2359 mandavit
1403 2317 1438 2358 ei
1465 2323 1646 2358 evertere
1672 2316 1882 2370 populum.
1938 2318 1972 2341 27
1999 2317 2056 2358 Et
2082 2318 2196 2358 venit

274 2377 452 2417 Nicanor
479 2377 519 2417 in
550 2376 770 2417 Ierusalem
800 2390 891 2417 cum
921 2376 1102 2418 exercitu
1130 2390 1291 2430 magno,
1322 2381 1364 2418 et
1391 2376 1503 2417 misit
1530 2377 1582 2417 ad
1612 2377 1758 2417 ludam
1788 2380 1828 2416 et
1856 2376 1908 2416 ad
1936 2376 2081 2417 fratres
2111 2376 2194 2417 eius

274 2435 407 2476 verbis
432 2435 610 2488 pacificis
636 2448 727 2476 cum
754 2434 858 2482 dolo,
913 2437 947 2460 ²⁸
972 2435 1128 2476 dicens:
1156 2436 1248 2477 Non
1273 2436 1325 2477 sit
1349 2449 1488 2489 pugna
1512 2435 1619 2476 inter
1641 2448 1705 2475 me
1730 2439 1772 2475 et
1796 2448 1886 2475 vos:
1913 2434 2076 2475 Veniam
2102 2448 2194 2476 cum

274 2494 368 2535 viris
392 2494 544 2547 paucis,
572 2500 618 2535 ut
643 2494 805 2535 videam
830 2495 951 2535 facies
976 2499 1133 2536 vestras
1158 2508 1250 2536 cum
1275 2508 1385 2548 pace.
1439 2496 1474 2519 2⁹
1497 2494 1554 2535 Et
1577 2494 1690 2534 venit
1714 2494 1767 2534 ad
1792 2493 1951 2542 Iudam,
1978 2498 2019 2534 et
2042 2493 2194 2534 saluta-

274 2559 421 2594 verunt
449 2566 490 2594 se
517 2553 691 2594 invicem
719 2553 904 2607 pacifice:
934 2559 975 2594 et
1001 2553 1138 2595 hostes
1166 2554 1300 2607 parati
1328 2559 1445 2594 erant
1471 2566 1611 2607 rapere
1640 2552 1798 2594 Iudam.

380 2615 416 2636 ³⁰
440 2612 495 2652 Et
519 2612 700 2654 innotuit
725 2625 855 2654 sermo
883 2613 994 2653 Iudae
1020 2612 1213 2666 quoniam
1239 2626 1331 2653 cum
1357 2612 1449 2653 dolo
1476 2617 1645 2653 venerat
1669 2612 1721 2652 ad
1746 2624 1856 2652 eum:
1883 2616 1925 2652 et
1949 2611 2194 2652 conterritus

276 2676 336 2712 est
363 2671 414 2711 ab
441 2684 498 2713 00,
528 2677 567 2711 et
594 2671 768 2723 amplius
795 2671 926 2712 noluit
954 2671 1089 2712 videre
1115 2672 1260 2713 faciem
1287 2671 1383 2713 eius.
1437 2674 1469 2696 3¹
1495 2671 1551 2712 Et
1577 2670 1770 2724 cognovit
1797 2670 1974 2711 Nicanor
1999 2670 2194 2724 quoniam

273 2730 529 2772 denudatum
556 2734 617 2771 est
641 2729 853 2771 consilium
880 2730 982 2771 eius:
1010 2736 1050 2771 ct
1075 2730 1204 2772 exivit
1228 2730 1393 2772 obviam
1421 2730 1533 2771 Iudae
1556 2729 1597 2770 in
1622 2742 1803 2783 pugnam
1828 2729 1945 2769 iuxta
1969 2728 2194 2782 Capharsa-

272 2789 393 2830 lama.
446 2791 478 2813 3²
504 2789 558 2829 Et
584 2789 817 2830 ceciderunt
842 2789 890 2829 de
918 2789 1128 2830 Nicanoris
1154 2789 1334 2830 exercitu
1358 2790 1440 2830 1010
1467 2789 1647 2842 quinque
1670 2787 1798 2829 millia
1822 2787 1908 2835 viri,
1936 2792 1977 2828 et
2000 2787 2194 2841 fugerunt

276 2849 313 2888 in
345 2848 556 2889 civitatem
591 2848 736 2889 David.

380 2909 412 2931 ³³
438 2907 490 2947 Et
516 2912 608 2960 post
632 2907 718 2947 haec
743 2907 869 2947 verba
893 2908 1077 2948 ascendit
1102 2908 1279 2949 Nicanor
1302 2907 1343 2948 in
1367 2912 1550 2948 montem
1575 2906 1689 2947 Sion:
1717 2910 1758 2946 et
1782 2906 1968 2946 exierunt
1992 2906 2041 2945 de
2065 2918 2193 2946 sacer-

278 2966 442 3006 dotibus
471 2965 609 3019 populi
636 2966 814 3007 salutare
841 2979 932 3006 eum
960 2965 1000 3006 in
1027 2979 1138 3019 pace,
1168 2972 1208 3007 et
1235 2967 1515 3007 demonstrare
1542 2965 1577 3005 ei
1603 2965 1950 3011 holocautomata,
1981 2976 2071 3017 quae
2098 2964 2193 3005 0110-

277 3025 472 3064 rebantur
502 3038 571 3077 pro
600 3038 702 3075 rege.
760 3027 792 3049 31
821 3024 876 3065 Et
904 3025 1073 3066 irridens
1103 3025 1256 3078 sprevit
1286 3038 1363 3071 eos,
1396 3029 1437 3066 et
1464 3023 1629 3077 polluit:
1660 3028 1701 3064 et
1728 3023 1888 3064 locutus
1917 3028 1978 3063 est
2006 3023 2191 3076 superbe.

276 3085 308 3107 ³³⁵
332 3089 370 3122 01
398 3083 546 3123 iuravit
571 3097 660 3124 cum
688 3084 756 3126 ira.
784 3083 939 3124 dicens:
967 3083 1051 3124 Nisi
1076 3084 1252 3125 traditus
1276 3084 1400 3124 fuerit
1426 3083 1560 3129 Iudas,
1587 3087 1628 3123 et
1651 3082 1851 3123 exercitus
1876 3082 1959 3123 01113
1983 3081 2024 3122 111
2047 3094 2192 3122 manus

277 3155 399 3183 meas,
433 3143 626 3182 continno
657 3156 747 3183 cum
781 3156 980 3192 regressus
1011 3143 1123 3183 fuero
1154 3143 1193 3183 in
1225 3156 1335 3196 pace,
1368 3143 1612 3183 succendam
1644 3142 1812 3182 domum
1843 3140 1976 3182 istam.
2009 3140 2065 3181 Et
2095 3140 2194 3180 exiit

277 3213 367 3240 cum
404 3201 462 3240 ira
496 3214 654 3247 magna.
717 3204 752 3225 ⁵³⁶
786 3207 827 3242 et
859 3202 1120 3243 intraverunt
1153 3202 1395 3249 sacerdotes,
1433 3206 1474 3242 et
1507 3205 1711 3241 steterunt
1745 3204 1841 3240 ante
1874 3199 2019 3239 faciem
2054 3198 2193 3239 altaris

277 3264 316 3298 et
339 3258 498 3311 templi:
522 3264 561 3299 et
582 3259 723 3300 flentcs
745 3261 955 3301 dixerunt:
1004 3262 1038 3285 3⁷
1060 3260 1120 3301 Tu
1141 3260 1316 3301 Domine
1337 3260 1491 3311 elegisti
1512 3260 1679 3300 domum
1701 3258 1823 3299 istam
1844 3258 1896 3298 ad
1916 3258 2193 3299 invocandum

278 3331 426 3358 nomen
456 3322 573 3358 tuum
602 3318 640 3357 in
671 3332 727 3363 ca,
759 3324 805 3360 ut
833 3325 937 3360 esset
965 3320 1110 3360 domus
1139 3319 1333 3360 orationis
1362 3324 1403 3359 et
1430 3317 1720 3359 obsecrationis
1748 3316 1899 3370 populo
1928 3321 2011 3357 tuo.
2068 3317 2103 3340 ³⁸
2130 3315 2194 3356 fac

278 3376 502 3416 vindictam
524 3376 560 3416 in
582 3376 743 3417 homine
761 3378 849 3422 isto,
870 3384 910 3419 et
927 3378 1107 3419 exercitu
1125 3377 1220 3423 01113,
1241 3383 1282 3418 et
1299 3378 1451 3419 cadant
1468 3377 1508 3417 in
1523 3376 1677 3431 gladio:
1696 3380 1902 3417 memento
1921 3374 2194 3427 blasphemias

278 3448 429 3479 00111111,
462 3442 500 3475 ct
531 3449 579 3475 ne
609 3436 763 3475 dederis
794 3437 847 3476 eis
879 3443 924 3478 ut
952 3442 1232 3490 permaneant.

413 3561 442 3602 ἲ,
463 3562 502 3594 17
527 3560 588 3593 al's
611 3562 662 3601 78,
684 3563 778 3594 1⁷4³».
806 3584 845 3587 -2
872 3564 912 3597 26
938 3565 975 3597 b2
1002 3564 1074 3597 111(το
1096 3563 1145 3601 15,
1168 3562 1195 3595 1.
