2356 3760
74 736 163 759 Trans
178 742 254 759 nini«¹

97 771 229 795 cintilani:

62 910 134 933 eirea
150 909 254 938 paseha

84 966 244 990 multitudi-

73 1009 135 1025 nvni
160 1002 258 1029 satiat,

76 1916 162 1941 supra
179 1916 256 1934 mare

94 1945 237 1971 ambulat.

110 2435 228 2461 occasio

93 2479 204 2497 §ermon
210 2479 230 2495 Η
239 2479 243 2498 ἰ

273 165 372 205 1046
1072 158 1381 193 EVANGELIL‘M
1940 162 1972 201 5,
1998 162 2119 202 45-6,
2143 162 2186 195 32

270 256 441 309 Moyses.
474 255 515 295 in
546 268 627 309 quo
657 267 730 296 vos
760 253 942 307 speratis.
1002 254 1037 276 “¹⁶
1065 252 1107 293 Si
1137 252 1244 292 enim
1275 251 1490 293 crederetis
1521 252 1663 306 Moysi.
1697 253 1913 294 crederetis
1943 254 2117 296 forsitan
2147 260 2188 296 et

270 314 387 354 mihi:
420 314 489 354 ade
515 326 580 354 nie
607 313 712 353 enim
742 313 804 352 ille
832 310 1004 363 scripsit.
1061 312 1095 334 ⁴⁷
1121 310 1163 352 Si
1191 316 1329 351 autem
1356 310 1461 351 illius
1488 311 1634 352 litteris
1661 324 1743 353 non
1770 312 1951 353 creditis:
1981 314 2188 366 quomodo

270 373 404 413 verbis
432 372 531 413 meis
560 370 756 413 credetis?

355 489 449 540 IV.
489 489 534 539 A
579 486 947 537 saturatione
987 485 1248 551 quinque
1287 485 1512 536 milium
1555 503 1741 551 usque
1780 488 1853 538 ad
1891 488 2104 539 festum

875 566 1251 632 scenopegiee,
1291 566 1340 623 6,
1372 568 1516 626 1—-7‚
1545 568 1583 618 l.

730 658 769 697 1.
802 656 1036 698 Saturatio
1067 657 1268 707 quinque
1298 655 1485 707 milium,
1514 657 1554 707 6,
1574 657 1727 698 1—21.

374 729 412 771 6.
471 731 480 752 ¹
511 728 612 769 Post
641 727 726 768 haec
760 725 884 767 babiit
915 726 1026 766 Iesus
1058 730 1172 766 trans
1202 738 1314 766 mare
1344 725 1531 773 Galilaeae,
1566 727 1676 780 quod
1707 733 1768 769 est
1799 727 2042 770 Tiberiadis:
2101 732 2116 754 2
2147 734 2189 770 et

269 788 518 841 sequebatur
548 800 640 827 eum
671 785 895 826 multitudo
926 797 1087 837 magna,
1121 784 1217 838 quia
1247 784 1446 825 videbant
1475 785 1600 839 signa,
1635 799 1724 840 quae
1754 786 1934 828 faciebat
1962 801 2084 841 super
2111 788 2185 834 his,

270 846 338 899 qui
356 846 684 886 infirmabantur.
731 846 746 869 ³¹
763 843 899 885 Subiit
915 857 1008 898 ergo
1026 843 1066 883 in
1084 848 1268 884 montem
1289 843 1418 884 Iesus:
1438 848 1480 884 et
1496 843 1551 885 ibi
1569 844 1739 886 sedebat
1756 859 1849 887 cum
1867 845 2074 900 discipulis
2092 846 2185 888 suis.

375 907 389 929 ⁴
419 905 521 945 Erat
550 909 688 945 autem
718 903 951 957 proximum
982 902 1141 943 Pascha
1168 902 1253 943 dies
1282 902 1410 943 festus
1444 903 1685 945 Iudaeorum.

378 966 392 988 ⁵
416 964 516 1004 Cum
541 962 795 1004 sublevasset
818 975 910 1015 ergo
935 961 1071 1002 oculos
1098 961 1220 1009 Iesus,
1246 966 1288 1001 et
1311 961 1481 1002 vidisset
1504 962 1600 1015 quia
1622 962 1846 1005 multitudo
1870 964 2054 1005 maxima
2074 964 2190 1005 venit

276 1024 327 1064 ad
348 1036 452 1065 eum.
476 1022 579 1063 dixit
601 1022 653 1063 ad
672 1021 926 1075 Philippum:
951 1020 1069 1061 Unde
1090 1033 1270 1061 ememus
1290 1032 1427 1075 panes,
1451 1026 1498 1062 ut
1517 1021 1769 1063 manducent
1786 1022 1853 1063 hi?
1904 1025 1919 1047 ⁶
1940 1023 2030 1064 Hoc
2050 1027 2188 1064 autem

269 1082 430 1122 dicebat
445 1087 611 1123 tentans
625 1094 736 1121 eum:
760 1080 844 1134 ipse
857 1079 965 1120 enim
983 1079 1139 1120 sciebat
1153 1079 1251 1133 quid
1266 1084 1372 1120 esset
1391 1079 1586 1121 facturus.
1633 1082 1647 1104 ⁷
1663 1080 1893 1135 Respondit
1905 1081 1941 1122 ei
1953 1081 2186 1136 Philippus:

269 1141 551 1181 Ducentorum
580 1140 839 1181 denariorum
867 1151 993 1192 panes
1020 1151 1103 1180 non
1131 1137 1343 1179 sufficiunt
1371 1138 1437 1187 eis,
1468 1143 1516 1179 ut
1544 1140 1824 1194 unusquisque
1852 1141 2061 1182 modicum
2091 1140 2189 1195 quid

270 1200 455 1253 accipiat.
514 1201 529 1223 ⁸
554 1199 666 1240 Dicit
691 1198 725 1239 ei
752 1211 857 1239 unus
884 1210 933 1238 ex
959 1196 1166 1251 discipulis
1194 1197 1289 1245 eius
1318 1197 1503 1238 Andreas
1529 1197 1657 1239 frater
1681 1198 1857 1240 Simonis
1883 1200 2013 1241 Petri:
2071 1202 2086 1224 ⁹
2112 1200 2190 1240 Est

270 1271 369 1312 puer
397 1271 501 1299 unus
528 1258 604 1303 hic,
636 1257 703 1311 qui
731 1257 858 1298 habet
886 1256 1067 1310 quinque
1093 1269 1220 1309 panes
1248 1256 1475 1303 ordeaceos,
1507 1262 1547 1297 et
1574 1257 1676 1299 duos
1703 1257 1850 1311 pisces:
1880 1259 1949 1299 sed
1976 1258 2062 1300 haec
2091 1258 2189 1312 quid

270 1323 365 1358 sunt
394 1317 500 1358 inter
527 1316 691 1358 tantos?
748 1318 784 1340 ¹⁰
810 1315 928 1356 Dixit
955 1328 1048 1369 ergo
1079 1315 1209 1356 Iesus:
1239 1314 1380 1356 Facite
1407 1315 1592 1357 homines
1620 1315 1886 1358 discumbere.
1918 1317 2021 1358 Erat
2049 1322 2188 1358 autem

270 1376 427 1417 foenum
461 1376 639 1417 multum
674 1376 714 1416 in
748 1375 848 1417 loco.
884 1374 1193 1416 Discubuerunt
1227 1387 1319 1428 ergo
1355 1374 1442 1419 viri,
1479 1387 1648 1416 numero
1684 1376 1799 1429 quasi
1835 1376 2015 1430 quinque
2049 1375 2186 1417 millia.

271 1438 299 1459 ¹¹
335 1435 505 1489 Accepit
538 1448 630 1489 ergo
666 1435 778 1475 Iesus
811 1447 955 1487 panes:
991 1439 1032 1474 et
1065 1446 1158 1474 cum
1190 1433 1343 1487 gratias
1377 1433 1534 1487 egisset,
1571 1433 1782 1476 distribuit
1815 1434 2187 1476 discumbentibus:

271 1494 456 1535 similiter
473 1499 512 1535 et
531 1507 580 1535 ex
597 1494 775 1547 piscibus
794 1498 997 1546 quantum
1015 1492 1223 1534 volebant.
1272 1494 1302 1516 ¹2
1322 1492 1379 1533 Ut
1397 1497 1535 1533 autem
1555 1492 1711 1546 impleti
1730 1499 1837 1541 sunt,
1858 1494 1964 1535 dixit
1981 1493 2189 1548 discipulis

271 1553 370 1593 suis:
403 1553 587 1607 Colligite
618 1566 708 1606 quae
738 1556 1037 1605 superaverunt
1066 1551 1309 1604 fragmenta,
1341 1564 1391 1592 ne
1421 1556 1602 1604 pereant.
1662 1554 1694 1576 1³
1723 1552 1981 1606 Collegerunt
2011 1566 2116 1607 ergo,
2149 1557 2190 1593 et

271 1612 547 1665 impleverunt
586 1611 801 1652 duodecim
843 1610 1038 1664 cophinos
1078 1610 1403 1663 fragmentorum
1445 1623 1494 1650 ex
1535 1610 1716 1664 quinque
1756 1612 1930 1664 panibus
1971 1611 2186 1659 ordeaceis‚

272 1684 362 1724 quae
395 1671 685 1724 superfuerunt
717 1670 789 1717 his,
827 1669 896 1723 qui
929 1669 1295 1709 manducaverant.
1359 1670 1390 1692 ¹4
1427 1668 1487 1709 Illi
1521 1681 1614 1723 ergo
1647 1669 1831 1711 homines
1865 1684 1957 1711 cum
1991 1670 2190 1712 vidissent

272 1730 382 1783 quod
416 1730 526 1770 Iesus
558 1729 709 1769 fecerat
741 1728 914 1783 signum,
948 1728 1160 1768 dicebant:
1194 1727 1299 1776 Quia
1329 1727 1394 1768 hic
1425 1733 1487 1768 est
1517 1741 1610 1769 vere
1641 1729 1854 1782 propheta.
1890 1729 1958 1783 qui
1990 1734 2189 1770 venturus

271 1794 333 1829 est
362 1788 403 1829 in
432 1789 644 1829 mundum.
705 1789 735 1812 ¹5
768 1787 878 1828 Iesus
909 1800 1001 1841 ergo
1031 1800 1124 1828 cum
1154 1786 1412 1840 cognovisset
1441 1787 1538 1840 quia
1566 1787 1729 1828 venturi
1759 1793 1894 1829 essent
1922 1793 1971 1829 ut
1998 1792 2190 1842 raperent

272 1861 376 1889 eum.
407 1852 447 1888 et
473 1848 655 1888 facerent
682 1859 774 1887 eum
801 1859 947 1900 regem,
985 1845 1107 1899 cfugit
1132 1845 1281 1886 iterum
1308 1845 1348 1886 in
1376 1851 1559 1887 montem
1586 1846 1671 1900 ipse
1698 1846 1817 1888 solus.

379 1908 413 1931 ¹⁶
441 1906 495 1947 Ut
518 1911 656 1947 autem
681 1919 767 1947 sero
790 1905 947 1946 factum
971 1910 1044 1949 est.
1070 1905 1369 1946 descenderunt
1392 1904 1578 1958 discipuli
1602 1904 1685 1945 eius
1709 1906 1761 1947 ad
1784 1919 1906 1947 mare.
1959 1908 1993 1930 ¹⁷
2017 1905 2073 1947 Et
2095 1919 2187 1947 cum

273 1965 550 2006 ascendissent
578 1965 730 2014 navim,
762 1969 964 2006 venerunt
992 1969 1106 2005 trans
1134 1976 1245 2004 mare
1274 1963 1314 2003 in
1344 1963 1652 2017 Capharnaum:
1684 1970 1725 2005 et
1753 1966 1931 2006 tenebrae
1959 1965 2041 2005 iarn
2070 1965 2190 2005 factae

272 2031 406 2065 erant:
429 2030 469 2065 et
488 2037 569 2066 non
591 2028 761 2065 venerat
780 2024 832 2064 ad
852 2037 918 2065 eos
941 2023 1063 2064 Iesus.
1114 2024 1147 2047 ¹²³
1167 2023 1278 2063 Mare
1298 2028 1450 2067 autem.
1472 2028 1598 2064 vento
1618 2036 1766 2077 magno
1786 2023 1924 2071 flante,
1948 2024 2186 2078 exurgebat.

271 2085 303 2108 ¹⁹
331 2083 433 2124 Cum
461 2083 728 2137 remigassent
755 2096 847 2136 ergo
877 2082 993 2135 quasi
1021 2082 1156 2123 stadia
1183 2081 1328 2135 viginti
1358 2081 1539 2135 quinque
1567 2087 1640 2123 aut
1667 2082 1848 2136 triginta.
1880 2083 2024 2124 vident
2054 2082 2187 2123 Iesum

269 2142 551 2183 ambulantem
585 2154 709 2195 supra
740 2154 863 2187 mare,
899 2147 939 2181 et
972 2141 1205 2194 proximum
1239 2141 1334 2181 navi
1368 2140 1463 2182 fieri.
1499 2147 1540 2182 et
1572 2141 1811 2183 timuerunt.
1873 2143 1910 2166 '2⁰
1943 2141 2013 2182 Ille
2047 2146 2187 2182 autem

269 2201 367 2241 dicit
396 2201 469 2241 eis:
500 2201 586 2255 Ego
616 2214 717 2244 sum,
750 2200 874 2241 nolite
904 2199 1057 2241 timere.
1115 2202 1146 2224 2¹
1175 2199 1404 2241 Voluerunt
1431 2212 1525 2253 ergo
1554 2200 1734 2253 accipere
1764 2214 1856 2241 eum
1884 2201 1925 2241 in
1954 2200 2113 2241 navim:
2145 2206 2187 2240 et

268 2260 410 2300 statim
440 2260 557 2301 navis
586 2260 665 2300 fuit
695 2260 746 2300 ad
777 2265 938 2302 terrain.
972 2259 1011 2299 in
1043 2272 1165 2312 quam
1197 2258 1325 2299 ibant.

583 2365 621 2404 2.
653 2363 815 2404 Sermo
846 2361 1177 2403 eucharisticus
1207 2362 1250 2401 in
1283 2360 1626 2413 Capharnaum,
1654 2363 1694 2413 6,
1714 2365 1887 2404 22—72.

380 2437 411 2459 22
435 2434 576 2476 Altera
600 2434 675 2476 die.
703 2434 836 2481 turba,
864 2446 954 2486 quae
978 2433 1118 2474 stabat
1142 2438 1256 2473 trans
1280 2445 1402 2479 mare,
1429 2432 1535 2473 vidit
1560 2433 1656 2486 quia
1679 2433 1870 2474 navicula
1894 2433 1973 2474 alia
1996 2446 2077 2475 non
2101 2438 2189 2474 erat

275 2494 329 2535 ibi
359 2494 433 2534 nisi
466 2507 557 2536 una.
590 2499 631 2533 et
661 2493 757 2546 quia
785 2505 866 2533 non
897 2491 1104 2533 introisset
1134 2504 1226 2532 cum
1256 2490 1463 2544 discipulis
1493 2491 1574 2532 suis
1607 2492 1717 2532 Iesus
1746 2492 1787 2532 in
1816 2492 1969 2539 navim,
2016 2492 2086 2533 sed
2115 2491 2188 2533 soli

273 2553 459 2606 discipuli
483 2553 566 2593 eius
590 2551 802 2592 abiissent:
854 2553 886 2576 2³
909 2551 997 2591 aliae
1018 2563 1114 2591 vero
1138 2555 1463 2603 supervenerunt
1485 2564 1610 2591 naves
1633 2564 1658 2591 a
1680 2550 1892 2592 Tiberiade
1914 2551 2033 2592 iuxta
2053 2550 2184 2592 locuni

274 2612 343 2653 ubi
373 2612 726 2652 manducaverant
755 2623 916 2663 panem,
947 2609 1099 2663 gratias
1130 2614 1275 2662 agente
1303 2609 1494 2650 Domino.
1553 2611 1585 2634 24
1614 2610 1716 2650 Cum
1746 2622 1837 2663 ergo
1868 2609 2037 2650 vidisset
2066 2609 2189 2650 turba

275 2670 371 2723 quia
394 2671 504 2711 lesus
526 2683 606 2711 non
629 2674 732 2710 esset
754 2669 820 2712 ibi.
845 2682 976 2722 neque
997 2668 1183 2721 discipuli
1205 2668 1300 2712 eius.
1325 2668 1597 2709 ascenderunt
1617 2668 1657 2708 in
1678 2668 1900 2714 naviculas,
1925 2674 1965 2709 et
1986 2674 2189 2709 venerunt

275 2730 563 2782 (sapharnaum
591 2734 816 2782 quaerentes
846 2728 991 2768 Iesum.
1048 2729 1079 2751 ²⁵
1106 2727 1161 2767 Et
1187 2740 1280 2767 cum
1306 2727 1559 2768 invenissent
1584 2740 1676 2768 eum
1704 2732 1817 2767 trans
1843 2740 1965 2771 mare.
1996 2727 2189 2768 dixerunt

276 2789 326 2827 oi:
362 2788 506 2829 Rabbi.
541 2787 704 2841 quando
734 2787 812 2827 huc
843 2786 1015 2827 venisti?

382 2850 415 2871 2⁶
450 2846 676 2900 Respondit
708 2846 763 2886 eis
798 2846 919 2891 Iesus,
954 2851 994 2885 et
1025 2845 1147 2885 dixit:
1181 2845 1324 2888 Amen.
1359 2857 1477 2885 amen
1510 2845 1599 2886 dieo
1632 2845 1765 2886 vobis:
1800 2845 1979 2898 quaeritis
2011 2858 2075 2884 me
2106 2857 2187 2885 non

240 2891 244 2901 ⁴
280 2905 373 2957 quia
393 2906 550 2946 vidistis
569 2905 693 2959 signa.
716 2905 785 2945 sed
804 2904 900 2958 quia
917 2904 1196 2944 manducastis
1216 2917 1264 2944 ex
1283 2903 1469 2957 panibus,
1490 2909 1531 2944 et
1549 2904 1723 2944 saturati
1743 2903 1849 2945 estis.
1897 2905 1930 2927 2⁷
1950 2902 2184 2957 Operamini

203 2960 226 2975 '¹'
280 2976 357 3003 nou
388 2964 533 3006 (eibum.
566 2964 633 3017 qui
663 2964 778 3017 perit.
809 2964 878 3003 sed
908 2963 975 3016 qui
1005 2968 1217 3016 permanet
1245 2962 1285 3002 in
1314 2962 1443 3002 vitam
1472 2967 1679 3003 aeternam.
1711 2975 1831 3015 quern
1859 2962 1985 3002 Filius
2012 2961 2187 3003 hominis

279 3022 392 3061 dabit
425 3024 549 3063 vobis.
585 3023 727 3063 ‘¹Huuc
759 3022 864 3062 enim
895 3022 1018 3062 Pater
1047 3021 1225 3074 signavit
1254 3022 1375 3062 Deus.
1434 3022 1469 3045 ²⁸
1498 3021 1701 3062 Dixerunt
1732 3034 1824 3074 ergo
1856 3021 1907 3061 ad
1937 3034 2047 3061 euin:
2081 3020 2187 3069 Quid

280 3081 471 3120 favimus
498 3088 540 3121 ut
568 3094 779 3134 operemur
804 3094 926 3134 opera
950 3080 1049 3120 Dei?
1102 3082 1136 3104 '2⁹
1163 3080 1390 3133 Respondit
1418 3080 1540 3121 Iesus.
1568 3085 1608 3120 et
1633 3080 1736 3120 dixit
1762 3080 1834 3119 eis:
1868 3079 1975 3121 ‹2H00
2000 3084 2061 3119 est
2085 3092 2187 3132 opus

283 3139 365 3179 Dei.
395 3147 437 3179 ut
466 3140 637 3179 credatis
666 3141 703 3180 in
731 3153 822 3180 eum
850 3153 969 3193 quem
996 3139 1106 3179 misit
1135 3138 1207 3179 ille.
1262 3141 1299 3163 3⁰
1323 3139 1527 3179 Dixerunt
1553 3151 1646 3186 ergo
1672 3138 1724 3178 ei:
1753 3138 1872 3186 Quod
1897 3151 1990 3188 ergo
2016 3143 2060 3178 tu
2087 3137 2186 3178 facis

279 3198 435 3244 siguum
464 3205 507 3237 ut
534 3198 755 3241 videmnus.
784 3205 823 3239 et
849 3198 1060 3238 credamus
1086 3197 1185 3238 tibi?
1213 3198 1307 3250 quid
1335 3197 1537 3250 operaris?
1589 3199 1619 3221 ²³¹
1645 3197 1788 3237 Patres
1813 3196 1941 3238 nostri
1964 3196 2187 3237 manduca-

279 3264 424 3296 verunt
449 3270 597 3297 manua
622 3257 657 3295 in
683 3258 852 3301 deserto,
877 3257 980 3297 sicut
1003 3256 1199 3309 seriptum
1223 3261 1300 3296 est:
1336 3256 1502 3296 fPanem
1525 3256 1574 3296 de
1596 3255 1690 3297 caelo
1713 3255 1826 3296 dedit
1848 3255 1902 3295 eis
1924 3255 2183 3295 manducare.

277 3317 310 3339 ³²
341 3315 451 3355 luxit
481 3329 572 3362 ergo
601 3315 654 3353 eis
691 3316 812 3355 lvsus:
843 3317 985 3357 Amen.
1017 3329 1134 3355 anwn
1163 3315 1252 3355 dieo
1281 3315 1414 3354 vobis:
1447 3315 1537 3355 Non
1566 3315 1725 3368 Moyses
1753 3314 1866 3355 dedit
1894 3313 2010 3355 vobis
2037 3326 2182 3366 panem

419 3418 452 3449 m
479 3420 549 3449 ³(En
576 3420 605 3450 ζ’».
636 3419 688 3452 15:
716 3420 767 3457 22,
798 3422 848 3452 lb':
876 3421 927 3455 455,
959 3422 1009 3453 lo:
1041 3419 1085 3451 Dt
1113 3420 1162 3453 18.
1192 3419 1240 3451 15.
1334 3420 1364 3459 45,
1398 3420 1414 3451 1
1442 3418 1511 3451 bMt
1538 3418 1588 3451 14.
1618 3417 1671 3452 13:
1710 3417 1763 3450 Me
1789 3418 1819 3457 6,
1844 3417 1901 3451 31:
1942 3416 1986 3449 Le
2010 3418 2041 3455 9.
2068 3416 2118 3449 10.

280 3465 319 3498 15
349 3465 413 3497 <Mt
443 3466 492 3498 14.
519 3466 574 3498 ⁸2:⁷12:
611 3465 661 3496 „ue
688 3466 717 3499 65.
744 3466 793 3497 4⁴3.
888 3467 927 3499 27
952 3467 1019 3498 <1211
1049 3466 1162 3501 317:
1190 3466 1241 3504 17,
1270 3467 1305 3505 ,ὃς
1332 3467 1401 3509 51η)
1433 3469 1460 3505 1,
1490 3466 1540 3498 32.
1570 3485 1609 3488 ⁷—
1635 3464 1676 3498 29
1707 3466 1736 3497 e]
1773 3464 1810 3497 Io
1837 3463 1869 3503 3,
1898 3464 1948 3496 23.
1977 3483 2018 3488 —-
2043 3463 2082 3497 31
2120 3463 2185 3495 fEx

282 3513 330 3544 1⁴3,
362 3513 416 3545 14:
449 3511 512 3544 Nm
545 3514 591 3543 11.
620 3513 651 3545 7:
685 3512 722 3544 ps
749 3513 799 3546 77.
826 3514 881 3547 ⁴24:
913 3515 980 3556 Sap
1009 3516 1057 3546 ili.
1084 3514 1135 3545 20.
