2356 3760
132 142 164 181 4,
189 140 312 181 22—6,
338 140 358 173 8
1020 140 1158 175 IOSUE
1960 155 2034 194 179

132 239 268 287 patres
295 246 400 281 suos,
428 237 470 274 et
494 232 671 273 dixerint
696 231 769 273 eis:
797 232 904 280 Quid
930 233 1005 273 sibi
1032 233 1177 274 volunt
1202 233 1354 286 lapides
1380 234 1472 275 isti?
1526 239 1557 260 22
1583 238 1777 281 docebitis
1805 256 1882 287 eos,
1911 249 2033 297 atque

132 292 292 334 dicetis:
319 292 395 333 Per
418 296 599 332 arentem
624 290 786 331 alveum
811 291 1003 331 transivit
1029 291 1150 332 Israel
1178 292 1391 333 Iordanem
1414 293 1551 339 istum,
1605 297 1636 320 2³
1659 297 1835 340 siccante
1858 302 2033 344 Domino

132 351 218 392 Deo
251 355 387 392 vestro
419 362 546 403 aquas
578 349 662 390 eius
694 349 735 389 in
766 354 986 402 conspectu
1018 355 1166 397 vestro,
1201 351 1328 391 donec
1360 352 1603 393 transiretis:
1664 356 1695 379 2⁴
1731 356 1855 397 asicut
1886 360 2036 401 fecerat

132 410 242 463 prius
259 409 301 450 in
320 409 421 449 mari
438 407 573 455 rubro,
595 407 704 461 quod
723 407 893 448 siccavit
911 408 1038 448 donec
1057 408 1339 449 transiremus:
1387 411 1418 434 '25
1437 415 1483 450 ut
1501 411 1662 452 discant
1680 426 1817 455 omnes
1836 420 2033 458 terrarum

130 467 270 521 populi
297 467 562 508 fortissimam
588 465 754 507 Domini
782 479 962 513 manum,
993 471 1039 507 ut
1066 472 1107 507 et
1135 480 1206 507 vos
1235 467 1413 508 timeatis
1442 468 1665 510 Dominum
1692 471 1825 512 Deum
1854 480 2035 515 vestrum

130 527 240 567 omni
270 530 464 578 tempore.

232 585 271 626 5.
327 587 340 608 ¹
371 583 598 637 Postquam
630 596 721 636 ergo
754 583 971 623 audierunt
1003 596 1141 624 omnes
1173 596 1282 637 reges
1314 585 1653 630 Amorrliaeorum,
1688 587 1756 640 qui
1787 589 2033 631 habitabant
2077 595 2182 638 ,mmm

131 648 243 684 trans
269 642 486 683 Iordanem
511 642 562 682 ad
588 641 892 682 Occidentalem
917 641 1091 695 plagam,
1119 648 1160 682 et
1184 642 1320 682 cuncti
1344 655 1454 696 reges
1480 644 1685 688 Chanaan.
1714 647 1781 699 qui
1808 649 2035 702 propinqua
2062 629 2216 689 0ιέῗῖἆέῗῦ

128 701 394 754 possidebant
426 701 563 754 magni
598 700 719 740 maris
754 700 852 747 loca,
890 701 999 754 quod
1034 701 1223 741 siccasset
1257 701 1456 742 Dominus
1494 702 1649 743 fluenta
1684 704 1868 746 Iordanis
1902 720 2038 748 coram

130 759 220 800 filiis
239 759 361 800 Israel
379 759 506 800 donec
523 759 755 803 transirent,
773 758 1018 800 dissolutum
1035 764 1096 800 est
1113 772 1180 800 cor
1197 772 1347 807 eorum,
1363 765 1403 800 et
1420 773 1500 801 non
1518 762 1713 802 remansit
1729 763 1769 803 in
1784 765 1838 805 eis
1856 765 2034 818 spiritus,

127 819 363 859 timentium
391 818 607 859 introitum
639 817 815 858 filiorum
846 817 980 859 Israel.

694 921 731 961 4.
762 920 894 961 Facta
924 921 967 960 in
1000 920 1226 973 Galgalis‚
1259 922 1299 972 5,
1319 922 1471 962 2—16.

230 994 245 1017 ²
271 992 331 1034 Eo
357 997 539 1046 tempore
566 991 624 1032 ait
649 992 849 1033 Dominus
877 992 929 1032 ad
957 992 1092 1034 Iosue:
1120 993 1152 1033 F
1156 1006 1201 1033 ac
1228 993 1303 1033 tibi
1329 992 1479 1034 cultros
1506 993 1698 1047 lapideos,
1727 1000 1768 1036 et
1793 995 2034 1038 circumcide
2049 999 2232 1039 0110Um018i0

125 1052 303 1093 secundo
335 1051 436 1092 filios
467 1050 601 1092 Israel.
659 1053 674 1075 ³
702 1050 815 1091 Fecit
845 1051 955 1104 quod
983 1051 1155 1092 iusserat
1182 1052 1395 1098 Dominus,
1427 1057 1467 1093 et
1496 1053 1749 1094 circumcidit
1780 1054 1881 1095 filios
1913 1055 2035 1096 Israel
2070 1042 2210 1063 mummu'

124 1111 166 1151 in
201 1109 300 1152 colle
333 1110 638 1164 praeputiorum.
701 1112 716 1133 ⁴
751 1109 849 1150 Haec
884 1115 1022 1151 autem
1056 1123 1178 1151 causa
1212 1116 1273 1152 est
1307 1111 1492 1151 secundae
1526 1112 1858 1153 circumcisionis:
1895 1113 2036 1154 Omnis

124 1169 311 1223 populus,
346 1169 415 1223 qui
447 1181 626 1223 egressus
658 1173 720 1209 est
751 1168 799 1209 de
832 1168 1011 1222 AEgypto
1043 1170 1198 1223 generis
1231 1169 1455 1215 masculini,
1490 1171 1665 1211 universi
1700 1171 1913 1213 bellatores
1946 1173 2034 1221 viri,

124 1228 276 1269 mortui
297 1232 394 1268 sunt
412 1227 454 1268 in
475 1227 635 1268 deserto
655 1240 727 1281 per
746 1226 1000 1281 longissimos
1023 1229 1099 1269 viae
1120 1228 1323 1271 circuitus,
1373 1231 1388 1252 5
1410 1229 1478 1281 qui
1500 1241 1638 1269 omnes
1660 1229 1884 1271 circumcisi
1906 1236 2033 1272 erant.

124 1286 305 1341 Populus
327 1291 465 1328 autem
487 1287 555 1340 qui
576 1291 698 1326 natus
720 1291 780 1327 est
801 1286 841 1326 in
863 1287 1034 1332 deserto,
1087 1289 1101 1311 ⁶
1121 1300 1192 1340 per
1213 1287 1487 1340 quadraginta
1507 1300 1633 1328 annos
1654 1288 1808 1328 itineris
1830 1288 2037 1330 latissimae

124 1345 356 1387 solitudinis
394 1345 697 1386 incircumcisus
737 1345 833 1386 fuit:
874 1345 1002 1386 donec
1041 1350 1376 1386 consumerentur
1415 1346 1483 1398 qui
1523 1359 1602 1386 non
1642 1347 1857 1387 audierant
1895 1360 2035 1388 vocem

124 1405 303 1453 Domini,
352 1409 394 1445 et
440 1404 587 1457 quibus
620 1409 714 1444 ante
746 1404 955 1444 iuraverat
986 1409 1033 1444 ut
1064 1417 1145 1444 non
1179 1404 1412 1445 ostenderet
1443 1405 1498 1444 eis
1531 1410 1681 1445 terram
1712 1404 1817 1446 lacte
1849 1410 1890 1446 et
1921 1405 2037 1447 melle

124 1467 375 1504 manantem.
426 1465 440 1485 ⁷
461 1463 618 1503 Horum
640 1461 710 1502 filii
729 1462 770 1502 in
788 1461 923 1503 locum
942 1468 1222 1503 successerunt
1240 1468 1417 1516 patrum,
1440 1468 1480 1503 et
1499 1463 1723 1504 circumcisi
1742 1470 1838 1504 sunt
1857 1478 1880 1504 a
1901 1464 2035 1505 Iosue:

125 1523 223 1576 quia
251 1522 356 1563 sicut
385 1522 472 1562 nati
501 1521 677 1566 fuerant,
709 1521 749 1561 in
780 1522 980 1574 praeputio
1011 1527 1138 1565 erant,
1172 1535 1244 1562 nec
1274 1535 1340 1562 eos
1370 1522 1411 1562 in
1442 1522 1509 1562 via
1539 1522 1683 1575 aliquis
1715 1523 2034 1564 circumciderat.

128 1582 144 1606 ⁸
173 1581 401 1635 Postquam
431 1585 570 1621 autem
601 1593 739 1621 omnes
771 1580 996 1621 circumcisi
1027 1586 1134 1627 sunt,
1168 1586 1405 1621 manserunt
1436 1581 1475 1620 in
1507 1581 1649 1621 eodem
1680 1586 1905 1622 castrorum
1936 1581 2035 1629 loco,

124 1640 254 1681 donec
290 1644 542 1681 sanarentur.
611 1641 626 1663 ⁹
662 1639 860 1692 Dixitque
898 1639 1097 1680 Dominus
1135 1640 1187 1680 ad
1226 1640 1361 1680 Iosue:
1418 1639 1548 1680 Hodie
1586 1640 1736 1681 abstuli
1774 1640 2037 1694 opprobrium

125 1699 293 1753 AEgypti
310 1712 334 1739 a
349 1699 478 1740 vobis.
498 1698 782 1751 Vocatumque
799 1702 860 1739 est
876 1711 1024 1739 nomen
1040 1698 1115 1739 loci
1131 1698 1237 1739 illius
1254 1698 1435 1752 Galgala,
1456 1711 1582 1751 usque
1599 1699 1639 1739 in
1656 1704 1899 1752 praesentem
1916 1699 2034 1740 diem.

230 1760 265 1782 ¹⁰
291 1758 609 1810 Manseruntque
641 1756 709 1797 filii
741 1757 863 1798 Israel
891 1757 930 1797 in
960 1756 1148 1810 Galgalis,
1180 1762 1221 1798 et
1248 1758 1431 1799 fecerunt
1458 1757 1601 1801 Phase,
1633 1758 1941 1811 quartadecima
1968 1758 2031 1798 die
2060 1758 2218 1819 θθῑθῦξᾶξῑῡ

124 1818 272 1858 mensis
296 1817 348 1857 ad
371 1829 585 1870 vesperum
609 1816 649 1856 in
672 1816 967 1869 campestribus
994 1816 1166 1857 Iericho:
1219 1819 1248 1840 11
1272 1821 1313 1857 et
1336 1816 1601 1857 comederunt
1623 1817 1672 1857 de
1695 1817 1877 1870 frugibus
1902 1817 2032 1857 Terrae
2049 1801 2228 1855 εῗηέἓτέἶὲιῗε

124 1876 188 1917 die
205 1875 343 1920 altero,
363 1888 528 1929 azymos
546 1888 682 1929 panes,
701 1880 742 1916 et
759 1874 968 1928 polentam
985 1875 1164 1916 eiusdem
1182 1876 1289 1916 anni.
1337 1877 1367 1899 ¹2
1384 1875 1624 1928 Defecitque
1642 1888 1794 1916 manna
1810 1880 2032 1929 postquam
2077 1872 2200 1894 manu&

124 1935 389 1976 comederunt
406 1934 455 1975 de
472 1934 654 1988 frugibus
674 1934 814 1976 Terrae.
835 1947 907 1974 nec
925 1934 985 1974 usi
1003 1940 1099 1974 sunt
1116 1934 1224 1974 ultra
1241 1934 1330 1975 cibo
1348 1933 1414 1974 illo
1435 1933 1506 1974 filii
1526 1933 1661 1982 Israel,
1681 1934 1751 1975 sed
1770 1934 2034 1975 comederunt

123 1994 173 2035 de
202 1994 385 2047 frugibus
413 1993 623 2046 praesentis
653 1993 747 2032 anni
778 1992 908 2033 Terrae
936 1993 1143 2033 Chanaan.

229 2055 260 2077 ¹3
283 2052 384 2093 Cum
408 2057 547 2093 autem
570 2056 675 2092 esset
700 2052 815 2092 Iosue
839 2051 880 2091 in
904 2064 998 2104 agro
1022 2052 1132 2092 urbis
1160 2051 1324 2097 Iericho,
1351 2051 1506 2092 levavit
1529 2051 1676 2096 oculos,
1703 2056 1744 2092 et
1767 2051 1873 2092 vidit
1896 2052 2028 2091 virum
2062 2051 2211 2115 ‘issfficrissi‘ss

123 2116 304 2152 stantem
337 2115 479 2152 contra
510 2124 562 2155 se,
598 2110 861 2159 evaginatum
895 2115 1103 2151 tenentem
1134 2110 1327 2163 gladium,
1362 2109 1620 2162 perrexitque
1654 2110 1705 2150 ad
1739 2123 1843 2158 eum,
1879 2114 1920 2150 et
1952 2110 2028 2150 ait:
2060 2104 2213 2146 exercitus.

125 2170 274 2212 Noster
303 2183 355 2214 es,
388 2183 439 2210 an
470 2168 820 2210 adversariorum?
879 2171 909 2193 ¹⁴
940 2169 1017 2217 Qui
1046 2169 1276 2222 respondit:
1312 2169 1600 2222 Nequaquam:
1633 2168 1703 2209 sed
1733 2182 1821 2209 sum
1852 2169 2037 2222 princeps

125 2230 325 2271 exercitus
352 2228 531 2275 Domini,
561 2234 602 2269 et
628 2241 736 2268 nunc
765 2228 895 2269 venio.
954 2230 984 2252 ¹5
1011 2227 1167 2269 Cecidit
1197 2227 1313 2268 Iosue
1342 2240 1492 2280 pronus
1520 2227 1560 2267 in
1588 2232 1751 2269 terram.
1781 2227 1837 2268 Et
1865 2227 2037 2268 adorans

125 2288 201 2329 ait:
220 2288 328 2337 Quid
343 2288 544 2329 Dominus
561 2300 674 2328 meus
691 2287 873 2340 loquitur
889 2286 941 2327 ad
958 2299 1120 2327 servum
1137 2286 1281 2327 suum?
1327 2288 1360 2310 ¹⁶
1381 2285 1531 2333 bSolve,
1550 2286 1696 2339 inquit,
1716 2285 2038 2327 calceamentum

125 2351 245 2388 tuum
269 2347 318 2388 de
342 2346 514 2400 pedibus
539 2347 638 2387 tuis:
664 2345 774 2386 locus
800 2346 919 2391 enim,
946 2345 987 2385 in
1013 2359 1092 2397 quo
1117 2351 1213 2393 stas,
1241 2350 1406 2386 sanctus
1430 2350 1503 2386 est.
1530 2344 1725 2397 Fecitque
1751 2345 1868 2387 Iosue
1893 2350 1940 2386 ut
1963 2344 2038 2385 sibi

125 2406 261 2447 fuerat
287 2406 547 2459 imperatum.

415 2510 486 2561 II.
525 2509 897 2575 Expugnatio
936 2509 1119 2560 totius
1157 2510 1346 2570 terrae,
1386 2508 1753 2569 6,1—12,24.

648 2596 687 2635 1.
718 2594 905 2636 Eversio
935 2595 1063 2636 urbis
1094 2594 1279 2645 Iericho,
1308 2594 1348 2644 6,
1366 2595 1512 2634 1—27.

230 2660 268 2704 6.
324 2663 336 2685 ¹
361 2660 515 2702 Iericho
538 2665 677 2701 autem
700 2660 837 2701 clausa
858 2665 946 2701 erat
968 2665 1092 2713 atque
1115 2660 1287 2705 munita,
1313 2660 1456 2700 timore
1482 2658 1656 2700 filiorum
1681 2656 1815 2701 Israel,
1840 2660 1881 2697 et
1902 2655 2035 2697 nullus
2086 2655 2201 2716 Dlggffii

125 2719 259 2774 egredi
290 2719 470 2761 audebat
500 2724 572 2760 aut
601 2719 767 2773 ingredi.
826 2721 841 2743 2
870 2719 1068 2773 Dixitque
1098 2719 1299 2760 Dominus
1331 2719 1383 2759 ad
1415 2718 1550 2759 Iosue:
1583 2717 1687 2757 Ecce
1718 2715 1810 2756 dedi
1840 2715 1881 2755 in
1911 2727 2036 2754 manu

125 2783 200 2819 tua
218 2778 385 2828 Iericho,
405 2783 447 2819 et
462 2791 596 2832 regem
615 2778 710 2825 eius,
732 2791 952 2831 omnesque
970 2778 1094 2819 fortes
1113 2778 1233 2818 viros.
1280 2779 1296 2802 ³
1313 2777 1488 2818 Circuite
1506 2776 1648 2817 urbem
1667 2774 1802 2815 cuncti
1822 2772 2035 2814 bellatores

126 2837 249 2878 semel
277 2850 348 2891 per
376 2837 501 2878 diem:
533 2837 588 2877 sic
615 2837 772 2878 facietis
802 2850 871 2878 sex
901 2837 1054 2878 diebus.
1112 2839 1127 2861 ⁴¹
1155 2836 1338 2890 Septimo
1369 2840 1507 2876 autem
1537 2834 1600 2875 die
1629 2833 1857 2874 sacerdotes
1888 2831 2037 2873 tollant

126 2900 283 2949 septem
302 2896 504 2943 buccinas,
525 2909 698 2949 quarum
716 2909 811 2936 usus
829 2900 889 2936 est
906 2895 947 2936 in
963 2895 1125 2944 iubileo,
1145 2900 1186 2936 et
1202 2895 1436 2948 praecedant
1453 2906 1589 2934 arcam
1605 2891 1787 2933 foederis:
1807 2890 2036 2944 septiesque

126 2954 346 2995 circuibitis
378 2954 602 3001 civitatem,
636 2960 676 2995 et
707 2954 935 2995 sacerdotes
968 2954 1157 3008 clangent
1188 2953 1380 2995 buccinis.
1440 2955 1455 2977 ⁵
1486 2952 1668 3005 Cumque
1700 2950 1925 2991 insonuerit
1956 2961 2037 2989 vox

126 3013 238 3054 tubae
262 3013 418 3067 longior
442 3018 567 3067 atque
593 3013 799 3061 concisior,
828 3018 869 3054 et
893 3013 934 3053 in
960 3013 1124 3053 auribus
1151 3012 1296 3053 vestris
1321 3011 1577 3065 increpuerit,
1606 3008 1880 3050 conclamabit
1906 3007 2036 3049 omnis

125 3071 300 3125 populus
322 3072 613 3113 vociferatione
636 3072 827 3115 maxima,
853 3078 894 3112 et
915 3072 1020 3112 muri
1041 3071 1227 3112 funditus
1250 3074 1439 3112 corruent
1460 3069 1652 3117 civitatis,
1677 3067 2036 3122 ingredienturque

127 3130 273 3184 singuli
299 3144 370 3184 per
395 3130 529 3171 locum
557 3135 699 3171 contra
727 3143 848 3183 quem
874 3130 1074 3171 steterint.

233 3191 249 3213 ⁶
262 3189 437 3231 Vocavit
451 3202 544 3242 ergo
561 3189 677 3230 Iosue
695 3188 799 3230 filius
816 3189 911 3229 Nun
927 3189 1167 3237 sacerdotes,
1186 3193 1228 3230 et
1243 3188 1347 3229 dixit
1363 3188 1415 3228 ad
1430 3200 1514 3228 eos:
1533 3185 1677 3228 Tollite
1694 3197 1830 3226 arcam
1844 3183 2026 3224 foederis:
2075 3181 2198 3242 {fflfflf

126 3253 168 3288 et
200 3253 357 3301 septem
390 3247 457 3289 alii
490 3248 718 3288 sacerdotes
752 3247 900 3288 tollant
934 3252 1090 3301 septem
1123 3246 1364 3288 iubileorum
1399 3246 1601 3293 buccinas,
1638 3249 1679 3285 et
1711 3243 1904 3284 incedant
1937 3246 2031 3282 ante
2084 3252 2197 3308 *septies

127 3319 263 3347 arcam
294 3307 472 3348 Domini.
536 3308 549 3330 ⁷
582 3306 647 3346 Ad
678 3306 876 3360 populum
910 3319 1071 3360 quoque
1105 3307 1180 3347 ait:
1218 3306 1290 3354 Ite,
1326 3310 1367 3346 et
1399 3304 1564 3345 circuite
1597 3303 1820 3349 civitatem,
1870 3299 2028 3346 armati,
2066 3292 2207 3313 ⁶¹¹⁰¹¹¹¹¹¹’

127 3365 399 3418 praecedentes
425 3378 560 3406 arcam
586 3365 763 3406 Domini.
820 3366 836 3389 Β
860 3365 1043 3418 Cumque
1070 3364 1187 3406 Iosue
1212 3365 1337 3405 verba
1364 3363 1531 3412 finisset,
1559 3366 1600 3404 et
1624 3367 1780 3415 septem
1806 3358 2033 3400 sacerdotes

259 3473 302 3507 24
325 3473 397 3507 aEx
422 3476 475 3515 14,
500 3475 551 3509 21.
578 3495 619 3499 -
644 3475 676 3516 5,
701 3475 741 3508 16
765 3474 840 3507 bEx
863 3474 895 3515 3,
921 3475 956 3515 53
981 3475 1049 3508 Act
1073 3474 1104 3515 7,
1128 3473 1181 3507 33.
1806 3524 1827 3547 *

1753 3526 1802 3565 12
