2356 3760
319 230 396 269 918
1171 228 1316 262 LIBER
1341 228 1366 262 I.
1962 232 1992 272 9,
2019 232 2161 272 53-10,
2188 235 2227 267 11

308 323 341 346 53
369 326 409 361 et
437 322 594 376 accepit
622 322 723 363 filios
751 322 983 375 principum
1011 321 1184 372 regionis
1213 321 1384 367 obsides,
1424 326 1466 362 et
1492 322 1631 375 posuit
1657 335 1724 364 eos
1751 323 1791 364 in
1820 337 1910 365 arce
1938 325 1978 365 in
2009 325 2228 367 Ierusalem

309 380 347 420 in
379 381 621 422 custodiam.

123 442 282 500 “f-x1fj,‘i‘¹¹l·fk¹)¹“
415 441 448 463 ⁵4
472 439 525 480 Et
552 453 658 480 anno
684 439 904 480 centesimo
931 438 1268 492 quinquagesimo
1293 439 1427 485 tertio,
1454 452 1591 480 mense
1615 440 1805 489 secundo,
1831 442 2025 495 praecepit
2048 442 2229 484 Alcimus

134 496 270 541 sin—rnew
310 498 464 539 destrui
497 512 632 539 muros
664 498 809 538 domus
841 504 994 538 sanctie
1026 497 1238 543 interioris,
1273 503 1314 538 et
1345 498 1497 539 destrui
1532 512 1654 552 opera
1684 499 1998 552 prophet-arum:
2033 506 2074 542 et
2105 502 2231 555 coepit

307 557 525 598 destruere.
579 559 610 580 ⁵⁵
640 557 682 596 ln
708 562 891 609 tempore
916 555 982 597 illo
1006 569 1220 609 percussus
1245 561 1306 597 est
1330 555 1529 597 Alcimus:
1555 563 1597 598 et
1620 558 1820 611 impedita
1843 563 1940 599 sunt
1964 572 2086 613 opera
2109 560 2227 608 illius,

308 621 349 655 et
376 615 580 656 occlusum
609 619 670 655 est
696 628 738 655 os
765 615 860 659 eius,
890 620 931 655 et
956 614 1178 656 dissolutus
1205 620 1267 656 est
1291 614 1482 669 paralysi,
1510 628 1583 656 nec
1609 615 1718 657 ultra
1742 616 1881 669 potuit
1904 616 2017 671 loqui
2043 618 2226 667 verbum,

311 680 351 714 et
372 674 567 714 mandare
587 673 636 714 de
658 674 779 714 domo
801 687 884 715 sua.
934 675 969 698 66
989 673 1046 715 Εῖ
1065 679 1252 715 mortuus
1273 679 1334 715 est
1354 673 1535 715 Alcimus
1556 674 1595 715 in
1618 681 1801 728 tempore
1821 675 1888 716 illo
1909 689 2001 716 cum
2023 681 2229 718 tormento

310 745 468 778 magno.

119 790 285 849 Γζζῑψζζξῇζῂ,
415 792 450 814 ⁵⁷
473 790 527 831 Et
551 790 655 832 vidit
679 791 901 832 Bacchides
925 791 1117 845 quoniam
1141 796 1328 832 mortuus
1350 796 1412 832 est
1432 791 1632 832 Alcimus:
1656 797 1697 833 et
1718 805 1902 834 reversus
1925 798 1987 834 est
2007 794 2059 834 ad
2081 807 2227 848 regem,

281 845 285 850 ’
310 854 350 889 et
378 849 489 889 siluit
519 854 626 890 terra
654 850 770 890 annis
799 851 970 892 duobus.

121 907 284 965 i¹t³fsfif¹¹¹¹j1¹ss
413 909 449 931 66
474 908 529 948 Et
553 909 840 962 cogitaverunt
864 922 1003 949 omnes
1028 909 1156 962 iniqui
1180 909 1379 950 dicentes:
1406 909 1511 950 Ecce
1538 909 1745 955 Ionathas,
1773 915 1814 951 et
1839 910 1907 964 qui
1932 924 2023 951 cum
2049 924 2094 952 eo
2119 916 2227 959 sunt,

151 977 254 1007 inimus
309 966 348 1007 in
370 966 530 1008 silentio
551 967 744 1008 habitant
763 968 1032 1009 confidenter:
1055 981 1162 1008 nunc
1182 980 1274 1021 ergo
1295 968 1549 1009 adducamus
1572 968 1828 1016 Bacchidem,
1852 974 1893 1010 et
1912 970 2231 1023 comprehendet

143 1014 261 1037 ‘*‘'‘'³¹'¹‘
309 1039 374 1065 eos
405 1039 544 1066 omnes
575 1040 657 1067 una
685 1032 815 1067 nocte.
873 1028 909 1051 ⁵⁹
938 1026 994 1067 Et
1022 1027 1224 1073 abierunt,
1256 1031 1297 1067 et
1326 1026 1538 1068 consilium
1568 1027 1603 1067 ei
1632 1027 1845 1069 dederunt.
1906 1030 1942 1052 ⁶⁰
1970 1029 2026 1069 Et
2054 1029 2232 1069 surrexit

308 1090 354 1124 ut
382 1084 539 1125 veniret
566 1098 657 1125 cum
685 1085 866 1126 exercitu
893 1085 1043 1126 multo:
1072 1090 1114 1126 et
1139 1085 1251 1126 misit
1279 1085 1436 1126 occulte
1463 1085 1655 1139 epistolas
1682 1086 1798 1127 sociis
1825 1087 1918 1135 suis,
1950 1087 2018 1141 qui
2045 1092 2163 1128 erant
2189 1087 2230 1128 in

315 1143 459 1184 ludfea.
484 1149 529 1184 ut
550 1144 943 1197 comprehenderent
966 1144 1183 1189 Ionathan,
1207 1149 1247 1185 et
1268 1158 1347 1193 eos,
1371 1144 1439 1198 qui
1460 1158 1553 1185 cum
1574 1158 1619 1186 eo
1641 1150 1776 1186 erant:
1798 1146 1869 1186 sed
1888 1159 1970 1187 non
1990 1151 2228 1199 potuerunt,

308 1201 403 1254 quia
432 1202 613 1243 innotuit
643 1202 698 1243 eis
728 1203 941 1244 consilium
972 1216 1123 1244 eorum.

112 1261 149 1320 ᾖξ’
167 1261 289 1321 ξζζζζζξῐῄζ·
417 1262 447 1284 61
474 1260 530 1301 Et
555 1261 827 1314 apprehendit
851 1262 901 1302 de
927 1261 1021 1302 viris
1046 1262 1231 1315 regionis,
1261 1262 1329 1316 qui
1354 1262 1556 1316 principes
1581 1267 1699 1303 erant
1723 1262 1902 1311 malitiae‚
1931 1263 2232 1317 quinquaginta

170 1312 183 1320 ⁷
310 1319 428 1365 viros,
460 1324 501 1360 et
530 1320 677 1361 occidit
707 1334 791 1361 eos:
851 1322 883 1345 ⁶2
911 1326 953 1362 et
980 1321 1145 1363 secessit
1174 1321 1383 1369 Ionathas,
1414 1326 1456 1362 et
1482 1321 1635 1365 Simon,
1681 1326 1722 1362 et
1751 1321 1819 1375 qui
1848 1335 1940 1363 cum
1969 1336 2015 1363 eo
2044 1328 2162 1363 erant
2189 1322 2229 1363 in

308 1378 573 1423 Bethbessen,
606 1392 696 1433 quae
725 1384 787 1420 est
815 1380 855 1420 in
886 1381 1066 1421 deserto:
1098 1385 1139 1421 et
1168 1380 1353 1433 extruxit
1382 1380 1521 1421 diruta
1549 1380 1645 1426 eius,
1677 1385 1719 1421 et
1748 1381 2018 1421 firmaverunt
2047 1394 2149 1422 eam.

115 1436 290 1497 Βρξζζῇᾗξψῃ
417 1439 449 1462 63
487 1437 543 1478 Εῖ
582 1438 774 1491 cognovit
814 1439 1050 1484 Bacchides,
1091 1444 1132 1479 et
1171 1439 1435 1493 congregavit
1472 1439 1705 1480 universam
1744 1439 2054 1480 multitudinem
2093 1453 2228 1480 suam:

162 1491 246 1547 mid?
310 1502 349 1536 et
381 1496 454 1542 his,
489 1497 557 1549 qui
589 1497 638 1538 de
672 1497 810 1538 Iudaea
841 1503 969 1545 erant,
1004 1498 1281 1539 denunciavit.
1344 1500 1377 1522 ⁶⁴
1408 1498 1464 1539 Et
1494 1498 1620 1543 venit,
1654 1502 1696 1539 et
1725 1502 1861 1540 castra
1890 1499 2029 1552 posuit
2059 1499 2232 1552 desuper

127 1543 274 1570 ³‘f¹¹“¹*¹¹¹²
310 1555 581 1597 Bethbessen:
617 1561 659 1597 et
692 1557 950 1610 oppugnavit
983 1570 1071 1597 eam
1106 1557 1190 1598 dies
1224 1556 1388 1605 multos,
1423 1562 1465 1598 et
1496 1556 1594 1598 fecit
1626 1557 1849 1598 machinas.
1914 1559 1946 1582 66
1979 1557 2036 1598 Εῖ
2067 1557 2232 1611 reliquit

308 1614 504 1655 Ionathas
534 1615 742 1656 Simonem
772 1616 941 1656 fratrem
971 1630 1090 1656 suum
1120 1616 1160 1656 in
1191 1616 1371 1659 civitate.
1405 1620 1446 1656 et
1475 1615 1574 1656 exiit
1604 1615 1643 1656 in
1674 1616 1891 1669 regionem,
1924 1621 1965 1657 et
1994 1616 2109 1657 venit
2138 1630 2231 1657 cum

305 1686 486 1721 numero,
544 1675 579 1697 66
604 1678 645 1714 et
670 1674 870 1727 percussit
895 1674 1070 1721 Odaren,
1099 1679 1140 1715 et
1165 1674 1311 1715 fratres
1337 1674 1434 1722 eius
1461 1679 1503 1715 et
1527 1673 1629 1715 filios
1655 1674 1862 1716 Phaseron
1887 1675 1929 1715 in
1954 1674 2230 1716 tabernaculis

305 1731 498 1785 ipsorum,
531 1738 572 1773 et
601 1732 727 1786 coepit
756 1733 918 1778 caedere,
951 1738 992 1774 et
1021 1746 1196 1774 crescere
1225 1733 1265 1773 in
1295 1733 1532 1774 virtutibus
1594 1735 1628 1757 ⁶⁷
1657 1733 1797 1775 Simon
1828 1746 1935 1781 vero,
1967 1738 2009 1775 et
2039 1733 2108 1787 qui
2137 1747 2229 1775 cum

303 1790 391 1843 ipso
425 1796 553 1837 erant,
589 1791 777 1832 exierunt
808 1792 858 1832 de
891 1792 1072 1841 civitate,
1108 1797 1149 1833 et
1181 1792 1481 1833 succenderunt
1512 1792 1735 1837 machinas,
1799 1794 1835 1816 66
1866 1797 1908 1833 et
1939 1797 2232 1846 pugnaverunt

307 1855 451 1890 contra
473 1850 732 1896 Bacchidem,
757 1855 798 1891 et
819 1851 1020 1892 contritus
1042 1856 1104 1892 est
1125 1851 1176 1892 ab
1198 1851 1271 1892 eis:
1295 1856 1336 1892 et
1357 1851 1595 1892 afflixerunt
1615 1864 1707 1892 eum
1730 1851 1861 1896 valde,
1887 1851 2081 1905 quoniam
2103 1851 2231 1892 consi-

306 1907 404 1949 lium
435 1908 531 1954 eius,
564 1913 605 1950 et
635 1922 871 1963 congressus
902 1910 985 1951 eius
1016 1915 1105 1951 erat
1133 1910 1277 1951 inanis.

120 1966 282 2026 mssflsslffffim
417 1969 452 1991 69
468 1968 523 2009 Εῖ
537 1968 666 2009 iratus
682 1974 826 2010 contra
841 1969 948 2011 viros
964 1968 1136 2023 iniquos,
1156 1969 1225 2023 qui
1241 1969 1275 2009 ei
1291 1968 1504 2010 consilium
1520 1969 1719 2010 dederant
1734 1974 1782 2010 ut
1796 1968 1955 2010 veniret
1969 1969 2010 2010 in
2026 1969 2231 2023 regionem

143 2010 257 2064 oin-mit,
308 2026 502 2079 ipsorum,
533 2027 684 2068 multos
706 2041 755 2068 ex
776 2028 831 2069 eis
852 2028 1018 2069 occidit:
1048 2029 1133 2082 ipse
1154 2033 1293 2069 autem
1315 2028 1515 2081 cogitavit
1535 2041 1627 2069 cum
1648 2027 1812 2081 reliquis
1834 2027 1944 2069 abire
1964 2028 2005 2068 in
2026 2027 2230 2082 regionem

307 2098 436 2127 suam.

98 2149 303 2198 ⁰³¹3?}5³¹¹³¹¹¹³
417 2146 453 2169 ⁷⁰
475 2145 531 2185 Et
553 2146 747 2199 cognovit
771 2146 987 2187 Ionathas:
1012 2151 1054 2187 et
1076 2146 1188 2187 misit
1211 2147 1263 2187 ad
1286 2159 1378 2187 eum
1402 2145 1557 2200 legatos
1580 2159 1823 2199 componere
1846 2158 1989 2199 pacem
2012 2159 2105 2187 cum
2128 2145 2228 2199 ipso,

99 2187 292 2245 ι’ῗὲἶίῗῖῑῗῖιῖἶ
308 2209 349 2243 et
376 2203 543 2244 reddere
571 2204 605 2244 ei
633 2205 933 2257 captivitatem.
993 2207 1024 2229 ⁷¹
1052 2205 1108 2246 Et
1134 2204 1309 2245 libenter
1335 2204 1504 2258 accepit,
1535 2209 1576 2245 et
1602 2205 1700 2245 fecit
1726 2205 1951 2246 secundum
1979 2204 2106 2246 verba
2132 2204 2228 2253 eius,

306 2266 346 2302 et
374 2262 527 2303 iuravit
555 2276 595 2303 se
624 2262 723 2304 nihil
750 2264 957 2304 facturum
987 2263 1021 2304 ei
1049 2263 1144 2304 mali
1174 2263 1363 2304 omnibus
1392 2263 1534 2305 diebus
1564 2264 1660 2305 vitae
1688 2264 1783 2304 eius.
1844 2265 1876 2288 ⁷2
1904 2264 1960 2304 Et
1987 2263 2167 2304 reddidit
2195 2262 2230 2304 ei

305 2321 606 2374 captivitatem.
631 2335 754 2375 quam
775 2322 886 2375 prius
908 2328 996 2363 erat
1015 2323 1223 2376 praedatus
1244 2323 1293 2364 de
1314 2327 1423 2364 terra
1446 2322 1566 2363 luda:
1589 2326 1631 2363 et
1651 2335 1870 2363 conversus
1892 2322 1995 2363 abiit
2015 2322 2056 2363 in
2077 2327 2230 2363 terram

305 2393 434 2426 suam,
467 2386 508 2420 et
537 2394 618 2422 non
649 2382 843 2434 apposuit
872 2381 1046 2435 amplius
1078 2381 1215 2422 venire
1244 2381 1285 2422 in
1315 2381 1414 2422 fines
1445 2381 1547 2421 eius:

133 2441 271 2466 mmm<
417 2441 449 2463 ⁷³
475 2439 531 2480 Et
557 2440 733 2481 cessavit
757 2439 916 2493 gladius
943 2454 992 2481 ex
1021 2440 1162 2481 Israel:
1192 2445 1233 2481 et
1258 2440 1467 2481 habitavit
1495 2440 1691 2481 Ionathas
1718 2440 1758 2480 in
1785 2440 2008 2484 Machmas,
2037 2445 2079 2480 et
2105 2438 2230 2493 coepit

133 2476 270 2506 populum

142 2512 258 2537 man-an
311 2497 507 2539 Ionathas
537 2498 593 2539 ibi
623 2498 801 2540 iudicare
830 2499 1040 2553 populum,
1074 2504 1115 2540 et
1145 2499 1437 2540 exterminavit
1466 2498 1612 2552 impios
1643 2512 1691 2539 ex
1724 2498 1858 2540 Israel.

790 2603 829 2643 2.
861 2602 1124 2644 Alexandro
1155 2603 1182 2643 l.
1213 2603 1333 2643 Balae
1364 2602 1504 2653 favet,
1535 2604 1599 2651 10,
1618 2602 1766 2643 1—50.

134 2676 266 2735 &gsssj‘ssl'j‘
413 2674 476 2717 10.
533 2677 545 2698 ¹
574 2674 629 2715 Et
656 2687 763 2716 anno
791 2674 1012 2716 centesimo
1040 2674 1291 2728 sexagesimo
1319 2674 1504 2715 ascendit
1530 2673 1763 2715 Alexander
1789 2672 1981 2713 Antiochi
2014 2672 2131 2721 filius,
2162 2672 2229 2738 qui

123 2747 280 2776 E1·i1·111211i;
308 2732 620 2783 cognominatus
638 2738 699 2774 est
718 2733 892 2774 Nobilis:
912 2739 951 2774 et
970 2734 1190 2787 occupavit
1206 2733 1525 2775 Ptolemaidam:
1545 2738 1586 2774 et
1602 2737 1843 2786 receperunt
1860 2744 1964 2775 eum.
1984 2736 2026 2772 et
2041 2737 2231 2785 regnavit

151 2785 214 2805 eunt
223 2789 248 2805 ra

116 2818 291 2841 1‚,‚„„.1m„
309 2791 399 2832 illic.
460 2794 474 2816 2
506 2792 562 2833 Et
592 2792 753 2833 audivit
784 2792 1016 2833 Demetrius
1047 2806 1129 2841 rex,
1163 2797 1204 2833 et
1235 2792 1498 2846 congregavit
1528 2792 1753 2833 exercitum
1785 2790 1993 2844 copiosum
2025 2790 2156 2839 valde,
2190 2795 2231 2831 et

152 2853 250 2879 ⁵¹¹¹·fflf-
309 2851 437 2891 exivit
467 2851 631 2892 obviam
663 2850 718 2892 illi
747 2851 788 2891 in
818 2851 1015 2904 praelium.

127 2918 275 2970 ‘¹12¹“sg‘ss'1'ff
412 2913 427 2935 3
442 2909 498 2950 Et
513 2909 623 2951 misit
639 2910 871 2950 Demetrius
887 2909 1101 2964 epistolam
1119 2910 1170 2951 ad
1188 2909 1392 2951 Ionathan
1409 2909 1541 2950 verbis
1557 2909 1747 2962 pacificis,
1765 2913 1812 2949 ut
1827 2908 2107 2962 magnificaret
2122 2921 2227 2949 eum.

164 2954 259 3020 '1¹·'1‘·1r.-i‘'
310 2970 324 2991 ‘¹
348 2968 463 3008 Dixit
488 2969 613 3009 enim:
639 2969 922 3022 Anticipemus
946 2969 1077 3009 facere
1100 2982 1242 3021 pacem
1267 2982 1359 3009 cum
1384 2982 1441 3016 eo,
1468 2968 1706 3022 priusquam
1730 2967 1857 3008 faciat
1879 2980 1972 3007 cum
1995 2966 2229 3007 Alexandro

132 3017 271 3042 ‘⁷‘'¹¹‘'‘³‘¹¹‘·
309 3027 525 3067 adversum
558 3041 641 3069 nos.
701 3030 715 3052 ⁵
746 3028 1028 3069 recordabitur
1058 3028 1164 3068 enim
1197 3028 1379 3069 omnium
1410 3027 1624 3073 malorum,
1659 3040 1748 3080 quae
1778 3025 1947 3066 fecimus
1978 3025 2018 3066 in
2050 3039 2154 3074 eum,
2188 3029 2229 3065 et

308 3085 348 3125 in
369 3086 534 3126 tratrem
558 3087 652 3130 eius,
676 3092 717 3128 et
737 3087 776 3128 in
795 3092 960 3141 gentem
981 3087 1076 3128 eius.
1129 3089 1143 3110 6
1163 3087 1218 3127 Εῖ
1238 3087 1352 3127 dedit
1371 3086 1405 3127 ei
1425 3091 1676 3139 potestatem
1697 3084 1969 3138 congregandi
1989 3083 2226 3131 exercitum,

309 3149 347 3183 et
373 3144 600 3185 fabrificare
625 3159 750 3193 arma,
778 3151 819 3186 et
843 3159 927 3187 esse
952 3146 1085 3199 ipsum
1110 3145 1264 3186 socium
1290 3145 1392 3186 eius:
1419 3151 1460 3186 et
1484 3144 1655 3188 obsides,
1684 3144 1752 3197 qui
1777 3148 1894 3184 erant
1918 3143 1957 3183 in
1983 3156 2084 3191 arce,
2112 3141 2229 3183 iussit

313 3203 417 3243 tradi
450 3203 494 3243 ei.

152 3259 255 3319 ‘gt'fft'ffi
419 3264 431 3285 ⁷
463 3262 517 3302 Et
547 3263 660 3303 venit
692 3263 887 3304 lonathas
917 3263 957 3303 in
990 3263 1220 3311 Ierusalem,
1253 3268 1293 3303 et
1322 3262 1419 3313 legit
1447 3262 1639 3316 epistolas
1670 3262 1709 3302 in
1740 3261 1884 3302 auditu
1915 3260 2045 3302 omnis
2074 3258 2227 3313 populi,

153 3311 255 3356 initur:
312 3325 351 3360 et
381 3333 531 3362 eorum.
565 3322 630 3375 qui
663 3322 700 3361 in
730 3335 820 3363 arce
849 3327 977 3363 erant„
1037 3324 1052 3345 6
1082 3322 1136 3362 Et.
1164 3322 1393 3362 timuerunt
1421 3321 1566 3362 timore
1596 3334 1755 3371 magno,
1788 3319 1980 3373 quoniam
2011 3317 2230 3359 audierunt

313 3380 421 3432 quod
450 3379 563 3419 dedit
592 3380 625 3419 ei
654 3393 721 3420 rex
753 3385 999 3433 potestatem
1030 3381 1301 3431 congregandi
1331 3380 1566 3421 exercitum.
1626 3382 1640 3404 ⁹
1668 3380 1724 3420 Et
1751 3378 1893 3419 traditi
1920 3382 2017 3418 sunt
2047 3376 2231 3417 Ionathae

311 3437 482 3479 obsides,
516 3443 557 3477 et
588 3438 763 3479 reddidit
795 3453 861 3480 eos
893 3439 1131 3492 parentibus
1163 3439 1262 3479 suis:
1324 3441 1357 3462 ¹⁰
1386 3444 1428 3479 et
1458 3438 1665 3479 habitavit
1700 3437 1892 3479 Ionathas
1923 3435 1962 3476 in
1996 3434 2227 3481 Ierusalem,

312 3502 353 3537 et
371 3496 495 3549 cmpit
513 3496 724 3541 aedificare,
745 3504 783 3537 et
803 3498 998 3539 innovare
1016 3498 1241 3539 civitatem.
1289 3500 1317 3522 ¹¹
1337 3498 1392 3538 Et
1409 3497 1514 3538 dixit
1530 3497 1775 3537 facientibus
1793 3508 1915 3549 opera
1932 3500 1978 3535 ut
1995 3497 2231 3535 extruerent

313 3569 461 3597 muros,
499 3561 540 3596 et
574 3561 754 3597 montem
791 3556 885 3597 Sion
921 3557 961 3598 in
996 3557 1167 3598 circuitu
1202 3556 1406 3610 lapidibus
1442 3555 1653 3610 quadratis
1688 3556 1739 3596 ad
1773 3554 2062 3595 munitionem:
2099 3557 2140 3593 et
2172 3552 2232 3592 ita
