<?xml version="1.0" encoding="UTF-8"?>
<!DOCTYPE html PUBLIC "-//W3C//DTD XHTML 1.0 Transitional//EN"
    "http://www.w3.org/TR/xhtml1/DTD/xhtml1-transitional.dtd">
<html xmlns="http://www.w3.org/1999/xhtml" xml:lang="en" lang="en">
 <head>
  <title>
</title>
<meta http-equiv="Content-Type" content="text/html;charset=utf-8" />
  <meta name='ocr-system' content='tesseract 3.04.00' />
  <meta name='ocr-capabilities' content='ocr_page ocr_carea ocr_par ocr_line ocrx_word'/>
</head>
<body>
  <div class='ocr_page' id='page_1' title='image "./bibliasacravulga00helzuoft_0863.png"; bbox 0 0 2356 3760; ppageno 0'>
   <div class='ocr_carea' id='block_1_1' title="bbox 68 84 308 123">
    <p class='ocr_par' dir='ltr' id='par_1_1' title="bbox 68 84 308 123">
     <span class='ocr_line' id='line_1_1' title="bbox 68 84 308 123; baseline -0.004 -6"><span class='ocrx_word' id='word_1_1' title='bbox 68 84 98 123; x_wconf 89' lang='lat'>3,</span> <span class='ocrx_word' id='word_1_2' title='bbox 124 84 241 123; x_wconf 80' lang='lat'>41—3‚</span> <span class='ocrx_word' id='word_1_3' title='bbox 268 84 308 116; x_wconf 77' lang='lat'>78</span> 
     </span>
    </p>
   </div>
   <div class='ocr_carea' id='block_1_2' title="bbox 903 80 1961 123">
    <p class='ocr_par' dir='ltr' id='par_1_2' title="bbox 903 80 1961 123">
     <span class='ocr_line' id='line_1_2' title="bbox 903 80 1961 123; baseline 0.009 -9"><span class='ocrx_word' id='word_1_4' title='bbox 903 80 1125 114; x_wconf 83' lang='lat' dir='ltr'>DANIELIS</span> <span class='ocrx_word' id='word_1_5' title='bbox 1885 81 1961 123; x_wconf 70' lang='lat'>839</span> 
     </span>
    </p>
   </div>
   <div class='ocr_carea' id='block_1_3' title="bbox 68 173 1969 344">
    <p class='ocr_par' dir='ltr' id='par_1_3' title="bbox 68 173 1969 344">
     <span class='ocr_line' id='line_1_3' title="bbox 68 173 1966 229; baseline -0.001 -11"><span class='ocrx_word' id='word_1_6' title='bbox 68 178 109 218; x_wconf 92' lang='lat' dir='ltr'>in</span> <span class='ocrx_word' id='word_1_7' title='bbox 126 183 177 218; x_wconf 85' lang='lat' dir='ltr'>te.</span> <span class='ocrx_word' id='word_1_8' title='bbox 222 178 253 201; x_wconf 76' lang='lat'>4¹</span> <span class='ocrx_word' id='word_1_9' title='bbox 270 176 326 216; x_wconf 90' lang='lat' dir='ltr'>Et</span> <span class='ocrx_word' id='word_1_10' title='bbox 340 189 448 216; x_wconf 91' lang='lat' dir='ltr'>nunc</span> <span class='ocrx_word' id='word_1_11' title='bbox 465 175 671 229; x_wconf 81' lang='lat' dir='ltr'>sequimur</span> <span class='ocrx_word' id='word_1_12' title='bbox 686 179 726 214; x_wconf 87' lang='lat' dir='ltr'>te</span> <span class='ocrx_word' id='word_1_13' title='bbox 741 174 782 213; x_wconf 93' lang='lat' dir='ltr'>in</span> <span class='ocrx_word' id='word_1_14' title='bbox 799 177 887 214; x_wconf 91' lang='lat' dir='ltr'>toto</span> <span class='ocrx_word' id='word_1_15' title='bbox 905 174 1034 220; x_wconf 84' lang='lat' dir='ltr'>corde,</span> <span class='ocrx_word' id='word_1_16' title='bbox 1054 178 1094 214; x_wconf 89' lang='lat' dir='ltr'>et</span> <span class='ocrx_word' id='word_1_17' title='bbox 1110 173 1301 214; x_wconf 88' lang='lat' dir='ltr'>timemus</span> <span class='ocrx_word' id='word_1_18' title='bbox 1318 178 1369 221; x_wconf 87' lang='lat' dir='ltr'>te,</span> <span class='ocrx_word' id='word_1_19' title='bbox 1389 178 1429 214; x_wconf 89' lang='lat' dir='ltr'>et</span> <span class='ocrx_word' id='word_1_20' title='bbox 1446 173 1661 226; x_wconf 81' lang='lat' dir='ltr'>quaerimus</span> <span class='ocrx_word' id='word_1_21' title='bbox 1678 174 1821 214; x_wconf 83' lang='lat' dir='ltr'>faciem</span> <span class='ocrx_word' id='word_1_22' title='bbox 1839 180 1966 216; x_wconf 81' lang='lat' dir='ltr'>tuam.</span> 
     </span>
     <span class='ocr_line' id='line_1_4' title="bbox 68 231 1969 276; baseline -0.001 -1"><span class='ocrx_word' id='word_1_23' title='bbox 68 238 100 260; x_wconf 73' lang='lat'>42</span> <span class='ocrx_word' id='word_1_24' title='bbox 127 236 185 276; x_wconf 81' lang='lat' dir='ltr'>Ne</span> <span class='ocrx_word' id='word_1_25' title='bbox 211 235 437 276; x_wconf 85' lang='lat' dir='ltr'>confundas</span> <span class='ocrx_word' id='word_1_26' title='bbox 462 247 553 275; x_wconf 91' lang='lat' dir='ltr'>nos:</span> <span class='ocrx_word' id='word_1_27' title='bbox 580 233 650 273; x_wconf 91' lang='lat' dir='ltr'>sed</span> <span class='ocrx_word' id='word_1_28' title='bbox 673 232 738 271; x_wconf 88' lang='lat' dir='ltr'>fac</span> <span class='ocrx_word' id='word_1_29' title='bbox 763 231 974 272; x_wconf 88' lang='lat' dir='ltr'>nobiscum</span> <span class='ocrx_word' id='word_1_30' title='bbox 1000 232 1118 273; x_wconf 81' lang='lat' dir='ltr'>iuxta</span> <span class='ocrx_word' id='word_1_31' title='bbox 1142 232 1499 273; x_wconf 83' lang='lat' dir='ltr'>mansuetudinem</span> <span class='ocrx_word' id='word_1_32' title='bbox 1525 237 1652 276; x_wconf 89' lang='lat' dir='ltr'>tuam,</span> <span class='ocrx_word' id='word_1_33' title='bbox 1681 238 1722 273; x_wconf 90' lang='lat' dir='ltr'>et</span> <span class='ocrx_word' id='word_1_34' title='bbox 1747 234 1969 274; x_wconf 88' lang='lat' dir='ltr'>secundum</span> 
     </span>
     <span class='ocr_line' id='line_1_5' title="bbox 68 290 1969 344; baseline -0.002 -10"><span class='ocrx_word' id='word_1_35' title='bbox 68 293 374 334; x_wconf 80' lang='lat' dir='ltr'>multitudinem</span> <span class='ocrx_word' id='word_1_36' title='bbox 398 290 679 333; x_wconf 68' lang='lat' dir='ltr'>misericordiae</span> <span class='ocrx_word' id='word_1_37' title='bbox 702 295 794 330; x_wconf 82' lang='lat' dir='ltr'>tuae.</span> <span class='ocrx_word' id='word_1_38' title='bbox 848 292 881 314; x_wconf 79' lang='lat'>4³</span> <span class='ocrx_word' id='word_1_39' title='bbox 905 290 959 331; x_wconf 81' lang='lat' dir='ltr'>Et</span> <span class='ocrx_word' id='word_1_40' title='bbox 986 303 1078 331; x_wconf 82' lang='lat' dir='ltr'>erue</span> <span class='ocrx_word' id='word_1_41' title='bbox 1102 304 1174 331; x_wconf 92' lang='lat' dir='ltr'>nos</span> <span class='ocrx_word' id='word_1_42' title='bbox 1199 290 1239 330; x_wconf 93' lang='lat' dir='ltr'>in</span> <span class='ocrx_word' id='word_1_43' title='bbox 1263 290 1517 331; x_wconf 87' lang='lat' dir='ltr'>mirabilibus</span> <span class='ocrx_word' id='word_1_44' title='bbox 1542 290 1634 340; x_wconf 87' lang='lat' dir='ltr'>tuis,</span> <span class='ocrx_word' id='word_1_45' title='bbox 1661 296 1702 331; x_wconf 90' lang='lat' dir='ltr'>et</span> <span class='ocrx_word' id='word_1_46' title='bbox 1726 291 1780 331; x_wconf 89' lang='lat' dir='ltr'>da</span> <span class='ocrx_word' id='word_1_47' title='bbox 1801 291 1969 344; x_wconf 79' lang='lat' dir='ltr'>gloriam</span> 
     </span>
    </p>
   </div>
   <div class='ocr_carea' id='block_1_4' title="bbox 67 350 540 394">
    <p class='ocr_par' dir='ltr' id='par_1_4' title="bbox 67 350 540 394">
     <span class='ocr_line' id='line_1_6' title="bbox 67 350 540 394; baseline -0.011 -1"><span class='ocrx_word' id='word_1_48' title='bbox 67 352 221 394; x_wconf 90' lang='lat' dir='ltr'>nomini</span> <span class='ocrx_word' id='word_1_49' title='bbox 249 357 320 393; x_wconf 91' lang='lat' dir='ltr'>tuo</span> <span class='ocrx_word' id='word_1_50' title='bbox 348 350 540 392; x_wconf 82' lang='lat' dir='ltr'>Domine:</span> 
     </span>
    </p>
   </div>
   <div class='ocr_carea' id='block_1_5' title="bbox 67 406 1544 460">
    <p class='ocr_par' dir='ltr' id='par_1_5' title="bbox 67 406 1544 460">
     <span class='ocr_line' id='line_1_7' title="bbox 67 406 1544 460; baseline -0.003 -8"><span class='ocrx_word' id='word_1_51' title='bbox 67 411 372 452; x_wconf 86' lang='lat' dir='ltr'>confundantur</span> <span class='ocrx_word' id='word_1_52' title='bbox 395 409 434 448; x_wconf 93' lang='lat' dir='ltr'>in</span> <span class='ocrx_word' id='word_1_53' title='bbox 460 407 569 448; x_wconf 91' lang='lat' dir='ltr'>omni</span> <span class='ocrx_word' id='word_1_54' title='bbox 593 406 781 460; x_wconf 87' lang='lat' dir='ltr'>potentia</span> <span class='ocrx_word' id='word_1_55' title='bbox 805 412 888 455; x_wconf 88' lang='lat' dir='ltr'>tua,</span> <span class='ocrx_word' id='word_1_56' title='bbox 916 412 957 447; x_wconf 89' lang='lat' dir='ltr'>et</span> <span class='ocrx_word' id='word_1_57' title='bbox 980 407 1104 448; x_wconf 88' lang='lat' dir='ltr'>robur</span> <span class='ocrx_word' id='word_1_58' title='bbox 1128 419 1267 448; x_wconf 89' lang='lat' dir='ltr'>eorum</span> <span class='ocrx_word' id='word_1_59' title='bbox 1292 413 1544 448; x_wconf 82' lang='lat' dir='ltr'>conteratur:</span> 
     </span>
    </p>
   </div>
   <div class='ocr_carea' id='block_1_6' title="bbox 595 348 1967 402">
    <p class='ocr_par' dir='ltr' id='par_1_6' title="bbox 595 348 1967 402">
     <span class='ocr_line' id='line_1_8' title="bbox 595 348 1967 402; baseline 0.001 -14"><span class='ocrx_word' id='word_1_60' title='bbox 595 350 628 372; x_wconf 80' lang='lat'>‘¹⁴¹</span> <span class='ocrx_word' id='word_1_61' title='bbox 655 353 697 389; x_wconf 88' lang='lat' dir='ltr'>et</span> <span class='ocrx_word' id='word_1_62' title='bbox 724 348 1030 389; x_wconf 86' lang='lat' dir='ltr'>confundantur</span> <span class='ocrx_word' id='word_1_63' title='bbox 1058 362 1207 395; x_wconf 87' lang='lat' dir='ltr'>omnes,</span> <span class='ocrx_word' id='word_1_64' title='bbox 1240 349 1307 402; x_wconf 93' lang='lat' dir='ltr'>qui</span> <span class='ocrx_word' id='word_1_65' title='bbox 1336 350 1559 390; x_wconf 84' lang='lat' dir='ltr'>ostendunt</span> <span class='ocrx_word' id='word_1_66' title='bbox 1587 349 1710 390; x_wconf 82' lang='lat' dir='ltr'>servis</span> <span class='ocrx_word' id='word_1_67' title='bbox 1740 349 1819 390; x_wconf 86' lang='lat' dir='ltr'>tuis</span> <span class='ocrx_word' id='word_1_68' title='bbox 1847 350 1967 395; x_wconf 79' lang='lat' dir='ltr'>mala,</span> 
     </span>
    </p>
   </div>
   <div class='ocr_carea' id='block_1_7' title="bbox 1597 408 1971 461">
    <p class='ocr_par' dir='ltr' id='par_1_7' title="bbox 1597 408 1971 461">
     <span class='ocr_line' id='line_1_9' title="bbox 1597 408 1971 461; baseline -0.003 -12"><span class='ocrx_word' id='word_1_69' title='bbox 1597 410 1629 432; x_wconf 71' lang='grc'>45</span> <span class='ocrx_word' id='word_1_70' title='bbox 1654 413 1695 449; x_wconf 88' lang='grc'>91</span> <span class='ocrx_word' id='word_1_71' title='bbox 1719 408 1850 449; x_wconf 87' lang='lat' dir='ltr'>sciant</span> <span class='ocrx_word' id='word_1_72' title='bbox 1875 408 1971 461; x_wconf 90' lang='lat' dir='ltr'>quia</span> 
     </span>
    </p>
   </div>
   <div class='ocr_carea' id='block_1_8' title="bbox 67 465 1964 594">
    <p class='ocr_par' dir='ltr' id='par_1_8' title="bbox 67 465 1952 593">
     <span class='ocr_line' id='line_1_10' title="bbox 67 465 1549 519; baseline -0.003 -8"><span class='ocrx_word' id='word_1_73' title='bbox 67 477 112 510; x_wconf 85' lang='lat' dir='ltr'>tu</span> <span class='ocrx_word' id='word_1_74' title='bbox 142 483 182 510; x_wconf 90' lang='lat' dir='ltr'>es</span> <span class='ocrx_word' id='word_1_75' title='bbox 210 468 409 510; x_wconf 88' lang='lat' dir='ltr'>Dominus</span> <span class='ocrx_word' id='word_1_76' title='bbox 439 467 548 506; x_wconf 89' lang='lat' dir='ltr'>Deus</span> <span class='ocrx_word' id='word_1_77' title='bbox 578 465 696 513; x_wconf 83' lang='lat' dir='ltr'>solus,</span> <span class='ocrx_word' id='word_1_78' title='bbox 729 470 769 506; x_wconf 92' lang='lat' dir='ltr'>et</span> <span class='ocrx_word' id='word_1_79' title='bbox 797 466 991 519; x_wconf 86' lang='lat' dir='ltr'>gloriosus</span> <span class='ocrx_word' id='word_1_80' title='bbox 1021 478 1141 519; x_wconf 88' lang='lat' dir='ltr'>super</span> <span class='ocrx_word' id='word_1_81' title='bbox 1170 466 1308 506; x_wconf 90' lang='lat' dir='ltr'>orbem</span> <span class='ocrx_word' id='word_1_82' title='bbox 1339 472 1549 507; x_wconf 83' lang='lat' dir='ltr'>terrarum.</span> 
     </span>
     <span class='ocr_line' id='line_1_11' title="bbox 170 539 1964 594; baseline 0 -11"><span class='ocrx_word' id='word_1_83' title='bbox 170 546 205 569; x_wconf 73' lang='lat'>4⁶</span> <span class='ocrx_word' id='word_1_84' title='bbox 239 543 294 583; x_wconf 89' lang='lat' dir='ltr'>Et</span> <span class='ocrx_word' id='word_1_85' title='bbox 327 554 408 581; x_wconf 95' lang='lat' dir='ltr'>non</span> <span class='ocrx_word' id='word_1_86' title='bbox 444 541 659 581; x_wconf 76' lang='lat' dir='ltr'>cessabant</span> <span class='ocrx_word' id='word_1_87' title='bbox 694 539 762 593; x_wconf 91' lang='lat' dir='ltr'>qui</span> <span class='ocrx_word' id='word_1_88' title='bbox 796 540 991 581; x_wconf 80' lang='lat' dir='ltr'>miserant</span> <span class='ocrx_word' id='word_1_89' title='bbox 1026 554 1092 582; x_wconf 90' lang='lat' dir='ltr'>eos</span> <span class='ocrx_word' id='word_1_90' title='bbox 1126 540 1301 581; x_wconf 86' lang='lat' dir='ltr'>ministri</span> <span class='ocrx_word' id='word_1_91' title='bbox 1335 541 1436 594; x_wconf 82' lang='lat' dir='ltr'>regis</span> <span class='ocrx_word' id='word_1_92' title='bbox 1472 542 1712 582; x_wconf 76' lang='lat' dir='ltr'>succendere</span> <span class='ocrx_word' id='word_1_93' title='bbox 1746 542 1964 591; x_wconf 77' lang='lat' dir='ltr'>fornacem</span> 
     </span>
    </p>
   </div>
   <div class='ocr_carea' id='block_1_9' title="bbox 64 658 701 760">
    <p class='ocr_par' dir='ltr' id='par_1_9' title="bbox 64 658 701 760">
     <span class='ocr_line' id='line_1_12' title="bbox 65 658 701 713; baseline -0.008 -11"><span class='ocrx_word' id='word_1_94' title='bbox 65 660 211 702; x_wconf 87' lang='lat' dir='ltr'>cubitis</span> <span class='ocrx_word' id='word_1_95' title='bbox 239 658 511 713; x_wconf 83' lang='lat' dir='ltr'>quadraginta</span> <span class='ocrx_word' id='word_1_96' title='bbox 534 670 701 698; x_wconf 86' lang='lat' dir='ltr'>novem:</span> 
     </span>
     <span class='ocr_line' id='line_1_13' title="bbox 64 718 352 760; baseline -0.003 0"><span class='ocrx_word' id='word_1_97' title='bbox 64 720 113 760; x_wconf 93' lang='lat' dir='ltr'>de</span> <span class='ocrx_word' id='word_1_98' title='bbox 143 718 352 760; x_wconf 72' lang='lat' dir='ltr'>Chaldaeis.</span> 
     </span>
    </p>
   </div>
   <div class='ocr_carea' id='block_1_10' title="bbox 62 774 1971 887">
    <p class='ocr_par' dir='ltr' id='par_1_10' title="bbox 62 774 1971 887">
     <span class='ocr_line' id='line_1_14' title="bbox 62 774 1969 829; baseline -0.001 -10"><span class='ocrx_word' id='word_1_99' title='bbox 62 778 288 819; x_wconf 88' lang='lat' dir='ltr'>fornacem:</span> <span class='ocrx_word' id='word_1_100' title='bbox 311 781 352 817; x_wconf 92' lang='lat' dir='ltr'>et</span> <span class='ocrx_word' id='word_1_101' title='bbox 373 775 550 816; x_wconf 84' lang='lat' dir='ltr'>excussit.</span> <span class='ocrx_word' id='word_1_102' title='bbox 571 774 779 815; x_wconf 87' lang='lat' dir='ltr'>flammam</span> <span class='ocrx_word' id='word_1_103' title='bbox 801 774 902 828; x_wconf 88' lang='lat' dir='ltr'>ignis</span> <span class='ocrx_word' id='word_1_104' title='bbox 925 775 974 815; x_wconf 87' lang='lat' dir='ltr'>de</span> <span class='ocrx_word' id='word_1_105' title='bbox 995 776 1170 821; x_wconf 89' lang='lat' dir='ltr'>fornace,</span> <span class='ocrx_word' id='word_1_106' title='bbox 1220 777 1257 799; x_wconf 85' lang='lat'>⁵⁰</span> <span class='ocrx_word' id='word_1_107' title='bbox 1277 780 1318 816; x_wconf 84' lang='lat' dir='ltr'>et</span> <span class='ocrx_word' id='word_1_108' title='bbox 1339 775 1435 816; x_wconf 83' lang='lat' dir='ltr'>fecit</span> <span class='ocrx_word' id='word_1_109' title='bbox 1456 775 1636 815; x_wconf 90' lang='lat' dir='ltr'>medium</span> <span class='ocrx_word' id='word_1_110' title='bbox 1657 776 1832 818; x_wconf 77' lang='lat' dir='ltr'>fornacis</span> <span class='ocrx_word' id='word_1_111' title='bbox 1855 777 1969 829; x_wconf 85' lang='lat' dir='ltr'>quasi</span> 
     </span>
     <span class='ocr_line' id='line_1_15' title="bbox 64 833 1971 887; baseline 0 -11"><span class='ocrx_word' id='word_1_112' title='bbox 64 842 234 877; x_wconf 86' lang='lat' dir='ltr'>ventum</span> <span class='ocrx_word' id='word_1_113' title='bbox 267 835 365 876; x_wconf 90' lang='lat' dir='ltr'>roris</span> <span class='ocrx_word' id='word_1_114' title='bbox 399 834 578 879; x_wconf 88' lang='lat' dir='ltr'>flantem,</span> <span class='ocrx_word' id='word_1_115' title='bbox 615 838 656 873; x_wconf 93' lang='lat' dir='ltr'>et</span> <span class='ocrx_word' id='word_1_116' title='bbox 689 847 770 874; x_wconf 91' lang='lat' dir='ltr'>non</span> <span class='ocrx_word' id='word_1_117' title='bbox 804 833 941 886; x_wconf 87' lang='lat' dir='ltr'>tetigit</span> <span class='ocrx_word' id='word_1_118' title='bbox 974 847 1039 874; x_wconf 86' lang='lat' dir='ltr'>eos</span> <span class='ocrx_word' id='word_1_119' title='bbox 1075 834 1238 875; x_wconf 91' lang='lat' dir='ltr'>omnino</span> <span class='ocrx_word' id='word_1_120' title='bbox 1273 834 1386 887; x_wconf 85' lang='lat' dir='ltr'>ignis,</span> <span class='ocrx_word' id='word_1_121' title='bbox 1423 846 1554 887; x_wconf 91' lang='lat' dir='ltr'>neque</span> <span class='ocrx_word' id='word_1_122' title='bbox 1588 834 1861 879; x_wconf 84' lang='lat' dir='ltr'>contristavit,</span> <span class='ocrx_word' id='word_1_123' title='bbox 1898 848 1971 876; x_wconf 86' lang='lat' dir='ltr'>nec</span> 
     </span>
    </p>
   </div>
   <div class='ocr_carea' id='block_1_11' title="bbox 65 891 692 949">
    <p class='ocr_par' dir='ltr' id='par_1_11' title="bbox 65 891 692 949">
     <span class='ocr_line' id='line_1_16' title="bbox 65 891 692 949; baseline -0.008 -13"><span class='ocrx_word' id='word_1_124' title='bbox 65 895 289 949; x_wconf 89' lang='lat' dir='ltr'>quidquam</span> <span class='ocrx_word' id='word_1_125' title='bbox 318 892 513 934; x_wconf 85' lang='lat' dir='ltr'>molestiae</span> <span class='ocrx_word' id='word_1_126' title='bbox 540 891 692 933; x_wconf 85' lang='lat' dir='ltr'>intulit</span> 
     </span>
    </p>
   </div>
   <div class='ocr_carea' id='block_1_12' title="bbox 169 967 2136 1031">
    <p class='ocr_par' dir='ltr' id='par_1_12' title="bbox 169 967 2136 1031">
     <span class='ocr_line' id='line_1_17' title="bbox 169 967 2136 1031; baseline -0.001 -20"><span class='ocrx_word' id='word_1_127' title='bbox 169 971 200 994; x_wconf 80' lang='lat'>⁵¹</span> <span class='ocrx_word' id='word_1_128' title='bbox 224 970 336 1010; x_wconf 91' lang='lat' dir='ltr'>Tunc</span> <span class='ocrx_word' id='word_1_129' title='bbox 360 968 400 1008; x_wconf 95' lang='lat' dir='ltr'>hi</span> <span class='ocrx_word' id='word_1_130' title='bbox 424 974 507 1008; x_wconf 84' lang='lat' dir='ltr'>tres</span> <span class='ocrx_word' id='word_1_131' title='bbox 529 968 645 1021; x_wconf 87' lang='lat' dir='ltr'>quasi</span> <span class='ocrx_word' id='word_1_132' title='bbox 667 980 717 1008; x_wconf 85' lang='lat' dir='ltr'>ex</span> <span class='ocrx_word' id='word_1_133' title='bbox 740 981 820 1008; x_wconf 93' lang='lat' dir='ltr'>uno</span> <span class='ocrx_word' id='word_1_134' title='bbox 848 981 916 1009; x_wconf 90' lang='lat' dir='ltr'>ore</span> <span class='ocrx_word' id='word_1_135' title='bbox 944 967 1184 1018; x_wconf 85' lang='lat' dir='ltr'>laudabant,</span> <span class='ocrx_word' id='word_1_136' title='bbox 1210 974 1251 1009; x_wconf 88' lang='lat' dir='ltr'>et</span> <span class='ocrx_word' id='word_1_137' title='bbox 1280 968 1577 1021; x_wconf 81' lang='lat' dir='ltr'>glorificabant,</span> <span class='ocrx_word' id='word_1_138' title='bbox 1602 975 1642 1010; x_wconf 83' lang='lat' dir='ltr'>et</span> <span class='ocrx_word' id='word_1_139' title='bbox 1670 969 1967 1012; x_wconf 76' lang='lat' dir='ltr'>benedicebant</span> <span class='ocrx_word' id='word_1_140' title='bbox 2012 971 2054 1030; x_wconf 58' lang='lat'>1¹3¹</span> <span class='ocrx_word' id='word_1_141' title='bbox 2059 972 2136 1031; x_wconf 55' lang='lat' dir='ltr'>ffiffl)</span> 
     </span>
    </p>
   </div>
   <div class='ocr_carea' id='block_1_13' title="bbox 1978 1042 2164 1107">
    <p class='ocr_par' dir='ltr' id='par_1_13' title="bbox 1978 1042 2164 1107">
     <span class='ocr_line' id='line_1_18' title="bbox 2044 1042 2104 1067; baseline 0 -1"><span class='ocrx_word' id='word_1_142' title='bbox 2044 1042 2084 1067; x_wconf 67' lang='lat' dir='ltr'>De</span> <span class='ocrx_word' id='word_1_143' title='bbox 2087 1048 2104 1065; x_wconf 90' lang='lat' dir='ltr'>O</span> 
     </span>
     <span class='ocr_line' id='line_1_19' title="bbox 1978 1077 2164 1107; baseline -0.005 -5"><span class='ocrx_word' id='word_1_144' title='bbox 1978 1077 2152 1103; x_wconf 82' lang='lat' dir='ltr'>benedicunt</span> <span class='ocrx_word' id='word_1_145' title='bbox 2158 1084 2164 1107; x_wconf 87' lang='lat'>;</span> 
     </span>
    </p>
   </div>
   <div class='ocr_carea' id='block_1_14' title="bbox 60 1026 698 1075">
    <p class='ocr_par' dir='ltr' id='par_1_14' title="bbox 60 1026 698 1075">
     <span class='ocr_line' id='line_1_20' title="bbox 60 1026 698 1075; baseline -0.005 -6"><span class='ocrx_word' id='word_1_146' title='bbox 60 1030 195 1070; x_wconf 91' lang='lat' dir='ltr'>Deum</span> <span class='ocrx_word' id='word_1_147' title='bbox 224 1029 264 1069; x_wconf 92' lang='lat' dir='ltr'>in</span> <span class='ocrx_word' id='word_1_148' title='bbox 294 1028 470 1075; x_wconf 83' lang='lat' dir='ltr'>fornace,</span> <span class='ocrx_word' id='word_1_149' title='bbox 501 1026 698 1067; x_wconf 84' lang='lat' dir='ltr'>dicentes:</span> 
     </span>
    </p>
   </div>
   <div class='ocr_carea' id='block_1_15' title="bbox 60 1112 973 1517">
    <p class='ocr_par' dir='ltr' id='par_1_15' title="bbox 60 1112 973 1517">
     <span class='ocr_line' id='line_1_21' title="bbox 64 1112 973 1166; baseline -0.001 -12"><span class='ocrx_word' id='word_1_150' title='bbox 64 1117 96 1140; x_wconf 81' lang='lat'>⁵2</span> <span class='ocrx_word' id='word_1_151' title='bbox 118 1113 363 1154; x_wconf 83' lang='lat' dir='ltr'>Benedictus</span> <span class='ocrx_word' id='word_1_152' title='bbox 398 1125 437 1153; x_wconf 91' lang='lat' dir='ltr'>es</span> <span class='ocrx_word' id='word_1_153' title='bbox 466 1112 641 1153; x_wconf 87' lang='lat' dir='ltr'>Domine</span> <span class='ocrx_word' id='word_1_154' title='bbox 667 1113 778 1153; x_wconf 89' lang='lat' dir='ltr'>Deus</span> <span class='ocrx_word' id='word_1_155' title='bbox 808 1118 973 1166; x_wconf 87' lang='lat' dir='ltr'>patrum</span> 
     </span>
     <span class='ocr_line' id='line_1_22' title="bbox 217 1177 468 1213; baseline -0.004 -1"><span class='ocrx_word' id='word_1_156' title='bbox 217 1177 468 1213; x_wconf 89' lang='lat' dir='ltr'>nostrorum:</span> 
     </span>
     <span class='ocr_line' id='line_1_23' title="bbox 113 1229 822 1284; baseline -0.001 -13"><span class='ocrx_word' id='word_1_157' title='bbox 113 1236 154 1272; x_wconf 88' lang='lat' dir='ltr'>et</span> <span class='ocrx_word' id='word_1_158' title='bbox 195 1230 455 1271; x_wconf 88' lang='lat' dir='ltr'>benedictum</span> <span class='ocrx_word' id='word_1_159' title='bbox 498 1243 646 1271; x_wconf 91' lang='lat' dir='ltr'>nomen</span> <span class='ocrx_word' id='word_1_160' title='bbox 687 1229 822 1284; x_wconf 82' lang='lat' dir='ltr'>gloriae</span> 
     </span>
     <span class='ocr_line' id='line_1_24' title="bbox 218 1294 425 1330; baseline -0.01 0"><span class='ocrx_word' id='word_1_161' title='bbox 218 1294 425 1330; x_wconf 88' lang='lat' dir='ltr'>sanctum:</span> 
     </span>
     <span class='ocr_line' id='line_1_25' title="bbox 60 1347 760 1400; baseline -0.003 -11"><span class='ocrx_word' id='word_1_162' title='bbox 60 1351 93 1374; x_wconf 81' lang='grc'>53</span> <span class='ocrx_word' id='word_1_163' title='bbox 115 1348 359 1389; x_wconf 82' lang='lat' dir='ltr'>Benedictus</span> <span class='ocrx_word' id='word_1_164' title='bbox 415 1361 454 1387; x_wconf 87' lang='lat' dir='ltr'>es</span> <span class='ocrx_word' id='word_1_165' title='bbox 510 1347 551 1387; x_wconf 91' lang='lat' dir='ltr'>in</span> <span class='ocrx_word' id='word_1_166' title='bbox 607 1347 760 1400; x_wconf 85' lang='lat' dir='ltr'>templo</span> 
     </span>
     <span class='ocr_line' id='line_1_26' title="bbox 216 1406 479 1459; baseline -0.004 -14"><span class='ocrx_word' id='word_1_167' title='bbox 216 1406 351 1459; x_wconf 84' lang='lat' dir='ltr'>gloriae</span> <span class='ocrx_word' id='word_1_168' title='bbox 380 1411 479 1446; x_wconf 85' lang='lat' dir='ltr'>tuae:</span> 
     </span>
     <span class='ocr_line' id='line_1_27' title="bbox 60 1463 970 1517; baseline 0 -12"><span class='ocrx_word' id='word_1_169' title='bbox 60 1468 92 1490; x_wconf 70' lang='grc'>54</span> <span class='ocrx_word' id='word_1_170' title='bbox 114 1465 358 1506; x_wconf 87' lang='lat' dir='ltr'>Benedictus</span> <span class='ocrx_word' id='word_1_171' title='bbox 397 1477 437 1504; x_wconf 91' lang='lat' dir='ltr'>es</span> <span class='ocrx_word' id='word_1_172' title='bbox 476 1464 516 1504; x_wconf 94' lang='lat' dir='ltr'>in</span> <span class='ocrx_word' id='word_1_173' title='bbox 557 1463 702 1505; x_wconf 93' lang='lat' dir='ltr'>throno</span> <span class='ocrx_word' id='word_1_174' title='bbox 741 1464 852 1517; x_wconf 86' lang='lat' dir='ltr'>regni</span> <span class='ocrx_word' id='word_1_175' title='bbox 891 1464 970 1505; x_wconf 86' lang='lat' dir='ltr'>tui:</span> 
     </span>
    </p>
   </div>
   <div class='ocr_carea' id='block_1_16' title="bbox 892 1236 974 1271">
    <p class='ocr_par' dir='ltr' id='par_1_16' title="bbox 892 1236 974 1271">
     <span class='ocr_line' id='line_1_28' title="bbox 892 1236 974 1271; baseline 0.012 -1"><span class='ocrx_word' id='word_1_176' title='bbox 892 1236 974 1271; x_wconf 75' lang='lat' dir='ltr'>tuae</span> 
     </span>
    </p>
   </div>
   <div class='ocr_carea' id='block_1_17' title="bbox 831 1353 972 1388">
    <p class='ocr_par' dir='ltr' id='par_1_17' title="bbox 831 1353 972 1388">
     <span class='ocr_line' id='line_1_29' title="bbox 831 1353 972 1388; baseline 0.007 -1"><span class='ocrx_word' id='word_1_177' title='bbox 831 1353 972 1388; x_wconf 83' lang='lat' dir='ltr'>sancto</span> 
     </span>
    </p>
   </div>
   <div class='ocr_carea' id='block_1_18' title="bbox 51 1581 969 3333">
    <p class='ocr_par' dir='ltr' id='par_1_18' title="bbox 58 1581 969 1693">
     <span class='ocr_line' id='line_1_30' title="bbox 58 1581 969 1635; baseline 0 -12"><span class='ocrx_word' id='word_1_178' title='bbox 58 1585 90 1608; x_wconf 87' lang='grc'>55</span> <span class='ocrx_word' id='word_1_179' title='bbox 112 1582 357 1623; x_wconf 83' lang='lat' dir='ltr'>Benedictus</span> <span class='ocrx_word' id='word_1_180' title='bbox 393 1594 444 1625; x_wconf 84' lang='lat' dir='ltr'>es,</span> <span class='ocrx_word' id='word_1_181' title='bbox 483 1581 551 1634; x_wconf 91' lang='lat' dir='ltr'>qui</span> <span class='ocrx_word' id='word_1_182' title='bbox 586 1581 753 1622; x_wconf 83' lang='lat' dir='ltr'>intueris</span> <span class='ocrx_word' id='word_1_183' title='bbox 790 1582 969 1635; x_wconf 82' lang='lat' dir='ltr'>abyssos,</span> 
     </span>
     <span class='ocr_line' id='line_1_31' title="bbox 215 1639 803 1693; baseline -0.003 -11"><span class='ocrx_word' id='word_1_184' title='bbox 215 1646 256 1682; x_wconf 86' lang='lat' dir='ltr'>et</span> <span class='ocrx_word' id='word_1_185' title='bbox 285 1640 397 1681; x_wconf 79' lang='lat' dir='ltr'>sedes</span> <span class='ocrx_word' id='word_1_186' title='bbox 427 1652 547 1693; x_wconf 89' lang='lat' dir='ltr'>super</span> <span class='ocrx_word' id='word_1_187' title='bbox 576 1639 803 1680; x_wconf 86' lang='lat' dir='ltr'>cherubim:</span> 
     </span>
    </p>

    <p class='ocr_par' dir='ltr' id='par_1_19' title="bbox 58 1698 968 1741">
     <span class='ocr_line' id='line_1_32' title="bbox 58 1698 968 1741; baseline -0.001 0"><span class='ocrx_word' id='word_1_188' title='bbox 58 1702 93 1725; x_wconf 76' lang='lat'>⁵⁶</span> <span class='ocrx_word' id='word_1_189' title='bbox 112 1699 356 1741; x_wconf 90' lang='lat' dir='ltr'>Benedictus</span> <span class='ocrx_word' id='word_1_190' title='bbox 399 1712 439 1739; x_wconf 90' lang='lat' dir='ltr'>es</span> <span class='ocrx_word' id='word_1_191' title='bbox 481 1698 521 1739; x_wconf 92' lang='lat' dir='ltr'>in</span> <span class='ocrx_word' id='word_1_192' title='bbox 565 1698 822 1740; x_wconf 87' lang='lat' dir='ltr'>firmamento</span> <span class='ocrx_word' id='word_1_193' title='bbox 867 1699 968 1740; x_wconf 81' lang='lat' dir='ltr'>caeli:</span> 
     </span>
    </p>

    <p class='ocr_par' dir='ltr' id='par_1_20' title="bbox 57 1757 969 1858">
     <span class='ocr_line' id='line_1_33' title="bbox 57 1757 969 1811; baseline 0 -12"><span class='ocrx_word' id='word_1_194' title='bbox 57 1760 92 1783; x_wconf 82' lang='grc'>57</span> <span class='ocrx_word' id='word_1_195' title='bbox 111 1758 345 1799; x_wconf 86' lang='lat' dir='ltr'>Benedicite</span> <span class='ocrx_word' id='word_1_196' title='bbox 413 1757 549 1798; x_wconf 88' lang='lat' dir='ltr'>omnia</span> <span class='ocrx_word' id='word_1_197' title='bbox 616 1770 738 1811; x_wconf 88' lang='lat' dir='ltr'>opera</span> <span class='ocrx_word' id='word_1_198' title='bbox 804 1758 969 1800; x_wconf 89' lang='lat' dir='ltr'>Domini</span> 
     </span>
     <span class='ocr_line' id='line_1_34' title="bbox 213 1816 409 1858; baseline -0.01 0"><span class='ocrx_word' id='word_1_199' title='bbox 213 1816 409 1858; x_wconf 89' lang='lat' dir='ltr'>Domino:</span> 
     </span>
    </p>

    <p class='ocr_par' dir='ltr' id='par_1_21' title="bbox 55 1874 967 1928">
     <span class='ocr_line' id='line_1_35' title="bbox 55 1874 967 1928; baseline 0 -12"><span class='ocrx_word' id='word_1_200' title='bbox 55 1878 91 1901; x_wconf 71' lang='grc'>58</span> <span class='ocrx_word' id='word_1_201' title='bbox 110 1875 343 1917; x_wconf 87' lang='lat' dir='ltr'>Benedicite</span> <span class='ocrx_word' id='word_1_202' title='bbox 384 1874 525 1928; x_wconf 89' lang='lat' dir='ltr'>Angeli</span> <span class='ocrx_word' id='word_1_203' title='bbox 565 1875 731 1916; x_wconf 88' lang='lat' dir='ltr'>Domini</span> <span class='ocrx_word' id='word_1_204' title='bbox 771 1876 967 1917; x_wconf 89' lang='lat' dir='ltr'>Domino:</span> 
     </span>
    </p>

    <p class='ocr_par' dir='ltr' id='par_1_22' title="bbox 55 1932 705 1974">
     <span class='ocr_line' id='line_1_36' title="bbox 55 1932 705 1974; baseline -0.003 1"><span class='ocrx_word' id='word_1_205' title='bbox 55 1937 91 1959; x_wconf 79' lang='grc'>59</span> <span class='ocrx_word' id='word_1_206' title='bbox 112 1933 366 1974; x_wconf 80' lang='lat' dir='ltr'>aBenedicite</span> <span class='ocrx_word' id='word_1_207' title='bbox 397 1932 480 1973; x_wconf 84' lang='lat' dir='ltr'>caeli</span> <span class='ocrx_word' id='word_1_208' title='bbox 508 1933 705 1974; x_wconf 92' lang='lat' dir='ltr'>Domino:</span> 
     </span>
    </p>

    <p class='ocr_par' dir='ltr' id='par_1_23' title="bbox 59 1992 969 2098">
     <span class='ocr_line' id='line_1_37' title="bbox 59 1992 969 2047; baseline 0 -14"><span class='ocrx_word' id='word_1_209' title='bbox 59 1995 94 2018; x_wconf 82' lang='lat'>‘⁵⁰</span> <span class='ocrx_word' id='word_1_210' title='bbox 112 1992 346 2033; x_wconf 87' lang='lat' dir='ltr'>Benedicite</span> <span class='ocrx_word' id='word_1_211' title='bbox 382 2004 499 2044; x_wconf 83' lang='lat' dir='ltr'>aquae</span> <span class='ocrx_word' id='word_1_212' title='bbox 534 2004 685 2038; x_wconf 89' lang='lat' dir='ltr'>omnes,</span> <span class='ocrx_word' id='word_1_213' title='bbox 725 2005 814 2045; x_wconf 84' lang='lat' dir='ltr'>quae</span> <span class='ocrx_word' id='word_1_214' title='bbox 849 2006 969 2047; x_wconf 86' lang='lat' dir='ltr'>super</span> 
     </span>
     <span class='ocr_line' id='line_1_38' title="bbox 212 2050 692 2098; baseline -0.004 -6"><span class='ocrx_word' id='word_1_215' title='bbox 212 2050 327 2092; x_wconf 83' lang='lat' dir='ltr'>caelos</span> <span class='ocrx_word' id='word_1_216' title='bbox 357 2055 464 2098; x_wconf 81' lang='lat' dir='ltr'>sunt,</span> <span class='ocrx_word' id='word_1_217' title='bbox 496 2050 692 2091; x_wconf 88' lang='lat' dir='ltr'>Domino:</span> 
     </span>
    </p>

    <p class='ocr_par' dir='ltr' id='par_1_24' title="bbox 57 2108 752 2209">
     <span class='ocr_line' id='line_1_39' title="bbox 57 2108 752 2151; baseline -0.001 -1"><span class='ocrx_word' id='word_1_218' title='bbox 57 2112 88 2135; x_wconf 76' lang='lat'>⁶1</span> <span class='ocrx_word' id='word_1_219' title='bbox 108 2109 341 2151; x_wconf 88' lang='lat' dir='ltr'>Benedicite</span> <span class='ocrx_word' id='word_1_220' title='bbox 391 2121 529 2150; x_wconf 90' lang='lat' dir='ltr'>omnes</span> <span class='ocrx_word' id='word_1_221' title='bbox 579 2108 752 2150; x_wconf 84' lang='lat' dir='ltr'>virtutes</span> 
     </span>
     <span class='ocr_line' id='line_1_40' title="bbox 210 2167 407 2209; baseline -0.01 0"><span class='ocrx_word' id='word_1_222' title='bbox 210 2167 407 2209; x_wconf 88' lang='lat' dir='ltr'>Domino:</span> 
     </span>
    </p>

    <p class='ocr_par' dir='ltr' id='par_1_25' title="bbox 57 2226 964 2272">
     <span class='ocr_line' id='line_1_41' title="bbox 57 2226 964 2272; baseline -0.001 -3"><span class='ocrx_word' id='word_1_223' title='bbox 57 2230 88 2252; x_wconf 77' lang='lat'>⁶²</span> <span class='ocrx_word' id='word_1_224' title='bbox 108 2227 341 2269; x_wconf 84' lang='lat' dir='ltr'>Benedicite</span> <span class='ocrx_word' id='word_1_225' title='bbox 396 2226 465 2272; x_wconf 91' lang='lat' dir='ltr'>sol,</span> <span class='ocrx_word' id='word_1_226' title='bbox 523 2231 564 2267; x_wconf 92' lang='lat' dir='ltr'>et</span> <span class='ocrx_word' id='word_1_227' title='bbox 617 2226 715 2267; x_wconf 89' lang='lat' dir='ltr'>luna</span> <span class='ocrx_word' id='word_1_228' title='bbox 768 2227 964 2270; x_wconf 87' lang='lat' dir='ltr'>Domino:</span> 
     </span>
    </p>

    <p class='ocr_par' dir='ltr' id='par_1_26' title="bbox 57 2284 833 2327">
     <span class='ocr_line' id='line_1_42' title="bbox 57 2284 833 2327; baseline 0 0"><span class='ocrx_word' id='word_1_229' title='bbox 57 2289 88 2312; x_wconf 78' lang='lat'>⁶3</span> <span class='ocrx_word' id='word_1_230' title='bbox 107 2285 340 2327; x_wconf 89' lang='lat' dir='ltr'>Benedicite</span> <span class='ocrx_word' id='word_1_231' title='bbox 370 2284 496 2326; x_wconf 84' lang='lat' dir='ltr'>stellae</span> <span class='ocrx_word' id='word_1_232' title='bbox 525 2284 608 2326; x_wconf 85' lang='lat' dir='ltr'>caeli</span> <span class='ocrx_word' id='word_1_233' title='bbox 637 2285 833 2327; x_wconf 91' lang='lat' dir='ltr'>Domino:</span> 
     </span>
    </p>

    <p class='ocr_par' dir='ltr' id='par_1_27' title="bbox 56 2344 964 2444">
     <span class='ocr_line' id='line_1_43' title="bbox 56 2344 964 2393; baseline 0.002 -8"><span class='ocrx_word' id='word_1_234' title='bbox 56 2347 88 2370; x_wconf 71' lang='grc'>54</span> <span class='ocrx_word' id='word_1_235' title='bbox 107 2344 340 2385; x_wconf 88' lang='lat' dir='ltr'>Benedicite</span> <span class='ocrx_word' id='word_1_236' title='bbox 395 2344 524 2385; x_wconf 90' lang='lat' dir='ltr'>omnis</span> <span class='ocrx_word' id='word_1_237' title='bbox 579 2344 719 2393; x_wconf 87' lang='lat' dir='ltr'>imber,</span> <span class='ocrx_word' id='word_1_238' title='bbox 792 2349 833 2385; x_wconf 88' lang='lat' dir='ltr'>et</span> <span class='ocrx_word' id='word_1_239' title='bbox 901 2358 964 2387; x_wconf 91' lang='lat' dir='ltr'>ros</span> 
     </span>
     <span class='ocr_line' id='line_1_44' title="bbox 208 2402 405 2444; baseline -0.005 -1"><span class='ocrx_word' id='word_1_240' title='bbox 208 2402 405 2444; x_wconf 89' lang='lat' dir='ltr'>Domino:</span> 
     </span>
    </p>

    <p class='ocr_par' dir='ltr' id='par_1_28' title="bbox 55 2461 962 2515">
     <span class='ocr_line' id='line_1_45' title="bbox 55 2461 962 2515; baseline 0 -12"><span class='ocrx_word' id='word_1_241' title='bbox 55 2464 87 2488; x_wconf 76' lang='lat'>⁶⁵</span> <span class='ocrx_word' id='word_1_242' title='bbox 106 2461 339 2503; x_wconf 87' lang='lat' dir='ltr'>Benedicite</span> <span class='ocrx_word' id='word_1_243' title='bbox 352 2474 490 2502; x_wconf 91' lang='lat' dir='ltr'>omnes</span> <span class='ocrx_word' id='word_1_244' title='bbox 502 2461 667 2515; x_wconf 90' lang='lat' dir='ltr'>spiritus</span> <span class='ocrx_word' id='word_1_245' title='bbox 679 2461 755 2502; x_wconf 93' lang='lat' dir='ltr'>Dei</span> <span class='ocrx_word' id='word_1_246' title='bbox 767 2462 962 2505; x_wconf 90' lang='lat' dir='ltr'>Domino:</span> 
     </span>
    </p>

    <p class='ocr_par' dir='ltr' id='par_1_29' title="bbox 55 2519 963 2573">
     <span class='ocr_line' id='line_1_46' title="bbox 55 2519 963 2573; baseline 0.001 -11"><span class='ocrx_word' id='word_1_247' title='bbox 55 2520 342 2562; x_wconf 69' lang='grc' dir='ltr'>66Β91191119119</span> <span class='ocrx_word' id='word_1_248' title='bbox 377 2519 492 2573; x_wconf 86' lang='lat' dir='ltr'>ignis,</span> <span class='ocrx_word' id='word_1_249' title='bbox 532 2525 573 2561; x_wconf 91' lang='lat' dir='ltr'>et</span> <span class='ocrx_word' id='word_1_250' title='bbox 609 2524 730 2561; x_wconf 71' lang='lat' dir='ltr'>aestus</span> <span class='ocrx_word' id='word_1_251' title='bbox 767 2521 963 2563; x_wconf 90' lang='lat' dir='ltr'>Domino:</span> 
     </span>
    </p>

    <p class='ocr_par' dir='ltr' id='par_1_30' title="bbox 54 2578 962 2633">
     <span class='ocr_line' id='line_1_47' title="bbox 54 2578 962 2633; baseline 0.001 -13"><span class='ocrx_word' id='word_1_252' title='bbox 54 2581 88 2604; x_wconf 74' lang='lat'>⁶⁷</span> <span class='ocrx_word' id='word_1_253' title='bbox 108 2579 341 2620; x_wconf 88' lang='lat' dir='ltr'>Benedicite</span> <span class='ocrx_word' id='word_1_254' title='bbox 372 2578 509 2633; x_wconf 86' lang='lat' dir='ltr'>frigus,</span> <span class='ocrx_word' id='word_1_255' title='bbox 543 2584 584 2620; x_wconf 85' lang='lat' dir='ltr'>et</span> <span class='ocrx_word' id='word_1_256' title='bbox 614 2584 735 2620; x_wconf 84' lang='lat' dir='ltr'>aestus</span> <span class='ocrx_word' id='word_1_257' title='bbox 766 2580 962 2622; x_wconf 88' lang='lat' dir='ltr'>Domino:</span> 
     </span>
    </p>

    <p class='ocr_par' dir='ltr' id='par_1_31' title="bbox 54 2638 961 2691">
     <span class='ocr_line' id='line_1_48' title="bbox 54 2638 961 2691; baseline 0.001 -12"><span class='ocrx_word' id='word_1_258' title='bbox 54 2640 89 2662; x_wconf 72' lang='grc'>68</span> <span class='ocrx_word' id='word_1_259' title='bbox 107 2638 340 2679; x_wconf 88' lang='lat' dir='ltr'>Benedicite</span> <span class='ocrx_word' id='word_1_260' title='bbox 370 2650 488 2686; x_wconf 81' lang='lat' dir='ltr'>rores,</span> <span class='ocrx_word' id='word_1_261' title='bbox 521 2643 561 2679; x_wconf 89' lang='grc'>91</span> <span class='ocrx_word' id='word_1_262' title='bbox 591 2638 738 2691; x_wconf 89' lang='lat' dir='ltr'>pruina</span> <span class='ocrx_word' id='word_1_263' title='bbox 765 2639 961 2681; x_wconf 86' lang='lat' dir='ltr'>Domino:</span> 
     </span>
    </p>

    <p class='ocr_par' dir='ltr' id='par_1_32' title="bbox 54 2696 962 2750">
     <span class='ocr_line' id='line_1_49' title="bbox 54 2696 962 2750; baseline 0.001 -12"><span class='ocrx_word' id='word_1_264' title='bbox 54 2699 89 2722; x_wconf 75' lang='lat'>⁶⁹</span> <span class='ocrx_word' id='word_1_265' title='bbox 107 2697 340 2738; x_wconf 89' lang='lat' dir='ltr'>Benedicite</span> <span class='ocrx_word' id='word_1_266' title='bbox 378 2696 481 2749; x_wconf 87' lang='lat' dir='ltr'>gelu,</span> <span class='ocrx_word' id='word_1_267' title='bbox 523 2702 563 2737; x_wconf 90' lang='grc'>91</span> <span class='ocrx_word' id='word_1_268' title='bbox 602 2696 726 2750; x_wconf 89' lang='lat' dir='ltr'>frigus</span> <span class='ocrx_word' id='word_1_269' title='bbox 766 2697 962 2740; x_wconf 91' lang='lat' dir='ltr'>Domino:</span> 
     </span>
    </p>

    <p class='ocr_par' dir='ltr' id='par_1_33' title="bbox 54 2755 961 2808">
     <span class='ocr_line' id='line_1_50' title="bbox 54 2755 961 2808; baseline 0 -11"><span class='ocrx_word' id='word_1_270' title='bbox 54 2758 90 2780; x_wconf 92' lang='lat'>⁷⁰</span> <span class='ocrx_word' id='word_1_271' title='bbox 107 2755 340 2797; x_wconf 89' lang='lat' dir='ltr'>Benedicite</span> <span class='ocrx_word' id='word_1_272' title='bbox 367 2755 524 2808; x_wconf 77' lang='lat' dir='ltr'>glacies,</span> <span class='ocrx_word' id='word_1_273' title='bbox 556 2760 597 2796; x_wconf 88' lang='lat' dir='ltr'>et</span> <span class='ocrx_word' id='word_1_274' title='bbox 623 2755 736 2796; x_wconf 85' lang='lat' dir='ltr'>nives</span> <span class='ocrx_word' id='word_1_275' title='bbox 764 2756 961 2799; x_wconf 89' lang='lat' dir='ltr'>Domino:</span> 
     </span>
    </p>

    <p class='ocr_par' dir='ltr' id='par_1_34' title="bbox 54 2814 962 2863">
     <span class='ocr_line' id='line_1_51' title="bbox 54 2814 962 2863; baseline 0.003 -9"><span class='ocrx_word' id='word_1_276' title='bbox 54 2814 338 2855; x_wconf 87' lang='lat' dir='ltr'>⁷1Benedicite</span> <span class='ocrx_word' id='word_1_277' title='bbox 375 2819 527 2863; x_wconf 88' lang='lat' dir='ltr'>noctes,</span> <span class='ocrx_word' id='word_1_278' title='bbox 567 2819 609 2855; x_wconf 90' lang='lat' dir='ltr'>et</span> <span class='ocrx_word' id='word_1_279' title='bbox 645 2814 728 2855; x_wconf 88' lang='lat' dir='ltr'>dies</span> <span class='ocrx_word' id='word_1_280' title='bbox 765 2815 962 2857; x_wconf 90' lang='lat' dir='ltr'>Domino:</span> 
     </span>
    </p>

    <p class='ocr_par' dir='ltr' id='par_1_35' title="bbox 53 2872 961 2922">
     <span class='ocr_line' id='line_1_52' title="bbox 53 2872 961 2922; baseline 0.001 -8"><span class='ocrx_word' id='word_1_281' title='bbox 53 2875 85 2897; x_wconf 86' lang='lat'>⁷2</span> <span class='ocrx_word' id='word_1_282' title='bbox 103 2872 337 2914; x_wconf 88' lang='lat' dir='ltr'>Benedicite</span> <span class='ocrx_word' id='word_1_283' title='bbox 367 2872 449 2922; x_wconf 85' lang='lat' dir='ltr'>lux,</span> <span class='ocrx_word' id='word_1_284' title='bbox 485 2878 525 2914; x_wconf 90' lang='lat' dir='ltr'>et</span> <span class='ocrx_word' id='word_1_285' title='bbox 556 2874 734 2914; x_wconf 86' lang='lat' dir='ltr'>tenebrae</span> <span class='ocrx_word' id='word_1_286' title='bbox 764 2874 961 2916; x_wconf 89' lang='lat' dir='ltr'>Domino:</span> 
     </span>
    </p>

    <p class='ocr_par' dir='ltr' id='par_1_36' title="bbox 53 2930 960 2984">
     <span class='ocr_line' id='line_1_53' title="bbox 53 2930 960 2984; baseline 0.002 -12"><span class='ocrx_word' id='word_1_287' title='bbox 53 2934 85 2957; x_wconf 84' lang='lat'>⁷³</span> <span class='ocrx_word' id='word_1_288' title='bbox 103 2931 337 2972; x_wconf 90' lang='lat' dir='ltr'>Benedicite</span> <span class='ocrx_word' id='word_1_289' title='bbox 358 2930 529 2984; x_wconf 85' lang='lat' dir='ltr'>fulgura,</span> <span class='ocrx_word' id='word_1_290' title='bbox 554 2937 595 2973; x_wconf 92' lang='lat' dir='ltr'>et</span> <span class='ocrx_word' id='word_1_291' title='bbox 615 2932 743 2973; x_wconf 89' lang='lat' dir='ltr'>nubes</span> <span class='ocrx_word' id='word_1_292' title='bbox 764 2932 960 2975; x_wconf 90' lang='lat' dir='ltr'>Domino:</span> 
     </span>
    </p>

    <p class='ocr_par' dir='ltr' id='par_1_37' title="bbox 52 2990 732 3031">
     <span class='ocr_line' id='line_1_54' title="bbox 52 2990 732 3031; baseline 0 0"><span class='ocrx_word' id='word_1_293' title='bbox 52 2992 84 3014; x_wconf 74' lang='lat'>⁷4</span> <span class='ocrx_word' id='word_1_294' title='bbox 102 2990 326 3031; x_wconf 88' lang='lat' dir='ltr'>Benedicat</span> <span class='ocrx_word' id='word_1_295' title='bbox 355 2994 462 3030; x_wconf 88' lang='lat' dir='ltr'>terra</span> <span class='ocrx_word' id='word_1_296' title='bbox 489 2990 732 3031; x_wconf 91' lang='lat' dir='ltr'>Dominum:</span> 
     </span>
    </p>

    <p class='ocr_par' dir='ltr' id='par_1_38' title="bbox 52 3048 959 3098">
     <span class='ocr_line' id='line_1_55' title="bbox 52 3048 959 3098; baseline 0.002 -9.038"><span class='ocrx_word' id='word_1_297' title='bbox 52 3051 83 3073; x_wconf 90' lang='grc'>75</span> <span class='ocrx_word' id='word_1_298' title='bbox 102 3048 336 3090; x_wconf 89' lang='lat' dir='ltr'>Benedicite</span> <span class='ocrx_word' id='word_1_299' title='bbox 359 3054 531 3098; x_wconf 86' lang='lat' dir='ltr'>montes,</span> <span class='ocrx_word' id='word_1_300' title='bbox 557 3054 598 3090; x_wconf 86' lang='lat' dir='ltr'>et</span> <span class='ocrx_word' id='word_1_301' title='bbox 622 3049 739 3090; x_wconf 88' lang='lat' dir='ltr'>colles</span> <span class='ocrx_word' id='word_1_302' title='bbox 763 3049 959 3092; x_wconf 91' lang='lat' dir='ltr'>Domino:</span> 
     </span>
    </p>

    <p class='ocr_par' dir='ltr' id='par_1_39' title="bbox 52 3107 961 3207">
     <span class='ocr_line' id='line_1_56' title="bbox 52 3107 961 3161; baseline 0.002 -13"><span class='ocrx_word' id='word_1_303' title='bbox 52 3109 87 3132; x_wconf 80' lang='lat'>⁷⁶</span> <span class='ocrx_word' id='word_1_304' title='bbox 105 3107 338 3148; x_wconf 88' lang='lat' dir='ltr'>Benedicite</span> <span class='ocrx_word' id='word_1_305' title='bbox 380 3107 570 3148; x_wconf 86' lang='lat' dir='ltr'>universa</span> <span class='ocrx_word' id='word_1_306' title='bbox 608 3107 880 3161; x_wconf 83' lang='lat' dir='ltr'>germinantia</span> <span class='ocrx_word' id='word_1_307' title='bbox 919 3109 961 3150; x_wconf 92' lang='lat' dir='ltr'>in</span> 
     </span>
     <span class='ocr_line' id='line_1_57' title="bbox 205 3166 538 3207; baseline -0.003 0"><span class='ocrx_word' id='word_1_308' title='bbox 205 3171 314 3207; x_wconf 89' lang='lat' dir='ltr'>terra</span> <span class='ocrx_word' id='word_1_309' title='bbox 342 3166 538 3207; x_wconf 89' lang='lat' dir='ltr'>Domino:</span> 
     </span>
    </p>

    <p class='ocr_par' dir='ltr' id='par_1_40' title="bbox 51 3225 727 3266">
     <span class='ocr_line' id='line_1_58' title="bbox 51 3225 727 3266; baseline -0.001 0"><span class='ocrx_word' id='word_1_310' title='bbox 51 3226 85 3249; x_wconf 89' lang='grc'>77</span> <span class='ocrx_word' id='word_1_311' title='bbox 105 3225 338 3266; x_wconf 88' lang='lat' dir='ltr'>Benedicite</span> <span class='ocrx_word' id='word_1_312' title='bbox 367 3225 501 3266; x_wconf 81' lang='lat' dir='ltr'>fontes</span> <span class='ocrx_word' id='word_1_313' title='bbox 530 3225 727 3266; x_wconf 89' lang='lat' dir='ltr'>Domino:</span> 
     </span>
    </p>

    <p class='ocr_par' dir='ltr' id='par_1_41' title="bbox 52 3283 960 3333">
     <span class='ocr_line' id='line_1_59' title="bbox 52 3283 960 3333; baseline 0.002 -9"><span class='ocrx_word' id='word_1_314' title='bbox 52 3285 87 3308; x_wconf 75' lang='grc'>78</span> <span class='ocrx_word' id='word_1_315' title='bbox 105 3283 339 3325; x_wconf 86' lang='lat' dir='ltr'>Benedicite</span> <span class='ocrx_word' id='word_1_316' title='bbox 357 3284 497 3333; x_wconf 85' lang='lat' dir='ltr'>maria,</span> <span class='ocrx_word' id='word_1_317' title='bbox 518 3288 560 3324; x_wconf 91' lang='lat' dir='ltr'>et</span> <span class='ocrx_word' id='word_1_318' title='bbox 577 3283 747 3325; x_wconf 90' lang='lat' dir='ltr'>flumina</span> <span class='ocrx_word' id='word_1_319' title='bbox 764 3284 960 3327; x_wconf 91' lang='lat' dir='ltr'>Domino:</span> 
     </span>
    </p>
   </div>
   <div class='ocr_carea' id='block_1_19' title="bbox 801 2110 967 2151">
    <p class='ocr_par' dir='ltr' id='par_1_42' title="bbox 801 2110 967 2151">
     <span class='ocr_line' id='line_1_60' title="bbox 801 2110 967 2151; baseline 0.006 -1"><span class='ocrx_word' id='word_1_320' title='bbox 801 2110 967 2151; x_wconf 92' lang='lat' dir='ltr'>Domini</span> 
     </span>
    </p>
   </div>
   <div class='ocr_carea' id='block_1_20' title="bbox 86 3372 198 3374">
    <p class='ocr_par' dir='ltr' id='par_1_43' title="bbox 86 3372 198 3374">
     <span class='ocr_line' id='line_1_61' title="bbox 86 3372 198 3374; baseline 0 0"><span class='ocrx_word' id='word_1_321' title='bbox 86 3372 198 3374; x_wconf 95' lang='lat' dir='ltr'> </span> 
     </span>
    </p>
   </div>
   <div class='ocr_carea' id='block_1_21' title="bbox 237 3373 333 3375">
    <p class='ocr_par' dir='ltr' id='par_1_44' title="bbox 237 3373 333 3375">
     <span class='ocr_line' id='line_1_62' title="bbox 237 3373 333 3375; baseline 0 0"><span class='ocrx_word' id='word_1_322' title='bbox 237 3373 333 3375; x_wconf 95' lang='lat' dir='ltr'> </span> 
     </span>
    </p>
   </div>
   <div class='ocr_carea' id='block_1_22' title="bbox 181 3409 521 3451">
    <p class='ocr_par' dir='ltr' id='par_1_45' title="bbox 181 3409 521 3451">
     <span class='ocr_line' id='line_1_63' title="bbox 181 3409 521 3451; baseline 0.009 -9"><span class='ocrx_word' id='word_1_323' title='bbox 181 3409 213 3451; x_wconf 75' lang='lat'>3,</span> <span class='ocrx_word' id='word_1_324' title='bbox 238 3409 280 3443; x_wconf 84' lang='lat'>59</span> <span class='ocrx_word' id='word_1_325' title='bbox 305 3409 366 3443; x_wconf 74' lang='lat' dir='ltr'>aPs</span> <span class='ocrx_word' id='word_1_326' title='bbox 392 3411 466 3451; x_wconf 79' lang='lat'>148,</span> <span class='ocrx_word' id='word_1_327' title='bbox 491 3413 521 3445; x_wconf 87' lang='lat'>4.</span> 
     </span>
    </p>
   </div>
   <div class='ocr_carea' id='block_1_23' title="bbox 1054 1113 1968 1636">
    <p class='ocr_par' dir='ltr' id='par_1_46' title="bbox 1056 1113 1968 1213">
     <span class='ocr_line' id='line_1_64' title="bbox 1056 1113 1968 1167; baseline 0.001 -14"><span class='ocrx_word' id='word_1_328' title='bbox 1056 1118 1097 1154; x_wconf 92' lang='lat' dir='ltr'>et</span> <span class='ocrx_word' id='word_1_329' title='bbox 1140 1113 1365 1157; x_wconf 85' lang='lat' dir='ltr'>laudabilis,</span> <span class='ocrx_word' id='word_1_330' title='bbox 1412 1118 1453 1154; x_wconf 89' lang='lat' dir='ltr'>et</span> <span class='ocrx_word' id='word_1_331' title='bbox 1495 1113 1701 1166; x_wconf 83' lang='lat' dir='ltr'>gloriosus,</span> <span class='ocrx_word' id='word_1_332' title='bbox 1748 1119 1789 1154; x_wconf 90' lang='lat' dir='ltr'>et</span> <span class='ocrx_word' id='word_1_333' title='bbox 1831 1127 1968 1167; x_wconf 92' lang='lat' dir='ltr'>super—</span> 
     </span>
     <span class='ocr_line' id='line_1_65' title="bbox 1212 1172 1674 1213; baseline 0.002 -1"><span class='ocrx_word' id='word_1_334' title='bbox 1212 1172 1417 1212; x_wconf 81' lang='lat' dir='ltr'>exaltatus</span> <span class='ocrx_word' id='word_1_335' title='bbox 1448 1172 1487 1211; x_wconf 93' lang='lat' dir='ltr'>in</span> <span class='ocrx_word' id='word_1_336' title='bbox 1518 1172 1674 1213; x_wconf 75' lang='lat' dir='ltr'>saecula.</span> 
     </span>
    </p>

    <p class='ocr_par' dir='ltr' id='par_1_47' title="bbox 1055 1230 1968 1330">
     <span class='ocr_line' id='line_1_66' title="bbox 1055 1230 1968 1284; baseline 0.001 -13"><span class='ocrx_word' id='word_1_337' title='bbox 1055 1235 1097 1271; x_wconf 88' lang='lat' dir='ltr'>et</span> <span class='ocrx_word' id='word_1_338' title='bbox 1150 1230 1366 1275; x_wconf 83' lang='lat' dir='ltr'>laudabile,</span> <span class='ocrx_word' id='word_1_339' title='bbox 1425 1236 1465 1270; x_wconf 88' lang='lat' dir='ltr'>et</span> <span class='ocrx_word' id='word_1_340' title='bbox 1521 1231 1871 1284; x_wconf 83' lang='lat' dir='ltr'>superexaltatum</span> <span class='ocrx_word' id='word_1_341' title='bbox 1927 1231 1968 1272; x_wconf 91' lang='lat' dir='ltr'>in</span> 
     </span>
     <span class='ocr_line' id='line_1_67' title="bbox 1213 1289 1596 1330; baseline 0.003 -2"><span class='ocrx_word' id='word_1_342' title='bbox 1213 1289 1401 1329; x_wconf 88' lang='lat' dir='ltr'>omnibus</span> <span class='ocrx_word' id='word_1_343' title='bbox 1431 1289 1596 1330; x_wconf 86' lang='lat' dir='ltr'>saeculis.</span> 
     </span>
    </p>

    <p class='ocr_par' dir='ltr' id='par_1_48' title="bbox 1055 1347 1967 1447">
     <span class='ocr_line' id='line_1_68' title="bbox 1055 1347 1967 1401; baseline 0.003 -15"><span class='ocrx_word' id='word_1_344' title='bbox 1055 1352 1095 1387; x_wconf 91' lang='grc'>91</span> <span class='ocrx_word' id='word_1_345' title='bbox 1126 1347 1475 1401; x_wconf 84' lang='lat' dir='ltr'>superlaudabilis,</span> <span class='ocrx_word' id='word_1_346' title='bbox 1509 1352 1549 1388; x_wconf 87' lang='lat' dir='ltr'>et</span> <span class='ocrx_word' id='word_1_347' title='bbox 1580 1348 1896 1401; x_wconf 85' lang='lat' dir='ltr'>supergloriosus</span> <span class='ocrx_word' id='word_1_348' title='bbox 1926 1348 1967 1389; x_wconf 91' lang='lat' dir='ltr'>in</span> 
     </span>
     <span class='ocr_line' id='line_1_69' title="bbox 1211 1406 1368 1447; baseline 0 -1"><span class='ocrx_word' id='word_1_349' title='bbox 1211 1406 1368 1447; x_wconf 86' lang='lat' dir='ltr'>saecula.</span> 
     </span>
    </p>

    <p class='ocr_par' dir='ltr' id='par_1_49' title="bbox 1054 1464 1967 1565">
     <span class='ocr_line' id='line_1_70' title="bbox 1054 1464 1967 1519; baseline 0.002 -14"><span class='ocrx_word' id='word_1_350' title='bbox 1054 1470 1095 1505; x_wconf 88' lang='lat' dir='ltr'>et</span> <span class='ocrx_word' id='word_1_351' title='bbox 1122 1464 1471 1518; x_wconf 80' lang='lat' dir='ltr'>superlaudabilis,</span> <span class='ocrx_word' id='word_1_352' title='bbox 1502 1470 1543 1506; x_wconf 91' lang='lat' dir='ltr'>et</span> <span class='ocrx_word' id='word_1_353' title='bbox 1570 1466 1898 1519; x_wconf 82' lang='lat' dir='ltr'>superexaltatus</span> <span class='ocrx_word' id='word_1_354' title='bbox 1926 1466 1967 1507; x_wconf 92' lang='lat' dir='ltr'>in</span> 
     </span>
     <span class='ocr_line' id='line_1_71' title="bbox 1211 1524 1368 1565; baseline 0.006 -1"><span class='ocrx_word' id='word_1_355' title='bbox 1211 1524 1368 1565; x_wconf 84' lang='lat' dir='ltr'>saecula.</span> 
     </span>
    </p>

    <p class='ocr_par' dir='ltr' id='par_1_50' title="bbox 1054 1582 1964 1636">
     <span class='ocr_line' id='line_1_72' title="bbox 1054 1582 1964 1636; baseline 0.003 -14"><span class='ocrx_word' id='word_1_356' title='bbox 1054 1588 1093 1623; x_wconf 97' lang='grc'>91</span> <span class='ocrx_word' id='word_1_357' title='bbox 1108 1582 1336 1630; x_wconf 78' lang='lat' dir='ltr'>laudabiliS,</span> <span class='ocrx_word' id='word_1_358' title='bbox 1353 1588 1393 1623; x_wconf 86' lang='lat' dir='ltr'>et</span> <span class='ocrx_word' id='word_1_359' title='bbox 1408 1583 1736 1636; x_wconf 85' lang='lat' dir='ltr'>superexaltatus</span> <span class='ocrx_word' id='word_1_360' title='bbox 1751 1584 1792 1624; x_wconf 93' lang='lat' dir='ltr'>in</span> <span class='ocrx_word' id='word_1_361' title='bbox 1807 1583 1964 1625; x_wconf 86' lang='lat' dir='ltr'>saecula.</span> 
     </span>
    </p>
   </div>
   <div class='ocr_carea' id='block_1_24' title="bbox 1051 1700 1963 1813">
    <p class='ocr_par' dir='ltr' id='par_1_51' title="bbox 1051 1700 1963 1813">
     <span class='ocr_line' id='line_1_73' title="bbox 1053 1700 1888 1753; baseline 0.004 -13"><span class='ocrx_word' id='word_1_362' title='bbox 1053 1705 1092 1740; x_wconf 88' lang='grc'>91</span> <span class='ocrx_word' id='word_1_363' title='bbox 1122 1700 1336 1741; x_wconf 87' lang='lat' dir='ltr'>laudabilis</span> <span class='ocrx_word' id='word_1_364' title='bbox 1367 1705 1408 1741; x_wconf 90' lang='grc'>91</span> <span class='ocrx_word' id='word_1_365' title='bbox 1435 1700 1630 1753; x_wconf 85' lang='lat' dir='ltr'>gloriosus</span> <span class='ocrx_word' id='word_1_366' title='bbox 1661 1701 1700 1741; x_wconf 93' lang='lat' dir='ltr'>in</span> <span class='ocrx_word' id='word_1_367' title='bbox 1731 1702 1888 1743; x_wconf 83' lang='lat' dir='ltr'>saecula.</span> 
     </span>
     <span class='ocr_line' id='line_1_74' title="bbox 1051 1758 1963 1813; baseline 0.002 -14"><span class='ocrx_word' id='word_1_368' title='bbox 1051 1758 1217 1800; x_wconf 81' lang='lat' dir='ltr'>laudate</span> <span class='ocrx_word' id='word_1_369' title='bbox 1241 1764 1281 1799; x_wconf 89' lang='grc'>91</span> <span class='ocrx_word' id='word_1_370' title='bbox 1303 1759 1605 1813; x_wconf 81' lang='lat' dir='ltr'>superexaltate</span> <span class='ocrx_word' id='word_1_371' title='bbox 1628 1773 1719 1800; x_wconf 89' lang='grc'>911111</span> <span class='ocrx_word' id='word_1_372' title='bbox 1742 1760 1782 1800; x_wconf 89' lang='grc'>111</span> <span class='ocrx_word' id='word_1_373' title='bbox 1805 1760 1963 1802; x_wconf 84' lang='lat' dir='ltr'>saecula.</span> 
     </span>
    </p>
   </div>
   <div class='ocr_carea' id='block_1_25' title="bbox 1050 1876 1962 2047">
    <p class='ocr_par' dir='ltr' id='par_1_52' title="bbox 1050 1876 1962 2047">
     <span class='ocr_line' id='line_1_75' title="bbox 1050 1876 1962 1930; baseline 0.002 -13"><span class='ocrx_word' id='word_1_374' title='bbox 1050 1876 1216 1917; x_wconf 86' lang='lat' dir='ltr'>laudate</span> <span class='ocrx_word' id='word_1_375' title='bbox 1240 1882 1280 1917; x_wconf 95' lang='lat' dir='ltr'>et</span> <span class='ocrx_word' id='word_1_376' title='bbox 1302 1877 1603 1930; x_wconf 81' lang='lat' dir='ltr'>superexaltate</span> <span class='ocrx_word' id='word_1_377' title='bbox 1627 1891 1718 1918; x_wconf 91' lang='lat' dir='ltr'>eum</span> <span class='ocrx_word' id='word_1_378' title='bbox 1741 1878 1782 1918; x_wconf 93' lang='lat' dir='ltr'>in</span> <span class='ocrx_word' id='word_1_379' title='bbox 1804 1877 1962 1919; x_wconf 82' lang='lat' dir='ltr'>saecula.</span> 
     </span>
     <span class='ocr_line' id='line_1_76' title="bbox 1050 1934 1961 1989; baseline 0.002 -14"><span class='ocrx_word' id='word_1_380' title='bbox 1050 1934 1216 1976; x_wconf 85' lang='lat' dir='ltr'>laudate</span> <span class='ocrx_word' id='word_1_381' title='bbox 1239 1940 1280 1976; x_wconf 87' lang='lat' dir='ltr'>et</span> <span class='ocrx_word' id='word_1_382' title='bbox 1301 1935 1603 1989; x_wconf 83' lang='lat' dir='ltr'>superexaltate</span> <span class='ocrx_word' id='word_1_383' title='bbox 1626 1949 1718 1976; x_wconf 88' lang='grc'>911111</span> <span class='ocrx_word' id='word_1_384' title='bbox 1741 1936 1781 1976; x_wconf 89' lang='grc'>111</span> <span class='ocrx_word' id='word_1_385' title='bbox 1804 1936 1961 1978; x_wconf 84' lang='lat' dir='ltr'>saecula.</span> 
     </span>
     <span class='ocr_line' id='line_1_77' title="bbox 1050 1993 1961 2047; baseline 0.002 -13"><span class='ocrx_word' id='word_1_386' title='bbox 1050 1993 1215 2034; x_wconf 83' lang='lat' dir='ltr'>laudate</span> <span class='ocrx_word' id='word_1_387' title='bbox 1239 1999 1279 2035; x_wconf 94' lang='lat' dir='ltr'>et</span> <span class='ocrx_word' id='word_1_388' title='bbox 1301 1994 1603 2047; x_wconf 78' lang='lat' dir='ltr'>superexaltate</span> <span class='ocrx_word' id='word_1_389' title='bbox 1626 2008 1717 2035; x_wconf 90' lang='lat' dir='ltr'>eum</span> <span class='ocrx_word' id='word_1_390' title='bbox 1740 1995 1781 2035; x_wconf 91' lang='lat' dir='ltr'>in</span> <span class='ocrx_word' id='word_1_391' title='bbox 1803 1995 1961 2036; x_wconf 83' lang='lat' dir='ltr'>saecula.</span> 
     </span>
    </p>
   </div>
   <div class='ocr_carea' id='block_1_26' title="bbox 1048 2110 1961 2165">
    <p class='ocr_par' dir='ltr' id='par_1_53' title="bbox 1048 2110 1961 2165">
     <span class='ocr_line' id='line_1_78' title="bbox 1048 2110 1961 2165; baseline 0.003 -14"><span class='ocrx_word' id='word_1_392' title='bbox 1048 2110 1215 2152; x_wconf 89' lang='lat' dir='ltr'>laudate</span> <span class='ocrx_word' id='word_1_393' title='bbox 1238 2116 1278 2152; x_wconf 88' lang='lat' dir='ltr'>et</span> <span class='ocrx_word' id='word_1_394' title='bbox 1300 2111 1603 2165; x_wconf 85' lang='lat' dir='ltr'>superexaltate</span> <span class='ocrx_word' id='word_1_395' title='bbox 1625 2125 1717 2153; x_wconf 92' lang='lat' dir='ltr'>eum</span> <span class='ocrx_word' id='word_1_396' title='bbox 1740 2113 1781 2153; x_wconf 91' lang='lat' dir='ltr'>in</span> <span class='ocrx_word' id='word_1_397' title='bbox 1803 2112 1961 2154; x_wconf 84' lang='lat' dir='ltr'>saecula.</span> 
     </span>
    </p>
   </div>
   <div class='ocr_carea' id='block_1_27' title="bbox 1047 2228 1961 2400">
    <p class='ocr_par' dir='ltr' id='par_1_54' title="bbox 1047 2228 1961 2400">
     <span class='ocr_line' id='line_1_79' title="bbox 1047 2228 1961 2282; baseline 0.003 -14"><span class='ocrx_word' id='word_1_398' title='bbox 1047 2228 1214 2269; x_wconf 84' lang='lat' dir='ltr'>laudate</span> <span class='ocrx_word' id='word_1_399' title='bbox 1237 2234 1277 2270; x_wconf 90' lang='grc'>91</span> <span class='ocrx_word' id='word_1_400' title='bbox 1300 2229 1602 2282; x_wconf 85' lang='lat' dir='ltr'>superexaltate</span> <span class='ocrx_word' id='word_1_401' title='bbox 1625 2243 1716 2270; x_wconf 93' lang='lat' dir='ltr'>eum</span> <span class='ocrx_word' id='word_1_402' title='bbox 1739 2230 1779 2271; x_wconf 93' lang='lat' dir='ltr'>in</span> <span class='ocrx_word' id='word_1_403' title='bbox 1803 2230 1961 2272; x_wconf 85' lang='lat' dir='ltr'>saecula.</span> 
     </span>
     <span class='ocr_line' id='line_1_80' title="bbox 1047 2286 1959 2341; baseline 0.003 -14"><span class='ocrx_word' id='word_1_404' title='bbox 1047 2286 1214 2328; x_wconf 88' lang='lat' dir='ltr'>laudate</span> <span class='ocrx_word' id='word_1_405' title='bbox 1237 2293 1278 2328; x_wconf 90' lang='lat' dir='ltr'>et</span> <span class='ocrx_word' id='word_1_406' title='bbox 1299 2288 1601 2341; x_wconf 80' lang='lat' dir='ltr'>superexaltate</span> <span class='ocrx_word' id='word_1_407' title='bbox 1624 2301 1716 2330; x_wconf 91' lang='lat' dir='ltr'>eum</span> <span class='ocrx_word' id='word_1_408' title='bbox 1738 2289 1779 2329; x_wconf 92' lang='lat' dir='ltr'>in</span> <span class='ocrx_word' id='word_1_409' title='bbox 1802 2289 1959 2330; x_wconf 86' lang='lat' dir='ltr'>saecula.</span> 
     </span>
     <span class='ocr_line' id='line_1_81' title="bbox 1047 2345 1959 2400; baseline 0.003 -14"><span class='ocrx_word' id='word_1_410' title='bbox 1047 2345 1214 2387; x_wconf 84' lang='lat' dir='ltr'>laudate</span> <span class='ocrx_word' id='word_1_411' title='bbox 1237 2351 1277 2387; x_wconf 91' lang='lat' dir='ltr'>et</span> <span class='ocrx_word' id='word_1_412' title='bbox 1299 2347 1601 2400; x_wconf 83' lang='lat' dir='ltr'>superexaltate</span> <span class='ocrx_word' id='word_1_413' title='bbox 1624 2360 1715 2387; x_wconf 90' lang='lat' dir='ltr'>eum</span> <span class='ocrx_word' id='word_1_414' title='bbox 1738 2347 1779 2388; x_wconf 91' lang='lat' dir='ltr'>in</span> <span class='ocrx_word' id='word_1_415' title='bbox 1802 2347 1959 2389; x_wconf 83' lang='lat' dir='ltr'>saecula.</span> 
     </span>
    </p>
   </div>
   <div class='ocr_carea' id='block_1_28' title="bbox 1042 2463 1959 3164">
    <p class='ocr_par' dir='ltr' id='par_1_55' title="bbox 1042 2463 1959 3164">
     <span class='ocr_line' id='line_1_82' title="bbox 1045 2463 1959 2518; baseline 0.002 -14"><span class='ocrx_word' id='word_1_416' title='bbox 1045 2463 1212 2505; x_wconf 85' lang='lat' dir='ltr'>laudate</span> <span class='ocrx_word' id='word_1_417' title='bbox 1235 2469 1276 2505; x_wconf 91' lang='lat' dir='ltr'>et</span> <span class='ocrx_word' id='word_1_418' title='bbox 1298 2465 1600 2518; x_wconf 81' lang='lat' dir='ltr'>superexaltate</span> <span class='ocrx_word' id='word_1_419' title='bbox 1623 2478 1715 2505; x_wconf 94' lang='lat' dir='ltr'>eum</span> <span class='ocrx_word' id='word_1_420' title='bbox 1737 2465 1779 2506; x_wconf 93' lang='lat' dir='ltr'>in</span> <span class='ocrx_word' id='word_1_421' title='bbox 1801 2465 1959 2507; x_wconf 84' lang='lat' dir='ltr'>saecula.</span> 
     </span>
     <span class='ocr_line' id='line_1_83' title="bbox 1046 2522 1958 2577; baseline 0.002 -14"><span class='ocrx_word' id='word_1_422' title='bbox 1046 2522 1212 2564; x_wconf 88' lang='lat' dir='ltr'>laudate</span> <span class='ocrx_word' id='word_1_423' title='bbox 1235 2528 1276 2564; x_wconf 86' lang='lat' dir='ltr'>et</span> <span class='ocrx_word' id='word_1_424' title='bbox 1298 2523 1600 2577; x_wconf 84' lang='lat' dir='ltr'>superexaltate</span> <span class='ocrx_word' id='word_1_425' title='bbox 1623 2537 1715 2564; x_wconf 91' lang='lat' dir='ltr'>eum</span> <span class='ocrx_word' id='word_1_426' title='bbox 1737 2524 1778 2564; x_wconf 94' lang='lat' dir='ltr'>in</span> <span class='ocrx_word' id='word_1_427' title='bbox 1801 2524 1958 2565; x_wconf 84' lang='lat' dir='ltr'>saecula.</span> 
     </span>
     <span class='ocr_line' id='line_1_84' title="bbox 1045 2580 1958 2635; baseline 0 -13"><span class='ocrx_word' id='word_1_428' title='bbox 1045 2580 1212 2622; x_wconf 85' lang='lat' dir='ltr'>laudate</span> <span class='ocrx_word' id='word_1_429' title='bbox 1235 2587 1275 2623; x_wconf 87' lang='lat' dir='ltr'>et</span> <span class='ocrx_word' id='word_1_430' title='bbox 1297 2583 1600 2635; x_wconf 83' lang='lat' dir='ltr'>superexaltate</span> <span class='ocrx_word' id='word_1_431' title='bbox 1623 2596 1714 2623; x_wconf 89' lang='lat' dir='ltr'>eum</span> <span class='ocrx_word' id='word_1_432' title='bbox 1737 2583 1778 2623; x_wconf 90' lang='lat' dir='ltr'>in</span> <span class='ocrx_word' id='word_1_433' title='bbox 1800 2582 1958 2624; x_wconf 85' lang='lat' dir='ltr'>saecula.</span> 
     </span>
     <span class='ocr_line' id='line_1_85' title="bbox 1044 2639 1957 2694; baseline 0 -13"><span class='ocrx_word' id='word_1_434' title='bbox 1044 2639 1211 2681; x_wconf 88' lang='lat' dir='ltr'>laudate</span> <span class='ocrx_word' id='word_1_435' title='bbox 1234 2646 1274 2681; x_wconf 86' lang='lat' dir='ltr'>et</span> <span class='ocrx_word' id='word_1_436' title='bbox 1296 2641 1598 2694; x_wconf 85' lang='lat' dir='ltr'>superexaltate</span> <span class='ocrx_word' id='word_1_437' title='bbox 1621 2654 1713 2681; x_wconf 91' lang='lat' dir='ltr'>eum</span> <span class='ocrx_word' id='word_1_438' title='bbox 1736 2641 1776 2681; x_wconf 93' lang='lat' dir='ltr'>in</span> <span class='ocrx_word' id='word_1_439' title='bbox 1799 2641 1957 2682; x_wconf 80' lang='lat' dir='ltr'>saecula.</span> 
     </span>
     <span class='ocr_line' id='line_1_86' title="bbox 1044 2698 1957 2753; baseline 0.003 -14"><span class='ocrx_word' id='word_1_440' title='bbox 1044 2698 1211 2740; x_wconf 88' lang='lat' dir='ltr'>laudate</span> <span class='ocrx_word' id='word_1_441' title='bbox 1234 2704 1274 2740; x_wconf 86' lang='lat' dir='ltr'>et</span> <span class='ocrx_word' id='word_1_442' title='bbox 1296 2700 1599 2753; x_wconf 84' lang='lat' dir='ltr'>superexaltate</span> <span class='ocrx_word' id='word_1_443' title='bbox 1621 2713 1712 2740; x_wconf 90' lang='lat' dir='ltr'>eum</span> <span class='ocrx_word' id='word_1_444' title='bbox 1735 2700 1776 2740; x_wconf 92' lang='lat' dir='ltr'>in</span> <span class='ocrx_word' id='word_1_445' title='bbox 1799 2699 1957 2742; x_wconf 86' lang='lat' dir='ltr'>saecula.</span> 
     </span>
     <span class='ocr_line' id='line_1_87' title="bbox 1044 2757 1956 2812; baseline 0.002 -14"><span class='ocrx_word' id='word_1_446' title='bbox 1044 2757 1211 2799; x_wconf 83' lang='lat' dir='ltr'>laudate</span> <span class='ocrx_word' id='word_1_447' title='bbox 1233 2763 1274 2799; x_wconf 91' lang='grc'>91</span> <span class='ocrx_word' id='word_1_448' title='bbox 1296 2758 1598 2812; x_wconf 81' lang='lat' dir='ltr'>superexaltate</span> <span class='ocrx_word' id='word_1_449' title='bbox 1621 2772 1712 2799; x_wconf 93' lang='lat' dir='ltr'>eum</span> <span class='ocrx_word' id='word_1_450' title='bbox 1735 2758 1776 2799; x_wconf 93' lang='lat' dir='ltr'>in</span> <span class='ocrx_word' id='word_1_451' title='bbox 1798 2758 1956 2800; x_wconf 73' lang='lat' dir='ltr'>saecula.</span> 
     </span>
     <span class='ocr_line' id='line_1_88' title="bbox 1045 2816 1955 2871; baseline 0.001 -14"><span class='ocrx_word' id='word_1_452' title='bbox 1045 2816 1211 2858; x_wconf 86' lang='lat' dir='ltr'>laudate</span> <span class='ocrx_word' id='word_1_453' title='bbox 1235 2822 1276 2858; x_wconf 90' lang='grc'>91</span> <span class='ocrx_word' id='word_1_454' title='bbox 1298 2817 1601 2871; x_wconf 83' lang='lat' dir='ltr'>superexaltate</span> <span class='ocrx_word' id='word_1_455' title='bbox 1625 2830 1716 2857; x_wconf 88' lang='lat' dir='ltr'>eum</span> <span class='ocrx_word' id='word_1_456' title='bbox 1736 2817 1777 2857; x_wconf 93' lang='lat' dir='ltr'>in</span> <span class='ocrx_word' id='word_1_457' title='bbox 1797 2816 1955 2859; x_wconf 84' lang='lat' dir='ltr'>saecula.</span> 
     </span>
     <span class='ocr_line' id='line_1_89' title="bbox 1043 2875 1956 2930; baseline 0.001 -15"><span class='ocrx_word' id='word_1_458' title='bbox 1043 2875 1210 2916; x_wconf 85' lang='lat' dir='ltr'>laudate</span> <span class='ocrx_word' id='word_1_459' title='bbox 1233 2881 1274 2917; x_wconf 89' lang='grc'>91</span> <span class='ocrx_word' id='word_1_460' title='bbox 1295 2876 1598 2930; x_wconf 85' lang='lat' dir='ltr'>superexaltate</span> <span class='ocrx_word' id='word_1_461' title='bbox 1620 2888 1711 2916; x_wconf 89' lang='lat' dir='ltr'>eum</span> <span class='ocrx_word' id='word_1_462' title='bbox 1734 2875 1775 2916; x_wconf 93' lang='lat' dir='ltr'>in</span> <span class='ocrx_word' id='word_1_463' title='bbox 1798 2875 1956 2917; x_wconf 85' lang='lat' dir='ltr'>saecula.</span> 
     </span>
     <span class='ocr_line' id='line_1_90' title="bbox 1043 2933 1955 2988; baseline 0.002 -14"><span class='ocrx_word' id='word_1_464' title='bbox 1043 2933 1210 2975; x_wconf 85' lang='lat' dir='ltr'>laudate</span> <span class='ocrx_word' id='word_1_465' title='bbox 1232 2939 1273 2975; x_wconf 92' lang='lat' dir='ltr'>et</span> <span class='ocrx_word' id='word_1_466' title='bbox 1295 2934 1596 2988; x_wconf 85' lang='lat' dir='ltr'>superexaltate</span> <span class='ocrx_word' id='word_1_467' title='bbox 1619 2947 1711 2974; x_wconf 84' lang='lat' dir='ltr'>euni</span> <span class='ocrx_word' id='word_1_468' title='bbox 1734 2934 1774 2974; x_wconf 93' lang='lat' dir='ltr'>in</span> <span class='ocrx_word' id='word_1_469' title='bbox 1797 2934 1955 2976; x_wconf 87' lang='lat' dir='ltr'>saecula.</span> 
     </span>
     <span class='ocr_line' id='line_1_91' title="bbox 1042 2991 1955 3047; baseline 0.001 -15"><span class='ocrx_word' id='word_1_470' title='bbox 1042 2991 1193 3038; x_wconf 86' lang='lat' dir='ltr'>laudet,</span> <span class='ocrx_word' id='word_1_471' title='bbox 1226 2999 1267 3034; x_wconf 93' lang='lat' dir='ltr'>et</span> <span class='ocrx_word' id='word_1_472' title='bbox 1296 2993 1573 3047; x_wconf 79' lang='lat' dir='ltr'>superexaltet</span> <span class='ocrx_word' id='word_1_473' title='bbox 1602 3006 1694 3033; x_wconf 89' lang='lat' dir='ltr'>eum</span> <span class='ocrx_word' id='word_1_474' title='bbox 1724 2993 1766 3033; x_wconf 94' lang='lat' dir='ltr'>in</span> <span class='ocrx_word' id='word_1_475' title='bbox 1797 2992 1955 3034; x_wconf 84' lang='lat' dir='ltr'>saecula.</span> 
     </span>
     <span class='ocr_line' id='line_1_92' title="bbox 1042 3050 1954 3105; baseline 0 -14"><span class='ocrx_word' id='word_1_476' title='bbox 1042 3050 1209 3092; x_wconf 88' lang='lat' dir='ltr'>laudate</span> <span class='ocrx_word' id='word_1_477' title='bbox 1232 3058 1272 3093; x_wconf 91' lang='lat' dir='ltr'>et</span> <span class='ocrx_word' id='word_1_478' title='bbox 1294 3052 1596 3105; x_wconf 82' lang='lat' dir='ltr'>superexaltate</span> <span class='ocrx_word' id='word_1_479' title='bbox 1619 3065 1711 3092; x_wconf 91' lang='lat' dir='ltr'>eum</span> <span class='ocrx_word' id='word_1_480' title='bbox 1733 3051 1774 3092; x_wconf 91' lang='lat' dir='ltr'>in</span> <span class='ocrx_word' id='word_1_481' title='bbox 1797 3050 1954 3093; x_wconf 83' lang='lat' dir='ltr'>saecula.</span> 
     </span>
     <span class='ocr_line' id='line_1_93' title="bbox 1042 3109 1954 3164; baseline 0 -14"><span class='ocrx_word' id='word_1_482' title='bbox 1042 3109 1208 3151; x_wconf 82' lang='lat' dir='ltr'>laudate</span> <span class='ocrx_word' id='word_1_483' title='bbox 1231 3116 1273 3151; x_wconf 91' lang='lat' dir='ltr'>et</span> <span class='ocrx_word' id='word_1_484' title='bbox 1294 3110 1596 3164; x_wconf 86' lang='lat' dir='ltr'>superexaltate</span> <span class='ocrx_word' id='word_1_485' title='bbox 1619 3123 1711 3151; x_wconf 91' lang='lat' dir='ltr'>eum</span> <span class='ocrx_word' id='word_1_486' title='bbox 1733 3110 1774 3151; x_wconf 89' lang='lat' dir='ltr'>in</span> <span class='ocrx_word' id='word_1_487' title='bbox 1796 3109 1954 3152; x_wconf 83' lang='lat' dir='ltr'>saecula.</span> 
     </span>
    </p>
   </div>
   <div class='ocr_carea' id='block_1_29' title="bbox 1042 3226 1954 3341">
    <p class='ocr_par' dir='ltr' id='par_1_56' title="bbox 1042 3226 1954 3341">
     <span class='ocr_line' id='line_1_94' title="bbox 1042 3226 1954 3281; baseline 0 -14"><span class='ocrx_word' id='word_1_488' title='bbox 1042 3226 1209 3269; x_wconf 85' lang='lat' dir='ltr'>laudate</span> <span class='ocrx_word' id='word_1_489' title='bbox 1232 3233 1273 3268; x_wconf 88' lang='lat' dir='ltr'>et</span> <span class='ocrx_word' id='word_1_490' title='bbox 1294 3227 1596 3281; x_wconf 84' lang='lat' dir='ltr'>superexaltate</span> <span class='ocrx_word' id='word_1_491' title='bbox 1619 3241 1710 3268; x_wconf 89' lang='lat' dir='ltr'>eum</span> <span class='ocrx_word' id='word_1_492' title='bbox 1733 3227 1774 3268; x_wconf 91' lang='lat' dir='ltr'>in</span> <span class='ocrx_word' id='word_1_493' title='bbox 1796 3227 1954 3268; x_wconf 87' lang='lat' dir='ltr'>saecula.</span> 
     </span>
     <span class='ocr_line' id='line_1_95' title="bbox 1042 3285 1953 3341; baseline 0 -15"><span class='ocrx_word' id='word_1_494' title='bbox 1042 3285 1209 3327; x_wconf 82' lang='lat' dir='ltr'>laudate</span> <span class='ocrx_word' id='word_1_495' title='bbox 1232 3291 1272 3327; x_wconf 91' lang='lat' dir='ltr'>et</span> <span class='ocrx_word' id='word_1_496' title='bbox 1294 3286 1596 3341; x_wconf 87' lang='lat' dir='ltr'>superexaltate</span> <span class='ocrx_word' id='word_1_497' title='bbox 1619 3300 1710 3328; x_wconf 90' lang='lat' dir='ltr'>eum</span> <span class='ocrx_word' id='word_1_498' title='bbox 1733 3286 1774 3327; x_wconf 94' lang='lat' dir='ltr'>in</span> <span class='ocrx_word' id='word_1_499' title='bbox 1796 3285 1953 3327; x_wconf 86' lang='lat' dir='ltr'>saecula.</span> 
     </span>
    </p>
   </div>
   <div class='ocr_carea' id='block_1_30' title="bbox 1993 539 2151 599">
    <p class='ocr_par' dir='ltr' id='par_1_57' title="bbox 1993 539 2151 599">
     <span class='ocr_line' id='line_1_96' title="bbox 1993 539 2151 568; baseline 0.006 -5"><span class='ocrx_word' id='word_1_500' title='bbox 1993 539 2030 563; x_wconf 86' lang='lat' dir='ltr'>ab</span> <span class='ocrx_word' id='word_1_501' title='bbox 2051 539 2151 568; x_wconf 65' lang='lat' dir='ltr'>angel)</span> 
     </span>
     <span class='ocr_line' id='line_1_97' title="bbox 2016 574 2129 599; baseline 0 -1"><span class='ocrx_word' id='word_1_502' title='bbox 2016 574 2129 599; x_wconf 84' lang='lat' dir='ltr'>Domini</span> 
     </span>
    </p>
   </div>
   <div class='ocr_carea' id='block_1_31' title="bbox 66 577 2125 711">
    <p class='ocr_par' dir='ltr' id='par_1_58' title="bbox 66 577 2125 711">
     <span class='ocr_line' id='line_1_98' title="bbox 66 577 2125 657; baseline -0.001 -13"><span class='ocrx_word' id='word_1_503' title='bbox 66 602 262 657; x_wconf 87' lang='lat' dir='ltr'>naphtha,</span> <span class='ocrx_word' id='word_1_504' title='bbox 283 605 324 641; x_wconf 91' lang='lat' dir='ltr'>et</span> <span class='ocrx_word' id='word_1_505' title='bbox 343 605 504 653; x_wconf 88' lang='lat' dir='ltr'>stuppa</span> <span class='ocrx_word' id='word_1_506' title='bbox 526 605 567 639; x_wconf 94' lang='lat' dir='ltr'>et</span> <span class='ocrx_word' id='word_1_507' title='bbox 585 599 683 651; x_wconf 92' lang='lat' dir='ltr'>pice</span> <span class='ocrx_word' id='word_1_508' title='bbox 706 603 747 639; x_wconf 89' lang='lat' dir='ltr'>et</span> <span class='ocrx_word' id='word_1_509' title='bbox 765 599 971 647; x_wconf 85' lang='lat' dir='ltr'>malleolis</span> <span class='ocrx_word' id='word_1_510' title='bbox 1019 601 1053 624; x_wconf 64' lang='lat'>⁴¹⁷</span> <span class='ocrx_word' id='word_1_511' title='bbox 1073 605 1113 640; x_wconf 89' lang='grc'>91</span> <span class='ocrx_word' id='word_1_512' title='bbox 1132 599 1421 640; x_wconf 82' lang='lat' dir='ltr'>effundebatur</span> <span class='ocrx_word' id='word_1_513' title='bbox 1439 598 1605 640; x_wconf 88' lang='lat' dir='ltr'>flamma</span> <span class='ocrx_word' id='word_1_514' title='bbox 1623 613 1743 653; x_wconf 87' lang='lat' dir='ltr'>super</span> <span class='ocrx_word' id='word_1_515' title='bbox 1760 577 1966 642; x_wconf 85' lang='lat' dir='ltr'>fornaceni</span> <span class='ocrx_word' id='word_1_516' title='bbox 2019 610 2125 635; x_wconf 74' lang='lat' dir='ltr'>servati</span> 
     </span>
     <span class='ocr_line' id='line_1_99' title="bbox 754 658 1969 711; baseline 0.002 -13"><span class='ocrx_word' id='word_1_517' title='bbox 754 659 789 681; x_wconf 73' lang='lat'>⁴⁸</span> <span class='ocrx_word' id='word_1_518' title='bbox 814 663 855 698; x_wconf 91' lang='lat' dir='ltr'>et</span> <span class='ocrx_word' id='word_1_519' title='bbox 879 658 1024 711; x_wconf 77' lang='lat' dir='ltr'>erupit</span> <span class='ocrx_word' id='word_1_520' title='bbox 1052 663 1094 698; x_wconf 88' lang='lat' dir='ltr'>et</span> <span class='ocrx_word' id='word_1_521' title='bbox 1117 658 1298 698; x_wconf 91' lang='lat' dir='ltr'>incendit</span> <span class='ocrx_word' id='word_1_522' title='bbox 1325 671 1424 711; x_wconf 89' lang='lat' dir='ltr'>quos</span> <span class='ocrx_word' id='word_1_523' title='bbox 1449 658 1598 711; x_wconf 88' lang='lat' dir='ltr'>reperit</span> <span class='ocrx_word' id='word_1_524' title='bbox 1622 658 1739 699; x_wconf 85' lang='lat' dir='ltr'>iuxta</span> <span class='ocrx_word' id='word_1_525' title='bbox 1763 660 1969 700; x_wconf 84' lang='lat' dir='ltr'>fornacem</span> 
     </span>
    </p>
   </div>
   <div class='ocr_carea' id='block_1_32' title="bbox 411 715 1969 769">
    <p class='ocr_par' dir='ltr' id='par_1_59' title="bbox 411 715 1969 769">
     <span class='ocr_line' id='line_1_100' title="bbox 411 715 1969 769; baseline 0.001 -13"><span class='ocrx_word' id='word_1_526' title='bbox 411 718 445 741; x_wconf 74' lang='lat'>4⁹</span> <span class='ocrx_word' id='word_1_527' title='bbox 474 715 652 769; x_wconf 85' lang='lat' dir='ltr'>Angelus</span> <span class='ocrx_word' id='word_1_528' title='bbox 683 721 821 756; x_wconf 83' lang='lat' dir='ltr'>autem</span> <span class='ocrx_word' id='word_1_529' title='bbox 851 717 1017 757; x_wconf 90' lang='lat' dir='ltr'>Domini</span> <span class='ocrx_word' id='word_1_530' title='bbox 1047 717 1257 757; x_wconf 86' lang='lat' dir='ltr'>descendit</span> <span class='ocrx_word' id='word_1_531' title='bbox 1287 730 1378 757; x_wconf 88' lang='lat' dir='ltr'>cum</span> <span class='ocrx_word' id='word_1_532' title='bbox 1409 716 1566 764; x_wconf 81' lang='lat' dir='ltr'>Azaria,</span> <span class='ocrx_word' id='word_1_533' title='bbox 1599 722 1640 757; x_wconf 90' lang='lat' dir='ltr'>et</span> <span class='ocrx_word' id='word_1_534' title='bbox 1670 717 1785 757; x_wconf 90' lang='lat' dir='ltr'>sociis</span> <span class='ocrx_word' id='word_1_535' title='bbox 1816 718 1898 758; x_wconf 86' lang='lat' dir='ltr'>eius</span> <span class='ocrx_word' id='word_1_536' title='bbox 1929 718 1969 758; x_wconf 92' lang='lat' dir='ltr'>in</span> 
     </span>
    </p>
   </div>
  </div>
 </body>
</html>
