2356 3760
166 427 1025 518 PROPHETIA
1100 429 1988 519 EZECHIELIS.

807 652 1026 706 DARS
1067 653 1349 708 PRIOR.

163 738 738 791 comminationes
777 739 1145 793 Ezechielis
1183 741 1555 807 prophetae,
1594 742 1637 805 1,
1664 741 1865 805 1-32,
1893 742 1996 794 32.

994 836 1127 848 ψὴν-(Μ

237 882 540 942 Introitus9
579 883 640 933 in
680 898 792 947 quo
832 883 1060 933 vocatio
1101 884 1227 934 eius
1266 885 1559 937 narratur.
1598 883 1639 943 1,
1668 884 1812 945 1—-3‚
1839 885 1916 934 21.

575 973 614 1012 1.
643 972 879 1025 Apparitio
909 974 1073 1025 gloriae
1105 974 1299 1025 Domini,
1328 976 1368 1026 1,
1386 976 1512 1025 1—2,
1531 975 1590 1014 1³.

230 1044 267 1086 1.
323 1045 335 1067 1
357 1042 413 1083 Et
434 1042 591 1083 factum
613 1048 674 1084 est
695 1043 735 1083 in
758 1043 963 1097 trigesimo
986 1057 1104 1091 anno,
1128 1045 1169 1085 in
1192 1050 1350 1099 quarto,
1374 1045 1415 1086 in
1438 1046 1583 1099 quinta
1603 1045 1762 1089 mensis,
1787 1058 1878 1086 cum
1901 1058 2028 1086 essem
2057 1049 2181 1108 'ssslmPuS
2196 1050 2224 1074 et

124 1102 165 1142 in
188 1101 320 1142 medio
345 1101 602 1155 captivorum
631 1101 767 1143 aiuxta
789 1101 959 1143 fluvium
983 1102 1155 1151 Chobar,
1179 1103 1309 1157 aperti
1332 1109 1428 1145 sunt
1451 1103 1546 1152 caeli,
1572 1109 1613 1144 et
1636 1104 1719 1145 vidi
1743 1104 1915 1145 visiones
1938 1104 2026 1145 Dei.
2101 1091 2177 1114 ‘³0¹⁵'

127 1163 142 1185 ²
164 1161 210 1200 In
232 1160 377 1214 quinta
395 1160 556 1204 mensis.
578 1160 663 1214 ipse
683 1166 743 1201 est
763 1173 894 1202 annus
916 1161 1082 1215 quintus
1103 1162 1472 1216 transmigrationis
1492 1162 1593 1216 regis
1616 1162 1793 1211 Ioachin,
1841 1165 1856 1187 3
1875 1163 2030 1203 facturn

125 1224 186 1260 est
214 1219 385 1259 verbum
413 1218 579 1260 Domini
608 1219 659 1260 ad
688 1219 939 1260 Ezechielem
968 1220 1095 1261 filium
1125 1221 1225 1261 Buzi
1253 1221 1505 1262 sacerdotem
1533 1221 1573 1261 in
1602 1226 1709 1261 terra
1736 1220 2028 1269 Chaldaeorum‚

125 1290 238 1318 secus
268 1277 419 1318 flumen
449 1277 627 1318 Chobar:
659 1283 700 1318 et
728 1278 840 1319 facta
868 1284 929 1319 est
958 1292 1078 1332 super
1106 1292 1199 1319 eum
1227 1279 1283 1320 ibi
1312 1292 1457 1320 manus
1486 1279 1663 1320 Domini.

229 1339 243 1360 ⁴
270 1336 325 1376 Et
351 1336 447 1384 vidi,
477 1341 517 1377 et
544 1349 633 1377 ecce
660 1341 807 1377 ventus
834 1337 1008 1377 turbinis
1036 1337 1226 1378 veniebat
1254 1338 1305 1378 ab
1332 1337 1550 1391 Aquilone:
1580 1343 1620 1378 et
1646 1338 1773 1378 nubes
1801 1350 1959 1390 magna,
1989 1342 2027 1377 et
2070 1337 2201 1396 ”ffbgget

125 1394 226 1448 ignis
250 1394 473 1443 involvens,
501 1400 541 1434 et
565 1394 754 1447 splendor
776 1395 816 1435 in
841 1395 1011 1435 circuitu
1036 1395 1137 1436 eius:
1164 1401 1204 1436 et
1228 1396 1277 1436 de
1301 1396 1433 1437 medio
1458 1396 1541 1436 eius
1567 1396 1681 1449 quasi
1705 1396 1855 1449 species
1879 1395 2027 1441 electri,
2105 1379 2121 1403 g
2154 1391 2175 1401 “’

125 1453 166 1494 id
195 1458 257 1493 est
285 1453 335 1493 de
364 1453 496 1493 medio
527 1452 647 1506 ignis:

228 1513 243 1535 ⁵
276 1516 317 1552 et
349 1511 389 1551 in
422 1511 555 1552 medio
590 1511 672 1551 eius
706 1511 928 1553 similitudo
963 1518 1161 1566 quattuor
1194 1512 1449 1554 animalium:
1485 1519 1526 1554 et
1558 1513 1621 1554 hic
1656 1518 1842 1566 aspectus
1876 1525 2027 1555 eorum.
2057 1510 2214 1576 Βὲᾙξξζέξ

125 1569 347 1611 similitudo
371 1569 545 1611 hominis
569 1570 609 1610 in
634 1569 699 1610 eis.
756 1572 770 1593 ‘³
794 1570 1001 1619 Quattuor
1023 1571 1144 1612 facies
1169 1572 1250 1616 uni.
1277 1578 1318 1612 et
1342 1577 1540 1626 quattuor
1562 1585 1705 1625 pennae
1728 1572 1809 1613 uni.
1865 1573 1877 1595 ⁷
1901 1571 2029 1612 Pedes
2045 1580 2223 1608 animalium*

125 1641 264 1670 eorum
296 1629 418 1682 pedes
449 1628 560 1672 recti.
594 1634 634 1669 et
665 1629 809 1682 planta
839 1629 951 1682 pedis
983 1643 1121 1671 eorum
1154 1630 1269 1684 quasi
1300 1630 1443 1684 planta
1472 1631 1585 1684 pedis
1618 1630 1747 1677 vituli,
1780 1636 1822 1671 et
1852 1629 2035 1670 scintillae

128 1687 243 1741 quasi
267 1692 456 1741 aspectus
480 1687 567 1727 aeris
591 1687 814 1729 candentis.
869 1689 884 1711 ⁸
907 1688 962 1729 Et
984 1702 1129 1729 manus
1152 1688 1326 1730 hominis
1350 1690 1424 1730 sub
1448 1689 1589 1743 pennis
1613 1702 1751 1730 eorum
1775 1688 1814 1729 in
1839 1693 2036 1742 quattuor

125 1746 331 1800 partibus:
362 1751 403 1786 et
430 1746 564 1790 facies,
595 1751 635 1786 et
663 1759 817 1800 pennas
844 1759 916 1800 per
943 1753 1141 1800 quattuor
1167 1754 1303 1802 partes
1331 1748 1552 1790 habebant.
1611 1750 1626 1772 ⁹
1656 1748 1891 1800 Iunctaeque
1919 1752 2035 1787 erant

125 1818 270 1858 pennae
297 1817 435 1846 eorum
464 1804 629 1845 alterius
657 1805 708 1845 ad
736 1805 922 1847 alterum.
951 1819 1032 1847 non
1058 1807 1371 1848 revertebantur
1397 1820 1489 1847 cum
1516 1807 1766 1847 incederent:
1794 1806 1864 1847 sed
1890 1818 2035 1846 unum-

129 1863 320 1917 quodque
345 1868 441 1904 ante
463 1863 607 1904 faciem
632 1876 747 1904 suam
770 1864 1044 1917 gradiebatur.
1097 1867 1132 1889 ¹⁰
1153 1865 1384 1907 Similitudo
1409 1870 1545 1906 autem
1570 1865 1708 1906 vultus
1732 1878 1888 1906 eorum:
1912 1863 2035 1905 facies

128 1921 314 1969 hominis,
341 1927 382 1962 et
404 1922 526 1962 facies
547 1921 672 1963 leonis
697 1935 720 1962 a
742 1922 895 1963 dextris
918 1923 1096 1976 ipsorum
1121 1928 1336 1977 quattuor:
1360 1924 1481 1965 facies
1505 1929 1642 1964 autem
1666 1924 1793 1971 bovis,
1819 1936 1843 1963 a
1864 1922 2034 1963 sinistris

127 1981 307 2034 ipsorum
339 1985 547 2033 quattuor.
580 1986 620 2021 et
649 1981 770 2021 facies
801 1981 947 2034 aquilae
976 1982 1148 2036 desuper
1176 1982 1355 2036 ipsorum
1386 1988 1594 2036 quattuor.
1653 1984 1683 2006 ¹¹
1713 1982 1852 2022 Facies
1882 1994 2032 2025 eorum,

127 2045 167 2080 et
199 2052 343 2092 pennae
374 2052 513 2080 eorum
545 2044 723 2080 extentae
754 2040 943 2093 desuper:
977 2041 1068 2081 duae
1099 2054 1242 2094 pennae
1273 2041 1522 2095 singulorum
1554 2041 1838 2094 iungebantur,
1873 2046 1913 2080 et
1946 2040 2036 2080 duae

127 2098 323 2152 tegebant
347 2110 516 2151 corpora
541 2110 699 2138 eorum:
754 2100 784 2122 ¹2
809 2104 849 2139 et
876 2100 1198 2153 unumquodque
1223 2113 1361 2141 eorum
1388 2113 1523 2140 coram
1548 2099 1650 2140 facie
1676 2112 1749 2140 sua
1774 2098 2033 2139 ambulabat:

127 2157 196 2197 ubi
223 2162 311 2197 erat
337 2157 513 2209 impetus
541 2156 718 2210 spiritus.
748 2156 841 2197 illuc
867 2158 1170 2211 gradiebantur,
1200 2171 1273 2199 nec
1299 2159 1612 2199 revertebantur
1639 2171 1731 2199 cum
1759 2156 2028 2198 ambularent.

232 2217 264 2239 ¹3
288 2215 344 2256 Et
368 2214 590 2256 similitudo
617 2215 866 2264 animalium,
895 2222 1082 2270 aspectus
1107 2230 1246 2258 eorum
1273 2217 1387 2270 quasi
1412 2217 1634 2258 carbonum
1658 2216 1760 2270 ignis
1786 2216 2028 2263 ardentium,
2070 2215 2203 2281 Silg’ffi'gdssf

128 2280 168 2314 et
201 2274 316 2327 quasi
348 2278 536 2327 aspectus
568 2273 866 2327 lampadarum.
902 2274 999 2316 Haec
1031 2280 1118 2316 erat
1150 2275 1250 2316 visio
1284 2275 1509 2316 discurrens
1542 2276 1582 2315 in
1614 2275 1746 2315 medio
1780 2273 2028 2321 animalium,
2054 2285 2146 2325 ¹¹¹0d¹9
2161 2285 2219 2310 ani-

128 2332 318 2386 splendor
340 2332 453 2386 ignis,
480 2338 521 2373 et
544 2332 593 2373 de
616 2332 706 2386 igne
729 2332 864 2386 fulgur
887 2334 1103 2387 egrediens.
1157 2335 1188 2358 ¹⁴
1211 2333 1267 2375 Et
1290 2334 1482 2374 animalia
1504 2334 1631 2381 ibant,
1658 2338 1699 2373 et
1721 2333 2032 2373 revertebantur
2073 2320 2199 2349 'nahum’

129 2391 169 2431 in
197 2390 505 2432 similitudinem
533 2391 702 2444 fulguris
731 2392 991 2434 coruscantis.

233 2451 264 2474 ¹⁵
284 2448 468 2502 Cumque
488 2449 708 2503 aspicerem
729 2450 931 2499 animalia,
956 2451 1147 2505 apparuit
1166 2456 1259 2493 rota
1277 2464 1360 2492 una
1379 2464 1499 2505 super
1518 2456 1668 2491 terram
1688 2450 1806 2490 iuxta
1826 2448 2027 2497 animalia,
2051 2448 2220 2508 rgygtfflssga

128 2508 282 2550 habens
306 2513 505 2562 quattuor
525 2508 659 2550 facies.
712 2510 746 2533 ¹⁶
768 2514 809 2550 et
832 2515 1019 2563 aspectus
1042 2511 1238 2559 rotarum,
1263 2514 1304 2551 et
1327 2523 1428 2564 opus
1451 2522 1602 2558 earum,
1628 2508 1742 2563 quasi
1766 2508 1865 2549 visio
1889 2507 2028 2548 maris:
2063 2518 2207 2547 animalia,

128 2572 169 2608 et
199 2580 281 2607 una
310 2566 532 2608 similitudo
563 2567 743 2621 ipsarum
774 2573 989 2622 quattuor:
1021 2574 1062 2610 et
1092 2574 1280 2623 aspectus
1311 2582 1450 2609 earum
1480 2573 1521 2609 et
1551 2581 1683 2622 opera,
1718 2567 1831 2621 quasi
1862 2567 1914 2608 sit
1942 2571 2034 2607 rota

128 2626 170 2666 in
194 2625 328 2667 medio
352 2630 463 2666 rotae.
518 2627 551 2650 ¹⁷
576 2626 653 2666 Per
678 2631 876 2680 quattuor
899 2633 1035 2681 partes
1061 2641 1200 2669 earum
1225 2633 1367 2668 euntes
1391 2627 1526 2668 ibant:
1553 2632 1594 2668 et
1618 2639 1698 2667 non
1723 2625 2034 2667 revertebantur

129 2698 221 2725 cum
246 2683 515 2725 ambularent.
570 2686 604 2709 ¹⁸
627 2685 797 2726 Statura
821 2699 983 2740 quoque
1007 2691 1094 2728 erat
1117 2686 1228 2735 rotis,
1255 2692 1296 2728 et
1321 2686 1509 2733 altitudo,
1536 2690 1577 2726 et
1600 2684 1800 2726 horribilis
1825 2689 2031 2738 aspectus:

129 2748 170 2784 et
188 2747 344 2784 btotum
360 2756 504 2797 corpus
520 2743 644 2784 oculis
658 2743 824 2797 plenum
839 2745 879 2785 in
896 2745 1066 2786 circuitu
1080 2745 1260 2799 ipsarum
1276 2750 1484 2799 quattuor.
1530 2745 1564 2768 ¹⁹
1578 2744 1760 2797 Cumque
1776 2742 2035 2784 ambularent

130 2801 333 2847 animalia,
366 2801 636 2843 ambulabant
665 2803 817 2856 pariter
846 2808 887 2844 et
915 2809 1015 2845 rotae
1044 2804 1162 2845 iuxta
1191 2817 1254 2845 ea:
1287 2809 1328 2845 et
1358 2817 1449 2845 cum
1480 2803 1735 2843 elevarentur
1764 2801 1957 2843 animalia
1986 2801 2035 2842 de

129 2865 248 2909 terra,
275 2860 544 2901 elevabantur
567 2860 686 2902 simul
710 2866 752 2902 et
775 2868 886 2904 rotae.
940 2865 976 2887 ²⁰
1000 2863 1266 2917 Quocumque
1291 2863 1380 2904 ibat
1404 2862 1580 2915 spiritus
1608 2861 1702 2902 illuc
1727 2866 1849 2902 eunte
1874 2860 2031 2914 spiritu,

129 2923 171 2959 et
187 2923 288 2959 rotae
304 2919 456 2972 pariter
473 2918 752 2969 elevabantur,
773 2927 987 2974 sequentes
1006 2935 1110 2963 eum.
1131 2921 1305 2975 Spiritus
1324 2921 1431 2962 enim
1449 2921 1545 2961 vitae
1563 2925 1650 2960 erat
1667 2919 1708 2960 in
1725 2919 1835 2961 rotis.
1883 2921 1915 2944 2¹
1933 2918 2034 2960 Cum

130 2977 322 3018 euntibus
338 2977 465 3025 ibant,
484 2982 526 3018 et
540 2990 632 3018 cum
648 2979 854 3019 stantibus
870 2981 1057 3021 stabant:
1076 2986 1117 3021 et
1132 2994 1224 3021 cum
1240 2980 1407 3021 elevatis
1424 2992 1448 3020 a
1462 2984 1581 3023 terra,
1600 2978 1753 3032 pariter
1768 2978 2036 3019 elevabantur

130 3041 171 3076 et
197 3041 308 3081 rotae,
339 3041 553 3089 sequentes
581 3049 645 3076 ea:
676 3037 771 3090 quia
798 3038 963 3091 spiritus
991 3039 1088 3080 vitae
1115 3045 1203 3080 erat
1230 3039 1271 3079 in
1298 3038 1408 3079 rotis.

234 3096 266 3119 22
293 3093 597 3136 Etsimilitudo
626 3108 746 3149 super
773 3097 910 3150 capita
937 3098 1174 3138 animalium
1202 3096 1461 3145 firmamenti,
1493 3095 1608 3149 quasi
1636 3100 1823 3149 aspectus
1852 3093 2032 3148 crystalli
2058 3092 2215 3117 ³¹¹1¹¹¹¹¹¹¹d0

130 3152 341 3201 horribilis,
365 3158 405 3194 et
426 3153 582 3193 extenti
603 3166 723 3207 super
743 3155 879 3208 capita
899 3169 1038 3197 eorum
1059 3156 1242 3210 desuper.
1292 3157 1324 3180 23
1345 3155 1428 3196 Sub
1451 3154 1708 3195 firmamento
1730 3158 1869 3194 autem
1889 3165 2033 3207 pennae
2067 3129 2205 3200 110ζῖιᾷῗηῖ

131 3224 269 3252 eorum
292 3216 412 3253 rectae
435 3211 599 3252 alterius
624 3212 676 3253 ad
700 3212 890 3255 alterum:
916 3215 1238 3269 unumquodque
1262 3214 1420 3254 duabus
1444 3212 1516 3253 alis
1541 3212 1707 3253 velabat
1730 3225 1874 3266 corpus
1898 3224 2027 3257 suum,
2082 3197 2186 3259 {⁵335ssss

131 3274 172 3310 et
194 3269 367 3311 alterum
389 3269 573 3311 similiter
593 3270 820 3314 velabatur.
871 3274 903 3297 ²4
924 3273 980 3314 Et
1003 3274 1221 3314 audiebam
1243 3285 1387 3313 sonum
1411 3271 1579 3319 alarum,
1605 3271 1721 3325 quasi
1743 3283 1887 3312 sonum
1910 3281 2033 3321 aqua-

130 3341 220 3368 rum
254 3328 488 3377 multarum,
527 3328 642 3382 quasi
676 3343 821 3370 sonum
856 3331 1037 3373 sublimis
1072 3332 1165 3372 Dei:
1218 3344 1309 3371 cum
1346 3330 1605 3371 ambularent
1640 3329 1755 3383 quasi
1790 3341 1910 3370 sonus
1945 3330 2031 3366 erat

265 3442 294 3482 1,
320 3443 337 3475 1
364 3442 439 3478 aInf
462 3445 493 3479 3.
519 3445 575 3483 233
604 3445 655 3484 10,
680 3445 732 3478 20.
760 3465 800 3469 ἡ
826 3446 866 3479 18
891 3446 967 3479 bInf
992 3448 1043 3487 10,
1071 3448 1122 3480 12.
