2356 3760
250 107 350 148 1198
1039 103 1354 138 APOCALYPSIS
1912 107 1943 148 8,
1970 108 2115 150 11-1Q
2142 109 2161 142 2

242 202 272 225 11
288 205 330 241 6(
343 211 492 240 nomen
507 197 633 240 stellae
648 197 797 239 dicitur
810 195 1095 247 Absinthium;
1111 203 1153 239 6(
1166 197 1279 240 facta
1292 202 1354 238 est
1368 197 1491 239 tertia
1504 210 1597 251 pars
1613 211 1810 252 aquarum
1829 199 1869 241 in
1884 200 2159 244 absinthium:

242 267 284 300 et
312 257 430 299 multi
462 256 675 298 hominum
708 255 857 296 mortui
888 261 985 296 sunt
1014 255 1063 296 de
1093 256 1222 310 aquis,
1255 256 1351 310 quia
1380 269 1530 297 amarae
1558 258 1678 299 factae
1707 265 1814 299 sunt.

50 322 219 387 officrffigo
349 319 380 341 ¹2
405 316 461 357 Et
487 322 657 370 quartus
683 313 861 367 Angelus
888 313 989 354 tuba
1015 315 1180 357 cecinit:
1207 322 1247 357 et
1272 328 1463 368 percussa
1487 321 1549 357 cst
1574 316 1697 357 tertia
1720 329 1814 369 pars
1840 317 1945 367 solis,
1973 323 2014 360 et
2038 319 2161 360 tertia

55 394 212 419 astrorum.
242 389 335 429 pars
360 376 480 425 lunae,
511 380 553 416 et
579 373 699 415 tertia
726 385 819 426 pars
846 372 1070 423 stellarum,
1097 373 1157 415 ita
1183 380 1230 415 ut
1256 373 1542 416 obscuraretur
1568 375 1688 416 tertia
1715 388 1808 429 pars
1835 389 1989 426 eorum,
2017 383 2057 418 et
2085 377 2161 418 diei

240 447 321 475 non
351 434 504 476 luceret
532 446 626 486 pars
656 432 790 480 tertia,
821 436 863 472 et
891 431 1023 473 noctis
1053 432 1249 474 similiter.

796 535 836 575 2.
865 533 1034 585 Quinta
1065 534 1109 576 et
1140 535 1288 586 sexta,
1317 536 1357 586 8,
1377 535 1526 586 13-9,
1544 537 1610 577 21.

48 613 153 643 Aquila
176 619 219 638 (ἃ
348 610 378 631 13
406 607 463 649 Ε(
490 606 586 655 vidi,
617 611 656 647 et
685 605 825 646 audivi
853 618 996 648 vocem
1025 607 1143 648 unius
1172 607 1318 661 aquilae
1347 607 1524 649 volantis
1552 621 1624 661 per
1650 608 1831 650 medium
1860 609 1957 660 caeli,
1991 609 2162 652 dicentis

65 649 198 710 n¹1i¹n¹t¹¹ffi2
242 679 340 708 voce
360 678 528 720 magna:
550 664 632 708 Vae.
655 677 728 713 vae,
751 677 812 705 vae
831 664 1118 707 habitantibus
1138 666 1179 706 in
1200 671 1308 707 terra
1328 666 1377 707 de
1398 666 1540 709 ceteris
1561 666 1729 708 vocibus
1750 667 1874 708 trium
1895 668 2159 722 Angelorum,

239 725 308 779 qui
338 731 455 766 erant
484 723 587 765 tuba
616 723 803 765 canituri.

72 789 191 813 ¹¹¹0¹¹⁸¹³⁸
344 784 381 827 9.
438 787 451 809 1
481 783 537 825 Ε(
569 783 737 837 quintus
767 782 946 836 Angelus
979 782 1081 824 tuba
1111 783 1275 825 cecinit:
1309 788 1350 825 et
1381 783 1466 825 vidi
1497 784 1659 825 stellam
1690 784 1740 826 de
1771 786 1866 827 caelo
1898 786 2088 828 cecidisse
2120 786 2160 828 in

63 825 201 890 ‘¹⁰p1f1¹t¹‹'›¹i¹⁰
243 849 407 893 terrani,
432 849 473 884 et
495 842 595 883 data
616 847 677 883 cst
699 841 734 882 ei
756 841 881 883 clavis
904 841 1017 895 putei
1040 841 1188 895 abyssi.
1240 845 1254 867 2
1276 842 1332 884 Et
1354 843 1514 896 aperuit
1536 848 1709 896 puteum
1731 843 1889 897 abyssi:
1912 850 1954 886 et
1975 845 2160 886 ascendit

42 895 224 955 ξξῑζξζξξζξξξ
243 903 379 943 fumus
410 901 535 955 putei,
568 900 673 942 sicut
702 900 839 941 fumus
869 900 1044 942 fornacis
1074 914 1250 955 magnae:
1281 906 1323 942 et
1347 901 1588 943 obscuratus
1614 909 1676 943 est
1705 902 1775 952 sol,
1800 908 1841 944 et
1869 916 1938 944 aer
1967 903 2016 945 de
2045 904 2160 945 fumo

50 966 214 991 cruciantes
240 961 372 1015 putei:
426 962 440 985 ³
466 960 521 1001 Et
548 959 597 1000 de
622 959 736 999 fumo
762 958 876 1012 putei
902 959 1090 1000 exierunt
1113 960 1282 1002 locustae
1306 959 1347 1001 in
1373 966 1536 1009 terram,
1580 967 1621 1002 ct
1647 961 1748 1003 data
1772 967 1834 1003 est
1857 961 1935 1003 illis
1961 967 2160 1016 potestas,

237 1020 343 1061 sicut
371 1019 528 1060 habent
555 1023 809 1071 potestatem
838 1018 1068 1071 scorpiones
1100 1024 1234 1060 terrae:
1292 1021 1307 1043 ⁴
1337 1025 1377 1061 et
1407 1026 1659 1073 praeceptum
1689 1026 1751 1062 est
1778 1020 1856 1062 illis
1885 1034 1935 1062 ne
1964 1021 2160 1063 laederent

236 1078 394 1120 foenuni
425 1084 553 1122 terrae.
584 1090 715 1130 neque
746 1089 866 1118 omne
896 1076 1036 1122 viride.
1067 1091 1199 1132 neque
1230 1091 1393 1119 omnem
1423 1078 1627 1120 arborem:
1658 1079 1736 1120 nisi
1765 1084 1931 1121 tantum
1959 1080 2160 1131 homines,

237 1137 305 1191 qui
332 1150 414 1178 non
440 1136 596 1177 habent
622 1136 783 1189 signum
808 1135 885 1177 Dei
912 1135 953 1177 in
979 1136 1183 1178 frontibus
1211 1137 1304 1179 suis.
1360 1139 1375 1161 5
1402 1137 1458 1179 Et
1484 1137 1630 1179 datum
1657 1143 1719 1179 est
1744 1137 1821 1179 illis
1847 1152 1897 1180 ne
1925 1138 2157 1181 occiderent

235 1209 320 1237 eos:
348 1196 419 1237 sed
443 1202 491 1236 ut
515 1194 746 1236 cruciarent
771 1194 978 1236 mensibus
1006 1195 1204 1250 quinque:
1232 1201 1273 1237 et
1298 1196 1502 1238 cruciatus
1529 1209 1681 1240 eorum.
1707 1203 1754 1238 ut
1779 1197 1983 1239 cruciatus
2009 1197 2157 1251 scorpii

236 1269 327 1295 cum
359 1254 539 1308 percutit
567 1253 786 1295 hominem.

253 1316 267 1337 ’1
292 1314 366 1355 aEt
394 1313 434 1354 in
463 1312 605 1354 diebus
632 1312 708 1353 illis
737 1318 920 1366 quaerent
947 1312 1130 1354 homines
1158 1318 1346 1364 mortem,
1381 1320 1423 1355 et
1449 1327 1531 1355 non
1557 1313 1771 1356 invenient
1798 1328 1907 1356 eam:
1989 1321 2031 1357 et
2057 1315 2160 1357 desi-

501 1371 705 1412 derabunt
734 1371 848 1419 mori,
881 1376 922 1412 et
950 1372 1080 1425 fugiet
1108 1385 1216 1413 mors
1246 1372 1298 1413 ab
1328 1373 1395 1414 eis.

48 1441 97 1493 ger
119 1434 217 1494 Dsgftes
349 1433 362 1455 ⁷
385 1431 461 1472 bEt
479 1429 765 1472 similitudines
782 1429 1047 1480 locustarum,
1067 1430 1216 1472 similes
1235 1431 1348 1485 equis
1366 1431 1521 1485 paratis
1540 1431 1581 1473 in
1599 1432 1801 1485 praelium:
1822 1438 1864 1474 et
1882 1446 2004 1486 super
2021 1433 2160 1487 capita

69 1476 216 1532 esfflrzun-
241 1503 381 1531 earum
408 1496 623 1543 tamquam
650 1501 808 1530 coronae
834 1488 983 1530 similes
1010 1502 1127 1530 auro:
1156 1496 1197 1531 et
1223 1490 1344 1531 facies
1372 1503 1512 1531 earum
1538 1496 1754 1544 tamquam
1780 1491 1903 1533 facies
1929 1491 2157 1533 hominum.

241 1550 256 1573 ⁸
288 1549 343 1590 Et
376 1548 588 1589 habebant
620 1546 785 1600 capillos
819 1547 924 1589 sicut
957 1548 1122 1601 capillos
1155 1548 1390 1590 mulierum:
1425 1555 1466 1590 6(
1499 1549 1641 1590 dentes
1675 1562 1827 1599 earum,
1877 1550 1983 1592 sicut
2016 1550 2160 1593 dentes

236 1607 402 1649 leonum
431 1612 566 1648 erant:
626 1608 641 1630 ⁹
670 1611 711 1647 et
738 1605 951 1647 habebant
977 1606 1122 1648 loricas
1151 1607 1257 1649 sicut
1283 1607 1427 1649 loricas
1456 1608 1618 1658 ferreas,
1650 1614 1691 1650 et
1720 1621 1802 1649 vox
1831 1608 1989 1650 alarum
2018 1622 2160 1651 earum

237 1666 343 1708 sicut
378 1679 459 1706 vox
493 1678 685 1707 curruum
719 1678 918 1718 equorum
951 1665 1177 1707 multorum
1211 1666 1462 1708 currentium
1495 1667 1537 1708 in
1570 1666 1740 1708 bellum:
1804 1670 1839 1692 1⁰
1872 1673 1913 1709 et
1946 1667 2158 1710 habebant

237 1725 388 1766 caudas
421 1724 569 1766 similes
601 1723 872 1777 scorpionum,
907 1730 948 1765 et
980 1724 1108 1766 aculei
1140 1731 1258 1767 erant
1288 1725 1330 1767 in
1362 1725 1501 1767 caudis
1535 1739 1692 1767 earum:
1727 1732 1768 1768 et
1798 1732 1983 1780 potestas
2016 1740 2156 1769 earum

237 1797 379 1825 nocere
413 1783 646 1825 hominibus
680 1782 888 1824 mensibus
923 1783 1121 1838 quinque:
1185 1787 1216 1809 11
1250 1790 1291 1826 6(
1325 1784 1537 1827 habebant
1570 1798 1691 1839 super
1724 1798 1764 1826 se
1797 1798 1932 1839 regem
1966 1785 2157 1840 angelum

238 1843 386 1896 abyssi,
426 1842 490 1883 cui
527 1855 675 1883 nomen
714 1841 914 1883 Hebraice
951 1842 1169 1892 Abaddon,
1209 1843 1346 1885 Graece
1384 1849 1524 1885 autem
1560 1844 1779 1898 Apollyon,
1818 1844 1967 1886 Latine
2004 1844 2159 1887 habens

239 1915 386 1944 nomen
416 1901 719 1943 Exterminans.

344 1963 374 1985 12
404 1961 474 2002 Vae
503 1974 631 2002 unum
661 1959 774 2009 abiit,
806 1965 847 2001 6(
876 1973 966 2001 6666
996 1961 1169 2003 veniunt
1198 1961 1332 2003 adhuc
1362 1961 1443 2003 duo
1473 1975 1534 2003 vae
1563 1968 1657 2016 post
1685 1962 1782 2005 haec.

60 2019 205 2079 {ssssffiiiss
346 2022 377 2044 ¹³
398 2020 453 2061 Et
474 2025 613 2061 sextus
633 2018 812 2072 Angelus
834 2018 936 2060 tuba
957 2019 1121 2061 cecinit:
1144 2026 1184 2062 et
1205 2020 1345 2062 audivi
1366 2034 1509 2062 vocem
1530 2034 1655 2062 unam
1676 2034 1727 2062 ex
1747 2026 1946 2076 quattuor
1965 2021 2154 2063 cornibus

72 2090 192 2114 tertiam
241 2078 379 2120 altaris
410 2078 532 2127 aurei,
565 2078 675 2132 quod
705 2083 766 2118 est
796 2083 891 2118 ante
923 2079 1057 2120 oculos
1087 2079 1175 2126 Dei,
1234 2081 1265 2103 11
1295 2079 1500 2121 dicentem
1529 2086 1645 2121 sexto
1674 2080 1842 2134 Angelo‚
1876 2080 1945 2134 qui
1973 2079 2157 2122 habebat

57 2127 209 2185 „lffiffiffin
241 2137 403 2178 tubam:
441 2137 559 2178 Solve
596 2142 794 2190 quattuor
827 2137 1002 2190 angelos,
1041 2137 1110 2191 qui
1145 2137 1300 2191 alligati
1335 2143 1432 2179 sunt
1465 2138 1506 2179 in
1541 2137 1708 2179 flumine
1742 2151 1892 2193 magno
1927 2139 2155 2193 Euphrate.

65 2196 199 2221 ⁰⁰⁰id⁰¹¹⁹²
241 2197 271 2220 ¹⁵
295 2196 351 2237 Ε(
375 2196 495 2237 soluti
520 2202 616 2237 sunt
641 2200 839 2248 quattuor
861 2194 1016 2249 Angeli,
1044 2196 1113 2250 qui
1136 2197 1271 2250 parati
1295 2202 1412 2238 erant
1435 2197 1476 2237 in
1500 2197 1655 2247 horam,
1682 2203 1723 2239 et
1746 2197 1866 2247 diem,
1893 2204 1934 2239 et
1957 2211 2154 2247 mensem,

238 2260 279 2296 et
301 2268 472 2296 annum:
502 2261 548 2296 ut
570 2253 800 2295 occiderent
820 2254 987 2296 tertiam
1007 2260 1169 2308 partem
1194 2255 1420 2298 hominum.
1471 2257 1506 2280 ¹⁶
1527 2256 1582 2297 Et
1603 2269 1796 2297 numerus
1821 2256 2019 2310 equestris
2043 2269 2157 2299 exer-

238 2313 343 2354 citus
374 2313 495 2355 vicies
524 2313 667 2354 millies
697 2312 803 2353 dena-
830 2312 968 2355 millia.
1000 2314 1056 2355 Ε(
1085 2314 1224 2355 audivi
1254 2327 1470 2356 numerum
1499 2328 1650 2357 eorum.

53 2412 58 2425 ‚
87 2375 181 2436 1911115
347 2375 379 2397 ¹⁷
409 2373 464 2414 Et
493 2372 551 2413 ita
580 2371 663 2412 vidi
692 2384 817 2425 equos
845 2371 886 2413 in
916 2372 1088 2414 visione:
1119 2380 1161 2415 et
1189 2373 1259 2427 qui
1287 2373 1486 2416 sedebant
1515 2387 1636 2427 super
1663 2387 1742 2422 eos,
1772 2373 1985 2416 habebant
2012 2374 2156 2416 loricas

45 2418 160 2442 nemum
179 2418 221 2441 ω’
240 2431 388 2484 igneas,
419 2440 459 2473 et
487 2430 788 2485 hyacinthinas
819 2436 860 2472 et
887 2431 1137 2485 sulphureas,
1169 2438 1210 2474 et
1237 2432 1375 2486 capita
1403 2445 1601 2486 equorum
1629 2441 1747 2475 erant
1774 2439 1990 2486 tamquam
2017 2433 2158 2487 capita

237 2490 419 2531 leonum:
445 2499 484 2531 et
510 2491 559 2531 (16
583 2503 649 2530 ore
673 2502 812 2530 eorum
836 2490 1021 2542 procedit
1045 2491 1159 2544 ignis,
1186 2498 1227 2533 et
1250 2491 1400 2541 fumus,
1426 2497 1468 2533 et
1491 2491 1672 2545 sulphur.
1726 2493 1761 2516 1⁸
1784 2492 1840 2533 Et
1864 2491 1916 2532 ab
1940 2491 2002 2533 his
2027 2492 2157 2534 tribus

238 2548 365 2603 plagis
386 2549 516 2591 occisa
535 2555 595 2590 est
615 2548 738 2590 tertia
755 2561 849 2601 pars
868 2549 1080 2591 hominum
1101 2550 1150 2591 de
1169 2550 1272 2604 igne,
1293 2556 1335 2592 et
1353 2550 1402 2592 de
1420 2550 1547 2599 fumo,
1569 2556 1610 2592 et
1629 2550 1833 2604 sulphure,
1857 2563 1948 2604 quae
1966 2551 2156 2604 procede-

237 2607 339 2649 bant
368 2608 416 2649 de
446 2621 512 2649 ore
540 2608 732 2662 ipsorum.
792 2608 826 2631 ¹⁹
854 2608 1044 2650 Potestas
1073 2609 1181 2650 enim
1210 2622 1408 2663 equorum
1436 2609 1477 2650 in
1507 2622 1573 2651 ore
1602 2623 1742 2650 eorum
1771 2616 1844 2659 est,
1876 2615 1917 2651 et
1945 2609 1987 2650 in
2016 2609 2156 2651 caudis

237 2679 387 2708 eorum.
419 2681 514 2708 nam
542 2667 683 2708 caudae
710 2678 849 2707 eorum
877 2667 1025 2709 similes
1054 2668 1323 2721 serpentibus,
1352 2667 1551 2709 habentes
1580 2668 1735 2721 capita:
1766 2674 1806 2709 6(
1833 2667 1874 2709 in
1902 2668 1964 2709 his
1994 2675 2155 2710 nocent.

31 2725 118 2785 ‘'⁰¹50'ss
133 2725 224 2785 11311111·
347 2728 382 2749 20
412 2725 467 2767 Et
497 2725 619 2767 ceteri
650 2724 845 2771 homines,
880 2726 948 2780 qui
979 2739 1059 2767 non
1091 2732 1188 2768 sunt
1219 2726 1337 2768 occisi
1367 2726 1408 2767 in
1439 2726 1500 2768 his
1530 2726 1671 2781 plagis,
1704 2740 1837 2781 neque
1868 2727 2156 2781 poenitentiam

47 2780 219 2836 agunt-poe—
242 2793 408 2835 egerunt
440 2785 489 2826 de
521 2784 708 2838 operibus
740 2796 938 2827 manuum
970 2798 1148 2835 suarum,
1182 2792 1228 2827 ut
1258 2799 1340 2827 non
1372 2785 1590 2827 adorarent
1621 2786 1836 2835 daemonia,
1869 2791 1911 2827 et
1940 2785 2159 2827 simulacra

50 2833 214 2856 mennam.
241 2854 373 2885 aurea.
399 2852 437 2884 et
462 2850 666 2897 argentea,
691 2849 733 2884 et
754 2855 868 2888 aerea.
893 2849 935 2885 et
956 2844 1128 2897 lapidea,
1154 2850 1195 2886 6(
1216 2844 1360 2898 lignea,
1387 2857 1477 2897 quae
1499 2858 1629 2898 neque
1653 2844 1789 2886 videre
1811 2851 1996 2897 possunt,
2020 2858 2152 2898 neque

239 2901 389 2949 audire,
417 2915 546 2955 neque
570 2901 791 2943 ambulare.
844 2905 875 2927 2¹
899 2909 939 2944 et
963 2916 1045 2944 non
1069 2909 1239 2956 egerunt
1261 2903 1551 2958 poenitentiam
1575 2902 1627 2944 ab
1650 2903 1877 2945 homicidiis
1902 2903 1997 2953 suis,
2023 2916 2155 2957 neque

237 2973 260 3000 a
291 2960 491 3001 veneficiis
522 2961 613 3004 suis.
646 2973 777 3014 neque
807 2975 830 3003 a
858 2961 1127 3003 fornicatione
1157 2976 1241 3011 sua,
1272 2975 1404 3017 neque
1433 2975 1457 3003 a
1485 2962 1605 3003 furtis
1635 2961 1729 3004 suis.

586 3072 655 3121 Π.
696 3069 965 3124 Visiones
1004 3072 1392 3134 intermediae,
1432 3071 1510 3134 10,
1538 3072 1812 3133 1ψ11,14.

767 3164 805 3203 1.
835 3161 1041 3214 Angelus
1074 3173 1174 3203 cum
1205 3162 1372 3213 libello,
1401 3162 1468 3213 10,
1488 3162 1635 3202 1-11.

69 3232 193 3256 1011111111
347 3233 407 3276 10.
465 3236 473 3257 ¹
508 3233 561 3274 Et
591 3232 674 3273 vidi
703 3233 829 3274 alium
856 3234 1058 3288 Angelum
1087 3234 1236 3277 fortem
1265 3233 1580 3276 descendentem
1609 3234 1658 3275 de
1686 3233 1782 3275 eaelo
1811 3232 2008 3275 amictum
2034 3232 2156 3282 nube,

91 3273 174 3292 VOCOS

29 3302 228 3362 tmlffrrssffim
243 3300 283 3333 et
311 3291 377 3333 iris
406 3292 446 3332 in
474 3291 607 3345 capite
636 3291 732 3339 eius,
762 3299 803 3333 et
830 3292 952 3334 facies
981 3292 1065 3334 eius
1093 3299 1181 3334 erat
1210 3299 1257 3334 ut
1284 3292 1354 3341 sol,
1385 3298 1426 3334 et
1452 3292 1575 3346 pedes
1604 3292 1687 3334 eius
1716 3297 1932 3346 tamquam
1959 3290 2158 3333 columnae

42 3372 222 3401 mmmm„
242 3349 362 3404 ignis:
411 3352 425 3374 ²
446 3356 487 3391 et
506 3349 687 3391 habebat
707 3349 748 3390 in
769 3363 893 3392 manu
915 3364 988 3392 sua
1006 3351 1189 3393 libellum
1210 3356 1420 3404 apertum:
1443 3357 1485 3393 et
1504 3351 1642 3405 posuit
1662 3350 1807 3405 pedem
1828 3363 1945 3392 suum
1966 3349 2157 3392 dextrum

312 3422 321 3423 ⁷⁷
347 3421 444 3487 *ese
465 3421 523 3480 ἠε
548 3422 577 3480 ss2.
607 3449 660 3487 193
688 3447 734 3481 os
762 3447 811 3481 ιο.
837 3448 871 3482 a:
902 3449 944 3482 Le
969 3449 1021 3488 23,
1048 3449 1100 3482 30.
1130 3470 1170 3473 -
1198 3450 1215 3482 7
1246 3449 1334 3493 bsap
1358 3449 1410 3489 16,
1435 3450 1464 3485 9.
