2356 3760
142 142 196 180 aa,
222 140 363 178 10-51,
390 139 431 171 10
1009 133 1203 167 00110515
1986 133 2036 172 33

143 233 320 273 storacis,
354 240 514 271 51110105,
547 239 589 268 et
619 227 849 268 terebinthi.
883 235 921 265 01
954 225 1274 279 amygdalinum.
1335 227 1365 248 ¹²
1395 225 1612 264 Pet-uniam
1647 238 1805 277 quoque
1837 224 2037 278 duplicem

144 296 243 331 terte
273 290 502 331 vobiscum:
537 292 578 327 et
608 286 730 331 illam,
766 298 886 337 (1110111
923 284 1130 325 invenistis
1161 283 1203 323 in
1235 283 1413 327 sacculis,
1448 288 1663 334 reportate,
1698 295 1746 321 ne
1778 284 1880 323 forte
1911 295 2040 323 errore

144 352 299 390 factum
328 349 397 388 sit:
456 348 487 369 ¹3
516 345 585 385 sed
615 349 656 384 et
685 344 853 384 fratr-ern
882 348 1060 383 vestrum
1093 342 1234 385 tollite.
1267 346 1307 382 et
1335 342 1391 381 ite
1421 342 1473 381 ad
1503 341 1646 381 virum.
1706 343 1735 364 ¹⁴
1764 342 1873 381 Deus
1904 346 2040 381 autem

144 421 256 448 meus
294 405 549 458 omnipotens
586 403 711 443 faciat
748 402 863 442 vobis
902 415 994 442 eum
1033 399 1288 454 placabilem:
1329 405 1369 440 et
1406 400 1590 440 remittat
1628 399 1838 439 vobiscum
1875 399 2041 439 fratrem

145 472 324 508 vestrum
345 476 465 517 quem
484 466 609 507 tenet,
631 466 672 501 et
690 461 797 501 hunc
819 460 1048 500 Beniamin:
1071 473 1141 508 ego
1161 464 1299 499 autem
1319 458 1435 512 quasi
1454 459 1619 498 orbatus
1640 458 1792 511 absque
1810 457 1944 497 liberis
1963 469 2041 498 ero.

144 529 176 550 15
196 523 393 565 Tulerunt
412 534 503 575 ergo
523 521 599 560 viri
620 532 799 568 munera,
822 524 863 558 et
882 519 1096 571 pecuniam
1113 517 1330 570 duplicem,
1352 522 1394 557 et
1416 516 1645 557 Beniamin:
1668 516 2042 568 descenderunt-que

144 585 183 624 in
213 582 451 635 *Egyptuim
483 584 524 620 et
551 583 755 619 steterunt
783 590 919 618 coram
951 577 1107 630 Ioseph-

247 644 282 664 1⁵
314 641 423 689 Quos
456 651 548 679 cum
580 637 643 677 ille
676 637 854 681 vidisset,
890 641 931 676 et
964 635 1176 676 Beniamin
1209 634 1339 681 simul,
1374 634 1565 687 praecepit
1598 633 1866 686 dispensatori
1898 633 2042 673 domus
2057 634 2237 693 *gffilssgssffiss

143 714 234 741 suae.
268 699 424 740 dicens:
463 696 657 737 Introduc
691 696 798 736 viros
832 696 1012 743 domum,
1049 699 1089 734 et
1120 694 1258 734 occide
1292 693 1491 741 victimas,
1528 697 1570 733 et
1602 692 1755 732 instrue
1790 691 2041 732 convivium:
2225 688 2230 695 '

138 759 338 812 quoniam
360 769 520 797 mecum
541 760 637 795 sunt
657 753 875 794 comesturi
897 753 1073 794 meridie.
1126 755 1158 776 17
1181 752 1295 793 Fecit
1315 751 1380 792 ille
1404 750 1512 805 quod
1534 751 1609 791 sibi
1630 751 1765 791 fuerat
1786 751 2043 803 imperatum.

138 823 186 858 ret
212 815 443 858 introduxit
472 814 579 854 viros
609 813 789 853 domum.
848 814 881 835 ¹⁸
914 812 1056 865 Ibique
1086 811 1280 860 exterriti,
1313 811 1504 851 dixerunt
1534 814 1697 850 mutuo:
1728 809 1899 863 Propter
1929 822 2046 862 pecu-

143 876 264 924 niam,
300 887 423 928 quam
454 871 665 913 retulimus
698 871 806 924 prius
839 871 878 911 in
910 871 1033 911 saccis
1067 871 1224 913 nostris,
1258 869 1481 910 introducti
1513 882 1670 909 sumus:
1704 873 1751 907 ut
1782 867 1976 908 devolvat
2007 868 2045 907 in

142 948 215 976 nos
233 933 490 976 calumniam,
511 937 552 971 et
571 930 768 970 violenter
788 930 975 969 subiiciat
997 929 1185 969 servituti
1206 937 1247 969 et
1266 942 1350 974 005,
1371 932 1412 968 et
1432 928 1563 968 asinos
1585 932 1755 968 nostros.
1791 929 1825 951 1⁹
1843 927 2046 975 Qua-mob-

142 1006 226 1034 rem
261 994 298 1032 111
333 991 429 1044 ipsis
462 989 614 1031 foribus
645 989 883 1029 accedentes
910 988 961 1029 ad
987 988 1307 1040 dispensatorem
1332 987 1475 1027 domus
1527 988 1563 1010 2⁰
1586 985 1710 1027 locuti
1735 990 1847 1025 sunt:
1875 985 2047 1025 Oramus

141 1052 305 1093 domine
337 1054 385 1090 ut
411 1049 556 1089 :audias
588 1061 672 1088 1105,
738 1047 846 1087 ἑὶ[0111
879 1053 973 1087 ante
1006 1046 1284 1087 descendimus
1318 1051 1365 1086 ut
1396 1058 1618 1085 emeremus
1651 1057 1777 1085 escas:
1838 1046 1868 1068 '2¹
1902 1044 2047 1097 quibus

141 1110 303 1164 emptis,
335 1121 427 1149 cum
455 1108 704 1148 venissemus
734 1106 787 1146 ad
815 1106 1093 1152 diversorium
1125 1105 1356 1158 aperuimus
1385 1118 1520 1145 saccos
1549 1109 1719 1148 nostros,
1751 1108 1792 1143 et
1820 1103 2048 1143 invenimus

142 1169 359 1223 pecuniarii
387 1168 427 1207 in
455 1179 523 1207 ore
551 1178 777 1206 saccorum:
810 1178 934 1218 quam
962 1178 1070 1205 1111110
1099 1164 1241 1204 eodem
1268 1164 1445 1216 pondere
1474 1162 1783 1216 reportavimus.
1841 1164 1873 1185 ‘2²
1901 1162 1979 1202 Sed
2008 1166 2049 1201 et

142 1227 254 1268 aliud
275 1226 489 1267 attulimus
512 1228 736 1278 argentum,
761 1228 808 1263 ut
829 1236 1010 1264 eruamus
1035 1236 1124 1276 01101
1144 1223 1260 1263 nobis
1282 1222 1506 1262 necessaria
1527 1225 1639 1261 sunt:
1664 1234 1744 1261 11011
1766 1225 1827 1261 est
1848 1221 1888 1261 in
1910 1224 2049 1261 nostra

143 1285 389 1327 conscientia
411 1284 499 1338 quis
520 1283 702 1337 posuerit
723 1295 812 1323 0010
832 1282 874 1323 in
896 1282 1110 1335 marsupiis
1133 1282 1292 1322 nostris.
1343 1282 1374 1303 2³
1396 1280 1452 1320 At
1472 1279 1535 1320 ille
1557 1280 1783 1333 respondit:
1807 1280 1894 1319 Pax
1917 1279 2049 1319 vobis-

143 1358 248 1394 cum,
282 1343 405 1385 nolite
436 1343 595 1383 timere:
629 1342 738 1382 Deus
772 1346 914 1385 vester,
949 1345 990 1380 et
1020 1340 1129 1380 Deus
1161 1340 1287 1392 patris
1320 1339 1443 1379 vestri
1475 1338 1588 1379 dedit
1618 1339 1734 1379 vobis
1766 1339 1975 1378 thesauros
2006 1338 2047 1377 in

143 1404 266 1445 saccis
289 1402 445 1443 vestris.
470 1414 565 1441 nam
588 1400 813 1453 pecuniam,
836 1412 963 1452 quam
984 1399 1152 1439 dedistis
1176 1398 1285 1443 mihi,
1312 1398 1527 1451 probatam
1550 1411 1621 1450 ego
1643 1397 1785 1438 habeo.
1811 1396 2048 1449 Eduxitque

143 1463 196 1504 ad
218 1476 286 1504 eos
313 1461 486 1502 Simeon„
541 1461 571 1483 ²³
598 1458 653 1499 Et
678 1458 921 1498 introductis
948 1458 1128 1503 domum,
1156 1456 1300 1497 attulit
1324 1469 1486 1510 aquam.
1514 1460 1555 1496 et
1580 1456 1769 1496 laverunt
1794 1456 1914 1509 pedes
1941 1469 2046 1499 suos,

143 1521 336 1573 deditque
359 1518 556 1573 pabulum
581 1517 702 1558 asinis
726 1530 876 1557 eorum.
929 1518 960 1540 ²⁵
988 1516 1047 1557 [lli
1072 1529 1165 1557 vero
1190 1516 1395 1569 parabant
1417 1528 1595 1561 munera,
1623 1515 1749 1555 donec
1774 1515 2048 1568 ingrederetur

145 1579 290 1632 Ioseph
315 1577 497 1619 meridie:
526 1576 740 1617 audierant
764 1576 871 1616 enim
894 1576 1007 1629 quod
1030 1575 1084 1616 ibi
1109 1574 1327 1615 comesturi
1352 1579 1485 1615 essent
1510 1587 1668 1627 panem.

246 1639 282 1662 ²⁶
302 1637 431 1690 Igitur
448 1636 648 1690 ingressus
668 1640 729 1675 est
751 1635 895 1688 Ioseph
915 1634 1084 1675 domum
1103 1647 1230 1683 suam,
1264 1632 1582 1686 obtuleruntque
1600 1633 1634 1673 ei
1654 1646 1833 1677 1111111010,
1863 1637 2046 1673 tenentes
2111 1636 2201 1696 ‘11³.¹¹¹.<;

141 1698 182 1738 in
207 1697 395 1738 manibus
418 1695 519 1736 suis:
547 1699 587 1735 et
613 1694 888 1735 adoraverunt
912 1693 1027 1746 proni
1052 1693 1092 1734 in
1119 1699 1279 1733 terram.
1308 1694 1340 1716 ²⁷
1393 1692 1449 1733 At
1472 1691 1546 1735 ille.
1575 1691 1793 1732 elementer
1816 1691 2047 1732 resalutatis
2095 1678 2211 1702 emp*

141 1757 208 1803 015,
242 1754 511 1808 interrogavit
539 1767 617 1798 005,
652 1753 805 1793 dicens:
839 1752 983 1793 Salvus
1014 1766 1063 1792 ne
1095 1756 1156 1792 est
1186 1756 1303 1805 pater
1333 1756 1467 1792 vester
1497 1764 1629 1797 senex,
1663 1751 1712 1790 de
1744 1764 1822 1804 quo
1855 1750 2050 1791 dixeratis

142 1815 265 1856 mihi?
298 1814 442 1855 Adhuc
474 1812 602 1853 vivit?
663 1814 698 1835 ²⁸
729 1812 807 1860 Qui
838 1812 1151 1865 responderunt:
1186 1811 1329 1863 Sospes
1362 1816 1423 1850 est
1454 1823 1591 1850 servus
1625 1815 1718 1850 tuus
1750 1814 1867 1863 pater
1898 1814 2044 1857 noster,

141 1874 274 1915 adhuc
305 1873 420 1914 vivit.
453 1872 509 1912 Et
537 1871 752 1919 incurvati,
785 1870 1060 1911 adoraverunt
1091 1883 1194 1911 eum.
1254 1872 1288 1893 ²⁹
1318 1868 1519 1910 Attollens
1550 1874 1689 1909 autem
1722 1869 1866 1922 loseph
1897 1868 2043 1915 oculos,

141 1933 246 1974 vidit
284 1931 492 1973 Beniamin
524 1931 693 1970 fratrem
725 1943 843 1970 suum
876 1930 1092 1977 uterinum,
1128 1934 1168 1969 et
1201 1929 1275 1968 ait:
1314 1929 1393 1968 lste
1426 1933 1487 1968 est
1518 1928 1644 1967 frater
1675 1931 1808 1968 vester
1839 1927 2043 1980 parvulus,

140 1993 190 2033 de
216 2005 295 2045 quo
321 1990 515 2032 dixeratis
539 1989 663 2029 mihi?
690 1988 745 2029 Et
770 2001 946 2028 rursum:
974 1988 1095 2037 Deus,
1123 1987 1267 2041 inquit,
1296 1987 1534 2027 misereatur
1558 1986 1630 2035 tui,
1660 1986 1715 2026 fili
1740 1986 1806 2027 nii.
1859 1988 1895 2010 ³⁰
1918 1986 1951 2026 F
1954 1986 2046 2027 esti-

142 2051 338 2103 navitque
355 2048 451 2102 quia
464 2052 671 2088 commota
685 2048 795 2087 10010
802 2052 849 2086 nt
863 2047 1018 2087 viscera.
1031 2047 1114 2086 eius
1130 2059 1250 2099 super
1263 2047 1388 2086 fratre
1403 2059 1487 2091 500,
1505 2050 1546 2085 ct
1557 2046 1827 2098 erumpebant
1838 2045 2043 2098 lacrymae:

141 2114 183 2150 et
210 2108 403 2149 introiens
432 2105 664 2147 cubiculum
695 2105 819 2146 flevit.
877 2107 909 2129 31
940 2106 1198 2159 Rursumque
1226 2104 1313 2145 lota·
1340 2104 1440 2144 facie
1469 2117 1660 2157 egressus,
1692 2104 1894 2144 continuit
1922 2117 1974 2153 50,
2005 2109 2047 2144 et

141 2168 216 2209 ait:
254 2166 398 2208 Ponite
433 2178 569 2219 panes.
633 2166 665 2188 ³⁴³
701 2164 855 2213 Quibus
892 2164 1100 2218 appositis,
1138 2177 1316 2204 seorsum
1359 2163 1511 2217 loseph,
1549 2167 1589 2202 et
1624 2176 1803 2203 seorsum
1838 2163 2043 2213 fratribus,

141 2226 343 2280 AEgyptiis
380 2238 541 2278 quoque
577 2224 645 2277 qui
681 2224 951 2264 vescebantur
985 2223 1114 2271 simul,
1152 2236 1330 2264 seorsum
1366 2222 1569 2274 (illicitum
1605 2226 1666 2263 est
1701 2222 1807 2262 enim
1843 2221 2046 2276 AEgyptiis

141 2285 349 2327 comedere
372 2297 465 2324 cum
492 2283 684 2331 Hebraeis‚
711 2287 754 2323 et
776 2283 992 2336 profanum
1018 2286 1169 2336 putant
1192 2281 1471 2322 huiuscemodi
1496 2281 1748 2334 convivium)
1798 2283 1830 2305 ³³
1854 2281 2046 2322 sederunt

141 2357 277 2386 coram
307 2357 364 2389 eo,
398 2342 690 2396 primogenitus
720 2341 837 2382 iuxta.
867 2341 1136 2395 primogenita
1166 2354 1249 2387 sua,
1283 2345 1323 2381 et
1353 2340 1543 2381 minimus
1574 2340 1691 2380 iuxta
1720 2344 1885 2381 aetatem
1915 2353 2041 2381 suam.

142 2403 198 2445 Et
222 2402 477 2444 mirabantur
502 2401 632 2449 nimis,
686 2403 719 2425 ³4
744 2400 917 2454 sumptis
944 2401 1128 2453 partibus
1156 2414 1255 2453 quas
1283 2400 1333 2440 ab
1360 2413 1405 2440 eo
1433 2404 1689 2452 acceperant:
1718 2399 1926 2452 maiorque
1951 2412 2044 2452 pars

142 2463 256 2504 venit
282 2460 506 2506 Beniamin,
535 2460 595 2500 ita
620 2465 667 2500 ut
694 2460 871 2513 quinque
901 2459 1082 2513 partibus
1109 2459 1331 2500 excederet.
1362 2458 1640 2512 Biberuntque
1668 2462 1709 2498 et
1735 2458 1921 2498 inebriati
1949 2462 2045 2498 sunt

142 2535 234 2562 011111
264 2535 321 2562 00.

244 2580 308 2623 44.
365 2582 377 2603 1
405 2579 603 2632 Praecepit
630 2584 768 2619 autem
799 2578 943 2632 loseph
972 2578 1239 2631 dispensatori
1268 2578 1411 2618 domus
1440 2591 1532 2624 51110,
1564 2577 1715 2618 (1100115;
1750 2577 1877 2631 [mple
1905 2590 2040 2618 saccos
2077 2586 2126 2611 sed
2146 2586 2216 2627 frmi

140 2653 280 2681 eorum
304 2640 521 2686 frumento,
550 2641 751 2691 quantum
776 2642 947 2691 possunt
973 2651 1131 2690 capere:
1159 2642 1200 2678 et
1224 2650 1328 2691 pone
1354 2637 1567 2690 pecuniam
1593 2636 1842 2687 singulorum
1867 2636 1908 2676 in
1933 2649 2040 2676 sum-
2093 2622 2197 2653 argum

141 2699 285 2740 mitate
311 2698 426 2739 50001.
481 2699 496 2720 ²
521 2696 729 2750 Scyphum
756 2701 894 2737 autem
920 2709 1056 2737 meum
1083 2701 1331 2750 argenteum,
1360 2700 1401 2736 et
1426 2695 1602 2749 pretium
1630 2695 1739 2748 quod
1765 2695 1878 2735 dedit
1904 2695 2040 2743 tritici,

142 2771 244 2811 pone
271 2757 312 2798 in
340 2769 406 2797 ore
433 2756 537 2797 sacci
563 2755 739 2797 iunioris.
769 2756 1005 2809 factumque
1035 2759 1095 2796 est
1120 2755 1190 2796 ita.
1247 2757 1262 2779 ³³
1289 2755 1344 2795 Et
1371 2759 1459 2795 orto
1488 2767 1616 2801 1011110,
1648 2754 1800 2795 dimissi
1827 2758 1923 2795 sunt
1950 2767 2042 2795 cum

142 2817 263 2857 asinis
298 2816 389 2857 suis.
452 2817 467 2839 4
503 2814 672 2869 Iamque
706 2815 848 2855 urbem
883 2815 1076 2863 exierant,
1113 2820 1154 2854 et
1187 2818 1465 2868 processerant
1499 2813 1726 2867 paululum:
1762 2817 1861 2853 tunc
1897 2812 2042 2867 Ioseph

143 2875 333 2917 accersito
365 2874 643 2928 dispensatore
675 2875 830 2921 domus,
864 2874 999 2927 Surge,
1034 2873 1178 2927 inquit,
1212 2877 1254 2914 et
1284 2885 1520 2926 persequere
1552 2872 1676 2912 viros:
1710 2876 1751 2912 et
1782 2872 2042 2926 apprehensis

142 2934 283 2976 dicito:
310 2935 442 2982 Quare
466 2933 697 2974 reddidistis
722 2933 874 2974 malum
900 2946 971 2987 pro
998 2933 1128 2974 bono?
1180 2934 1196 2956 5
1220 2932 1416 2986 Scyphus,
1445 2944 1563 2985 quem
1589 2931 1713 2971 furati
1739 2930 1845 2979 estis,
1872 2931 1957 2984 ipse
1982 2936 2043 2971 est

138 2994 182 3034 in
203 3006 281 3048 quo
301 2992 405 3034 bibit
424 2991 610 3033 dominus
629 3005 753 3041 1110115,
775 2998 816 3033 et
833 2992 875 3033 in
895 3005 973 3045 quo
994 2992 1181 3046 augurari
1200 2991 1319 3033 solet:
1340 2990 1555 3045 pessimam
1582 3002 1666 3030 rem
1691 2990 1852 3031 fecistis.
1897 2991 1912 3013 ⁶
1930 2989 2044 3030 Fecit

144 3052 208 3094 1110
243 3056 289 3092 ut
321 3051 502 3092 iusserat.
538 3051 594 3092 Et
628 3051 887 3105 apprehensis
921 3064 991 3105 per
1025 3051 1206 3092 ordinem
1238 3050 1397 3091 locutus
1432 3054 1502 3091 est.
1569 3050 1582 3072 ⁷
1617 3049 1694 3098 Qui
1727 3049 2040 3103 responderunt:

143 3112 275 3160 Quare
310 3110 365 3151 sic
397 3110 577 3164 loquitur
612 3110 798 3150 dominus
834 3115 980 3155 noster,
1026 3116 1072 3151 ut
1106 3110 1209 3151 servi
1244 3110 1304 3150 tui
1347 3114 1509 3150 tantum
1549 3108 1691 3162 flagitii
1734 3106 2039 3149 commiserint?

145 3174 160 3194 δ
184 3169 414 3218 Pecuniam,
441 3182 560 3222 quam
586 3169 813 3209 invenimus
838 3169 878 3209 in
902 3170 1138 3210 summitate
1162 3181 1381 3217 saccorum,
1401 3167 1697 3221 reportavimus
1723 3167 1775 3208 ad
1798 3171 1838 3207 te
1862 3167 1910 3207 de
1935 3171 2041 3207 terra

143 3229 354 3270 Chanaan:
380 3233 421 3267 et
444 3240 523 3281 quo
546 3228 667 3268 modo
691 3241 938 3281 consequens
964 3233 1025 3269 est
1050 3233 1097 3269 ut
1121 3228 1246 3269 furati
1272 3228 1396 3268 simus
1420 3227 1468 3267 de
1487 3227 1607 3267 domo
1632 3226 1784 3267 domini
1810 3226 1870 3266 tui
1897 3238 2037 3266 aurum

144 3288 208 3329 vel
243 3285 479 3341 argentum?
544 3287 560 3310 ⁹
594 3286 716 3339 Apud
752 3300 1048 3340 quemcumque
1082 3287 1204 3327 fuerit
1238 3287 1453 3327 inventum
1488 3299 1694 3327 servorum
1732 3290 1895 3325 tuorum
1932 3283 2041 3337 quod

145 3346 299 3400 quaeris⁷
328 3345 535 3393 moriatur,
566 3353 607 3385 et
633 3358 704 3385 nos
732 3346 877 3387 erimus
905 3346 1008 3387 servi
1035 3345 1188 3387 domini
1216 3346 1352 3387 nostri.
1410 3347 1444 3369 ¹⁰
1470 3345 1547 3394 Qui
1575 3345 1679 3385 dixit.
1705 3345 1777 3384 eis:
1807 3343 1900 3383 Fiat
1926 3343 2039 3382 iuxta

275 3460 317 3494 220
346 3461 430 3505 ·Sup
455 3462 507 3502 42,
532 3461 560 3494 3.
