2356 3760
106 622 257 650 mvitleaus

88 1210 118 1233 et
132 1208 274 1232 adiuvans

104 1243 257 1268 observan-

146 1282 214 1304 tem.

103 2150 170 2174 Eam
188 2150 258 2180 petit

128 2428 233 2458 psaltes

119 2464 237 2488 eiulans.

110 2914 256 2940 lietcena

76 3195 105 3217 et
121 3192 272 3223 multiplex

287 189 364 229 554
1160 187 1304 221 LIBER
1866 192 1938 224 1125.
1966 192 2151 231 1:11--120,
2177 192 2197 223 s

290 283 337 306 157
359 281 478 322 Multi
501 281 570 334 qui
594 287 894 334 persequuntur
915 293 990 328 me,
1016 286 1056 320 et
1082 281 1279 321 tribulant
1303 294 1384 320 me:
1461 294 1485 321 a
1508 282 1750 323 testimoniis
1775 284 1854 324 tuis
1877 297 1957 325 non
1980 285 2192 327 declinavi.

289 342 338 364 ¹⁵⁸
360 340 453 380 Vidi
481 340 807 394 praevarieantes,
838 344 879 379 et
907 339 1187 379 tabescebam:
1272 339 1366 392 quia
1396 339 1558 393 eloquia
1585 345 1658 381 tua
1684 354 1765 382 non
1795 343 2087 386 custodierunt.

288 400 339 423 ¹⁵⁹
360 399 460 439 Vide
489 399 681 452 quoniam
710 398 909 438 mandata
935 404 1008 438 tua
1034 397 1155 438 dilexi
1183 398 1378 439 Domine:
1460 399 1500 439 in
1527 399 1802 441 misericordia
1828 406 1902 442 tua
1927 402 2091 444 vivifica
2116 417 2192 445 me.

290 459 343 482 ¹⁶⁰
359 458 608 511 Principium
631 457 847 497 verborum
868 462 1045 503 tuorum,
1068 457 1238 497 veritas:
1312 457 1351 497 in
1372 462 1569 498 aeternum
1591 459 1726 499 omnia
1749 460 1892 500 iudicia
1915 461 2081 502 iustitia·
2100 467 2192 503 tuae.

1190 550 1293 591 SlN.

290 624 336 646 ¹⁶¹
365 622 565 675 Principes
595 622 795 674 persecuti
826 627 918 662 sunt
953 634 1015 661 me
1044 621 1188 673 gratis:
1278 628 1319 661 et
1349 634 1374 661 a
1403 622 1535 662 verbis
1566 623 1646 663 tuis
1676 625 1915 666 formidavit
1946 638 2014 667 cor
2045 640 2192 668 meum.

290 682 339 705 ¹⁶²
360 681 550 721 Laetabor
578 694 649 732 ego
681 693 800 733 super
830 679 990 733 eloquia
1021 686 1110 721 tua:
1194 680 1299 720 sicut
1330 680 1399 733 qui
1429 680 1585 722 invenit
1615 682 1744 735 spolia
1773 683 1915 725 multa.

288 741 339 763 ¹⁶³
364 739 628 792 Iniquitatem
660 739 751 781 odio
783 739 920 786 habui,
952 745 993 780 et
1022 739 1284 780 abominatus
1314 753 1423 780 sum:
1507 740 1634 793 legem
1665 747 1801 783 autem
1835 749 1950 783 tuam
1980 744 2115 786 dilexi.

288 800 337 822 ¹⁶⁴
359 798 516 851 Septies
547 799 586 839 in
616 799 679 839 die
710 798 871 839 laudem
902 798 986 839 dixi
1018 798 1103 842 tibi.
1188 811 1309 851 super
1338 798 1489 839 iudicia
1516 799 1684 841 iustitiae
1713 806 1806 843 tuan

289 859 337 881 ¹⁶⁵
358 857 445 898 Pax
476 857 607 898 multa
636 857 897 910 diligentibus
926 857 1053 909 legem
1086 862 1219 898 tuam:
1304 862 1346 898 et
1374 870 1456 898 non
1486 863 1546 899 est
1577 858 1652 898 illis
1683 860 1935 902 scandalum.

287 917 341 940 ¹⁶⁶
358 917 642 970 Expectabam
673 917 851 957 salutare
882 923 998 957 11111111
1035 916 1223 957 Domine:
1309 922 1349 958 et
1378 917 1579 958 mandata
1608 924 1682 959 tua
1710 919 1843 962 dilexi.

289 977 340 999 ¹⁶⁷
359 975 593 1016 Custodivit
622 976 760 1016 anima
788 988 880 1016 mea.
908 975 1145 1016 testimonia
1174 980 1265 1016 tua:
1350 981 1391 1016 et
1419 976 1563 1017 dilexit
1593 990 1640 1017 ea
1668 977 1942 1021 vehementer.

289 1036 344 1058 ¹⁶⁸
360 1035 528 1075 Servavi
547 1035 746 1075 mandata
762 1040 846 1078 tua.
866 1039 907 1074 et
924 1035 1160 1075 testimonia
1176 1039 1267 1076 tua:
1337 1034 1434 1088 quia
1449 1048 1588 1077 omnes
1605 1036 1682 1078 viae
1697 1050 1798 1078 meae
1813 1038 1853 1078 in
1871 1045 2092 1092 conspectu
2109 1043 2194 1080 tuo.

1155 1127 1278 1169 TAU.

291 1200 677 1254 ¹⁶⁹Appropinquet
713 1199 944 1253 deprecatio
980 1213 1070 1240 mea
1107 1199 1146 1240 in
1182 1204 1402 1253 conspectu
1438 1205 1510 1241 tuo
1546 1200 1739 1242 Domine:
1839 1202 1958 1244 iuxta
1992 1203 2197 1258 eloquium

552 1265 669 1300 tuum
701 1259 751 1299 da
782 1259 881 1299 mihi
911 1258 1175 1300 intellectum.

289 1320 343 1342 ¹⁷⁰
364 1318 493 1359 Intret
518 1318 742 1371 postulatio
767 1331 857 1358 mea
882 1317 920 1358 in
947 1323 1167 1371 conspectu
1192 1323 1283 1359 tuo:
1363 1319 1586 1359 secundum
1612 1319 1818 1372 eloquium
1843 1325 1961 1361 tuum
1987 1321 2095 1375 eripe
2119 1336 2195 1364 me.

288 1379 334 1401 171
360 1377 621 1418 Brut-tabunt
652 1377 761 1418 labia
790 1391 881 1418 mea
910 1377 1123 1431 hymnum,
1213 1391 1305 1418 cum
1336 1378 1519 1419 docueris
1549 1391 1614 1419 me
1644 1378 1954 1420 iustificationes
1984 1385 2089 1422 tuas.

288 1438 339 1460 17”-’
360 1437 654 1477 Pronunciabit
678 1436 817 1490 lingua
842 1449 933 1477 mea
957 1435 1162 1489 eloquium
1190 1442 1326 1477 tuum:
1408 1437 1504 1491 quia
1528 1436 1665 1479 omnia
1690 1438 1889 1479 mandata
1914 1443 1987 1480 tua
2011 1440 2194 1494 aequitas.

287 1497 338 1519 173
359 1495 451 1536 Fiat
481 1509 626 1536 manus
657 1501 730 1536 tua
760 1501 805 1537 ut
834 1495 966 1536 salvet
995 1509 1077 1536 me:
1163 1495 1357 1549 quoniam
1386 1496 1587 1537 mandata
1616 1501 1689 1537 tua
1718 1496 1828 1547 elegi.

287 1556 338 1579 ¹⁷⁴
359 1554 582 1608 Concupivi
613 1554 790 1596 salutare
820 1560 939 1595 tuum
968 1554 1163 1595 Domine:
1247 1560 1287 1596 et
1315 1554 1380 1595 1οΧ
1410 1560 1484 1596 tua
1512 1555 1727 1597 meditatio
1758 1570 1849 1597 mea
1878 1564 1950 1599 est.

287 1615 339 1637 175
360 1613 482 1654 Vivet
511 1613 649 1654 anima
677 1627 779 1663 mea,
811 1619 851 1654 et
880 1613 1069 1654 laudabit
1098 1618 1156 1654 tc:
1242 1618 1281 1654 et
1311 1613 1461 1654 iudicia
1490 1620 1562 1654 tua
1592 1614 1852 1657 adiuvabunt
1882 1630 1956 1658 me.

287 1674 342 1696 175
358 1672 515 1721 Erravi‚
546 1672 651 1714 sicut
678 1673 776 1721 ovis,
808 1686 898 1726 quae
924 1672 1062 1726 periit:
1092 1685 1225 1726 quaerc
1253 1686 1416 1714 servum
1443 1677 1574 1722 tuum,
1665 1673 1761 1727 quia
1788 1675 1988 1716 mandata
2016 1682 2090 1717 tua
2116 1689 2197 1718 11011

549 1746 639 1772 sum
669 1731 832 1774 oblitus,

445 1862 545 1912 ΙΙΙ.
585 1861 824 1912 Cantica
862 1861 1166 1926 graduum,
1205 1859 1470 1912 119—133
1509 1861 1686 1918 (hebr.
1727 1861 2041 1925 120-134).

846 1956 1068 2008 119020).
1099 1956 1326 1997 Liber-atio
1357 1966 1384 1996 a
1413 1956 1636 1997 subdolis.

392 2044 405 2066 1
435 2041 651 2082 Canticum
680 2042 895 2094 graduum.
953 2040 1106 2082 CXIX.

338 2148 401 2187 Ad
432 2148 657 2188 Dominum
688 2160 780 2187 cum
812 2146 1027 2187 tribularer
1109 2146 1302 2187 clamavi:
1335 2150 1376 2186 ct
1406 2145 1618 2187 exaudivit
1649 2160 1724 2187 me.

307 2206 513 2247 ²Domine
542 2206 670 2246 libera
699 2205 879 2246 animam
909 2218 1041 2246 meam
1072 2218 1096 2245 a
1123 2204 1240 2245 labiis
1271 2204 1430 2258 iniquiS,
1516 2210 1556 2245 01
1586 2218 1609 2245 a
1638 2204 1777 2258 lingua
1806 2204 1957 2246 dolosa.

306 2268 321 2289 ²³
340 2265 447 2314 Quid
477 2265 596 2306 detur
626 2264 711 2307 tibi.
745 2270 818 2305 aut
847 2264 945 2318 quid
975 2269 1209 2318 apponatur
1238 2263 1313 2304 tibi
1396 2263 1448 2304 ad
1476 2263 1657 2317 linguam
1687 2263 1895 2305 dolosam?

307 2327 321 2348 ⁴
339 2324 509 2375 Sagittae
537 2323 717 2377 potentis
748 2329 889 2367 acutae,
975 2337 1068 2364 cum
1098 2322 1343 2364 carbonibus
1373 2322 1638 2364 desolatoriis.

307 2432 322 2454 5
341 2429 432 2470 Heu
462 2429 573 2472 mihi.
606 2429 701 2483 quia
734 2428 935 2470 incolatus
967 2442 1081 2470 meus
1114 2428 1380 2482 prolongatus
1413 2432 1493 2469 est:
1568 2427 1754 2469 habitavi
1785 2441 1878 2468 cum
1910 2427 2196 2469 habitantibus

549 2488 696 2529 Cedar:

306 2551 321 2571 ‘⁵
340 2548 514 2588 multum
545 2547 677 2589 incola
705 2547 783 2587 fuit
814 2547 952 2588 anima
979 2561 1082 2588 mea.
1170 2549 1183 2570 7
1213 2548 1315 2588 Cum
1345 2546 1418 2594 his,
1452 2546 1521 2600 qui
1550 2547 1725 2588 oderunt
1754 2559 1909 2599 pacem,

339 2620 449 2647 eram
479 2606 689 2660 pacificus:
722 2619 812 2646 cum
844 2606 1041 2660 loquebar
1070 2606 1156 2652 illis,
1240 2605 1543 2660 impugnabant
1570 2618 1635 2646 me
1663 2606 1802 2659 gratis.

892 2723 972 2762 120
980 2722 1114 2773 (121).
1145 2721 1368 2763 Custodia
1398 2722 1592 2763 Domini.

390 2806 607 2848 Canticum
636 2806 850 2860 graduum.
909 2805 1037 2846 CXX.

311 2915 323 2936 ¹
343 2912 497 2952 Levavi
531 2911 686 2952 aoculos
716 2924 827 2952 meos
856 2911 897 2952 in
927 2916 1098 2953 montes
1184 2911 1291 2951 unde
1322 2911 1459 2952 veniet
1488 2911 1685 2952 auxilium
1716 2910 1826 2952 mihi.

308 2973 321 2995 '2
340 2971 548 3011 Auxilium
579 2984 715 3011 meum
747 2983 771 3011 a
798 2970 988 3018 Domino‚
1074 2970 1142 3023 qui
1172 2970 1269 3011 fecit
1298 2970 1439 3010 caelum
1470 2975 1511 3011 et
1540 2976 1703 3011 terram.

309 3033 324 3054 ³
343 3030 434 3070 Non
464 3030 532 3070 det
563 3030 603 3070 in
633 3029 950 3071 commotionem
981 3029 1124 3082 podem
1157 3035 1293 3069 tuum:
1378 3042 1509 3082 neque
1539 3029 1734 3070 dormitet
1764 3027 1833 3082 qui
1863 3027 2043 3069 custodit
2071 3032 2124 3070 te.

314 3089 446 3129 ¹Ecce
478 3102 557 3129 non
588 3088 829 3129 dormitabit
859 3100 990 3141 neque
1020 3087 1206 3132 dormiet,
1293 3088 1361 3141 qui
1391 3088 1572 3129 custodit
1603 3087 1737 3129 Israel.

278 3212 282 3216 ·
341 3194 542 3235 Dominus
572 3195 751 3235 custodit
782 3200 833 3239 te.
910 3193 1111 3234 Dominus
1141 3193 1341 3246 protectio
1371 3199 1456 3240 tua,
1484 3207 1605 3248 super
1630 3206 1799 3234 manum
1830 3193 2041 3234 dexteram
2065 3198 2193 3234 tuam.

309 3255 323 3276 ⁶
341 3252 417 3293 Per
444 3253 548 3293 diem
578 3253 635 3293 sol
663 3267 742 3294 non
771 3259 859 3293 uret
888 3258 946 3294 te:
1027 3265 1158 3306 neque
1185 3252 1283 3293 luna
1308 3265 1379 3306 per
1405 3258 1578 3294 noctem.

310 3314 323 3335 7
342 3312 542 3352 Dominus
573 3312 748 3353 custodit
783 3320 822 3353 te
853 3313 903 3352 ab
935 3312 1044 3352 omni
1074 3310 1200 3352 malo:
1284 3312 1490 3353 custodiat
1521 3312 1700 3352 animam
1731 3318 1846 3351 tuam
1876 3310 2088 3351 Dominus.

308 3371 541 3411 5’1)0111111110
570 3371 775 3411 custodiat
804 3371 1017 3412 introitum
1046 3376 1177 3415 tuum.
1209 3375 1248 3411 01
1277 3370 1433 3411 exitum
1462 3376 1599 3412 tmun:
1671 3383 1720 3411 ex
1748 3370 1822 3411 hoc
1851 3382 1969 3413 nunc,
2001 3374 2040 3410 et
2068 3381 2196 3423 usque

551 3430 589 3469 in
622 3430 824 3471 Ι0110011111111.

420 3508 604 3576 71211Ῑ1τν.)
627 3508 696 3567 'ear
721 3537 772 3573 eo,
803 3535 850 3568 17.
909 3539 911 3541 ·
