2356 3760
133 372 231 395 (tultus

98 414 153 431 non
174 409 265 431 extet·-

157 449 208 466 nus

78 478 126 501 sed
145 478 282 503 internus.

121 1295 235 1320 initium

108 1331 246 1361 mirabile,

125 1990 158 2014 de
154 1991 214 2015 -ιῑὶοἰ
215 1999 231 2015 e.

104 2026 252 2051 bonorum

87 2750 104 2765 e«
112 2750 170 2766 »usu
177 2746 233 2773 inpt
241 2744 266 2768 i··

103 2779 239 2803 malornm

144 3327 210 3351 uni‹›

102 3362 250 3391 quintilium

101 3400 125 3421 et
162 3398 250 3421 lud-0»-

130 3440 220 3457 ortuli.

289 206 364 246 724
1104 202 1377 236 PROPHETIA
1935 203 1988 244 66,
2015 204 2133 244 1-66,
2160 204 2201 238 19

765 296 805 335 9.
836 295 1004 335 Natura
1034 297 1166 346 regni
1197 295 1470 346 messianici‚
1498 295 1566 345 66,
1585 295 1730 335 1—24.

287 369 352 411 66.
409 371 420 392 ¹
453 368 549 409 Haee.
580 368 677 409 dis-it
707 366 926 407 Dominus:
962 366 1132 407 at'aelum
1162 367 1275 407 sedes
1307 379 1407 410 mea,
1492 372 1600 407 terra
1629 372 1766 408 autem
1798 366 2018 408 scabellum
2047 368 2199 421 pedum

552 439 731 467 meorum
746 438 752 464 z

341 499 431 539 quae
450 492 511 526 est
530 486 607 525 ista
631 485 795 527 Domus.
819 496 942 537 quam
962 483 1215 524 aedificabitis
1235 483 1358 524 mihi?
1432 488 1473 524 et
1493 484 1581 538 quis
1601 490 1662 525 est
1681 485 1756 525 iste
1776 484 1886 525 locus
1907 484 2054 538 quietis
2073 485 2197 526 meae?

305 547 319 568 '-'
340 544 487 586 Omnia
513 545 597 583 lunc
623 555 768 582 manus
794 555 885 582 mea
912 542 1016 585 fecit,
1098 547 1139 583 et
1164 542 1275 583 facta
1300 547 1396 583 sunt
1422 543 1612 583 universa
1636 543 1725 588 ista,
1754 543 1853 584 dicit
1878 543 2091 584 Dominus.

341 604 389 643 ad
411 616 529 656 quem
549 607 686 642 autem
705 601 929 654 respiciam,
950 601 1023 641 nisi
1043 602 1095 641 ad
1112 601 1418 655 pauperculum,
1490 607 1531 642 et
1548 602 1771 643 contritum
1790 602 1947 656 spiritu,
1967 608 2008 642 et
2025 607 2199 643 tremen-

551 666 632 701 tem
663 672 866 700 sermones
896 660 1031 700 meos?

304 723 319 745 ³
340 720 416 768 Qui
452 719 637 759 immolat
672 719 832 763 bovem,
871 718 985 772 quasi
1021 719 1088 772 qui
1125 718 1342 759 interficiat
1377 718 1528 759 virum:
1618 720 1686 773 qui
1721 723 1879 760 mactat
1911 732 2045 773 pecus,
2084 719 2198 773 quasi

550 778 618 831 qui
648 778 882 818 excerebret
911 791 1071 818 canem:

339 836 407 891 qui
441 837 560 877 offert
593 836 855 881 oblationem,
892 836 1006 890 quasi
1041 837 1107 889 qui
1142 837 1379 889 sanguinem
1413 836 1575 877 suillum
1609 837 1772 878 offerat:
1862 837 1930 890 qui
1962 837 2200 878 recordatur

551 895 690 941 thuris,
725 895 839 948 quasi
871 896 938 949 qni
969 895 1185 936 benedicat
1213 896 1333 937 idolo.

340 955 436 995 Haec
468 955 602 995 onmia
636 954 842 1007 elegerunt
873 954 912 994 in
945 954 1019 994 viis
1051 954 1143 1001 suis,
1230 960 1271 995 et
1300 954 1341 998 in
1373 954 1747 996 abominationibus
1779 955 1860 995 suis
1892 954 2029 995 anima
2059 966 2198 995 eorum

548 1014 753 1054 delectata
782 1019 853 1054 est.

301 1074 317 1097 4
338 1072 456 1113 Unde
488 1078 527 1113 et
559 1085 630 1125 ego
662 1071 806 1122 eligam
838 1071 1041 1113 illusiones
1073 1084 1231 1113 eorum:
1316 1078 1357 1113 et
1389 1085 1479 1126 quae
1509 1072 1724 1120 timebant,
1758 1073 1961 1114 adducam
1992 1072 2065 1113 eis:

340 1131 457 1184 bquia
488 1131 645 1174 vocavi,
679 1136 720 1171 et
750 1144 831 1172 non
864 1136 951 1171 erat
983 1131 1051 1184 qui
1082 1132 1363 1185 responderet:
1448 1132 1608 1172 locutus
1640 1144 1742 1179 sum,
1776 1137 1817 1173 et
1846 1145 1928 1172 non
1960 1131 2196 1172 audierunt:

337 1190 602 1243 feceruntque
632 1189 786 1230 malum
816 1189 856 1229 in
887 1189 1011 1230 oculis
1041 1190 1151 1236 meis,
1237 1196 1278 1231 et
1308 1203 1398 1244 quae
1427 1190 1537 1232 nolui
1567 1191 1785 1246 elegerunt.

301 1297 316 1319 5
336 1295 488 1335 Audite
519 1296 690 1335 verbum
720 1294 897 1339 Domini,
983 1295 1052 1348 qui
1082 1295 1255 1336 tremitis
1286 1295 1338 1336 ad
1368 1296 1539 1336 verbum
1569 1296 1671 1337 eius:

337 1354 529 1395 dixerunt
565 1355 710 1394 fratres
747 1353 872 1394 vestri
909 1354 1091 1395 odientes
1129 1367 1213 1419 vos,
1305 1360 1346 1395 et
1382 1354 1617 1395 abiicientes
1653 1360 1821 1408 propter
1856 1368 2005 1396 nomen
2041 1366 2197 1395 meum:

334 1412 582 1466 glorificetur
604 1413 816 1459 Dominus
842 1418 883 1453 et
906 1413 1167 1454 Videbimus
1158 1426 1198 1454 m
1220 1412 1365 1454 laetitia
1387 1418 1542 1454 vestra:
1620 1413 1696 1467 ipsi
1719 1420 1858 1454 autem
1881 1413 2196 1455 confundentur.

300 1473 315 1496 ⁶
335 1472 371 1512 V
374 1485 426 1512 ox
454 1472 598 1537 popl-'ili
622 1472 671 1512 de
700 1472 880 1517 civitate,
911 1485 992 1513 vox
1021 1473 1070 1513 de
1098 1473 1264 1525 templo
1348 1486 1429 1513 vox
1458 1471 1624 1513 Domini
1652 1473 1859 1514 reddentis
1887 1472 2200 1514 retributionem

546 1531 717 1571 inimicis
747 1531 840 1571 suis

299 1590 313 1613 ⁷
334 1590 570 1643 Antequam
589 1590 821 1643 parturiret
841 1590 1017 1643 peperit:
1090 1596 1314 1644 antequam
1332 1591 1489 1631 veniret
1506 1596 1649 1644 partus
1667 1591 1763 1637 eius,
1782 1590 1941 1645 peperit
1958 1589 2197 1631 masculum.

299 1649 315 1672 ⁸
336 1649 433 1697 Quis
465 1649 623 1689 audivit
654 1662 851 1701 umquam
882 1649 987 1689 tale?
1071 1655 1113 1689 et
1143 1649 1231 1702 quis
1262 1648 1366 1690 vidit
1395 1649 1488 1690 huic
1518 1649 1671 1690 simile?

334 1707 537 1760 numquid
565 1707 767 1760 parturiet
795 1713 904 1747 terra
932 1708 973 1748 in
1002 1707 1066 1748 die
1096 1708 1202 1748 una?
1285 1713 1359 1748 aut
1387 1708 1570 1762 parietur
1596 1721 1693 1762 gens
1723 1708 1855 1755 simul,

336 1766 432 1819 quia
460 1766 683 1819 parturivit
712 1771 753 1807 et
781 1766 939 1820 peperit
1021 1766 1118 1807 Sion
1148 1766 1249 1808 filios
1279 1767 1397 1808 suos?

299 1827 314 1849 ⁹
337 1825 547 1878 Numquid
574 1839 657 1878 ego.
688 1825 756 1878 qui
782 1825 880 1866 alios
907 1839 1047 1879 parere
1072 1825 1189 1871 facio,
1270 1825 1355 1880 ipse
1381 1839 1463 1867 non
1490 1826 1659 1880 pariam,
1688 1827 1788 1868 dicit
1813 1826 2039 1868 Dominus?

335 1884 367 1924 si
395 1897 479 1937 ego
512 1884 629 1938 qui,D
608 1884 911 1925 venerationem
939 1885 1080 1925 ceteris
1109 1885 1258 1933 tribuo,
1340 1885 1486 1926 sterilis
1515 1899 1593 1932 ero,
1624 1886 1682 1927 ait
1709 1886 1910 1927 Dominus
1938 1886 2048 1927 Deus
2078 1885 2197 1926 tuus?

286 1991 321 2013 1⁰
338 1989 553 2030 laetamini
580 2003 672 2030 cum
701 1989 932 2035 Ierusalem
962 1994 1003 2031 et
1029 1989 1212 2031 exultate
1238 1990 1280 2031 in
1306 2003 1355 2031 ea
1380 2003 1519 2031 omnes
1547 1991 1616 2044 qui
1643 1991 1808 2044 diligitis
1835 2004 1944 2032 eam:
2023 1992 2200 2045 gaudete

547 2062 639 2089 cuni
670 2062 717 2089 ea
744 2049 893 2102 gaudio
925 2049 1113 2095 universi,
1146 2049 1215 2103 qui
1241 2049 1388 2103 lugetis
1416 2062 1537 2104 super
1564 2062 1654 2090 earn

283 2109 314 2131 ¹1
335 2113 382 2147 ut
407 2107 572 2160 sugatis.
602 2113 642 2148 et
667 2107 903 2161 repleamini
930 2108 981 2149 ab
1008 2108 1129 2149 ubere
1155 2108 1443 2150 consolationis
1469 2108 1572 2149 eius:
1653 2114 1700 2150 ut
1724 2109 1952 2163 mulgeatis,
1981 2114 2022 2150 et
2047 2109 2198 2151 deliciis

546 2166 726 2207 affluatis
756 2167 808 2207 ab
839 2167 1076 2208 omnimoda
1102 2167 1231 2221 gloria
1259 2168 1355 2209 eius.

283 2226 315 2249 1²
336 2224 441 2273 Quia
470 2225 554 2265 haec
584 2225 683 2265 dicit
712 2225 932 2266 Dominus:

335 2283 439 2324 Ecce
467 2297 538 2337 ego
566 2284 778 2325 declinabo
806 2298 926 2338 super
952 2298 1042 2326 eam
1071 2285 1187 2339 quasi
1213 2285 1385 2326 fluvium
1412 2286 1535 2339 pacis,
1618 2291 1659 2327 et
1687 2286 1802 2339 quasi
1830 2292 2053 2328 torrentem
2081 2287 2197 2327 inun-

547 2343 715 2384 dantem
744 2343 913 2397 gloriam
944 2343 1150 2391 Gentium,
1184 2358 1308 2398 quam
1338 2345 1508 2398 sugetis:

335 2402 386 2442 ad
417 2402 543 2442 ubera
571 2402 849 2455 portabimini,
934 2408 975 2444 et
1004 2416 1125 2457 super
1151 2417 1285 2453 genua
1315 2403 1577 2445 blandientur
1607 2404 1734 2445 vobis

282 2462 314 2485 1³
335 2461 549 2509 Quomodo
583 2461 614 2501 si
647 2461 711 2501 cui
743 2467 875 2502 mater
908 2462 1155 2511 blandiatur,
1190 2478 1250 2503 ita
1281 2476 1353 2516 ego
1387 2462 1627 2505 consolabor
1659 2476 1743 2511 vos,
1830 2468 1872 2505 et
1904 2463 1944 2504 in
1978 2463 2198 2505 Ierusalem

545 2520 866 2562 consolabimini.

283 2580 315 2602 ¹⁴
336 2578 547 2623 Videbitis,
578 2584 620 2619 et
645 2580 843 2633 gaudebit
871 2593 939 2621 cor
966 2586 1161 2629 vestrum,
1244 2587 1286 2622 et
1314 2593 1405 2622 ossa
1432 2587 1570 2622 vestra
1599 2581 1714 2635 quasi
1741 2581 1868 2623 herba
1893 2582 2195 2635 germinabunt,

334 2643 374 2678 et
406 2642 672 2691 cognoscetur
702 2652 846 2679 manus
878 2639 1043 2681 Domini
1075 2640 1199 2681 servis
1231 2640 1326 2685 eius,
1413 2646 1454 2681 et
1484 2640 1765 2694 indignabitur
1794 2641 1966 2682 inimicis
1997 2641 2090 2682 suis.

283 2744 313 2766 ¹⁵
335 2743 439 2791 Quia
469 2756 558 2783 eece
588 2743 789 2784 Dominus
819 2743 859 2784 in
889 2743 979 2797 igne
1010 2745 1157 2791 veniet,
1243 2751 1284 2786 et
1314 2744 1429 2799 quasi
1460 2746 1580 2787 turbo
1612 2746 1819 2800 quadrigae
1848 2747 1950 2787 eius:

334 2802 528 2842 reddere
520 2815 559 2842 1n
581 2801 861 2853 indignatione
882 2803 1059 2844 furorem
1079 2817 1211 2851 suum,
1287 2809 1328 2845 et
1348 2804 1669 2858 increpationem
1690 2819 1806 2846 suam
1826 2805 1867 2846 in
1888 2805 2084 2847 flamma
2074 2806 2195 2860 ignis:

284 2862 316 2883 ¹⁶
335 2860 428 2913 quia·
452 2860 490 2900 in
513 2861 603 2915 igne
626 2854 825 2902 Dominus
849 2861 1000 2902 diiudi(
1004 2862 1102 2907 abit
1124 2868 1165 2903 et
1186 2863 1226 2903 in
1247 2863 1381 2917 gladio
1404 2877 1475 2905 suo
1499 2864 1549 2905 ad
1573 2877 1735 2905 omnem
1758 2878 1932 2910 carnem,
1999 2870 2040 2905 et
2062 2865 2198 2906 multi-

543 2920 806 2972 plicabuntur
834 2921 1038 2962 interfecti
1070 2935 1093 2962 a
1122 2922 1312 2970 Domino,

283 2979 315 3000 ¹⁷
336 2978 403 3030 qui
425 2979 799 3025 sanctificabantur,
825 2985 864 3021 et
886 2980 1060 3021 mundos
1082 2994 1122 3021 se
1143 2982 1352 3034 putabant
1426 2981 1465 3022 in
1487 2982 1615 3023 hortis
1636 2988 1731 3036 post
1752 2982 1918 3023 ianuam
1940 2982 2194 3029 intrinsecus,

336 3036 403 3089 qui
439 3038 707 3078 comedebant
743 3051 905 3079 carnem
940 3039 1112 3083 suillam.
1150 3046 1191 3080 et
1225 3040 1574 3082 abominationem
1610 3046 1651 3081 et
1685 3055 1861 3082 murem:
1950 3041 2070 3083 simul
2103 3056 2197 3084 con-

544 3104 767 3140 sumentur
801 3098 900 3139 dicit
928 3098 1141 3139 Dominus

407 3165 534 3210 Eoo
564 3174 699 3207 autem
730 3181 853 3221 opera
880 3182 1030 3214 eorum
1062 3174 1101 3209 et
1130 3169 1397 3219 cogitationes
1426 3183 1584 3211 eorum:
1615 3170 1732 3211 xenio
1762 3176 1808 3212 ut
1835 3184 2073 3225 congregem
2103 3185 2196 3213 curn

283 3223 470 3263 omnibus
497 3238 543 3269 «rt
550 3225 685 3266 ritibus
714 3232 755 3267 et
782 3227 945 3281 linguis:
975 3233 1016 3268 et
1044 3241 1092 3268 vt
1097 3241 1158 3268 nn
1164 3234 1208 3268 nt
1237 3235 1277 3269 et
1306 3229 1506 3269 videbunt
1533 3229 1703 3282 gloriam
1732 3243 1877 3271 meam.

392 3331 422 3352 ¹⁹
451 3329 499 3369 Et
526 3343 671 3381 ponam
699 3331 736 3371 in
760 3332 814 3371 eis
838 3332 1009 3381 sigmmi,
1036 3338 1076 3372 et
1100 3332 1262 3373 mittam
1287 3346 1337 3373 ex
1360 3333 1426 3378 eis
1454 3334 1522 3388 qui
1545 3334 1693 3375 salvati
1717 3334 1879 3381 fuerint,
1906 3335 1958 3375 ad
1981 3335 2164 3377 Gentes
2156 3349 2195 3377 in

284 3400 405 3429 mare
431 3387 467 3427 in
490 3388 680 3430 Afri‹·.am
705 3396 742 3429 et
770 3391 796 3430 Ι
801 3391 882 3444 ydi·
885 3405 936 3431 mi
961 3392 1081 3432 tende
1086 3398 1174 3431 ntts
1195 3392 1408 3441 sagittam:
1432 3393 1471 3433 in
1497 3393 1657 3433 Italiam
1679 3399 1719 3434 et
1740 3393 1948 3436 Graeciam
1972 3395 2023 3435 ad
2045 3394 2195 3435 insulas

282 3445 410 3500 longe
436 3447 485 3487 ad
510 3460 588 3490 eos
615 3448 682 3500 qui
705 3462 783 3489 non
808 3451 1026 3490 audierunt
1048 3451 1096 3491 de
1120 3464 1194 3493 me
1219 3456 1258 3490 et
1284 3464 1361 3491 non
1387 3452 1577 3492 viderunt
1598 3452 1767 3505 gloriam
1790 3465 1935 3494 meam.
1962 3453 2015 3493 Et
2038 3466 2195 3494 annun-

415 3550 468 3589 663,
497 3552 511 3583 l
539 3552 623 3583 ain-t
650 3552 679 3589 T,
704 3552 755 3585 49.
784 3573 822 3575 m
849 3554 868 3585 1
893 3554 957 3586 “Pr
983 3556 1009 3589 l,
1035 3556 1091 3591 242
1119 3556 1188 3598 Sup
1214 3555 1267 3592 (55,
1298 3557 1350 3595 123
1378 3556 1410 3588 Ir
1433 3557 1464 3596 7,
1491 3557 1542 3590 13.
