2356 3760
289 414 1248 503 PROPHETIA
1335 417 1896 506 ABDIAE.

566 639 680 681 Sors
711 639 1019 681 Edomitarum
1051 640 1095 681 et
1124 639 1446 691 lsraentarum‚
1475 642 1620 681 1—21.

284 712 296 734 ¹
319 710 429 752 Visio
457 710 612 751 Abdiae.

188 767 285 809 Haec
315 769 413 810 dicit
440 769 642 809 Dominus
672 768 783 810 Deus
813 769 865 809 ad
894 768 1046 809 Edom:

191 827 409 868 aAuditum
439 827 671 867 audivimus
702 840 726 867 a
752 827 943 871 Domino.
1028 834 1069 868 et
1097 827 1279 881 legatum
1310 828 1361 868 ad
1390 833 1530 881 gentes
1560 827 1689 868 misit:

185 885 358 939 Surgite‚
391 891 432 926 et
460 898 752 939 consurgamus
834 886 1029 926 adversus
1059 899 1151 927 eum
1181 886 1222 927 in
1253 886 1448 940 praelium.

150 945 165 967 ²
185 942 290 984 Ecce
319 943 537 997 parvulum
567 944 660 985 dedi
690 950 730 985 te
759 944 800 985 in
831 944 1050 985 Gentibus:
1135 945 1455 999 contemptibilis
1486 950 1532 985 tu
1562 958 1601 985 es
1632 945 1762 987 valde.

149 1003 164 1026 ³
184 1002 384 1056 Superbia
412 1003 542 1043 cordis
572 1003 633 1043 tui
663 1002 810 1043 extulit
842 1008 893 1051 te,
979 1003 1237 1044 habitantem
1268 1004 1309 1044 in
1338 1004 1517 1045 scissuris
1547 1010 1769 1057 petrarum,

184 1061 437 1102 exaltantem
467 1061 611 1102 solium
642 1066 779 1102 tuum:
865 1062 933 1115 qui
963 1062 1061 1102 dicis
1091 1062 1131 1102 in
1162 1062 1281 1103 corde
1311 1067 1401 1103 tuo:
1419 1063 1516 1110 Quis
1532 1062 1719 1103 detrahet
1735 1076 1799 1103 me
1814 1063 1854 1103 in
1869 1063 2046 1106 terram?

148 1120 164 1143 ⁴¹
183 1119 224 1160 Si
255 1119 462 1160 exaltatus
493 1120 615 1160 fueris
647 1125 694 1161 ut
725 1119 873 1173 aquila,
960 1126 1001 1161 et
1031 1120 1062 1161 si
1093 1121 1199 1161 inter
1229 1121 1362 1161 sidera
1390 1121 1571 1174 posueris
1602 1121 1743 1161 nidum
1776 1126 1912 1162 tuum:

183 1177 277 1218 inde
306 1178 522 1219 detraham
553 1184 604 1227 te,
690 1178 789 1219 dicit
817 1178 1030 1220 Dominus.

148 1237 163 1260 ⁶
183 1235 224 1277 Si
252 1236 361 1277 fures
390 1237 626 1278 introissent
657 1238 709 1278 ad
739 1242 791 1283 te,
876 1237 907 1277 si
936 1237 1115 1278 latrones
1145 1251 1215 1291 per
1244 1243 1419 1281 noctem.

184 1296 390 1348 quomodo
421 1295 708 1337 conticuisses?
791 1309 926 1336 nonne
955 1296 1080 1336 furati
1111 1301 1245 1337 essent
1274 1296 1517 1336 sufficientia
1548 1295 1648 1336 sibi?

183 1354 216 1394 si
238 1354 555 1395 vindemiatores
579 1354 815 1395 introissent
839 1354 890 1394 ad
914 1359 965 1397 te.
1044 1354 1245 1407 numquid
1268 1354 1412 1395 saltem
1436 1368 1642 1395 racemum
1665 1354 1922 1408 reliquissent
1944 1355 2045 1397 tibi?

148 1413 163 1435 ⁸
183 1412 399 1460 Quomodo
429 1413 600 1453 scrutati
631 1419 725 1453 sunt
756 1412 877 1457 Esau,
965 1412 1317 1466 investigaverunt
1347 1413 1589 1454 abscondita
1618 1413 1727 1453 eius?

147 1471 161 1493 ⁷
184 1470 322 1524 Usque
358 1471 409 1511 ad
445 1471 666 1511 terminum
702 1471 924 1511 emiserunt
960 1477 1017 1511 te:
1123 1485 1262 1512 omnes
1298 1472 1373 1512 viri
1407 1472 1570 1512 foederis
1606 1472 1667 1512 tui
1701 1471 1916 1513 illuserunt
1950 1473 2044 1513 tibi:

183 1528 446 1570 invaluerunt
470 1530 688 1570 adversum
713 1535 752 1570 te
777 1530 852 1570 viri
875 1529 986 1583 pacis
1011 1536 1110 1570 tuae:
1190 1530 1258 1583 qui
1283 1531 1504 1571 comedunt
1528 1536 1675 1579 tecum,
1701 1536 1857 1584 ponent
1880 1531 2046 1572 insidias

392 1588 533 1629 subter
562 1594 620 1628 te:
704 1601 786 1629 non
816 1593 876 1629 est
907 1588 1125 1641 prudentia
1156 1588 1195 1629 in
1227 1602 1284 1630 eo.

147 1647 161 1669 ²²
187 1646 418 1700 *Numquid
448 1660 529 1687 non
560 1646 599 1687 in
631 1647 694 1687 die
725 1646 803 1691 illa,
837 1646 935 1687 dicit
965 1647 1178 1689 Dominus.
1212 1648 1379 1700 perdam
1412 1648 1615 1701 sapientes
1645 1648 1694 1688 de
1728 1648 1919 1697 Idumaea,
2004 1654 2047 1689 et

392 1706 654 1758 prudentiam
685 1706 733 1746 de
764 1711 903 1746 monte
934 1705 1070 1746 Esau?

145 1765 161 1787 ⁹
180 1764 236 1804 Et
265 1763 474 1805 timebunt
502 1764 627 1805 fortes
657 1764 718 1805 tui
748 1777 772 1805 a
800 1764 978 1809 Meridie,
1064 1770 1110 1805 ut
1140 1765 1314 1805 intereat
1345 1766 1407 1805 vir
1436 1766 1484 1806 de
1514 1770 1653 1806 monte
1684 1765 1806 1807 Esau.

2089 713 2216 743 Titulus:

2084 771 2226 795 Edomitffl

2075 807 2229 831 interibunt

128 1869 164 1891 ¹⁰
188 1867 377 1920 cPropter
396 1867 734 1914 interfectionem,
758 1873 799 1908 et
818 1875 986 1920 propter
1005 1868 1267 1921 iniquitatem
1287 1868 1327 1909 in
1348 1869 1513 1909 fratrem
1538 1874 1654 1910 tuum
1679 1870 1813 1915 Iacob,
1889 1870 2064 1924 operiet.
2091 1879 2209 1915 Propter

390 1932 430 1967 te
460 1926 655 1973 confusio,
688 1932 728 1966 et
758 1926 907 1979 peribis
936 1927 977 1967 in
1007 1932 1217 1968 aeternum.

127 1986 157 2008 ¹¹
183 1984 228 2024 In
259 1984 323 2025 die
353 1998 445 2025 cum
476 1990 603 2025 stares
634 1985 828 2025 adversus
859 1998 963 2028 eum.
1050 1986 1214 2039 quando
1245 1986 1465 2039 capiebant
1493 1986 1611 2027 alieni
1640 1988 1863 2027 exercitum
1893 1987 1987 2036 eius,

179 2048 221 2083 et
246 2043 430 2084 extranei
456 2043 791 2096 ingrediebantur
816 2049 956 2096 portas
983 2043 1078 2087 eius.
1160 2050 1201 2084 et
1227 2057 1348 2097 super
1376 2044 1594 2085 Ierusalem
1621 2046 1846 2086 mittebant
1872 2051 2041 2087 sortem:

181 2107 225 2142 tu
256 2114 418 2155 quoque
449 2114 535 2142 eras
567 2102 682 2155 quasi
712 2115 816 2142 unus
846 2115 896 2142 ex
926 2102 992 2143 eis.

127 2161 158 2184 ¹2
179 2159 234 2200 Et
263 2173 344 2201 non
375 2160 569 2213 despicies
599 2160 639 2200 in
670 2160 733 2201 die
763 2161 900 2201 fratris
931 2161 1002 2203 tui.
1089 2161 1128 2201 in
1159 2162 1222 2202 die
1252 2161 1587 2215 peregrinationis
1618 2163 1719 2202 eius:

178 2224 220 2259 et
248 2232 329 2260 non
358 2218 560 2262 laetaberis
590 2232 711 2272 super
739 2219 840 2260 filios
872 2219 975 2260 Iuda
1056 2220 1097 2260 in
1127 2220 1190 2260 die
1219 2220 1458 2273 perditionis
1488 2234 1646 2261 eorum:

177 2283 220 2318 et
246 2291 327 2318 non
355 2277 636 2331 magnificabis
664 2291 706 2319 os
736 2284 854 2318 tuum
934 2278 975 2318 in
1003 2278 1067 2318 die
1096 2278 1305 2332 angustiae.

125 2338 157 2360 ¹³
179 2335 320 2389 Neque
349 2336 583 2390 ingredieris
613 2342 775 2389 portam
805 2336 946 2390 populi
975 2337 1054 2377 mei
1136 2337 1177 2377 in
1207 2337 1270 2377 die
1300 2337 1426 2377 ruinae
1455 2350 1613 2378 eorum:

178 2408 308 2448 neque
338 2394 533 2448 despicies
563 2400 605 2435 et
634 2400 679 2435 tu
708 2394 749 2435 in
779 2394 895 2435 malis
926 2395 1009 2435 eius
1093 2396 1133 2435 in
1163 2395 1226 2436 die
1257 2396 1465 2436 vastitatis
1495 2396 1618 2436 illius:

177 2459 219 2494 et
247 2466 327 2494 non
358 2453 556 2495 emitteris
586 2454 780 2494 adversus
810 2454 1034 2494 exercitum
1064 2454 1148 2495 eius
1230 2454 1269 2494 in
1300 2454 1363 2495 die
1392 2455 1601 2495 vastitatis
1631 2455 1746 2497 illius.

124 2514 156 2536 ¹⁴
178 2511 319 2565 Neque
349 2512 477 2553 stabis
506 2511 547 2552 in
577 2511 754 2552 exitibus
837 2518 883 2553 ut
913 2513 1131 2553 interficias
1162 2526 1228 2554 eos
1260 2513 1328 2566 qui
1357 2513 1554 2566 fugerint:

176 2578 218 2611 et
247 2583 329 2611 non
360 2571 575 2612 concludes
605 2570 781 2624 reliquos
812 2571 895 2612 eius
979 2571 1018 2611 in
1050 2572 1113 2612 die
1145 2571 1434 2613 tribulationis.

124 2631 155 2653 ¹⁵
176 2629 380 2677 Quoniam
410 2629 528 2670 iuxta
556 2635 618 2670 est
647 2629 730 2670 dies
760 2629 927 2671 Domini
1009 2643 1130 2684 super
1159 2643 1298 2671 omnes
1327 2636 1486 2684 gentes:

175 2687 281 2729 sicut
310 2688 452 2735 fecisti,
485 2688 556 2729 fiet
585 2687 678 2728 tibi:
762 2688 1075 2730 retributionem
1105 2694 1221 2730 tuam
1251 2694 1463 2730 convertet
1494 2689 1533 2729 in
1564 2695 1689 2742 caput
1720 2694 1848 2730 tuum.

124 2748 158 2770 ¹⁶
176 2746 391 2795 Quomodo
421 2746 529 2787 enim
560 2746 718 2788 bibistis
749 2760 869 2801 super
897 2753 1081 2788 montem
1111 2752 1301 2788 sanctum
1330 2760 1478 2796 meum,
1559 2748 1699 2788 bibent
1723 2761 1862 2789 omnes
1886 2748 2038 2789 Gentes

384 2805 549 2859 iugiter:

175 2869 218 2904 et
245 2863 400 2912 bibent,
432 2870 474 2905 et
503 2864 794 2912 absorbebunt,
879 2870 920 2906 et
949 2870 1070 2906 erunt
1099 2864 1215 2919 quasi
1244 2878 1325 2905 non
1355 2865 1448 2905 sint.

122 2969 156 2992 ¹⁷
173 2968 230 3008 Et
258 2968 299 3008 in
328 2972 468 3008 monte
497 2966 593 3008 Sion
623 2968 699 3008 erit
728 2967 915 3014 salvatio,
1000 2974 1042 3009 et
1070 2968 1146 3009 erit
1175 2974 1359 3009 sanctus:

173 3031 216 3067 et
242 3025 470 3080 possidebit
498 3026 643 3067 domus
675 3026 797 3067 Iacob
880 3039 947 3068 eos
978 3026 1047 3080 qui
1076 3039 1117 3067 se
1145 3028 1422 3081 possederant.

122 3086 157 3109 ¹⁸
173 3082 336 3126 Et'erit
363 3084 509 3125 domus
541 3084 663 3125 Iacob
694 3084 807 3138 ignis,
892 3090 934 3126 et
962 3085 1108 3126 domus
1140 3085 1287 3139 Ioseph
1316 3085 1493 3134 flamma,

173 3148 216 3184 et
243 3144 388 3184 domus
418 3142 529 3183 Esau
559 3142 728 3196 stipula:
813 3148 854 3184 et
882 3144 1181 3185 succendentur
1209 3144 1251 3184 in
1280 3144 1347 3189 eis,
1379 3149 1421 3184 et
1449 3144 1709 3185 devorabunt
1738 3157 1822 3185 eos:

173 3207 215 3243 et
243 3215 324 3243 non
355 3206 475 3242 erunt
503 3200 683 3254 reliquiae
711 3201 857 3242 domus
886 3202 1010 3251 Esau,
1096 3202 1192 3256 quia
1220 3202 1421 3244 Dominus
1451 3202 1611 3243 locutus
1642 3208 1715 3244 est.

121 3261 156 3284 ¹⁹
173 3259 230 3301 Et
246 3260 540 3301 hereditabunt
557 3259 609 3308 hi,
631 3259 701 3313 qui
718 3260 770 3300 ad
788 3260 986 3301 Austrum
1005 3265 1113 3309 sunt,
1133 3266 1316 3302 montem
1336 3260 1457 3309 Esau,
1531 3266 1572 3302 et
1591 3261 1660 3315 qui
1677 3261 1718 3302 in
1737 3260 2033 3315 campestribus

383 3318 651 3359 Philisthiim:

251 3433 269 3465 1
296 3431 349 3465 ah·
371 3432 424 3472 49,
450 3434 500 3466 14.
526 3454 567 3457 —
589 3433 610 3467 8
633 3432 687 3467 bIs
710 3433 763 3473 29,
789 3435 839 3468 14.
866 3454 907 3457 —
932 3434 974 3468 10
1001 3434 1070 3468 cGn
1095 3435 1148 3475 27,
1173 3436 1226 3469 41.

2059 1913 2241 1942 iniquitatem

2057 1946 2084 1971 in
2098 1947 2251 1977 Israelitas,

2084 2969 2132 3000 qui
2147 2969 2200 2994 sal-

2064 3005 2220 3030 vabuntur.
