2356 3760
273 250 350 290 903
1124 243 1269 277 LIBER
1294 243 1320 278 Ῑ.
1940 247 1971 287 3,
1996 247 2117 288 57-4,
2141 248 2185 283 33

267 342 369 382 bant
403 352 560 383 uxores,
597 343 637 379 et
671 337 919 391 plantabant
956 335 1105 376 vineas.
1143 341 1183 376 et
1217 335 1500 383 formidolosis,
1537 341 1585 378 ut
1617 336 1797 378 redirent
1830 340 2109 394 unusquisque
2142 341 2183 382 in

265 401 435 441 domuin
463 411 579 440 suam
607 396 830 438 secundum
859 394 999 447 legem.
1055 396 1089 418 ⁵⁷
1119 395 1173 435 Et
1201 399 1420 436 moverunt
1447 400 1593 443 castra,
1623 399 1665 436 et
1691 395 1996 439 collocaverunt
2022 400 2075 440 ad
2101 400 2184 440 Au-

263 463 395 500 strum
423 457 657 498 Emmaum.
713 456 748 477 5⁸
775 453 831 493 Et
858 452 916 493 ait
946 453 1086 493 ludas:
1117 453 1398 506 Acoingimini,
1429 459 1470 494 01
1496 459 1627 495 051010
1655 453 1725 495 filii
1751 460 1954 508 potentes.
1984 462 2026 498 et
2052 463 2184 499 estote

265 516 399 570 parati
432 516 471 556 in
505 527 635 556 mane,
673 518 718 552 ut
750 511 939 565 pugnetis
972 512 1168 553 adversus
1203 512 1399 554 Nationes
1432 512 1516 557 1105,
1553 526 1644 566 quae
1675 520 1957 556 convenerunt
1989 516 2184 558 adversus

266 590 338 617 nos
369 574 598 628 disperdere
628 584 712 614 nos.
745 575 786 611 et
816 575 959 611 sancta
988 575 1146 612 nostra:
1204 573 1240 595 ⁵⁹
1271 571 1465 625 quoniam
1495 571 1638 612 melius
1668 576 1729 613 est
1758 585 1831 614 1105
1861 573 1963 614 mori
1993 573 2034 615 in
2064 573 2181 623 bello,

267 648 390 688 quam
422 633 557 673 videre
588 629 696 671 mala
723 629 855 682 gentis
887 634 1046 677 nostrae,
1079 635 1121 670 et
1150 634 1398 670 sanctorum.
1460 632 1496 653 ‘⁵⁰
1524 629 1639 671 Sicut
1668 635 1806 671 autern
1837 631 1960 672 fuerit
1992 632 2183 674 voluntas

266 693 304 733 in
335 692 441 734 eaelo.
472 690 526 731 sie
555 689 639 730 fiat.

108 755 203 806 {ml-'¹³
371 750 408 792 4.
467 752 476 773 ¹
508 749 561 789 Et
591 746 812 801 assumpsit
840 746 1009 799 Gorgias
1039 747 1218 801 quinque
1247 747 1373 788 millia
1402 747 1594 791 virorum.
1625 752 1666 788 et
1694 747 1801 789 mille
1830 749 1986 802 equites
2015 750 2182 791 electos:

80 792 237 853 melsi‘rgiii-'H
267 814 307 849 et
340 814 559 849 moverunt
591 812 726 847 castra
756 811 876 847 nocte
909 807 922 829 ²
956 811 1002 846 ut
1033 805 1288 859 applicarent
1319 807 1372 847 ad
1404 810 1539 847 castra
1572 806 1815 850 Iudaeorum.
1851 812 1892 848 et
1923 813 2185 861 percuterent

92 861 225 885 ⁴¹⁴³⁹¹¹¹¹³¹'·
267 880 333 908 005
351 866 506 908 subito:
527 871 568 906 et
585 865 666 908 filii.
688 865 757 918 qui
775 870 892 905 erant
910 878 958 905 ex
977 878 1078 912 arce,
1099 870 1216 905 erant
1234 864 1308 905 illis
1328 865 1461 906 duces.
1507 867 1523 889 ³
1541 864 1597 906 Et
1613 865 1775 906 audivit
1794 865 1929 913 Iudas,
1950 872 1991 908 et
2008 867 2186 908 surrexit

265 926 360 980 ipse,
399 931 439 966 01
473 930 662 979 potentes
697 929 907 976 percutere
943 923 1141 964 virtutem
1176 923 1429 964 exercituum
1466 923 1579 977 regis,
1618 923 1687 977 qui
1722 930 1839 965 erant
1872 925 1913 965 in
1948 925 2182 968 Emmaum.

264 987 277 1009 1
299 985 446 1026 Adhuc
469 984 575 1025 enim
598 982 802 1035 dispersus
824 987 912 1023 erat
934 982 1135 1023 exercitus
1158 996 1182 1023 a
1203 982 1357 1023 castris.
1408 985 1423 1007 5
1445 982 1501 1023 Et
1523 982 1638 1023 venit
1659 982 1828 1036 Gorgias
1849 984 1892 1024 in
1914 989 2049 1025 castra
2072 984 2186 1026 Iudae

264 1048 400 1086 noctu.
429 1049 469 1083 et
494 1041 697 1083 neminem
722 1041 891 1085 invenit,
919 1046 960 1081 et
986 1041 1195 1096 quaerebat
1220 1054 1287 1082 005
1311 1041 1352 1082 in
1376 1040 1606 1082 montibus:
1634 1041 1826 1095 quoniam
1853 1041 1976 1083 dixit:
2003 1043 2185 1096 Fugiunt

265 1103 303 1143 hi
335 1116 357 1143 a
387 1101 515 1143 nobis.

79 1160 237 1220 «Ῐῖὲῗῖ-ῗξῖξξζ,
374 1163 388 1184 ‘³
405 1161 569 1201 Etcum
587 1159 670 1200 dies
687 1159 822 1200 factus
839 1164 956 1201 esset.
976 1159 1170 1213 apparuit
1188 1159 1311 1200 Iudas
1328 1159 1369 1200 in
1386 1172 1532 1213 campo
1549 1172 1641 1200 cum
1659 1159 1790 1201 tribus
1807 1159 1986 1202 millibus
2004 1160 2185 1202 virorum

97 1215 218 1269 eon-urit
265 1226 449 1261 tantum:
479 1218 548 1273 qui
575 1223 825 1270 tegumenta.
856 1223 897 1258 et
921 1217 1077 1271 gladios
1104 1231 1185 1259 non
1213 1218 1442 1259 habebant:
1500 1220 1513 1242 ⁷
1541 1223 1582 1259 et
1609 1217 1802 1259 Viderunt
1828 1225 1963 1260 castra
1988 1219 2185 1261 Gentium

86 1269 115 1291 ‘⁵‘
139 1269 226 1297 ‘¹¹²³'·
265 1278 412 1322 valida,
442 1284 481 1319 et
506 1277 709 1320 loricatos.
739 1282 779 1317 et
805 1277 1015 1331 equitatus
1040 1277 1082 1317 in
1108 1277 1280 1318 circuitu
1307 1291 1458 1326 eorum,
1487 1282 1529 1318 et
1553 1277 1595 1318 hi
1621 1277 1732 1319 docti
1757 1278 1809 1318 ad
1834 1278 2031 1332 praelium.
2089 1281 2104 1302 ⁸
2129 1278 2186 1320 Et

263 1337 321 1378 ait
351 1337 473 1377 ludas
502 1336 608 1381 viris,
640 1335 709 1390 qui
735 1349 872 1376 secum
899 1340 1034 1377 erant:
1065 1336 1124 1377 Ne
1151 1336 1370 1377 timueritis
1397 1335 1707 1377 multitudinem
1734 1349 1886 1387 eorum,
1916 1342 1957 1378 et
1982 1337 2185 1391 impetum

263 1409 401 1437 eorum
426 1409 475 1436 ne
500 1394 739 1437 foi-misturis.
796 1397 810 1418 ⁹
839 1395 1110 1436 aMementote
1135 1394 1311 1449 qualiter
1334 1394 1435 1436 salvi
1459 1395 1559 1435 facti
1583 1400 1680 1435 sunt
1703 1400 1840 1449 patres
1863 1395 1993 1437 nostri
2016 1395 2058 1436 in
2081 1395 2185 1437 mari

263 1455 397 1499 rubro,
427 1468 519 1495 cum
546 1458 784 1507 sequeretur
810 1466 876 1495 eos
903 1454 1063 1495 Pharao
1091 1466 1184 1495 cum
1211 1454 1390 1495 exercitu
1418 1453 1562 1495 multo.
1618 1456 1653 1478 ¹⁰
1678 1453 1733 1494 Et
1759 1467 1869 1495 nunc
1895 1454 2116 1496 clamemus
2143 1454 2183 1496 in

263 1513 424 1555 caelum:
446 1518 487 1554 et
504 1513 763 1554 miserebitur
780 1512 910 1554 nostri
927 1512 1141 1557 Dominus,
1163 1518 1203 1553 et
1223 1526 1379 1553 memor
1397 1513 1473 1553 erit
1491 1513 1731 1554 testamenti
1749 1518 1917 1567 patrum
1936 1519 2182 1563 nostrorum,

262 1578 303 1614 et
327 1577 511 1613 conteret
534 1572 758 1612 exercitum
781 1571 906 1612 istum
930 1576 1026 1612 ante
1048 1571 1193 1612 faciem
1217 1576 1401 1613 nostram
1424 1571 1561 1613 hodie:
1614 1574 1644 1596 11
1668 1577 1709 1612 01
1730 1572 1859 1613 scient
1882 1585 2021 1613 omnes
2043 1577 2184 1626 gentes

263 1631 357 1685 quia
386 1636 447 1672 est
475 1631 543 1685 qui
570 1631 757 1678 redimat,
787 1635 827 1670 et
852 1629 998 1671 liberet
1025 1629 1161 1671 Israel.
1218 1632 1249 1654 ¹2
1276 1630 1331 1670 Et
1358 1629 1625 1671 elevaverunt
1651 1630 1886 1684 alienigenae
1913 1631 2049 1672 oculos
2076 1644 2181 1681 suos,

262 1695 302 1731 et
325 1690 517 1730 viderunt
539 1702 605 1730 eos
628 1689 837 1729 venientes
859 1702 909 1729 ex
930 1688 1113 1729 adverso.
1167 1691 1197 1713 ¹³³
1218 1689 1273 1730 Et
1295 1689 1482 1730 exierunt
1503 1689 1552 1730 de
1574 1689 1716 1730 castris
1738 1689 1779 1730 in
1800 1689 1996 1743 praelium,
2021 1695 2062 1731 et
2082 1690 2186 1731 tuba

261 1748 495 1789 cecinerunt
514 1748 566 1797 hi,
590 1748 659 1802 qui
678 1752 794 1788 erant
813 1761 906 1788 cum
927 1747 1048 1788 Iuda:
1098 1750 1128 1771 11
1146 1747 1203 1788 Ε1
1221 1748 1423 1801 congressi
1442 1752 1556 1789 sunt:
1577 1752 1620 1788 et
1638 1748 1826 1789 contritae
1843 1754 1940 1789 sunt
1958 1748 2122 1799 Gentes,
2143 1753 2186 1790 et

261 1807 455 1861 fugerunt
478 1807 519 1848 in
543 1820 747 1860 campum.
800 1809 831 1831 15
855 1806 1076 1847 Novissimi
1100 1811 1239 1848 autem
1263 1820 1402 1848 omnes
1427 1806 1661 1848 ceciderunt
1682 1807 1724 1848 in
1746 1806 1893 1861 gladio,
1919 1812 1960 1848 et
1982 1807 2184 1861 persecuti

261 1871 358 1907 sunt
376 1880 442 1908 eos
460 1879 588 1920 usque
607 1866 799 1914 Gezeron,
821 1871 861 1907 et
880 1879 1007 1919 usque
1025 1865 1065 1906 in
1084 1879 1250 1920 campos
1270 1865 1473 1912 Idumaeae,
1494 1871 1535 1907 et
1551 1865 1684 1909 Azoti,
1705 1871 1746 1906 et
1766 1865 1951 1907 Iamniae:
1971 1871 2013 1907 et
2030 1866 2183 1908 cecide-

260 1930 357 1966 runt
387 1938 436 1965 ex
465 1924 541 1965 illis
572 1938 699 1978 usque
730 1924 782 1965 ad
812 1924 889 1965 tria
920 1924 1047 1965 millia
1077 1924 1269 1966 virorum.

77 1989 234 2048 fgsssityjss
369 1986 403 2008 ¹⁶
424 1984 479 2024 Et
500 1997 683 2025 reversus
706 1988 766 2025 est
790 1984 925 2032 Iudas,
949 1989 989 2024 01
1012 1983 1212 2024 exercitus
1235 1983 1330 2029 0105,
1354 1997 1527 2038 sequens
1549 1997 1655 2025 eum.
1706 1985 1739 2008 1⁷
1760 1983 1960 2038 Dixitque
1981 1984 2034 2025 ad
2053 1997 2184 2038 popu-

102 2031 208 2099 9233}
262 2042 364 2083 lum:
385 2043 476 2084 Non
495 2042 792 2096 concupiscatis
810 2041 956 2096 spolia:
977 2042 1073 2096 quia
1089 2042 1241 2083 bellum
1259 2048 1403 2084 contra
1418 2056 1491 2084 nos
1509 2048 1582 2091 051,
1628 2043 1664 2067 18
1680 2047 1722 2083 01
1737 2042 1906 2097 Gorgias
1925 2048 1965 2084 et
1982 2042 2183 2084 exercitus

88 2095 222 2125 p⁹s⁰0¹¹⁸⁴
261 2102 344 2143 eius
367 2115 493 2155 prope
515 2115 588 2143 nos
611 2101 651 2142 in
674 2106 833 2143 monte:
857 2102 927 2142 sed
950 2106 1058 2142 state
1080 2115 1189 2142 nunc
1211 2106 1356 2143 contra
1376 2101 1561 2143 inimicos
1584 2106 1756 2146 nostros.
1782 2106 1823 2142 et
1845 2107 2079 2156 expugnate
2102 2115 2181 2151 eos,

259 2167 300 2201 et
322 2161 492 2201 sumetis
514 2165 658 2214 postea
678 2159 807 2213 spolia
827 2160 966 2201 securi.
1018 2162 1052 2184 1⁹
1072 2160 1128 2201 Et
1149 2160 1283 2202 adhuc
1302 2160 1496 2215 loquente
1520 2160 1624 2202 Iuda
1643 2160 1739 2209 haec,
1764 2174 1854 2202 ecce
1875 2161 2069 2215 apparuit
2088 2173 2183 2215 pars

261 2219 449 2273 quaedain
475 2219 724 2272 prospiciens
751 2219 800 2260 de
828 2224 978 2260 monte.
1035 2221 1070 2243 ²0
1095 2219 1151 2260 Et
1177 2219 1282 2260 Vidit
1308 2219 1477 2273 Gorgias
1505 2220 1616 2273 quod
1641 2219 1682 2260 in
1707 2219 1849 2274 fugam
1876 2219 2061 2261 conversi
2086 2224 2184 2261 sunt

259 2278 332 2321 sui.
355 2283 396 2319 et
414 2278 714 2319 succenderunt
732 2282 884 2319 castra:
905 2278 1042 2319 fumus
1062 2277 1181 2320 enim.
1204 2277 1273 2332 qui
1292 2278 1523 2327 videbatur,
1545 2277 1784 2320 declarabat
1802 2279 1913 2332 quod
1930 2279 2089 2319 factum
2107 2283 2180 2321 est.

260 2339 290 2361 “-’1
315 2337 471 2385 Quibus
495 2336 549 2377 illi
574 2336 801 2390 conspectis
826 2336 1054 2378 timuerunt
1077 2336 1208 2381 valde,
1234 2337 1477 2391 aspicientes
1500 2336 1621 2378 simul
1643 2342 1684 2378 et
1708 2337 1867 2387 Iudam,
1893 2343 1934 2378 et
1957 2337 2182 2379 exercitum

260 2395 299 2435 in
326 2409 470 2449 campo
495 2402 687 2449 paratum
713 2396 765 2436 ad
789 2395 986 2449 praelium.
1040 2397 1072 2420 22
1096 2395 1153 2436 Et
1175 2396 1370 2450 fugerunt
1395 2409 1534 2438 omnes
1558 2395 1600 2436 in
1625 2409 1817 2450 campum
1843 2395 2180 2450 alienigenarum:

79 2453 230 2512 (Ἶῗςῇηξῐῗὴ
367 2456 399 2479 ²3
428 2460 469 2495 et
500 2455 622 2495 Iudas
652 2467 836 2496 reversus
866 2459 928 2496 est
957 2455 1009 2496 ad
1038 2454 1168 2509 spolia
1197 2461 1436 2504 castrorum,
1469 2460 1510 2496 et
1539 2460 1786 2509 acceperunt
1814 2468 1959 2496 aurum
1988 2454 2180 2505 multum,

99 2523 207 2548 laudar-
261 2520 302 2554 et
318 2518 546 2567 argentum.
566 2518 607 2554 et
624 2513 907 2567 hyacinthum,
928 2518 969 2554 et
984 2526 1211 2567 purpuram
1228 2514 1442 2557 marinam.
1463 2518 1504 2555 et
1521 2527 1617 2568 opes
1634 2526 1816 2568 magnas.
1860 2515 1893 2538 24
1909 2514 1966 2555 Et
1983 2513 2179 2563 conversi,

258 2572 459 2625 hymnum
483 2573 700 2616 canebant,
726 2577 767 2613 et
790 2572 1090 2613 benedicebant
1111 2573 1246 2614 Deum
1268 2573 1310 2614 in
1333 2572 1488 2617 caelum,
1515 2572 1709 2627 quoniam
1733 2573 1864 2614 bonus
1887 2577 1960 2622 est,
1987 2586 2182 2627 quoniam

258 2630 298 2671 in
328 2630 520 2672 saeculum
550 2631 827 2672 misericordia
856 2631 952 2673 eius.
1011 2634 1043 2656 '25
1073 2632 1129 2673 Et
1158 2632 1268 2673 facta
1300 2636 1361 2673 est
1391 2631 1498 2673 salus
1528 2644 1680 2685 magna
1708 2631 1749 2672 in
1781 2631 1905 2673 Israel
1933 2631 1976 2672 in
2005 2631 2069 2672 die
2099 2630 2178 2672 illa.

749 2737 787 2776 4.
819 2735 1000 2786 Lysiam
1033 2736 1184 2787 ipsum
1217 2736 1421 2788 superat,
1451 2736 1490 2787 4,
1512 2736 1692 2777 26—35‘

55 2805 241 2867 ngijgassg*
362 2807 396 2829 25
436 2805 692 2859 Quicumque
732 2810 870 2846 autem
911 2805 1230 2859 alienigenarum
1270 2810 1502 2851 evaserunt,
1544 2811 1759 2850 venerunt,
1801 2811 1843 2846 et
1880 2805 2182 2847 nunciaverunt

260 2864 389 2916 Lysia>
414 2864 613 2907 universa,
641 2877 730 2918 quae
754 2864 998 2906 acciderant.
1051 2867 1085 2888 2⁷
1110 2865 1266 2913 Quibus
1289 2864 1354 2905 ille
1378 2865 1529 2906 auditis
1553 2869 1839 2906 consternatus
1863 2864 2000 2906 animo
2023 2864 2181 2905 deficie-

261 2922 349 2962 bat:
381 2924 489 2975 quod
517 2937 598 2964 non
628 2923 765 2977 qualia
793 2922 936 2971 voluit,
967 2923 1066 2964 talia
1094 2923 1355 2977 contigerunt
1382 2924 1423 2964 in
1453 2923 1588 2968 Israel,
1619 2928 1660 2964 et
1688 2923 1826 2977 qualia
1852 2923 2069 2964 mandavit
2096 2936 2179 2965 rex.

90 2986 197 3045 „¹2:231
217 3016 243 3039 m
364 2984 398 3004 '³⁸
429 2981 481 3021 Et
512 2982 699 3035 sequenti
730 2995 836 3023 anno
867 2983 1131 3035 congregavit
1162 2982 1303 3036 Lysias
1334 2982 1515 3024 virorum
1545 2982 1767 3023 electorum
1797 2981 2012 3035 sexaginta
2039 2981 2178 3031 millia,

83 3050 227 3074 aeman
261 3045 299 3078 et
324 3039 507 3091 equitum
533 3041 713 3094 quinque
736 3041 872 3083 millia.
899 3034 1190 3082 ufdebellaret
1212 3055 1290 3083 eos.
1342 3043 1376 3066 2⁹
1398 3041 1454 3082 Et
1477 3046 1679 3082 venerunt
1700 3041 1740 3081 in
1766 3040 1959 3089 Iudaeam,
1984 3046 2025 3081 et.
2047 3045 2181 3082 castra

110 3089 198 3109 ‘'⁰¹³¹'‘
264 3104 486 3149 posuerunt
516 3099 554 3138 in
590 3100 809 3149 Bethoron,
843 3106 883 3140 et
915 3100 1088 3141 occurrit
1119 3100 1195 3141 illis
1228 3100 1351 3141 Iudas
1383 3113 1474 3141 cum
1506 3101 1645 3141 decem
1677 3099 1855 3141 minbus
1886 3099 1993 3141 viris.

102 3154 208 3213 “i''{ff
367 3158 403 3179 ²⁵⁰
433 3156 481 3196 Et
515 3158 707 3198 viderunt
736 3159 958 3199 exercitum
990 3159 1150 3202 fortem.
1183 3165 1222 3199 01
1253 3159 1397 3202 oravit.
1430 3164 1470 3200 et
1499 3158 1622 3200 dixit:
1654 3159 1901 3199 Benedictus
1930 3171 1970 3199 es
1999 3157 2181 3199 salvator

78 3225 230 3285 iugrsgjlgkss
269 3214 398 3257 [srael.
436 3215 523 3267 bqui
554 3217 783 3258 ‹·ontrivisti
812 3218 1013 3271 impetum
1043 3218 1223 3271 potentis
1253 3218 1293 3258 in
1323 3231 1447 3259 manu
1477 3218 1582 3259 servi
1611 3217 1672 3258 tui
1700 3217 1849 3260 David.
1888 3222 1946 3257 <et
1973 3216 2180 3258 tradidisti

261 3279 395 3313 eastra
426 3272 741 3321 alienigenarum
775 3276 813 3316 in
846 3290 970 3316 manu
1005 3276 1190 3317 Ionathae
1221 3277 1289 3317 filii
1321 3276 1429 3321 Saul.
1464 3282 1503 3317 et
1536 3276 1726 3330 armigeri
1759 3276 1854 3318 eius.
1913 3278 1945 3300 3¹
1977 3274 2181 3316 Conclude

262 3332 486 3371 exereitum
519 3332 640 3373 istum
673 3334 713 3374 in
745 3348 869 3375 manu
903 3335 1041 3388 populi
1072 3335 1131 3376 tui
1165 3335 1299 3377 Israel.
1334 3342 1373 3376 et
1405 3336 1713 3377 confundantur
1741 3335 1780 3375 in
1813 3334 1991 3376 exercitu
2023 3347 2107 3383 suo,
2141 3339 2181 3374 et

262 3390 481 3443 equitibus.
541 3394 572 3414 ²³²
604 3392 667 3431 Da
698 3392 772 3434 illis
803 3394 1075 3438 formidinem,
1109 3400 1148 3434 et
1180 3394 1342 3435 tabefae
1375 3394 1588 3435 audaciam
1621 3394 1786 3435 virtutis
1818 3407 1969 3441 eorum,
2002 3397 2044 3433 et
2073 3406 2181 3434 com-

261 3455 509 3490 moveantur
535 3450 779 3491 contritione
806 3465 890 3493 sua.
945 3456 978 3477 ³³
1004 3453 1141 3493 Deiice
1167 3453 1255 3495 illos
1281 3453 1415 3505 gladio
1443 3453 1699 3507 diligentium
1726 3458 1784 3494 te:
1814 3456 1854 3493 et
1880 3451 2115 3493 collaudent
2141 3455 2181 3491 te

264 3521 414 3550 omnes.
449 3508 517 3562 qui
548 3515 750 3549 noverunt
781 3524 929 3551 nomen
961 3518 1077 3553 tuum
1109 3512 1149 3553 in
1181 3512 1355 3565 hymnis.

393 3599 424 3640 4,
449 3600 469 3632 9
495 3599 567 3632 ³Ex
594 3600 644 3640 14,
671 3601 700 3634 9.
727 3621 768 3624 —
793 3602 834 3633 :m
861 3603 892 3634 bl
923 3602 979 3635 Sin
1008 3604 1057 3642 17,
1084 3604 1135 3637 50.
1164 3624 1203 3627 —
1233 3605 1264 3637 01
1292 3604 1350 3637 Sm
1379 3605 1428 3643 14,
1456 3605 1505 3637 13.
