2356 3760
141 147 173 189 8,
199 148 318 188 21-9,
344 148 386 180 25
972 145 1206 179 SAMUELIS
1961 153 2034 194 231

143 255 214 283 nos
240 255 311 282 rex
336 248 484 286 noster,
512 246 554 282 et
578 239 805 293 egredietur
830 244 925 279 ante
951 253 1035 287 nos,
1064 245 1105 279 et
1129 239 1331 292 pugnabit
1356 239 1461 279 bella
1485 245 1625 280 nostra
1648 255 1719 294 pro
1746 244 1872 285 nobis.
1927 246 1957 268 ²¹
1984 245 2040 286 Et

142 300 303 341 audivit
324 300 487 342 Samuel
510 298 647 340 omnia
668 297 794 338 verba
816 297 967 351 populi,
993 302 1034 338 et
1055 297 1215 338 locutus
1238 303 1299 338 est
1322 311 1369 338 ea
1389 297 1430 338 in
1454 297 1618 338 auribus
1641 300 1818 341 Domini.
1868 304 1900 326 2²
1922 303 2040 344 Dixit

142 363 281 400 autem
306 358 506 400 Dominus
532 358 584 398 ad
609 355 857 397 Samuelem:
884 355 993 396 Audi
1018 369 1159 397 vocem
1186 369 1336 401 eorum,
1364 361 1405 396 et
1430 355 1632 397 constitue
1659 372 1778 411 super
1802 373 1867 400 eos
1892 373 2037 413 regem.

141 417 198 458 Et
222 418 280 458 ait
303 416 466 458 Samuel
489 417 541 457 ad
565 415 672 456 viros
699 413 840 455 Israel:
866 414 1003 455 Vadat
1026 414 1306 467 unusquisque
1329 414 1370 454 in
1395 414 1605 456 civitatem
1630 429 1757 457 suam.

670 507 710 546 2.
741 504 848 546 Saul
879 515 962 546 rex
991 505 1196 556 ungitur,
1225 505 1264 555 9,
1283 506 1428 555 1—10,
1449 506 1513 545 16.

250 573 288 616 9.
343 575 357 596 ¹
374 572 429 613 Et
446 577 533 613 erat
549 571 612 612 vir
626 572 676 613 de
694 571 908 612 Beniamin
925 571 1087 612 nomine
1104 571 1181 619 Cis,
1203 570 1306 611 filius
1324 571 1451 618 Abiel,
1474 571 1544 612 filii
1561 572 1687 615 Seror,
1710 573 1780 614 filii
1798 574 2039 623 Bechorath‚
2060 575 2126 600 ³³⁰¹
2141 575 2234 624 aflines

145 632 216 673 filii
237 631 384 685 Aphia,
411 630 482 671 fini
505 630 580 670 viri
604 629 759 678 remini,
784 629 900 671 fortis
923 630 1077 671 robore.
1129 631 1143 653 2
1165 629 1221 670 Et
1243 635 1329 670 erat
1352 630 1386 670 ei
1411 630 1514 670 fliius
1538 631 1736 672 vocabulo
1760 632 1867 679 saul,
1893 633 2042 674 eiectus
2084 618 2210 642 ‘mm

141 696 183 732 et
205 691 355 732 bonus:
379 695 419 731 et
440 703 522 730 non
544 694 631 730 erat
652 689 715 729 vir
735 689 783 730 de
808 688 899 729 filiis
923 688 1047 729 Israel
1068 688 1208 729 melior
1228 687 1307 729 illo.
1332 688 1383 728 ab
1405 689 1573 730 humero
1595 694 1636 730 et
1657 703 1816 731 sursum
1838 692 2044 733 eminebat

141 762 262 804 super
286 762 448 790 omnem
473 747 683 802 populum.
737 749 752 772 ³
777 747 987 789 Perierant
1012 753 1151 788 autem
1177 747 1300 787 11511119
1324 746 1387 787 Cis
1413 747 1541 800 patris
1567 747 1681 788 Saul:
1708 754 1749 789 et
1773 749 1878 790 dixit
1902 750 1965 791 Cis
1991 752 2043 791 ad

140 807 239 850 Saul
258 807 387 848 filium
405 820 542 848 suum:
564 806 673 847 Tolle
691 812 827 847 tecum
846 819 974 847 unum
992 807 1042 847 de
1060 805 1206 860 pueris,
1227 811 1268 847 et
1286 819 1528 860 consurgens
1548 807 1664 854 vade,
1685 812 1725 847 et
1744 821 1875 860 quaere
1895 808 2040 850 asinas.

141 866 220 916 Qui
235 880 327 907 cum
342 865 585 906 transissent
599 878 670 918 per
683 871 865 906 montem
882 864 1091 918 Ephraim,
1135 866 1150 889 ‘²
1164 869 1205 906 et
1218 878 1290 918 per
1304 869 1454 905 terram
1469 864 1609 912 81111511,
1627 870 1668 906 91
1682 879 1764 906 11011
1778 866 2040 915 invenissent,

140 925 392 967 transierunt
419 924 543 965 etiam
570 937 642 977 per
668 924 833 965 Terram
860 923 997 973 81111111,
1027 928 1067 964 91
1094 937 1175 965 11011
1202 929 1336 964 erant:
1365 924 1435 964 sed
1461 928 1501 964 et
1528 936 1599 977 per
1625 924 1789 965 Terram
1818 925 1973 974 Iemini,
2003 931 2044 966 et

140 984 307 1025 minime
325 988 573 1037 repererunt.
621 985 636 1007 ⁵
654 983 756 1023 Cum
776 987 914 1023 autem
934 982 1141 1023 venissent
1159 982 1201 1023 in
1221 982 1384 1023 Terram
1404 982 1529 1036 Suph,
1551 982 1655 1023 dixit
1673 983 1769 1024 Saul
1788 984 1839 1025 ad
1858 997 2040 1037 puerum,

142 1043 211 1097 qui
227 1048 314 1084 erat
330 1055 422 1083 011111
440 1055 504 1083 9οῑ
522 1041 624 1082 Veni
640 1047 681 1082 et
696 1046 961 1085 revertamur,
981 1055 1029 1081 ne
1045 1042 1149 1082 10119
1166 1041 1366 1082 dimiserit
1381 1046 1498 1095 pater
1512 1055 1625 1082 meus
1642 1041 1788 1091 asinas,
1806 1047 1847 1083 et
1862 1042 2042 1083 solicitus

140 1102 194 1143 sit
213 1114 285 1155 pro
306 1101 434 1142 nobis.
487 1102 502 1125 ⁶
522 1100 599 1149 Qui
620 1100 678 1141 ait
698 1100 750 1140 ei:
772 1099 876 1141 Ecce
897 1100 959 1140 vir
977 1100 1053 1141 Dei
1073 1105 1133 1141 est
1154 1100 1195 1140 in
1215 1100 1382 1140 civitate
1403 1100 1490 1149 hac,
1512 1100 1576 1140 vir
1594 1100 1758 1142 nobilis:
1780 1115 1910 1150 omne,
1934 1102 2043 1155 quod

138 1160 332 1215 loquitur,
366 1159 451 1200 sine
484 1159 753 1212 ambiguitate
785 1158 911 1199 venit.
972 1172 1079 1199 nunc
1111 1172 1202 1212 ergo
1236 1172 1373 1200 eamus
1406 1158 1511 1207 illuc,
1546 1158 1577 1199 si
1608 1159 1712 1200 10119
1744 1160 1895 1201 indicet
1926 1160 2042 1201 nobis

140 1220 190 1261 de
218 1219 286 1260 via
312 1223 465 1267 nostra,
495 1223 662 1272 propter
691 1231 813 1272 quam
843 1217 1040 1259 venimus.
1101 1220 1114 1241 ⁷
1143 1217 1340 1271 Dixitque
1369 1217 1464 1258 Saul
1493 1218 1544 1259 ad
1572 1231 1743 1271 puerum
1771 1232 1907 1259 suum:
1938 1219 2041 1260 Ecce

140 1278 308 1319 ibimus:
333 1277 431 1331 quid
451 1277 626 1318 feremus
649 1277 701 1318 ad
723 1277 856 1317 virum
876 1277 975 1318 Dei?
999 1277 1115 1330 panis
1138 1277 1287 1317 defecit
1307 1276 1348 1316 in
1371 1275 1542 1317 sitarciis
1564 1276 1731 1317 nostris:
1755 1282 1795 1318 et
1816 1277 2041 1331 sportulam

139 1351 221 1379 non
238 1337 449 1379 habemus.
470 1342 517 1376 ut
535 1336 676 1377 demus
695 1335 849 1377 homini
869 1335 956 1380 Dei,
977 1349 1050 1376 nec
1069 1335 1294 1389 quidquam
1314 1334 1435 1376 aliud.
1486 1336 1501 1359 Β
1520 1335 1698 1376 Rursum
1716 1349 1816 1389 puer
1832 1335 2042 1389 respondit

139 1395 262 1444 Sauli,
292 1400 333 1436 et
360 1395 435 1436 ait:
465 1395 568 1435 Ecce
596 1394 766 1435 inventa
793 1400 854 1435 est
879 1394 920 1434 in
948 1407 1071 1434 manu
1100 1407 1191 1434 mea
1219 1399 1365 1447 quarta
1392 1407 1484 1447 pars
1512 1394 1674 1434 stateris
1702 1394 1870 1447 argenti,
1900 1395 2041 1435 demus

140 1454 294 1496 homini
315 1454 403 1500 Dei,
427 1458 474 1494 ut
495 1453 647 1494 indicet
669 1453 784 1494 nobis
807 1453 917 1493 viam
939 1458 1134 1493 nostram.
1187 1455 1202 1477 ⁹
1223 1452 1348 1505 (Olim
1370 1452 1410 1493 in
1436 1452 1557 1493 Israel
1579 1452 1633 1493 sic
1654 1452 1899 1507 loquebatur
1918 1467 2041 1494 unus-

141 1513 310 1568 quisque
330 1513 483 1553 vadens
503 1512 708 1553 consulere
726 1512 878 1552 Deum:
899 1512 1056 1558 Venite.
1077 1517 1117 1552 et
1136 1525 1273 1552 eamus
1293 1512 1345 1552 ad
1363 1511 1592 1552 Videntem.
1614 1511 1692 1560 Qui
1710 1511 1817 1553 enim
1835 1512 2042 1566 Propheta

139 1572 289 1614 dicitur
307 1571 439 1619 hodie,
463 1572 691 1612 vocabatur
710 1571 805 1612 olim
826 1570 1009 1619 Videris.)
1056 1572 1092 1594 ¹⁰
1111 1570 1165 1611 Et
1186 1570 1291 1611 dixit
1311 1570 1406 1612 Saul
1427 1571 1479 1611 ad
1498 1583 1671 1624 puerum
1691 1584 1827 1612 suum:
1850 1570 2040 1624 Optimus

139 1644 269 1673 sermo
294 1636 401 1680 tuus,
428 1630 541 1678 Veni,
569 1643 719 1671 eamus.
746 1630 801 1670 Et
825 1629 958 1670 ierunt
982 1629 1023 1669 in
1047 1629 1270 1678 civitatem,
1298 1629 1338 1669 in
1364 1643 1445 1683 qua
1468 1634 1555 1670 erat
1579 1629 1641 1669 vir
1663 1629 1750 1671 Dei.
1804 1632 1833 1653 ¹¹
1857 1630 2041 1683 Cumque

139 1690 404 1732 ascenderent
423 1689 574 1730 clivum
594 1688 786 1737 civitatis,
809 1688 1055 1729 invenerunt
1074 1688 1227 1742 puellas
1248 1688 1496 1742 egredientes
1518 1689 1569 1729 ad
1588 1688 1855 1729 hauriendam
1876 1702 2039 1742 aquam,

139 1754 180 1790 et
201 1749 393 1790 dixerunt
414 1747 488 1789 eis:
512 1748 621 1788 Num
642 1748 707 1788 1110
728 1753 789 1788 951
810 1747 984 1788 Videns?
1034 1749 1065 1771 ¹2
1087 1748 1186 1796 Quae
1206 1748 1507 1801 respondentes,
1532 1747 1723 1788 dixerunt
1743 1747 1838 1788 illis:
1863 1747 1939 1788 Hic
1960 1753 2039 1788 est:

140 1821 229 1849 ecce
250 1813 345 1848 ante
365 1813 417 1855 te,
439 1807 590 1848 festina
609 1820 734 1847 nunc:
756 1806 875 1848 hodie
895 1806 1002 1847 enim
1023 1806 1135 1847 venit
1156 1806 1196 1847 in
1216 1806 1440 1854 civitatem,
1464 1805 1559 1860 quia
1578 1806 1821 1847 sacrificium
1841 1811 1903 1847 est
1921 1806 2040 1847 hodie

138 1866 279 1921 populi
296 1866 337 1907 in
357 1865 525 1907 excelso.
574 1868 605 1890 ¹³
626 1865 902 1919 Ingredientes
922 1865 1075 1909 urbem,
1097 1865 1238 1906 statim
1258 1864 1473 1906 invenietis
1493 1878 1585 1905 eum
1605 1870 1827 1918 antequam
1847 1865 2041 1906 ascendat

139 1925 341 1967 excelsum
375 1925 427 1966 ad
460 1925 718 1965 vescendum.
755 1938 885 1978 neque
918 1924 1024 1965 enim
1059 1937 1289 1965 comesurus
1323 1929 1384 1964 est
1416 1923 1589 1977 populus
1623 1924 1751 1964 donec
1783 1923 1847 1964 ille
1880 1923 2037 1964 veniat:

140 1984 236 2039 quia
250 1984 335 2038 ipse
353 1983 556 2025 benedicit
571 1983 726 2032 hostiae,
745 1989 785 2023 et
802 1983 989 2037 deinceps
1007 1983 1228 2024 comedunt
1245 1982 1313 2036 qui
1329 1982 1465 2023 vocati
1481 1988 1588 2023 sunt.
1609 1980 1725 2023 Nunc
1742 1995 1834 2035 ergo
1851 1996 2039 2023 conscen-

139 2043 234 2092 dite,
267 2042 363 2097 quia
390 2042 509 2084 hodie
538 2041 745 2095 reperietis
774 2055 878 2082 eum.
936 2043 968 2066 ¹⁴
996 2041 1051 2082 Et
1081 2042 1351 2083 ascenderunt
1378 2041 1419 2081 in
1448 2041 1671 2082 civitatem.

243 2102 425 2155 Cumque
456 2100 512 2141 illi
543 2100 800 2141 ambularent
831 2100 871 2140 in
903 2100 1035 2141 medio
1067 2100 1188 2149 urbis,
1223 2100 1414 2154 apparuit
1444 2099 1607 2141 Samuel
1637 2099 1842 2153 egrediens
1873 2099 2038 2142 obviam
2059 2102 2228 2164 ssofflgffiglre

138 2161 205 2210 915,
240 2165 287 2202 111
319 2160 554 2201 ascenderet
585 2159 627 2200 in
660 2159 874 2200 excelsum.
936 2161 967 2183 ¹5
1005 2159 1223 2200 aDominus
1257 2164 1395 2200 autem
1427 2158 1681 2199 revelaverat
1713 2158 1935 2199 auriculam
1969 2159 2038 2200 Sa·
2220 2158 2226 2169 '

137 2219 280 2260 muelis
307 2225 402 2260 ante
427 2232 552 2259 unam
578 2218 685 2259 diem
713 2232 835 2272 quam
862 2218 1019 2259 veniret
1045 2218 1152 2267 Saul,
1181 2218 1335 2259 dicens:
1390 2219 1424 2241 ¹⁶³
1451 2217 1539 2258 Hac
1564 2218 1653 2271 ipsa
1677 2217 1787 2267 hora,
1817 2231 1907 2271 quae
1932 2231 2039 2259 nunc

138 2284 210 2327 est,
239 2291 326 2319 cras
351 2277 518 2318 mittam
544 2277 677 2318 virum
703 2278 755 2318 ad
780 2283 820 2318 te
846 2278 895 2318 de
921 2277 1043 2318 Terra
1068 2277 1294 2326 Beniamin,
1322 2282 1363 2318 et
1388 2290 1511 2330 unges
1538 2290 1629 2317 eum
1655 2277 1799 2317 ducem
1825 2290 1945 2330 super
1968 2290 2039 2330 po-

137 2337 280 2391 pulum
309 2350 446 2378 meum
479 2336 619 2377 Israel:
651 2341 692 2377 et
722 2335 899 2377 salvabit
927 2335 1125 2390 populum
1156 2349 1291 2376 meum
1322 2336 1370 2376 de
1400 2349 1525 2376 manu
1555 2335 1911 2376 Philisthinorum:
1944 2335 2039 2389 quia

137 2395 294 2450 respexi
319 2395 517 2450 populum
543 2409 691 2442 meum,
721 2395 834 2435 venit
860 2394 967 2435 enim
994 2394 1146 2435 clamor
1170 2407 1308 2436 eorum
1336 2395 1387 2435 ad
1414 2408 1488 2435 1119.
1544 2395 1577 2418 ¹⁷
1604 2394 1786 2448 Cumque
1813 2394 2039 2448 aspexisset

137 2454 301 2497 Samuel
324 2454 498 2501 Saulem,
524 2454 724 2495 Dominus
749 2454 854 2494 dixit
877 2454 929 2494 ei:
955 2454 1070 2498 Ecce.
1097 2453 1169 2499 vir,
1197 2468 1317 2507 quem
1341 2454 1523 2494 dixeram
1547 2452 1633 2498 tibi,
1659 2453 1735 2494 iste
1758 2453 2039 2494 dominabitur

137 2514 288 2568 populo
311 2527 413 2555 meo.
465 2514 500 2537 ¹8
521 2513 703 2554 Accessit
726 2519 864 2553 autem
887 2512 983 2554 Saul
1007 2513 1060 2553 ad
1081 2513 1309 2554 Samuelem
1333 2513 1373 2552 in
1396 2512 1528 2553 medio
1553 2517 1692 2565 portae,
1718 2516 1758 2552 et
1781 2512 1856 2552 ait:
1883 2512 2034 2557 Indica,

138 2586 219 2622 oro,
244 2572 355 2621 mihi,
380 2571 451 2613 ubi
473 2578 534 2613 est
557 2572 701 2613 domus
724 2571 921 2613 Videntis.
974 2573 1008 2595 ¹9
1031 2571 1086 2612 Et
1108 2572 1319 2625 respondit
1341 2570 1504 2613 Samuel
1526 2570 1637 2612 Sauli
1660 2570 1813 2612 dicens:
1838 2571 1924 2624 Ego
1948 2584 2037 2611 sum

138 2632 300 2673 Videns.
327 2632 498 2672 ascende
523 2636 618 2672 ante
642 2644 706 2672 me
730 2629 772 2671 in
797 2630 1011 2679 excelsum,
1039 2636 1085 2671 ut
1109 2630 1332 2672 comedatis
1357 2643 1516 2671 mecum
1537 2629 1672 2677 hodie,
1699 2635 1740 2670 et
1764 2629 1972 2670 dimittam
1996 2634 2037 2670 te

137 2704 275 2732 mane:
292 2695 333 2732 et
347 2690 495 2739 omnia,
515 2703 604 2744 quae
618 2695 714 2731 sunt
728 2689 769 2730 in
785 2690 903 2731 corde
918 2695 1002 2734 tuo,
1020 2688 1209 2731 indicabo
1224 2689 1311 2730 tibi.
1356 2691 1392 2714 ²⁰
1405 2689 1460 2730 Et
1475 2689 1524 2730 de
1539 2688 1674 2737 asinis,
1693 2701 1792 2742 quas
1808 2688 2037 2729 nudiuster-

137 2750 217 2791 tius
242 2749 467 2804 perdidisti,
494 2762 544 2790 ne
569 2748 748 2790 solicitus
773 2749 838 2797 sis,
867 2749 963 2802 quia
985 2748 1165 2790 inventae
1189 2754 1295 2790 sunt.
1324 2749 1379 2789 Et
1403 2748 1515 2788 cuius
1541 2752 1660 2788 erunt
1684 2747 1842 2801 optima
1867 2759 2036 2800 quaequc

138 2808 287 2850 Israel?
333 2821 467 2849 nonne
498 2807 573 2849 tibi
604 2812 645 2849 et
675 2807 786 2849 omni
816 2807 955 2849 domui
985 2807 1113 2861 patris
1144 2807 1230 2848 tui?
1288 2809 1319 2832 2¹
1352 2807 1617 2860 Respondens
1648 2810 1786 2846 autem
1817 2805 1924 2854 Saul,
1959 2805 2035 2846 ait:

137 2867 349 2921 Numquid
369 2880 451 2908 non
475 2866 578 2908 filius
602 2866 747 2907 Iemini
767 2880 838 2920 ego
860 2880 949 2907 sum
971 2867 1020 2907 de
1040 2866 1211 2907 minima
1230 2866 1339 2907 tribu
1364 2865 1497 2913 Israel,
1521 2870 1562 2906 et
1582 2864 1769 2918 cognatio
1791 2877 1882 2905 mea
1902 2864 2037 2905 novis-

136 2926 240 2967 sima
256 2926 364 2968 inter
382 2939 520 2967 omnes
540 2925 715 2967 familias
735 2925 785 2966 de
804 2925 914 2966 tribu
936 2925 1175 2966 Beniamin?
1197 2939 1320 2979 quare
1341 2938 1432 2979 ergo
1451 2924 1611 2966 locutus
1632 2937 1671 2964 95
1691 2923 1791 2964 1111111
1810 2936 2035 2964 5911110119111

135 2985 286 3026 istum?
345 2986 377 3009 22
407 2985 628 3026 Α55111119115
660 2984 800 3038 itaque
831 2984 994 3026 Samuel
1025 2984 1199 3033 Saulem,
1233 2989 1275 3025 et
1305 2997 1476 3038 puerum
1508 2983 1602 3032 eius,
1636 2982 1867 3023 introduxit
1898 2995 1964 3023 eos
1995 2981 2037 3022 in

136 3043 370 3093 triclinium,
391 3048 432 3085 et
450 3043 564 3085 dedit
581 3043 637 3084 eis
655 3043 789 3085 locum
806 3043 849 3084 in
867 3042 1001 3097 capite
1019 3056 1170 3091 eorum,
1193 3043 1262 3097 qui
1279 3043 1443 3084 fuerant
1460 3041 1638 3082 invitati.
1660 3046 1776 3082 erant
1794 3040 1901 3082 enim
1921 3040 2037 3094 quasi

135 3103 306 3157 triginta
334 3102 422 3143 viri.
480 3104 512 3127 2³
539 3102 739 3156 Dixitque
768 3101 932 3143 Samuel
960 3115 1074 3143 coco:
1104 3103 1170 3143 Da
1198 3107 1370 3156 partem,
1403 3114 1526 3155 quarn
1556 3099 1649 3141 dedi
1677 3099 1764 3148 tibi,
1796 3105 1838 3140 et
1865 3098 2037 3153 praecepi

136 3167 183 3203 ut
211 3175 424 3216 reponeres
454 3174 634 3203 seorsum
665 3162 775 3215 apud
804 3166 857 3202 te.
916 3162 948 3185 24
978 3161 1153 3202 Levavit
1183 3166 1321 3203 autem
1351 3173 1469 3202 cocus
1501 3171 1672 3208 armum,
1705 3164 1745 3199 et
1774 3158 1911 3212 posuit
1942 3162 2037 3198 ante

136 3221 243 3262 Saul.
275 3220 474 3275 Dixitque
504 3220 685 3262 Samuel:
717 3220 822 3261 Ecce
853 3220 963 3274 quod
991 3220 1198 3270 remansit,
1231 3233 1336 3274 pone
1366 3224 1461 3260 ante
1491 3223 1543 3264 te,
1576 3222 1618 3259 et
1646 3218 1830 3259 comede:
1863 3216 1959 3270 quia
1987 3216 2036 3256 de

134 3279 339 3322 industria
356 3284 565 3321 servatum
585 3284 646 3320 est
663 3279 751 3329 tibi,
774 3280 939 3333 quando
958 3279 1155 3333 populum
1175 3279 1332 3321 vocavi.
1354 3278 1410 3319 Et
1428 3276 1606 3319 comedit
1624 3276 1720 3317 Saul
1739 3289 1831 3317 cum
1851 3273 2036 3317 Samuele

135 3339 176 3380 in
203 3339 267 3380 (119
293 3338 373 3380 illa.
429 3340 460 3363 ²⁵
487 3339 543 3380 Et
570 3338 866 3380 descenderunt
892 3339 941 3379 de
969 3337 1124 3379 excelso
1151 3337 1193 3378 in
1220 3337 1429 3391 oppidum,
1458 3341 1499 3377 et
1524 3336 1684 3377 locutus
1711 3340 1772 3376 est
1798 3347 1891 3376 cum
1917 3331 2035 3373 Saule

134 3397 176 3438 in
207 3396 370 3440 solario:
403 3397 632 3451 stravitque
661 3396 758 3438 Saul
787 3396 829 3437 in
859 3396 1017 3446 solario,
1050 3401 1091 3438 et
1121 3396 1326 3438 dormivit.

165 3469 299 3529 *7792
310 3469 363 3522 *715
392 3469 473 3522 -Aet
495 3488 548 3529 13,
571 3488 623 3521 21.
