2356 3760
142 128 172 167 2,
200 127 301 166 1-3‚
330 128 346 159 ῖ
829 126 1102 160 PROPHETIA
1127 126 1378 161 SOPHONIAE
1966 136 2040 176 88?

510 220 548 259 2.
580 219 848 259 Peccatores
879 228 1040 258 omnes
1069 218 1405 271 iudicabuntur,
1434 221 1473 270 2,
1493 221 1611 271 1—-3,
1631 223 1669 261 7.

139 287 177 331 2.
234 290 246 312 ¹
277 287 512 336 Convenite,
545 287 842 341 congregamini
923 300 1018 340 gens
1049 301 1130 328 11011
1160 288 1362 329 amabilis:
2070 302 2223 327 Dominmn

157 348 172 370 “-’
191 346 435 400 Priusquam
464 346 598 400 pariat
628 345 748 387 iussio
779 345 895 399 quasi
923 345 1132 398 pulverem
1163 352 1443 388 transeuntem
1473 347 1592 392 diem.
2062 344 2229 402 quaess‘sssstffi,

193 410 416 458 antequam
446 405 585 445 veniat
614 416 734 457 super
763 416 834 445 vos
864 403 923 444 ira
951 403 1096 445 furoris
1126 404 1304 448 Domini.
1393 411 1614 459 antequam
1650 408 1786 449 veniat
1821 423 1941 463 super
1974 425 2043 452 vos

402 463 484 503 dies
514 461 805 515 indignationis
835 461 1012 503 Domini.

155 523 171 545 3
193 521 369 570 Quaerite
403 521 627 562 Dominum
662 533 800 561 omnes
835 520 1038 561 mansueti
1074 528 1200 566 terrae,
1291 522 1359 575 qui
1393 522 1586 563 iudicium
1622 524 1704 564 eius
1740 525 1833 566 estis
1869 528 2043 578 operati:

192 579 359 633 quaerite
384 579 549 627 iustum,
577 578 745 632 quaerite
769 585 1049 619 mansuetum:
1128 579 1161 619 si
1186 580 1390 632 quomodo
1416 581 1722 623 abscondamini
1747 583 1787 624 in
1811 584 1874 624 die
1899 584 2043 625 furoris

400 637 576 679 Domini.

153 743 170 765 ‘¹
190 741 295 789 Quia
323 741 435 782 Gaza
462 741 672 781 destructa
701 740 788 787 erit,
872 747 913 781 et
941 740 1116 782 Ascalon
1145 741 1185 782 in
1215 742 1433 789 desertum,
2062 751 2232 781 philisthini,

188 800 366 840 Azotum
395 799 436 840 in
465 799 631 839 meridie
661 799 832 847 eiicient,
916 804 957 840 et
986 799 1169 841 Accaron
1199 800 1483 841 eradicabitur.

153 860 168 882 ⁵
188 858 259 899 Vae
289 858 358 911 qui
386 857 583 898 habitatis
612 857 840 898 funiculum
869 858 1003 904 maris,
1086 871 1183 912 gens
1213 858 1484 912 perditorum:

188 917 358 957 verbum
387 916 554 957 Domini
584 928 704 969 super
733 929 804 958 vos
886 916 1081 957 Chanaan
1110 921 1219 957 terra
1248 916 1597 965 Philisthinorum,

188 980 230 1016 et
257 975 489 1028 disperdam
518 979 570 1018 te.
653 975 712 1015 ita
740 980 787 1016 ut
813 987 895 1016 non
923 975 976 1015 sit
1004 975 1269 1017 inhabitator.

152 1035 167 1057 6
187 1033 244 1074 Et
273 1033 348 1074 erit
376 1032 579 1073 funiculus
610 1033 731 1073 maris
761 1033 917 1087 requies
947 1038 1172 1086 pastorum,
1257 1039 1297 1075 et
1327 1034 1451 1075 caulae
1481 1047 1690 1087 pecorum:

243 1093 256 1115 ⁷
276 1097 317 1132 et
335 1091 412 1132 erit
429 1091 632 1132 funiculus
653 1092 748 1140 eius,
771 1092 840 1145 qui
858 1092 1097 1133 remanserit
1116 1093 1165 1133 de
1184 1092 1305 1133 domo
1327 1092 1447 1133 Iuda:
1469 1093 1523 1133 ibi
1542 1099 1772 1146 pascentur,
1794 1094 1833 1134 in
1853 1094 2041 1136 domibus

134 1150 343 1191 Ascalonis
375 1150 427 1190 ad
457 1163 669 1203 vesperam
700 1151 971 1204 requiescent:
1006 1151 1102 1204 quia
1132 1150 1317 1192 visitabit
1349 1164 1414 1192 eos
1445 1151 1645 1193 Dominus
1676 1152 1786 1193 Deus
1818 1166 1968 1202 eorum⁷
2002 1158 2042 1194 et

134 1213 295 1250 avertet
324 1209 612 1262 captivitatem
642 1222 793 1250 eorum.

150 1315 166 1337 ⁸
185 1313 337 1354 Audivi
368 1313 631 1366 opprobrium
660 1313 794 1359 Moab,
879 1318 919 1353 et
949 1313 1220 1366 blasphemias
1251 1312 1425 1353 filiorum
1454 1313 1649 1354 Ammon:
2079 1322 2211 1347 Moabitu·

187 1385 277 1425 quae
305 1372 658 1426 exprobraverunt
687 1371 837 1425 populo
867 1384 969 1417 meo,
1054 1376 1094 1411 et
1123 1371 1373 1424 magnificati
1403 1376 1499 1411 sunt
1527 1385 1648 1425 super
1677 1372 1869 1414 terminos
1888 1386 2036 1414 eorum.
2061 1359 2090 1382 et
2107 1358 2226 1422 11111ἶῖἷὶ

150 1433 165 1454 9
185 1430 408 1484 Propterea
437 1430 531 1471 vivo
562 1443 646 1483 ego,
731 1430 830 1470 dicit
858 1430 1058 1471 Dominus
1089 1429 1341 1470 exercituum
1370 1429 1481 1470 Deus
1514 1430 1647 1475 Israel,

187 1489 282 1542 quia
310 1489 432 1530 Moab
462 1493 508 1528 ut
537 1488 714 1529 Sodoma
745 1488 832 1535 erit,
917 1493 957 1528 et
987 1487 1056 1528 filii
1085 1488 1263 1528 Ammon
1294 1488 1409 1541 quasi
1438 1488 1676 1533 Gomorrha,

185 1547 344 1588 siccitas
372 1547 594 1601 spinarum,
624 1552 665 1587 et
692 1547 826 1587 acervi
853 1546 957 1589 salis.
1040 1552 1080 1587 et
1107 1547 1312 1587 desertum
1342 1559 1469 1600 usque
1496 1547 1535 1587 in
1563 1552 1780 1588 aeternum:

184 1606 363 1660 reliquiae
392 1605 532 1659 populi
561 1605 639 1646 mei
669 1606 861 1658 diripient
891 1619 969 1649 eos.
1054 1611 1094 1646 et
1124 1605 1272 1646 residui
1300 1605 1431 1658 gentis
1462 1618 1560 1646 meae
1589 1606 1857 1659 possidebunt
1886 1606 1985 1648 illos.

238 1666 274 1689 ¹⁰
305 1664 394 1706 Hoc
427 1665 481 1705 eis
513 1665 675 1705 eveniet
705 1677 777 1717 pro
811 1664 999 1718 superbia
1031 1677 1122 1704 sua:
1158 1664 1254 1717 quia
1285 1663 1685 1717 blasphemaverunt,
1720 1670 1761 1705 et
1792 1665 2041 1718 magnificati

132 1728 230 1765 sunt
263 1736 384 1777 super
418 1723 616 1776 populum
650 1722 817 1764 Domini
852 1723 1117 1763 exercituum.
1182 1724 1212 1746 ¹¹
1250 1722 1462 1763 Horribilis
1498 1722 1698 1763 Dominus
1733 1736 1853 1776 super
1886 1737 1964 1772 eos,
2002 1729 2042 1764 et

133 1782 369 1823 attenuabit
399 1794 537 1823 omnes
568 1782 663 1822 deos
694 1787 828 1822 terrae:
861 1787 901 1822 et
932 1781 1165 1822 adorabunt
1194 1794 1286 1821 eum
1317 1781 1392 1821 viri
1422 1781 1470 1821 de
1499 1781 1586 1822 loco
1617 1794 1701 1824 suo.
1734 1795 1872 1823 omnes
1902 1782 2042 1823 insulae

132 1841 340 1882 Gentium.

238 1901 268 1924 ¹²
295 1899 375 1940 Sed
402 1905 442 1940 et
470 1912 541 1940 vos
570 1899 780 1952 AEthiopes
808 1899 1012 1940 interfecti
1038 1898 1171 1952 gladio
1200 1911 1289 1939 meo
1317 1898 1438 1939 eritis.
2067 1903 2224 1933 Aithiopes,

236 1960 268 1982 ¹3
301 1957 357 1998 Et
390 1958 586 1998 extendet
618 1970 786 1998 manum
820 1970 936 1998 suam
970 1970 1090 2011 super
1122 1957 1378 2010 Aquilonem.
1415 1962 1455 1998 et
1489 1957 1630 2010 perdet
1664 1957 1806 1998 Assur:
1842 1962 1882 1998 et
1915 1964 2041 2011 ponet
2088 1961 2203 1991 Assyrii·

132 2017 356 2071 speciosam
381 2017 422 2057 in
447 2016 721 2061 solitudinem,
749 2022 789 2057 et
814 2017 854 2057 in
880 2016 1049 2059 invium.
1077 2022 1117 2057 et
1144 2016 1259 2069 quasi
1284 2016 1501 2057 desertum.
1557 2018 1587 2040 ¹4
1617 2016 1690 2057 3Εἴ
1716 2016 1978 2057 accubabunt
2002 2016 2042 2056 in

132 2075 265 2116 medio
294 2075 377 2116 eius
404 2088 554 2129 greges.
585 2088 723 2116 omnes
752 2075 891 2115 bestiae
919 2075 1131 2115 Gentium:
1162 2080 1202 2115 et
1231 2074 1500 2118 onocrotalus,
1531 2079 1572 2115 et
1599 2075 1740 2115 ericius
1769 2075 1808 2114 in
1836 2074 2042 2115 liminibus

132 2134 216 2175 eius
252 2134 541 2185 morabuntur:
581 2147 662 2175 vox
698 2133 904 2174 cantantis
940 2134 981 2174 in
1017 2134 1206 2181 fenestra,
1246 2145 1389 2174 corvus
1426 2133 1466 2173 111
1503 2133 1810 2186 superliminari,
1851 2133 2043 2186 quoniam

132 2193 359 2234 attenuabo
390 2193 514 2234 robur
544 2192 639 2233 eius.
700 2194 731 2216 ¹5
763 2192 860 2233 Haec
892 2198 952 2233 est
983 2192 1127 2233 civitas
1158 2191 1331 2245 gloriosa
1362 2191 1553 2232 habitans
1584 2191 1625 2232 in
1656 2191 1921 2233 confidentia:
1956 2205 2045 2245 quae

132 2252 297 2292 dicebat
320 2251 361 2291 111
387 2252 506 2292 corde
532 2264 622 2292 suo:
650 2251 736 2304 Ego
762 2264 864 2298 sum,
892 2256 932 2291 et
958 2256 1074 2291 extra
1099 2263 1162 2290 me
1188 2263 1269 2290 non
1295 2255 1355 2290 est
1380 2250 1458 2290 alia
1484 2250 1675 2303 amplius:
1704 2251 1908 2303 quomodo
1933 2250 2045 2290 facta

132 2316 194 2352 est
222 2310 263 2351 in
292 2311 498 2351 desertum
529 2309 659 2351 cubile
690 2309 853 2350 bestiae?
884 2309 1026 2355 omnis,
1059 2309 1128 2362 qui
1158 2308 1305 2349 transit
1334 2321 1405 2361 per
1434 2322 1535 2357 eam,
1567 2308 1758 2352 sibilabit.
1791 2314 1831 2349 et
1860 2309 2043 2349 movebit

132 2382 301 2409 mallum
330 2381 458 2410 Suam.

132 2472 170 2516 3.
226 2475 239 2497 ¹
267 2473 337 2513 Vae
363 2472 637 2526 provocatriX‚
667 2479 707 2513 et
735 2472 948 2525 redempta
975 2472 1131 2515 civitas.
1162 2471 1362 2512 columba.
2052 2476 2112 2535 “isa
2125 2482 2239 2535 qussqqe

149 2534 164 2556 ‘2
186 2531 277 2572 Non
307 2531 468 2572 audivit
496 2544 650 2576 vocem.
735 2536 775 2571 et
804 2543 885 2572 non
915 2530 1092 2584 suscepit
1122 2529 1395 2583 disciplinam:
2068 2518 2222 2571 23¹3ssssssss

184 2590 225 2631 in
253 2590 430 2631 Domino
460 2603 542 2631 non
571 2595 633 2631 est
662 2590 824 2637 confisa,
909 2589 962 2630 ad
990 2589 1123 2629 Deum
1153 2602 1271 2629 suum
1302 2602 1383 2629 non
1413 2588 1772 2642 appropinquavit.
2072 2588 2216 2642 ωζζᾞζω

148 2651 164 2674 3
188 2648 414 2702 bPrincipes
444 2649 527 2689 eius
556 2649 597 2689 in
626 2649 760 2689 medio
790 2648 873 2689 eius
957 2648 1072 2702 quasi
1100 2647 1234 2689 leones
1264 2647 1486 2701 rugientes:

184 2708 335 2748 iudices
365 2707 448 2748 eius
476 2707 562 2761 lupi
592 2721 769 2760 vespere,
854 2720 934 2748 non
964 2706 1251 2760 relinquebant
1279 2706 1320 2746 in
1349 2718 1480 2746 mane.

149 2768 165 2790 4
184 2766 400 2819 Prophetae
429 2766 512 2807 eius
543 2766 694 2810 vesani.
779 2766 853 2806 viri
883 2765 1082 2805 infideles:

185 2825 413 2866 sacerdotes
443 2825 527 2865 eius
556 2824 790 2878 polluerunt
819 2829 1020 2869 sanctum,
1104 2824 1253 2864 iniuste
1283 2827 1450 2877 egerunt
1481 2827 1621 2862 contra
1651 2821 1790 2875 legem.

149 2884 164 2907 ⁵
184 2883 384 2924 Dominus
413 2883 544 2924 iustus
574 2883 615 2924 in
643 2883 777 2924 medio
808 2883 891 2923 eius
972 2896 1055 2924 non
1083 2882 1207 2923 faciet
1235 2881 1514 2935 iniquitatem:

184 2954 304 2982 mane
332 2954 452 2982 mane
480 2941 675 2982 iudicium
705 2955 823 2982 suum
854 2941 970 2982 dabit
998 2941 1040 2982 in
1068 2940 1212 2990 lucem,
1297 2946 1337 2980 et
1366 2952 1447 2980 nou
1477 2938 1768 2979 abscondetur:
1869 2937 2041 2979 nescivit

394 3005 533 3040 autem
562 3000 725 3054 iniquus
755 3000 1046 3041 confusionem.

150 3060 165 3082 ‘⁵
184 3058 418 3112 Disperdidi
446 3058 610 3107 Gentes,
694 3064 735 3100 et
764 3058 950 3112 dissipati
979 3063 1076 3099 sunt
1105 3057 1242 3111 anguli
1272 3070 1428 3097 earum:

185 3117 365 3158 desertas
394 3116 470 3157 feci
499 3116 586 3158 vias
615 3130 767 3166 eorum,
851 3117 949 3158 dum
980 3130 1060 3158 non
1091 3122 1152 3157 est
1182 3116 1250 3169 qui
1280 3120 1480 3156 transeat:

185 3175 377 3216 desolatae
409 3180 506 3216 sunt
538 3175 726 3216 civitates
760 3188 911 3223 eorum,
1000 3189 1081 3217 11011
1113 3179 1349 3215 remanente
1383 3173 1480 3219 viro,
1516 3185 1647 3225 neque
1680 3172 1760 3213 ullo
1794 3172 2039 3212 habitatore.

150 3235 164 3258 ⁷
184 3234 299 3274 Dixi:
329 3234 528 3275 Attamen
558 3233 720 3274 timebis
749 3246 826 3283 me,
910 3234 1101 3287 suscipies
1132 3232 1405 3285 disciplinam:

185 3298 227 3333 et
253 3305 335 3333 non
362 3291 512 3346 peribit
539 3291 822 3332 habitaculum
850 3292 934 3333 eius
1015 3297 1182 3345 propter
1210 3289 1356 3332 onmia.
1388 3289 1428 3329 in
1458 3289 1604 3343 quibus
1632 3288 1797 3329 visitavi
1826 3301 1934 3328 eam:

185 3356 471 3392 verumtamen
498 3349 675 3391 diluculo
703 3355 913 3403 surgentes
942 3355 1209 3404 corruperunt
1290 3361 1429 3390 omnes
1458 3347 1724 3401 cogitationes
1753 3359 1856 3387 suas.

266 3451 298 3495 2,
322 3452 365 3486 14
389 3453 441 3486 aIs
465 3454 518 3493 34,
545 3454 596 3487 11.
622 3474 664 3478 —
689 3453 720 3494 3,
746 3453 765 3486 3
789 3454 857 3487 bEz
882 3454 923 3487 22
960 3455 1017 3493 Ἐἷς
1044 3453 1122 3488 Meh
1147 3454 1176 3485 3
1204 3453 1255 3486 11.
