2356 3760
287 74 338 116 30
1133 70 1281 105 LIBER
1950 73 2005 113 39,
2032 75 2151 114 1-4o‚
2177 75 2196 106 4

109 167 253 227 ζῡέξξζξζξ
393 165 455 209 39.
511 165 632 206 laDe
655 165 878 218 hyacintho
902 177 996 205 vero
1021 171 1061 205 et
1084 178 1274 230 purpura
1301 164 1520 205 vermiculo
1545 176 1591 204 30
1614 164 1734 217 bysso
1757 164 1853 206 fecit
1877 171 2020 213 vestes
2047 168 2194 221 quibus

116 238 245 262 aceres-³
287 225 523 266 indueletur
550 224 687 265 Aaron
718 237 785 277 qu
776 224 882 264 mdo
912 223 1174 264 01111151131131,
1202 224 1243 264 10
1272 223 1435 272 5300115,
1467 223 1572 263 sicut
1599 224 1791 277 praeoepit
1820 214 2020 266 Dominus
2049 226 2191 280 Moysi.

123 272 237 298 ¹¹¹¹¹¹m
287 284 357 323 F
360 283 438 323 0011
462 283 586 336 igitur
608 281 935 335 511]1(1·1100101310
960 282 1008 322 (10
1034 294 1143 327 auro.
1170 282 1406 336 hyacintho,
1459 286 1500 322 et
1522 294 1714 334 purpura
1741 295 1940 337 coccoque
1965 284 2026 324 bis
2049 285 2191 327 tincto

285 347 326 382 et
356 342 477 395 bysso
506 347 670 382 retorta.
730 344 745 365 ³
775 353 892 394 opere
922 340 1195 405 polymitario.
1228 341 1451 394 inciditque
1482 340 1666 381 bracteas
1698 353 1850 384 zwnnias
1883 347 1923 382 et
1953 344 2193 384 extenuavit

285 401 324 441 in
361 400 438 445 111-1,
475 406 519 440 111
553 406 718 453 possent
752 399 931 453 torqueri
963 412 1056 440 cum
1088 400 1269 453 priorum
1302 399 1481 440 colorum
1514 399 1780 452 subtegmine
1841 401 2071 455 4(1035(100
2105 415 2193 443 0135

284 460 359 500 51111
392 459 564 499 11111οε01
596 458 807 512 copulatas
839 459 879 498 in
910 463 1084 511 utroque
1115 458 1240 499 latere
1271 458 1570 501 summitatum
1630 459 1645 481 ⁵
1677 462 1718 498 et
1748 457 1930 499 balteum
1962 474 2011 500 ex
2043 461 2192 501 eisdem

285 517 495 562 coloribus.
524 518 627 558 sicut
653 522 899 571 praeceperat
924 517 1125 558 Dominus
1151 517 1293 570 Moysi.
1351 519 1366 541 ⁶
1391 516 1560 557 Paravit
1585 522 1623 557 01
1651 517 1751 557 duos
1778 516 1930 571 lapides
1956 519 2190 572 onychinos,

285 577 471 618 astrictos
503 582 543 617 et
572 576 745 617 inclusos
777 589 885 620 auro.
919 581 959 617 01
988 576 1168 629 sculptos
1198 583 1284 617 arte
1313 575 1546 628 gemmaria.
1580 575 1811 616 nominibus
1844 576 2018 617 filiorum
2050 578 2191 619 Israel:

287 638 300 659 ⁷
328 635 546 689 posuitque
574 649 639 676 eos
668 635 707 675 in
735 635 929 675 lateribus
957 635 1296 688 superhumeralis
1325 635 1365 675 in
1393 634 1691 675 monimentum
1722 635 1895 676 filiorum
1925 636 2059 683 151301,
2088 637 2188 678 sicut

284 700 531 748 praeceperat
558 694 758 736 Dominus
788 694 930 747 Moysi.
992 696 1007 716 ⁵
1036 694 1149 734 Fecit
1179 699 1220 734 et
1248 693 1445 735 rationale
1476 706 1594 747 opere
1623 692 1823 747 polymito
1852 694 1970 735 iuxta
1999 708 2099 749 opus
2129 709 2193 736 su-

283 753 586 807 perhumeralis.
616 766 665 794 ex
692 766 802 801 auro,
830 752 1067 806 hyacintho.
1096 766 1287 806 purpura,
1317 766 1517 807 coccoque
1544 752 1605 793 bis
1632 752 1774 801 tincto,
1804 758 1844 793 et
1871 753 1991 807 bysso
2018 759 2191 795 retorta:

285 814 300 836 ⁹
328 812 666 866 quadrangulum,
697 811 859 865 duplex,
888 825 1086 853 mensurae
1112 812 1249 865 palmi.
1306 813 1342 836 ¹⁰
1367 812 1424 853 Et
1449 811 1585 866 posuit
1613 811 1653 851 in
1681 825 1725 852 00
1753 825 2006 866 gemmarum
2034 813 2192 854 ordines

284 877 490 925 quattuor.
517 871 563 912 In
584 871 713 925 primo
734 885 852 912 versu
872 876 960 911 erat
979 871 1148 920 sardius,
1170 871 1368 925 topazius.
1390 871 1640 924 smaragdus.
1691 873 1719 895 ¹¹
1744 871 1790 911 111
1810 872 1998 917 secundo.
2021 872 2191 913 carbun—

283 930 406 975 culus.
439 930 665 984 sapphirus.
698 935 739 971 et
767 930 901 984 iaspis.
962 932 992 954 ¹²
1024 930 1070 970 ln
1100 930 1233 979 tertio,
1264 930 1443 984 ligurius.
1476 930 1652 974 achates.
1685 934 1726 970 et
1755 930 2023 984 amethystus.
2083 933 2114 956 ¹³
2146 931 2191 972 In

284 996 442 1043 quarto.
469 989 752 1043 chrysolithus.
780 989 1018 1042 onychinus.
1044 994 1085 1030 et
1108 989 1297 1042 beryllus.
1323 988 1565 1030 circumdati
1588 993 1629 1029 et
1652 988 1795 1030 inclusi
1818 1002 1916 1030 auro
1939 1003 2011 1043 per
2034 990 2191 1031 ordines

282 1062 385 1089 suos.
449 1050 480 1073 ¹⁴
517 1048 679 1102 Ipsique
712 1048 866 1102 lapides
900 1048 1126 1093 duodecim.
1163 1048 1311 1102 sculpti
1345 1054 1461 1088 erant
1495 1048 1726 1088 nominibus
1761 1048 1976 1089 duodecim
2009 1049 2192 1090 tribuum

284 1107 417 1150 151301,
450 1107 594 1161 singuli
622 1120 693 1161 per
721 1107 887 1147 nomina
915 1106 1176 1161 singulorum.
1235 1109 1265 1131 ¹⁵
1294 1107 1495 1148 Fecerunt
1522 1107 1564 1147 in
1592 1106 1781 1148 rationali
1810 1112 1851 1148 et
1879 1107 2088 1149 catenulas
2117 1108 2192 1149 sibi

282 1167 455 1207 invicem
485 1166 742 1210 cohaerentes.
774 1167 822 1207 de
851 1179 948 1207 auro
976 1166 1211 1220 purissimo:
1269 1168 1303 1190 ¹⁶
1331 1171 1372 1207 et
1399 1166 1500 1207 duos
1528 1166 1708 1208 uncinos.
1739 1166 1994 1220 totidemque
2023 1167 2192 1208 30011105·

283 1239 435 1267 aureos.
458 1225 582 1266 Porro
604 1225 774 1266 annulos
795 1230 1018 1279 posuerunt
1038 1225 1079 1266 in
1099 1231 1272 1279 utroque
1292 1224 1417 1266 latere
1437 1225 1659 1273 rationalis,
1708 1227 1741 1249 ¹⁷
1762 1240 1781 1266 e
1803 1226 1949 1279 quibus
1969 1227 2193 1280 penderent

282 1285 372 1326 duae
401 1290 555 1326 catenae
585 1298 726 1334 aureae,
759 1297 859 1338 quas
889 1284 1145 1325 inseruerunt
1173 1285 1343 1333 uncinis,
1376 1284 1445 1338 qui
1473 1284 1513 1324 10
1544 1284 1883 1338 superhumeralis
1912 1284 2068 1338 angulis
2097 1285 2193 1326 emi-

282 1344 447 1385 nebant.
496 1345 530 1367 18
550 1343 646 1384 Haec
666 1349 705 1384 01
725 1348 820 1384 ante
839 1348 879 1384 et
896 1348 1003 1384 retro
1023 1344 1082 1384 ita
1100 1343 1399 1385 conveniebant
1418 1343 1505 1389 sibi.
1526 1348 1572 1384 ut
1591 1343 1918 1397 superhumerale
1937 1349 1979 1385 et
1995 1343 2193 1385 rationale

282 1408 425 1444 mutuo
448 1407 718 1446 necterentur.
758 1405 792 1426 ¹⁹
809 1403 952 1443 stricta
973 1403 1025 1443 ad
1046 1402 1230 1444 balteum
1251 1407 1291 1443 et
1313 1402 1472 1443 annulis
1489 1402 1634 1444 fortius
1653 1402 1855 1456 copulata,
1877 1416 1977 1456 quos
1999 1403 2193 1457 iungebat

281 1461 388 1503 vitta
419 1461 699 1516 hyacinthina,
733 1475 781 1502 110
812 1461 907 1502 laxa
939 1461 1123 1504 fluerent.
1157 1467 1198 1502 et
1229 1475 1252 1502 a
1283 1475 1323 1502 se
1355 1462 1529 1502 invicem
1560 1467 1833 1511 moverentur,
1867 1462 1971 1503 sicut
2001 1462 2193 1516 praecepit

280 1521 480 1562 Dominus
500 1521 643 1575 Moysi.
692 1522 728 1545 '2⁰
746 1521 947 1561 Fecerunt
968 1534 1129 1574 quoque
1149 1520 1333 1562 tunicam
1353 1520 1693 1574 superhumeralis
1713 1525 1847 1562 totam
1866 1521 2192 1574 hyacinthinam.

281 1582 312 1604 '2¹
329 1585 368 1621 et
387 1580 584 1633 capitium
600 1580 641 1620 in
659 1580 853 1634 superiori
868 1585 985 1633 parte
1002 1585 1143 1621 contra
1160 1580 1353 1623 medium.
1373 1593 1566 1633 oramque
1582 1592 1815 1633 pergyrum
1831 1580 1971 1634 capitii
1986 1580 2191 1621 textilem:

281 1641 312 1663 ²²
345 1639 533 1680 deorsum
567 1644 706 1680 autem
739 1639 791 1680 ad
823 1639 945 1693 pedes
978 1639 1087 1680 mala
1118 1639 1267 1693 punica
1300 1653 1349 1680 ex
1381 1638 1617 1692 hyacintho,
1652 1652 1844 1693 purpura,
1879 1638 2111 1689 vermiculo.
2148 1652 2192 1679 30

282 1698 402 1752 bysso
431 1703 603 1739 retorta:
660 1700 693 1723 ‘²³
722 1704 761 1739 et
790 1698 1068 1739 tintinnabula
1100 1698 1148 1739 de
1178 1711 1275 1739 auro
1305 1698 1533 1752 purissimo,
1565 1711 1655 1752 quaa
1682 1704 1907 1751 posuerunt
1935 1698 2041 1739 inter
2068 1697 2192 1739 01310-

281 1762 452 1811 granata
485 1757 525 1798 in
557 1762 739 1798 extrema
770 1762 886 1811 parte
918 1757 1067 1798 tunicae
1097 1770 1168 1811 per
1197 1771 1361 1811 gyrum:
1421 1759 1453 1782 ‘2¹
1484 1756 1809 1798 tintinnabulum
1840 1762 1979 1798 autem
2011 1770 2190 1801 aureum.

283 1821 324 1857 et
338 1816 492 1857 malum
508 1817 714 1870 punicum.
734 1817 880 1870 quibus
896 1821 1063 1858 ornatus
1079 1816 1295 1857 incedebat
1310 1816 1497 1870 pontifex
1513 1816 1677 1870 quando
1693 1817 1916 1858 ministerio
1930 1816 2190 1871 fungebatur.

281 1875 385 1916 sicut
416 1880 663 1929 praeceperat
694 1876 894 1917 Dominus
926 1876 1069 1929 Moysi.
1130 1877 1165 1900 '2⁵
1196 1875 1398 1916 Fecerunt
1429 1880 1470 1916 et.
1501 1875 1660 1916 tunicas
1692 1875 1877 1929 byssinas
1910 1889 2028 1929 opere
2060 1875 2192 1916 textili

282 1935 418 1975 Aaron
440 1940 479 1975 et
504 1934 593 1975 filiis
616 1934 717 1975 eius:
767 1936 802 1959 ²⁶
823 1940 864 1975 et
884 1934 1026 1976 mitras
1049 1948 1142 1975 cum
1163 1934 1363 1976 coronulis
1385 1934 1465 1975 suis
1488 1948 1537 1975 ex
1558 1935 1697 1988 bysso:
1748 1936 1781 1958 '2⁷
1803 1934 2008 1975 feminalia
2031 1948 2192 1989 quoque

281 1994 398 2042 linea,
417 1993 601 2046 byssina:
646 1995 680 2018 ‘2⁸
697 1993 903 2047 cingulum
919 2007 1014 2035 vero
1031 1993 1080 2034 de
1097 1994 1218 2047 bysso
1234 1998 1400 2037 retorta.
1418 1993 1654 2047 hyacintho.
1699 2007 1891 2047 purpura,
1910 2007 1956 2034 ac
1973 1992 2192 2034 vermiculo

284 2053 343 2093 bis
364 2053 494 2094 tincto
515 2058 601 2093 arte
622 2052 834 2106 plumaria,
857 2053 961 2093 sicut
981 2056 1229 2107 praeceperat
1249 2053 1449 2093 Dominus
1469 2052 1612 2106 Moysi.
1662 2054 1696 2076 ‘2⁹
1716 2053 1918 2094 Fecerunt
1937 2057 1978 2094 et
1996 2052 2191 2093 laminam

283 2125 404 2153 sacrae
432 2111 703 2152 venerationis
732 2112 780 2152 (10
808 2125 905 2152 auro
932 2111 1160 2165 purissimo.
1182 2112 1509 2165 scripseruntque
1536 2111 1578 2152 in
1605 2125 1649 2152 03
1672 2125 1789 2165 opere
1816 2112 2049 2166 gemmario.
2070 2112 2192 2152 Sanc-

283 2178 372 2212 tum
404 2171 586 2211 Domini:
634 2173 670 2195 30
688 2176 728 2211 01
747 2171 1000 2211 strinxerunt
1019 2184 1109 2211 eam
1128 2184 1221 2211 cum
1240 2171 1360 2211 mitra
1382 2171 1488 2211 vitta
1507 2170 1787 2224 hyacinthina,
1822 2171 1927 2212 sicut
1944 2177 2191 2225 praeceperat

284 2230 484 2271 Dominus
514 2230 656 2284 Moysi.

113 2294 233 2352 ‹0¹1›12J10
387 2291 419 2313 ³¹
444 2289 675 2330 Perfectum
699 2294 761 2330 est
784 2289 907 2343 igitur
931 2302 1048 2330 omne
1073 2302 1174 2342 opus
1199 2288 1451 2330 tabernaculi
1475 2294 1516 2330 et
1538 2289 1637 2330 tecti
1662 2289 1903 2330 testimonii:
1929 2289 2192 2342 feceruntque

126 2336 244 2390 3132?
287 2347 355 2389 filii
381 2347 504 2389 Israel
525 2352 672 2389 cuncta
697 2361 786 2402 qua}
806 2353 1055 2402 praeceperat
1076 2348 1276 2389 Dominus
1298 2348 1440 2402 Moysi.
1492 2350 1524 2373 32
1546 2348 1602 2389 Et
1624 2348 1861 2389 obtulerunt
1883 2348 2191 2389 tabernaculum

111 2402 245 2426 ¹⁴''*¹¹¹¹¹¹¹·
285 2412 325 2447 et
349 2412 505 2448 tectum
529 2412 569 2448 et
592 2407 825 2448 universam
849 2407 1151 2461 supellectilem.
1178 2407 1360 2453 annulos,
1386 2407 1561 2451 tabulas
1588 2414 1735 2450 vectes.
1762 2407 1970 2448 columnas
1994 2421 2039 2448 ac
2064 2407 2191 2449 bases.

283 2468 316 2490 ³³
348 2466 596 2519 opertorium
628 2467 676 2507 de
708 2466 879 2520 pellibus
912 2467 1086 2507 arietum
1116 2466 1344 2515 rubricatis.
1373 2471 1414 2507 et
1446 2466 1556 2507 aliud
1589 2466 1886 2520 operimentum
1918 2467 1968 2507 de
1999 2466 2194 2507 ianthinis

286 2525 468 2578 pellibus.
524 2527 557 2550 ³⁴
583 2525 737 2566 velum:
768 2538 915 2575 arcam,
945 2530 1093 2568 vectes.
1122 2525 1465 2579 propitiatorium,
1521 2527 1553 2550 35
1581 2538 1763 2566 mensam
1790 2539 1883 2566 011111
1910 2525 2018 2566 vasis
2046 2525 2126 2566 suis
2154 2530 2195 2565 et

287 2584 572 2637 propositionis
605 2584 798 2638 panibus:
859 2586 895 2609 ³⁶
927 2584 1229 2633 candelabrum,
1264 2584 1459 2628 lucernas.
1496 2591 1535 2625 01
1568 2584 1754 2625 utensilia
1790 2597 1929 2625 earum
1963 2597 2055 2625 cum
2088 2583 2192 2625 oleo:

287 2644 321 2667 ³⁷
353 2643 479 2684 altare
511 2656 689 2688 aureum.
724 2649 763 2684 et
794 2649 1061 2697 unguentum.
1095 2649 1136 2684 et
1166 2644 1395 2697 thymiama
1427 2657 1476 2684 ex
1507 2644 1776 2684 aromatibus:
1836 2645 1871 2668 ³3
1901 2648 1942 2684 et
1972 2643 2194 2684 tentorium

286 2702 327 2743 in
352 2702 522 2743 introitu
549 2702 819 2743 tabernaculi:
872 2704 908 2727 3⁹
934 2702 1060 2743 altare
1086 2716 1255 2751 aeneum,
1282 2702 1535 2744 retiaculum.
1563 2708 1711 2744 vectes.
1740 2709 1779 2743 01
1805 2715 1905 2743 vasa
1930 2702 2012 2743 eius
2039 2702 2193 2743 omnia:

286 2761 446 2801 labrum
472 2774 564 2802 cum
590 2761 677 2802 basi
702 2775 792 2802 sua:
820 2762 998 2803 tentoria
1023 2762 1127 2807 atrii.
1155 2767 1197 2802 et
1221 2761 1430 2803 columnas
1456 2774 1549 2802 cum
1576 2762 1739 2802 basibus
1766 2762 1865 2802 suis:
1911 2763 1948 2786 ⁴⁰
1972 2761 2194 2802 tentorium

288 2820 327 2860 in
352 2820 521 2860 introitu
547 2820 651 2863 atrii.
678 2820 959 2874 funiculosque
984 2820 1087 2862 illius
1114 2826 1155 2861 et
1178 2820 1361 2874 paxillos.
1391 2820 1499 2861 Nihil
1525 2834 1575 2861 ex
1598 2821 1705 2861 vasis
1732 2821 1873 2863 defuit.
1902 2833 1991 2874 quae
2014 2820 2055 2860 in
2080 2819 2196 2859 mini-

287 2879 454 2919 sterium
476 2879 738 2928 tabernaculi,
761 2885 803 2920 et
821 2880 863 2920 in
883 2885 1039 2920 tectum
1060 2880 1222 2921 foederis
1243 2880 1351 2920 iussa
1371 2884 1468 2920 sunt
1490 2879 1585 2920 fieri.
1635 2882 1666 2904 ⁴¹
1688 2880 1829 2920 Vestes
1851 2892 2024 2933 quoque.
2049 2878 2195 2932 quibus

288 2938 515 2978 sacerdotes
547 2944 721 2979 utuntur
752 2939 791 2979 in
824 2938 1076 2981 Sanctuario.
1110 2939 1246 2979 Aaron
1278 2938 1430 2979 scilicet
1461 2944 1502 2979 et
1535 2938 1604 2978 filii
1637 2939 1731 2980 eius.
1792 2940 1823 2963 ⁴²
1856 2937 2093 2979 obtulerunt
2126 2936 2195 2977 filii

290 2996 424 3041 lsrael.
447 2997 550 3037 sicut
570 3002 815 3050 przeceperat
835 2998 1046 3038 Dominus.
1096 3000 1128 3022 ¹³
1149 2998 1247 3046 Quae
1266 3002 1487 3051 postquam
1506 2997 1665 3051 Moyses
1686 3004 1833 3038 cuncta
1853 2997 1957 3038 vidit
1977 2995 2191 3049 completa.

289 3055 494 3096 benedixit
525 3055 590 3096 eis.

771 3138 807 3176 3.
839 3136 1135 3179 Consecratio
1165 3137 1459 3187 tabernaculi,
1488 3137 1554 3188 40,
1581 3137 1726 3177 1—36.

143 3221 228 3245 nm».
392 3202 456 3245 40.
513 3205 524 3226 ¹
557 3203 816 3256 Locutusque
847 3208 908 3244 est
937 3203 1137 3244 Dominus
1169 3203 1222 3244 ad
1250 3203 1431 3256 Moysen.
1465 3202 1618 3244 dicens:
1681 3205 1695 3227 “2
1726 3202 1862 3243 Mense
1891 3201 2034 3255 primo,
2066 3201 2196 3255 prima

98 3264 112 3282 ¹·
119 3259 272 3316 “;ξ“,ξ,ξ;ζῐ“
290 3261 353 3301 (110
381 3261 540 3309 mensis,
571 3261 694 3314 eriges
724 3262 1032 3303 tabernaculum
1061 3262 1295 3306 testimonii.
1352 3265 1367 3285 ³
1394 3267 1435 3302 et
1462 3274 1585 3315 pones
1614 3261 1653 3302 in
1682 3275 1727 3302 eo
1756 3274 1903 3309 arcam,
1934 3260 2197 3314 dimittesque

291 3326 385 3360 ante
415 3319 523 3360 illam
554 3319 707 3360 velum:
772 3322 778 3344 ¹
809 3327 847 3360 et
879 3320 989 3361 illata
1020 3334 1171 3365 mensa
1202 3334 1327 3375 polus
1357 3333 1477 3373 super
1505 3333 1592 3361 eam
1625 3334 1715 3374 quae
1752 3320 1827 3360 rite
1856 3324 2058 3373 praecepta
2088 3323 2194 3360 sunt.

423 3424 475 3464 39,
503 3425 518 3457 l
551 3424 635 3468 Β3111)
661 3424 712 3458 28.
739 3424 767 3457 ⁴3.
