2356 3760
541 453 1499 543 PROPHETIA
1587 450 2034 540 AMOS.

1093 677 1489 730 EXORDIUM.

337 782 535 845 Regno
558 781 740 832 lsrael
766 781 824 831 et
845 780 1045 845 regnis
1068 778 1282 831 vicinis
1304 778 1589 829 iudicium
1609 777 1937 836 nuntiatur,
1952 775 2248 838 1,1—2‚16.

937 872 975 911 1.
1007 871 1180 921 Regnis
1209 869 1385 920 vicinis,
1415 869 1455 920 1,
1474 869 1594 919 1-2,
1615 868 1652 908 5.

177 945 287 1004 ''ffflsb
444 942 479 984 1.
537 944 545 965 ¹
578 941 712 981 Verba
740 941 875 986 Amos,
907 941 975 994 qui
1004 940 1083 981 fuit
1110 940 1150 980 in
1179 939 1412 993 pastoribus
1440 940 1490 980 de
1519 939 1696 1004 Thecue:
1728 950 1818 1002 quae
1846 936 1951 977 vidit
1977 949 2099 990 super
2127 936 2251 978 Israel

263 1001 267 1006 '
338 1001 375 1040 in
403 1000 543 1040 diebus
569 1000 676 1039 (izizu
701 1000 801 1050 regis
830 1000 943 1042 luda.
972 1005 1012 1040 et
1037 999 1076 1039 in
1103 998 1245 1040 diebus
1273 998 1486 1040 Ieroboam
1512 997 1582 1039 fihi
1610 997 1700 1039 Ioas
1725 1009 1828 1049 regis
1854 994 1978 1036 Israel
2008 1000 2123 1037 aante
2147 996 2249 1037 duos

337 1072 463 1099 annos
496 1063 759 1099 terraunotus.

167 1155 302 1179 ¹'⁴·¹¹¹¹¹¹¹¹*
356 1154 369 1174 ²
390 1151 443 1191 Et
472 1150 593 1191 dixit:
627 1150 847 1191 bDominus
875 1151 924 1191 de
951 1150 1047 1191 Sion
1074 1150 1218 1204 rugiet,
1300 1154 1342 1191 et
1368 1150 1418 1191 de
1447 1149 1667 1192 Ierusalem
1694 1148 1812 1190 dabit
1838 1160 1980 1189 vocem
2008 1161 2143 1189 suam:

145 1190 247 1214 nidum
256 1197 320 1214 uriiq

205 1227 258 1248 mr:
391 1216 430 1250 et
459 1209 651 1250 luxerunt
679 1209 860 1262 speciosa
888 1215 1112 1262 pastorum,
1196 1214 1237 1250 et
1265 1209 1471 1250 exiccatus
1500 1214 1562 1250 est
1590 1213 1733 1249 vertex
1761 1206 1944 1248 Carmeli.

146 1308 325 1331 “¹⁴¹¹¹³⁹t¹¹¹¹¹·
355 1306 370 1325 ³¹
397 1303 488 1343 Hzec
519 1303 615 1343 dicit
647 1302 865 1343 Dominus:

389 1362 518 1415 Super
556 1361 684 1402 tribus
722 1361 936 1402 sceleribus
974 1362 1178 1407 Damasci,
1271 1366 1312 1402 et
1348 1374 1469 1415 super
1506 1365 1705 1415 quattuor
1740 1372 1822 1401 non
1860 1364 2099 1401 convertam
2137 1371 2248 1399 eum:

390 1434 434 1460 eo
466 1420 575 1473 quod
604 1420 890 1461 trituraverint.
971 1420 1011 1462 in
1041 1420 1233 1474 plaustris
1263 1420 1400 1462 ferreis
1429 1420 1599 1462 Galaad.

354 1481 368 1503 ⁴
390 1479 444 1519 Et
474 1479 636 1520 mittam
668 1479 801 1533 ignem
831 1479 871 1519 in
901 1479 1069 1520 domum
1100 1479 1234 1523 Azael.
1319 1484 1360 1520 et
1388 1479 1607 1521 devorabit
1634 1478 1777 1520 domos
1809 1477 2017 1519 Benadad.

353 1539 368 1561 ὓ
390 1538 443 1578 Et
480 1545 688 1579 conteram
725 1544 883 1579 vectem
919 1538 1130 1579 Damasci:
1214 1543 1256 1579 et
1291 1538 1523 1592 disperdam
1560 1537 1837 1579 habitatorem
1873 1537 1923 1578 de
1958 1549 2104 1589 campo
2139 1534 2248 1578 idoli.

389 1602 429 1637 et
467 1602 673 1638 tenentem
710 1602 916 1650 sceptrum
953 1597 1003 1637 de
1039 1598 1160 1638 domo
1198 1597 1442 1647 voluptatis:
1533 1601 1576 1638 et
1609 1596 1880 1638 transferetur
1915 1594 2089 1649 populus
2124 1593 2251 1648 Syriae

601 1656 794 1708 Cyrenen.
879 1655 979 1697 dicit
1007 1655 1220 1697 Dominus.

137 1751 327 1779 ¹‘¹·¹¹¹>¹'¹¹¹¹¹¹“·
357 1750 371 1771 ⁶
394 1748 490 1789 Haec
520 1748 619 1789 dicit
647 1748 866 1790 Dominus:

391 1808 520 1861 Super
548 1807 676 1848 tribus
704 1807 919 1848 sceleribus
947 1808 1078 1849 Gazae.
1161 1813 1203 1849 et
1229 1821 1350 1861 super
1377 1812 1576 1862 quattuor
1602 1820 1684 1849 non
1713 1811 1951 1848 convertam
1980 1818 2091 1847 eum:

392 1880 437 1907 eo
459 1867 567 1920 quod
588 1866 872 1907 transtulerint
891 1866 1178 1920 captivitatem
1198 1867 1434 1921 perfectam,
1510 1872 1556 1908 ut
1575 1866 1865 1908 concluderent
1884 1877 1973 1906 eam
1992 1864 2033 1905 in
2055 1864 2248 1905 Idumaea.

356 1927 370 1949 ⁷
392 1925 447 1966 Et
472 1926 636 1966 mittam
664 1925 796 1979 ignem
822 1925 862 1966 in
890 1938 1052 1967 murum
1078 1926 1210 1975 Gazae,
1291 1931 1333 1967 et
1358 1925 1574 1968 devorabit
1600 1926 1704 1966 aedes
1731 1924 1827 1966 eius.

354 1983 444 2025 ⁸Et
480 1984 711 2037 disperdam
748 1984 1024 2025 habitatorem
1061 1985 1110 2025 de
1146 1985 1289 2035 Azoto,
1380 1990 1422 2026 et
1457 1990 1666 2026 tenentem
1702 1988 1909 2037 sceptrum
1946 1982 1995 2024 de
2031 1981 2247 2023 Ascalone:

390 2048 431 2084 et
451 2048 687 2084 convertam
708 2056 876 2095 manum
897 2056 1029 2084 meam
1050 2057 1171 2098 super
1189 2044 1384 2087 Aecaron.
1461 2049 1502 2085 et
1520 2044 1715 2098 peribunt
1732 2042 1877 2097 reliqui
1895 2041 2247 2082 Philisthinorum.

602 2102 700 2143 dicit
729 2102 929 2143 Dominus
958 2102 1080 2144 Deus.

178 2203 293 2233 'syrum
358 2197 373 2218 ⁹
396 2195 492 2235 Hzcc
521 2195 620 2236 dicit
648 2196 866 2237 Dominus:

391 2254 520 2307 Super
550 2254 679 2295 tribus
709 2254 924 2296 sceleribus
955 2254 1062 2308 Tyri,
1149 2260 1189 2296 et
1219 2268 1340 2308 super
1370 2260 1569 2309 quattuor
1598 2268 1679 2296 non
1710 2258 1950 2295 convertam
1979 2265 2091 2295 eum:

392 2326 438 2354 eo
462 2313 569 2367 quod
593 2313 863 2354 concluserint
885 2313 1173 2368 captivitatem
1195 2314 1419 2367 perfectam
1442 2314 1482 2355 in
1508 2313 1700 2358 Idumaea.
1778 2319 1819 2354 et.
1841 2326 1923 2355 non
1945 2312 2028 2353 sint
2048 2310 2248 2352 recordati

601 2372 762 2412 foederis
792 2373 978 2414 fratrum.

341 2434 375 2455 ¹⁰
392 2431 447 2471 Et
476 2431 639 2472 mittam
670 2431 801 2485 ignem
832 2432 873 2472 in
902 2445 1065 2473 murum
1096 2432 1203 2486 Tyri.
1288 2437 1329 2472 ct
1358 2431 1575 2473 devorabit
1603 2432 1707 2473 aedes
1738 2431 1833 2472 eius.

190 2531 288 2559 fldem»
344 2528 369 2548 ¹¹
397 2525 493 2565 Haec
522 2525 621 2565 dicit
649 2525 867 2565 Dominus:

392 2586 521 2637 Super
553 2584 681 2624 tribus
714 2583 928 2624 sceleribus
960 2583 1106 2633 Edom,
1194 2590 1235 2625 et
1266 2598 1386 2638 super
1418 2589 1617 2637 quattuor
1647 2597 1729 2625 non
1761 2588 2000 2625 convertam
2032 2595 2144 2623 eum:

393 2657 438 2683 eo
459 2644 567 2697 quod
588 2648 822 2695 persecutus
842 2642 895 2683 sit
913 2642 953 2683 in
972 2642 1106 2696 gladio
1126 2643 1295 2685 fratrem
1315 2657 1446 2689 suum,
1521 2647 1562 2684 et
1581 2642 1797 2684 violaverit
1815 2641 2131 2683 misericordiam
2152 2640 2248 2687 eius,

392 2708 431 2743 et
446 2702 621 2742 tenuerit
636 2701 743 2742 ultra
758 2701 933 2742 furorem
951 2714 1082 2751 suum,
1141 2708 1182 2743 et
1198 2702 1521 2756 indignationem
1535 2714 1651 2742 suam
1669 2701 1894 2742 servaverit
1912 2713 2040 2750 usque
2057 2700 2098 2741 in
2112 2699 2247 2740 finem.

342 2763 371 2785 ¹2
392 2761 553 2801 Mittam
587 2761 718 2811 ignem
750 2760 789 2801 in
821 2761 1021 2801 Theman:
1107 2766 1147 2802 et
1177 2761 1393 2803 devorabit
1423 2761 1527 2802 aedes
1559 2760 1706 2802 Bosrae.

178 2862 303 2882 ³¹=1¹s¹0¹=<
345 2857 374 2878 ¹³
396 2854 490 2894 erc
522 2854 617 2894 dicit
648 2854 867 2894 Dominus:

393 2915 520 2965 Super
538 2913 665 2953 tribus
683 2912 897 2953 sceleribus
916 2912 1088 2954 filiorum
1107 2914 1296 2958 Ammon,
1369 2918 1409 2954 et
1427 2925 1548 2966 super
1565 2916 1763 2966 quattuor
1780 2925 1860 2953 non
1879 2916 2118 2953 convertam
2135 2923 2247 2952 eum:

394 2984 439 3011 eo
480 2972 586 3024 quod
627 2971 861 3012 dissecuerit
903 2978 1157 3025 praegnantes
1197 2972 1355 3013 Galaad
1448 2972 1500 3013 ad
1540 2971 1798 3012 dilatandum
1839 2970 2060 3012 terminum
2100 2982 2230 3010 suum.

345 3031 372 3052 ¹¹¹
398 3029 447 3069 Et
474 3031 713 3070 succendam
741 3030 873 3083 ignem
901 3030 940 3071 in
967 3043 1083 3071 muro
1112 3031 1276 3072 Rabba:
1358 3036 1399 3072 et
1424 3030 1641 3071 devorabit
1665 3030 1770 3070 aedes
1796 3029 1880 3071 eius

395 3087 432 3126 in
465 3087 618 3128 ululatu
650 3088 689 3128 in
719 3089 783 3130 die
814 3089 916 3135 belli,
1001 3096 1042 3130 et
1071 3089 1109 3130 in
1141 3090 1304 3131 turbine
1333 3090 1373 3131 in
1403 3089 1467 3131 die
1497 3088 1794 3130 commotionis.

343 3148 372 3170 ¹⁶
398 3146 444 3185 Et
468 3146 539 3186 ibit
562 3146 755 3187 Melchom
777 3148 816 3188 in
837 3148 1135 3201 captivitatem.
1209 3149 1305 3201 ipse,
1327 3154 1368 3190 et
1387 3148 1587 3201 principes
1607 3147 1690 3188 eius
1709 3147 1840 3196 simul,
1914 3146 2012 3188 dicit
2031 3145 2244 3187 Dominus.

190 3238 283 3262 M'ffl't
343 3239 379 3280 2.
437 3241 446 3261 ¹
482 3239 575 3278 llaec
607 3239 700 3279 dicit
733 3241 949 3282 Dominus:

392 3298 521 3349 Super
549 3297 675 3337 tribus
704 3299 916 3340 sceleribus
944 3300 1078 3349 Moab,
1161 3305 1202 3341 et
1228 3313 1349 3353 super
1377 3305 1575 3353 quattuor
1601 3312 1682 3340 non
1711 3304 1948 3340 convertam
1977 3311 2089 3339 eum:

394 3369 438 3395 eo
469 3356 577 3408 quod
606 3356 826 3397 incenderit
856 3372 945 3399 ossa
973 3359 1074 3412 regis
1106 3359 1296 3400 ldun‘iaeae
1377 3371 1504 3413 usque
1533 3358 1584 3399 ad
1614 3358 1800 3398 cinerem.

473 3470 502 3511 l,
528 3472 544 3504 Ι
573 3470 677 3503 alavh
709 3473 755 3504 14.
782 3473 810 3503 Γ).
904 3473 923 3505 2
948 3474 1000 3506 ¹¹1¹·
1025 3476 1078 3514 25,
1103 3476 1160 3515 :Mn
1190 3474 1256 3507 1001
1282 3475 1312 3513 3,
1342 3475 1390 3508 1⁴3.
