2356 3760
257 198 335 239 630
1066 194 1341 228 ΡκΟΡΗΕΤΙΑ
1909 199 1960 238 14,
1982 199 2101 239 9—-14‚
2127 200 2165 233 31

84 289 210 349 ffiffgsuj
271 293 286 314 ⁹
308 290 494 330 Infernus
524 289 666 330 subter
694 289 964 329 conturbatus
995 293 1056 328 est
1138 288 1176 329 in
1208 301 1421 329 occursum
1451 289 1655 329 adventus
1686 290 1758 335 tui.

54 360 241 399 roais-‚Baby
306 349 522 390 suscitavit
551 348 627 389 tibi
654 348 849 401 gigantes.
908 348 1059 386 Omnes
1088 347 1289 401 principes
1318 352 1436 388 terrae

74 395 220 460 bsssscfiff‘
307 412 568 449 surrexerunt
599 407 648 447 de
678 405 784 446 soliis
814 405 908 451 suis,
993 419 1132 446 omnes
1162 406 1363 460 principes
1394 407 1621 448 nationum.

253 469 288 491 ¹⁰
307 466 493 508 Universi
524 465 842 518 respondebunt,
927 469 967 504 et
998 464 1134 506 dicent
1166 465 1258 506 tibi:

304 526 359 566 Et
390 532 434 567 tu
466 525 703 565 vulneratus
733 536 773 563 es
803 522 908 563 sicut
938 529 978 563 et
1009 537 1092 568 nos,
1178 524 1306 565 nostri
1336 524 1475 565 similis
1506 525 1675 566 effectus
1705 539 1757 566 es,

252 586 281 609 ¹¹
304 585 502 625 Detracta
532 588 591 624 est
622 582 673 622 ad
704 582 851 623 inferos
882 582 1073 636 superbia
1102 588 1186 627 tua,
1272 583 1451 624 concidit
1481 584 1656 625 cadaver
1686 590 1823 625 tuum:

303 644 445 684 subter
473 648 513 683 te
543 646 748 682 sternetur
779 641 899 687 tinea,
984 647 1025 681 et
1055 642 1355 695 operimentum
1386 647 1504 682 tuum
1536 650 1653 684 erunt
1686 657 1854 685 vermes.

78 749 217 779 ¹’s¹‘1'¹⁸‘·¹³
255 751 284 772 ¹2
306 748 519 796 Quomodo
550 746 730 788 cecidisti
760 747 809 787 de
839 747 934 788 caelo
1016 748 1168 789 lucifer.
1202 747 1269 801 qui
1301 761 1420 788 mane
1450 748 1668 789 oriebaris?

64 785 227 814 superbiam

65 822 92 845 ct
117 820 226 859 inmun-
305 807 491 848 corruisti
520 806 561 847 in
592 812 753 849 terram.
840 806 908 860 qui
939 807 1183 847 vulnerabas
1212 806 1378 857 gentes?

77 858 216 919 ,Ἲῖῥζξᾞζῖ
254 868 284 891 ¹³
306 866 374 919 qui
404 865 566 906 dicebas
597 865 635 905 in
667 865 786 905 corde
816 870 907 906 tuo:
994 866 1039 906 In
1071 865 1212 906 caelum
1243 866 1526 911 conscendam,

82 927 211 955 ¹¹¹¹s³¹¹¹sv
305 938 426 979 super
455 930 565 965 astra
594 924 670 965 Dei
752 924 944 966 exaltabo
974 925 1119 965 solium
1150 938 1299 970 meum,

304 984 452 1025 sedebo
482 984 521 1023 in
552 988 692 1024 monte
723 984 972 1028 testamenti.
1058 984 1097 1024 in
1127 983 1323 1025 lateribus
1353 983 1578 1038 Aquilonis.

253 1045 285 1068 ¹⁴
304 1043 534 1084 Ascendam
564 1055 685 1096 super
714 1042 975 1083 altitudinem
1006 1043 1190 1088 nubium,
1275 1043 1415 1083 similis
1445 1056 1511 1084 ero
1541 1043 1763 1086 Altissimo.

253 1104 285 1127 ¹⁵
305 1102 599 1143 Verumtamen
630 1102 681 1142 ad
712 1101 914 1142 infernum
945 1102 1169 1143 detraheris
1252 1102 1292 1142 in
1322 1103 1573 1156 profundum
1603 1102 1698 1143 laci:

78 1205 215 1265 dfflffissa
253 1209 288 1231 ¹⁶
306 1207 375 1261 qui
404 1212 445 1248 te
476 1206 663 1253 viderint,
696 1207 748 1247 ad
778 1212 818 1248 te
849 1206 1166 1251 inclinabuntur.
1252 1212 1374 1261 teque
1403 1207 1670 1261 prospicient:

51 1275 240 1301 eiusattoniti
306 1266 517 1319 Numquid
546 1266 622 1307 iste
651 1271 713 1307 est
743 1266 814 1311 vir,
848 1266 917 1320 qui
946 1266 1212 1307 conturbavit
1242 1272 1406 1313 terram,
1492 1267 1560 1320 qui
1591 1271 1793 1308 concussit
1824 1282 1958 1319 regna,

99 1314 192 1341 ΗΜ
253 1327 286 1349 ¹⁷
306 1325 374 1379 qui
405 1325 540 1378 posuit
571 1325 710 1366 orbem
740 1325 958 1370 desertum.
1043 1331 1083 1366 et
1114 1326 1233 1366 urbes
1263 1325 1347 1366 eius
1377 1326 1594 1370 destruxit.
1871 1320 1874 1322 μ

305 1384 451 1425 vinctis
482 1384 566 1425 eius
596 1398 677 1425 non
708 1385 868 1438 aperuit
898 1384 1123 1426 carcerem?

252 1446 286 1468 ¹3
304 1444 454 1485 Omnes
483 1457 593 1497 reges
621 1444 806 1497 gentium
835 1444 1011 1485 universi
1041 1444 1295 1485 dormierunt
1324 1444 1363 1484 in
1391 1444 1530 1498 gloria,
1614 1445 1676 1485 vir
1702 1445 1743 1485 in
1772 1446 1893 1486 domo
1922 1459 2007 1486 sua.

252 1504 286 1527 ¹⁹
304 1503 364 1543 Tu
394 1507 532 1543 autem
562 1503 764 1557 proiectus
794 1516 833 1544 es
862 1504 912 1544 de
939 1503 1152 1557 sepulchro
1182 1509 1266 1549 tuo,
1350 1503 1466 1557 quasi
1494 1503 1616 1557 stirps
1645 1503 1799 1545 inutilis

304 1561 496 1616 pollutus.
532 1568 573 1603 et
606 1562 826 1603 obvolutus
860 1576 952 1603 cum
986 1562 1058 1611 his,
1095 1562 1164 1616 qui
1197 1562 1401 1603 interfecti
1434 1568 1529 1603 sunt
1562 1562 1709 1615 gladio.
1797 1569 1838 1604 et
1871 1564 2168 1605 descenderunt

514 1621 566 1662 ad
595 1621 867 1662 fundamenta
896 1621 983 1665 laci,
1070 1621 1185 1675 quasi
1215 1622 1391 1662 cada-ver
1420 1614 1644 1674 putridum.

55 1727 289 1794 segfflcffimffl
307 1726 398 1767 Non
427 1725 596 1767 habebis
627 1726 889 1770 consortium.
973 1740 1105 1780 neque
1135 1740 1227 1767 cum
1257 1726 1312 1767 eis
1342 1726 1382 1767 in
1412 1727 1641 1780 sepultura:

46 1801 239 1839 necpmzqros
306 1790 350 1825 tu
382 1785 488 1825 enirn
519 1790 669 1826 terram
701 1791 816 1826 tuam
847 1785 1135 1839 disperdidisti,
1221 1791 1267 1826 tu
1297 1785 1496 1839 populum
1526 1791 1643 1827 tuum
1676 1786 1877 1828 occidisti:

81 1835 211 1865 ¹¹²¹¹³⁰b¹¹³
306 1857 387 1885 non
417 1845 633 1885 vocabitur
662 1845 701 1885 in
731 1850 930 1885 aeternum
1012 1858 1149 1886 semen
1179 1844 1459 1898 pessimorum.

255 1904 286 1927 2¹
307 1903 540 1957 Praeparate
570 1903 670 1945 filios
701 1904 784 1945 eius
815 1904 1004 1945 occisioni
1085 1904 1126 1945 in
1156 1904 1375 1958 iniquita-te
1403 1910 1569 1958 patrum
1600 1918 1784 1946 suorum:

304 1975 387 2003 non
416 1969 671 2016 consurgent,
705 1977 777 2004 nec
806 1963 1097 2004 hereditabunt
1145 1968 1309 2009 terram,
1412 1977 1543 2017 neque
1589 1963 1819 2017 implebunt
1868 1965 2013 2005 faeiem
2061 1965 2166 2005 orbis

516 2022 745 2064 civitatum.

56 2126 286 2192 css’fsss'ss'f'sss‘ss1²2.²²
308 2127 363 2168 Et
392 2141 632 2181 consurgam
663 2141 783 2182 super
812 2142 890 2172 eos,
975 2127 1073 2168 dicit
1102 2128 1304 2169 Dominus
1334 2128 1606 2169 exercituum:

105 2186 191 2222 bitur-
308 2192 349 2227 et
384 2187 551 2240 perdam
588 2187 810 2240 Babylonis
845 2200 1006 2229 nomen.
1043 2193 1084 2227 et
1118 2187 1320 2240 reliquias,
1410 2192 1450 2227 et
1484 2201 1660 2240 germen,
1698 2193 1739 2229 et
1772 2188 2018 2242 progeniem,
2055 2188 2153 2229 dicit

515 2246 727 2287 Dominus.

253 2306 285 2329 ²³
305 2305 359 2345 Et
390 2318 540 2358 ponam
571 2319 660 2346 earn
691 2306 730 2346 in
761 2305 1051 2359 possessionem
1084 2305 1204 2349 ericii,
1288 2310 1329 2345 et
1358 2305 1399 2345 in
1428 2304 1597 2358 paludes
1628 2319 1840 2359 aquarum,

306 2369 345 2404 et
375 2364 551 2417 scopabo
582 2378 671 2405 eam
701 2364 741 2405 in
771 2378 895 2418 scopa
924 2370 1069 2407 terens,
1155 2364 1253 2405 dicit
1282 2363 1484 2405 Dominus
1515 2364 1779 2406 exercituum.

732 2482 771 2521 2.
801 2480 865 2522 De
897 2480 1057 2531 strage
1088 2480 1401 2531 Assyriorum,
1429 2480 1496 2530 14,
1516 2481 1689 2521 24—27.

84 2557 217 2586 *⁴²3⁶OE
363 2559 395 2582 '2²
417 2558 575 2598 Iuravit
605 2558 806 2599 Dominus
836 2558 1101 2603 exercituum„
1134 2557 1290 2598 dicens:

60 2592 87 2616 in
105 2592 254 2617 Palwstina

62 2630 232 2653 ⁰0¹¹t⁰fflf¹¹fl
305 2628 346 2669 Si
376 2642 469 2673 non,
503 2634 549 2669 ut
578 2628 736 2681 putavi,
768 2628 828 2669 ita
857 2628 950 2669 erit:
1035 2632 1074 2669 et
1107 2642 1186 2681 quo
1217 2628 1339 2669 modo
1370 2633 1507 2668 mente
1539 2628 1727 2673 tractavi.
1760 2630 1792 2652 '2⁵
1822 2628 1878 2669 sic
1907 2628 2086 2669 eveniet:

306 2688 362 2729 Ut
394 2693 602 2728 conteram
633 2687 846 2740 Assyrium
876 2687 917 2728 in
949 2692 1057 2728 terra
1087 2701 1189 2733 mea,
1275 2692 1316 2728 et
1347 2687 1387 2727 in
1418 2687 1627 2727 montibus
1659 2687 1757 2727 meis
1789 2687 2021 2728 conculcem
2053 2701 2166 2727 euni:

305 2749 344 2787 et
373 2747 579 2787 auferetur
606 2747 656 2787 ab
684 2747 738 2787 eis
766 2747 905 2800 iugum
933 2746 1028 2791 eius,
1110 2752 1150 2787 et
1179 2760 1279 2788 onus
1306 2745 1410 2787 illius
1439 2746 1490 2786 ab
1518 2746 1686 2787 humero
1714 2759 1853 2787 eorum
1881 2745 2059 2788 tolletur.

252 2807 288 2829 '2⁶
306 2806 394 2847 Hoc
418 2805 640 2848 consilium.
669 2806 777 2859 quod
801 2806 977 2859 cogitavi
1001 2819 1122 2859 super
1144 2819 1306 2846 omnem
1332 2811 1493 2849 terram.
1572 2810 1612 2846 et
1636 2805 1720 2846 haec
1743 2810 1805 2845 est
1828 2819 1972 2845 manus
1996 2811 2162 2846 extenta

514 2878 634 2918 super
664 2865 872 2906 universas
901 2870 1053 2919 gentes.

253 2924 287 2947 2⁷
306 2923 504 2964 Dominus
531 2925 637 2965 enim
665 2924 917 2965 exercituum
945 2924 1143 2965 decrevit:
1171 2930 1211 2964 et
1239 2924 1328 2977 quis
1355 2923 1506 2977 poterit
1532 2923 1761 2963 infirmare?
1841 2930 1882 2963 et
1908 2936 2054 2963 manus
2081 2922 2165 2963 eius

516 2990 703 3025 extenta:
735 2990 775 3024 et
806 2983 893 3037 quis
924 2989 1083 3023 avertet
1114 2983 1228 3024 eam?

707 3101 745 3140 3.
776 3099 841 3140 De
872 3099 998 3140 clade
1030 3097 1421 3149 Philisthinorum,
1449 3099 1516 3149 14,
1536 3099 1708 3139 28—32.

70 3174 231 3203 ¹⁰“⁰s¹¹‘*¹‘’³
359 3177 394 3199 ²3
427 3176 472 3216 ln
505 3190 622 3221 anno,
658 3191 736 3230 quo
769 3183 954 3217 mortuus
986 3182 1047 3217 est
1077 3189 1147 3217 rex
1178 3177 1327 3223 AchaZ,
1360 3176 1517 3217 factum
1549 3182 1611 3217 est
1642 3189 1742 3217 onus
1774 3175 1903 3216 istud:

70 3244 233 3268 ¹'¹¹¹¹i⁵¹¹¹³'³
257 3248 291 3269 2⁹
310 3260 357 3286 ne
382 3246 525 3286 laetoris
549 3247 785 3288 l’hilistbaea.
808 3247 937 3289 omnis
963 3253 1020 3290 tu,
1100 3247 1293 3300 quoniam
1318 3247 1573 3287 comminuta
1595 3252 1656 3287 est
1680 3246 1793 3299 virga
1818 3245 2061 3299 percussoris
2087 3245 2165 3286 tui:

50 3281 251 3354 ‘gississ⁴{‹¹-¹21i¹r¹ci'
310 3306 358 3345 de
386 3306 516 3345 radice
543 3306 646 3346 enim
676 3306 826 3347 colubri
854 3306 1082 3356 egredietur
1109 3306 1278 3355 regulus,
1360 3311 1400 3346 et
1426 3319 1561 3346 semen
1589 3306 1672 3346 eius
1699 3305 1920 3346 absorbens
1946 3304 2164 3345 volucrem.

119 3353 181 3375 (Μ’
256 3364 362 3404 ³⁰l⁴jt
404 3370 622 3416 pascentur
664 3365 918 3417 primogeniti
962 3378 1197 3418 pauperum.
1293 3369 1333 3405 et
1374 3378 1571 3418 pauperes
1612 3364 1855 3405 fiducialiter
1893 3363 2165 3416 requiescent:

309 3429 348 3463 et
380 3422 540 3463 interire
572 3423 714 3462 faviani
749 3424 786 3463 in
819 3425 924 3464 fame
954 3424 1129 3465 radicem
1162 3429 1288 3467 tuam.
1374 3430 1413 3464 et
1444 3423 1632 3477 reliquias
1664 3428 1755 3464 tuas
1784 3422 2038 3463 interficiam.

255 3484 287 3507 ³¹
311 3482 431 3523 Ulula
462 3488 591 3535 porta.
624 3482 751 3521 clama
783 3483 946 3523 civitas:
1033 3488 1236 3536 prostrata
1266 3488 1327 3523 est
1357 3483 1593 3523 Philisthaea
1623 3482 1771 3523 omnis:

309 3541 360 3582 ab
391 3540 591 3595 Aquilone
621 3541 725 3581 eniin
760 3542 893 3581 fumus
928 3542 1072 3585 veniet.
1157 3548 1195 3582 et
1229 3555 1306 3581 non
1338 3547 1394 3582 est
1430 3542 1497 3595 qui
1528 3541 1692 3590 effugiet
1723 3553 1868 3593 agmen
1898 3541 1993 3581 eins.
