2356 3760
117 225 154 249 ab
175 225 257 249 hoste

115 260 263 285 liberatur.

127 687 252 711 sanitati

103 723 275 751 restituitur,

113 1871 271 1900 captivitas

105 1906 282 1936 Babylonica

107 1942 131 1965 ei
154 1942 281 1972 praedici-

163 1978 220 2006 tur,

112 2817 221 2848 reliqua
245 2818 273 2842 in

132 2853 148 2877 l]
155 2854 196 2877 1514
204 2854 254 2877 iria

91 2895 189 2919 regum
203 2889 284 2913 Iuda.

130 3270 255 3300 Tempus

133 3313 254 3336 impetn,

291 134 369 174 334
1135 131 1282 165 LIBER
1309 132 1354 166 11.
1941 134 1994 173 19,
2019 133 2164 174 35—21,
2190 134 2208 166 1

399 227 431 250 ³⁵
456 225 649 266 aFactum
670 231 732 265 est
750 225 874 278 igitur
893 225 933 264 in
955 231 1072 265 nocte
1092 224 1171 268 illa,
1195 225 1309 265 venit
1328 225 1505 279 Angelus
1525 225 1704 275 Domini,
1727 231 1768 267 et
1786 226 1987 280 percussit
2005 227 2047 267 in
2067 227 2210 268 castris

292 284 552 337 Assyriorum
587 289 751 324 centum
786 282 1180 336 octogintaquinque
1213 283 1350 325 millia.
1387 284 1570 338 Cumque
1604 284 1783 326 diluculo
1816 285 2069 332 surrexisset,
2106 285 2212 326 vidit

294 343 432 384 omnia
457 356 627 396 corpora
653 348 927 382 mortuorum:
956 347 997 382 et
1023 342 1211 383 recedens
1240 342 1353 389 abiit,
1409 344 1445 367 ³⁶
1471 347 1512 383 et
1538 356 1722 385 reversus
1750 348 1812 385 est
1838 344 2113 385 Sennacherib
2139 357 2211 385 rex

294 402 565 455 Assyriorum,
595 406 636 441 et
661 400 813 440 mansit
838 400 879 440 in
907 400 1066 442 Ninive.
1121 402 1155 425 ³⁷
1186 402 1390 455 bCumque
1417 402 1607 443 adoraret
1632 402 1673 442 in
1700 402 1854 456 templo
1882 402 2062 443 Nesroch
2088 403 2210 444 deum

294 474 425 507 suum,
458 458 726 501 Adramelech
758 464 797 499 et
829 460 996 500 sarasar
1027 459 1095 499 filii
1127 459 1210 500 eius
1242 466 1530 513 percusserunt
1560 474 1651 501 eum
1683 461 1829 513 gladio,
1864 462 2139 514 fugeruntque
2170 461 2211 502 in

294 524 445 560 terram
474 518 771 561 Armeniorum.
802 526 842 558 et
870 518 1058 571 regnavit
1085 518 1356 559 Asarhaddon
1386 519 1489 559 filius
1518 519 1601 560 eius
1630 532 1703 572 pro
1731 533 1789 560 eo.

437 623 474 662 3.
507 622 669 663 Morbo
701 622 868 662 exitiali
900 623 1155 675 correptus,
1185 622 1377 663 sanatus
1408 623 1451 663 et
1482 622 1809 675 reprehensus,
1837 624 1904 674 20,
1923 624 2070 664 1—21.

400 693 463 736 20.
521 695 531 717 ¹
562 693 607 733 In
640 693 799 734 vdiebus
826 692 899 733 illis
925 693 1142 744 aegrotavit
1167 693 1361 734 Ezechias
1388 707 1515 747 usque
1541 693 1593 734 ad
1618 698 1811 735 mortem:
1838 698 1877 734 et
1904 693 2017 735 venit
2042 694 2094 735 ad
2119 708 2209 735 eum

298 752 422 793 isaias
445 752 548 792 silius
570 752 708 801 Amos,
732 752 946 805 propheta,
970 752 1156 805 dixitque
1179 752 1231 792 ei:
1257 752 1354 793 Haec
1376 752 1475 793 dicit
1496 752 1697 794 Dominus
1719 752 1849 793 Deus:
1873 753 2050 806 Praeeipe
2073 753 2211 794 domui

296 816 395 852 tufo:
426 811 606 851 morieris
635 810 741 851 enim
770 816 828 856 tu,
859 816 900 852 et
927 824 1008 852 11011
1037 811 1162 852 vives.
1219 813 1234 835 2
1262 811 1339 860 Qui
1368 811 1573 852 convertit
1599 811 1745 852 faciem
1773 824 1889 852 suam
1918 812 1971 852 ad
1998 811 2210 865 parietem,

296 875 339 911 et
362 870 495 911 oravit
519 869 755 913 Dominum,
783 869 937 911 dicens:
990 872 1005 893 ³
1029 870 1206 911 Obsecro
1231 870 1418 915 Domine,
1445 875 1651 911 memento
1678 883 1813 923 quaeso
1839 871 2044 923 quomodo
2070 871 2212 911 ambu-

296 928 464 969 laverim
490 942 625 969 coram
651 934 691 969 te
716 928 755 969 in
782 929 968 972 veritate,
996 934 1037 970 et
1060 929 1100 969 111
1126 929 1245 970 corde
1269 930 1461 982 perfecto,
1489 934 1530 970 et
1554 929 1664 982 quod
1688 928 1885 983 placitum
1911 934 1972 970 est
1996 942 2132 970 coram
2156 934 2210 977 te,

297 988 472 1028 fecerim.
505 988 639 1028 Flevit
670 988 808 1041 itaque
840 988 1033 1029 Ezechias
1066 988 1164 1029 fletu
1196 1001 1355 1039 magno.
1414 990 1429 1012 ‘¹
1458 988 1514 1029 Et
1544 994 1766 1041 antequam
1798 988 2054 1041 egrederetur
2086 987 2211 1029 isaias

296 1047 472 1087 mediam
503 1052 660 1099 partem
692 1046 796 1093 atrii,
828 1048 961 1088 factus
991 1053 1052 1087 est
1080 1059 1210 1088 sermo
1239 1046 1406 1088 Domini
1435 1047 1488 1087 ad
1516 1060 1621 1093 eum,
1652 1047 1807 1087 dicens:
1863 1048 1878 1071 ⁵
1909 1047 2140 1095 Revertere,
2172 1052 2213 1087 et.

297 1105 361 1146 dic
388 1105 572 1146 Ezeehiae
598 1105 690 1145 duci
719 1105 858 1159 populi
887 1105 982 1146 mei:
1014 1106 1111 1146 Haec
1139 1105 1238 1147 dicit
1264 1106 1465 1147 Dominus
1493 1106 1603 1146 Deus
1630 1105 1769 1146 David
1795 1105 1924 1159 patris
1952 1105 2031 1146 tui:
2060 1105 2209 1146 Audivi

298 1164 522 1205 orationem
540 1170 668 1208 tuam,
687 1170 728 1205 et
744 1164 827 1205 vidi
843 1164 1045 1218 lacrymas
1062 1170 1173 1206 tuas:
1192 1169 1233 1205 et
1249 1178 1338 1205 ecce.
1355 1164 1497 1205 sanavi
1514 1170 1566 1211 te,
1585 1164 1648 1205 die
1665 1164 1786 1205 tertio
1804 1165 1995 1205 ascendes
2012 1164 2210 1218 templum

296 1223 474 1264 Domini.
524 1225 539 1247 ⁶
556 1223 612 1264 Et
630 1223 779 1264 addam
799 1223 940 1264 diebus
959 1223 1040 1264 tuis
1060 1224 1293 1277 quindecim
1312 1236 1458 1265 annos:
1478 1224 1547 1265 sed
1566 1229 1607 1265 et
1624 1224 1672 1265 de
1690 1237 1814 1264 manu
1833 1223 1935 1277 regis
1952 1223 2210 1277 Assyriorum

295 1282 477 1323 liberabo
505 1287 558 1331 te,
589 1287 630 1323 et
658 1282 869 1323 civitatem
898 1283 1014 1329 hanc,
1046 1288 1086 1324 et
1114 1288 1325 1336 protegam
1355 1283 1497 1323 urbem
1524 1282 1647 1323 istam
1676 1289 1844 1336 propter
1871 1296 1946 1332 me,
1977 1287 2018 1323 et
2046 1288 2213 1336 propter

296 1341 433 1382 David
466 1354 629 1382 servum
662 1355 810 1383 meum.
876 1343 890 1366 ⁷
922 1342 1121 1396 Dixitque
1156 1342 1301 1383 Isaias:
1336 1342 1491 1383 Afferte
1524 1355 1701 1382 massam
1736 1342 1916 1383 ficorum.
1953 1342 2085 1390 Quam
2119 1355 2212 1382 cum

297 1400 544 1444 attulissent,
569 1406 609 1441 et
630 1400 862 1454 posuissent
883 1414 1003 1455 super
1023 1401 1166 1442 hulcus
1189 1401 1285 1449 eius,
1309 1406 1475 1442 curatus
1498 1406 1570 1442 est.
1623 1402 1638 1424 ⁸
1659 1401 1833 1441 Dixerat
1853 1407 1993 1441 autem
2016 1400 2210 1441 Ezechias

297 1460 349 1500 ad
377 1459 544 1500 isaiam:
573 1459 692 1508 Quod
719 1459 795 1501 erit
820 1459 992 1513 signum,
1023 1460 1119 1513 quia
1144 1460 1345 1501 Dominus
1372 1472 1436 1500 me
1462 1460 1638 1505 sanabit,
1667 1466 1708 1500 et
1735 1459 1831 1513 quia
1857 1472 2095 1500 ascensurus
2122 1473 2213 1500 sum

297 1518 360 1559 die
388 1518 511 1559 tertia
538 1518 737 1572 templum
765 1518 957 1559 Domini?
1015 1520 1031 1543 9
1058 1519 1130 1559 Cui
1159 1519 1217 1560 ait
1246 1519 1391 1559 Isaias:
1422 1519 1511 1560 Hoc
1538 1519 1615 1559 erit
1642 1518 1801 1572 signum
1831 1532 1855 1559 a
1881 1518 2071 1565 Domino,
2103 1518 2213 1572 quod

296 1578 479 1618 facturus
505 1577 558 1618 sit
581 1577 783 1618 Dominus
809 1591 1048 1627 sermonem,
1077 1591 1197 1631 quem
1222 1577 1383 1619 locutus
1409 1582 1487 1618 est:
1516 1577 1584 1618 Vis
1610 1583 1658 1618 ut
1682 1578 1878 1618 ascendat
1902 1578 2049 1618 umbra
2073 1577 2212 1618 decem

295 1636 422 1681 lineis,
448 1650 499 1677 an
522 1642 570 1677 ut
591 1642 824 1678 revertatur
845 1637 1019 1678 totidem
1042 1636 1260 1691 gradibus?
1312 1638 1348 1661 1⁰
1369 1637 1425 1678 Et
1447 1636 1506 1678 ait
1528 1637 1742 1677 Ezechias:
1767 1636 1901 1677 Facile
1924 1642 1997 1683 est,
2023 1636 2212 1677 umbram

297 1709 470 1737 creseere
503 1696 642 1737 decem
673 1696 806 1737 lineis:
840 1709 913 1737 nec
945 1696 1021 1738 hoc
1053 1696 1145 1737 volo
1178 1701 1225 1737 ut
1257 1696 1341 1745 fiat,
1376 1696 1446 1737 sed
1478 1701 1525 1736 ut
1555 1700 1788 1737 revertatur
1818 1701 2040 1737 retrorsum
2072 1696 2211 1736 decem

296 1755 500 1808 gradibus.
556 1757 587 1779 11
616 1754 834 1796 Invocavit
858 1755 998 1809 itaque
1026 1755 1152 1796 Isaias
1178 1755 1382 1809 propheta
1405 1754 1643 1803 Dominum,
1672 1760 1712 1795 et
1738 1754 1902 1796 reduxit
1926 1755 2116 1795 umbram
2142 1767 2213 1808 per

297 1814 434 1858 lineas,
473 1814 620 1867 quibus
655 1814 736 1854 iam
771 1815 1037 1855 descenderat
1071 1814 1111 1855 in
1146 1814 1353 1868 horol‹j›gio
1388 1814 1537 1863 AchaZ,
1575 1820 1796 1855 retrorsum
1831 1814 1970 1854 decem
2005 1813 2209 1867 gradibus.

402 1875 434 1897 ¹²
460 1873 529 1913 dln
552 1878 736 1927 tempore
759 1873 826 1914 illo
849 1873 962 1915 misit
986 1874 1196 1915 Berodach
1221 1873 1418 1922 Baladan,
1444 1873 1548 1914 filius
1573 1873 1770 1917 Baladan,
1796 1886 1865 1913 rex
1890 1872 2210 1926 Babyloniorum

298 1932 454 1973 litteras
480 1938 520 1973 et
544 1945 714 1973 munera
737 1933 788 1973 ad
813 1933 1049 1974 Ezechiam:
1076 1933 1263 1974 audierat
1286 1932 1393 1973 enim
1419 1933 1528 1986 quod
1551 1937 1789 1985 {egrotasset
1812 1931 2019 1973 Ezechias.
2073 1933 2105 1956 13
2128 1931 2212 1972 Lae-

298 1997 410 2032 tatus
442 1996 502 2032 est
532 1997 671 2032 autem
701 1991 742 2032 111
774 1992 955 2034 adventu
988 2005 1126 2033 eorum
1157 1991 1364 2038 Ezechias,
1397 1996 1438 2032 et
1468 1991 1649 2033 ostendit
1679 1990 1734 2032 eis
1765 1991 1934 2032 domum
1965 1995 2209 2032 aromatum.

298 2056 339 2091 et
365 2063 509 2091 aurum
536 2056 577 2091 et
603 2056 830 2104 argentum,
859 2057 900 2092 et
926 2051 1137 2105 pigmenta
1162 2051 1287 2099 varia,
1316 2056 1528 2104 unguenta
1554 2063 1729 2104 quoque,
1758 2056 1799 2091 et
1824 2050 1993 2091 domum
2020 2062 2211 2091 vasorum

298 2122 475 2153 suerum,
494 2115 535 2151 et
550 2110 688 2151 onmia
704 2123 794 2164 quae
808 2110 957 2151 habere
973 2116 1136 2164 poterat
1152 2110 1191 2150 in
1208 2109 1409 2151 thesauris
1425 2109 1519 2150 suis.
1540 2110 1631 2150 Non
1647 2109 1726 2150 fuit
1742 2109 1852 2163 quod
1867 2121 1949 2150 non
1964 2112 2212 2149 monstraret

297 2169 352 2210 eis
373 2168 567 2209 Ezechias
587 2169 627 2209 in
648 2169 770 2210 (101110
791 2183 875 2215 sua,
898 2174 939 2210 et
957 2169 998 2210 in
1019 2169 1129 2210 omni
1150 2174 1356 2222 potestate
1376 2182 1460 2210 sua.
1510 2170 1541 2193 14
1561 2168 1685 2209 Venit
1704 2173 1843 2209 autem
1865 2167 1991 2208 Isaias
2011 2167 2213 2221 propheta

298 2228 349 2268 ad
371 2241 505 2281 regem
527 2228 757 2272 Ezechiam,
782 2228 968 2282 dixitque
991 2228 1043 2269 ei:
1068 2228 1175 2277 Quid
1197 2228 1389 2269 dixerunt
1411 2227 1486 2267 viri
1507 2227 1600 2268 isti?
1624 2233 1698 2268 aut
1718 2227 1826 2268 unde
1848 2232 2050 2268 venerunt
2071 2227 2124 2267 ad
2145 2226 2210 2267 te?

298 2286 370 2327 (fui
395 2286 453 2327 ait
476 2286 689 2327 Ezechias:
724 2287 785 2328 De
810 2293 918 2328 terra
940 2287 1164 2342 longinqua
1187 2292 1388 2328 venerunt
1411 2287 1464 2327 ad
1486 2299 1551 2327 me
1574 2287 1623 2327 de
1649 2286 1871 2340 Babylone.
1926 2287 1957 2310 1⁵
1980 2286 2036 2326 At
2059 2285 2123 2326 ille
2153 2298 2212 2326 re-

298 2346 481 2399 spondit:
516 2346 623 2394 Quid
650 2346 843 2388 viderunt
874 2347 914 2387 in
945 2347 1066 2388 domo
1099 2346 1196 2387 tua?
1229 2346 1300 2387 Ait
1326 2345 1540 2386 Ezechias:
1574 2345 1724 2386 Omnia
1753 2358 2020 2399 quaecumque
2050 2349 2147 2385 sunt
2170 2344 2212 2385 111

297 2405 418 2446 (101110
437 2419 538 2452 mea,
558 2405 767 2446 viderunt:
787 2405 886 2446 nihil
903 2411 964 2446 est
982 2406 1091 2459 quod
1108 2419 1189 2447 non
1206 2404 1521 2447 monstraverim
1538 2404 1593 2445 eis
1611 2404 1652 2445 in
1670 2404 1870 2445 thesauris
1887 2404 1998 2445 meis.
2045 2405 2080 2428 ¹⁶
2095 2403 2213 2444 Dixit

297 2464 436 2517 itaque
459 2464 583 2505 isaias
604 2464 805 2505 Ezechiae:
826 2465 934 2506 Audi
953 2478 1181 2506 sermonem
1200 2464 1386 2506 Domini:
1435 2465 1468 2488 ¹⁷
1488 2464 1592 2504 Ecce
1612 2463 1696 2504 dies
1718 2463 1894 2511 venient,
1917 2468 1958 2503 et
1977 2463 2214 2504 auferentur

298 2523 445 2566 omnia,
474 2536 563 2576 quae
586 2530 682 2564 sunt
706 2524 746 2563 in
771 2524 891 2565 domo
916 2529 1001 2568 tua,
1028 2530 1068 2565 et
1093 2537 1183 2578 quae
1206 2523 1478 2565 condiderunt
1500 2528 1637 2576 patres
1661 2522 1722 2563 tui
1746 2536 1873 2576 usque
1896 2521 1938 2563 in
1962 2521 2069 2563 diem
2092 2521 2210 2565 hanc,

296 2582 337 2622 in
370 2582 643 2635 Babylonem:
675 2596 756 2623 non
788 2583 1016 2624 remanebit
1048 2583 1285 2637 quidquam,
1320 2582 1378 2623 ait
1407 2581 1621 2623 Dominus.
1682 2583 1716 2606 1⁸
1747 2582 1826 2623 Sed
1857 2586 1898 2622 et
1929 2581 1977 2622 de
2008 2580 2098 2621 filiis
2129 2580 2211 2621 tuis

298 2641 365 2694 qui
394 2641 651 2691 egredientur
676 2655 725 2682 ex
751 2647 803 2689 te,
833 2655 933 2696 quos
959 2642 1182 2696 generabis,
1211 2641 1418 2690 tollentur,
1448 2646 1489 2682 et
1514 2647 1633 2681 erunt
1661 2640 1835 2681 eunuchi
1860 2640 1902 2680 in
1928 2639 2082 2694 palatio
2108 2639 2211 2693 regis

300 2700 534 2753 Babylonis.
590 2702 624 2724 ¹⁹
648 2700 766 2741 Dixit
791 2701 985 2742 Ezechias
1012 2702 1064 2742 ad
1091 2701 1259 2742 lsaiam:
1288 2701 1426 2742 Bonus
1453 2713 1582 2741 sermo
1608 2699 1789 2744 Domini,
1818 2712 1939 2753 quem
1964 2698 2124 2740 locutus
2151 2712 2210 2739 es:

297 2758 350 2800 sit
379 2772 461 2812 pax
492 2764 533 2800 et
563 2759 713 2800 veritas
744 2759 785 2800 111
816 2760 957 2801 diebus
988 2760 1098 2801 meis.

402 2819 438 2842 ²⁰
470 2818 643 2872 Reliqua
674 2824 812 2860 autem
844 2832 1076 2861 sermonum
1108 2819 1303 2868 Ezechiae,
1337 2824 1378 2859 et
1409 2818 1539 2859 omnis
1570 2817 1771 2859 fortitudo
1804 2817 1900 2863 eius,
1933 2822 1974 2858 ct
2006 2817 2210 2870 quomodo

298 2876 435 2917 feeerit
466 2877 674 2930 piscinam,
706 2883 747 2919 et
775 2879 1077 2931 aquaeductum,
1109 2883 1150 2920 et
1178 2877 1453 2919 introduxerit
1481 2890 1608 2931 aquas
1637 2876 1679 2917 in
1708 2876 1931 2925 civitatem,
1963 2888 2097 2917 nonne
2125 2875 2211 2916 haec

298 2936 450 2989 scripta
479 2942 575 2977 sunt
604 2937 643 2977 in
675 2937 795 2978 Libro
827 2950 1058 2979 sermonum
1090 2937 1245 2979 dierum
1276 2949 1416 2990 regum
1448 2935 1576 2977 Iuda?
1634 2937 1664 2960 ²¹
1696 2935 1984 2989 Dormivitque
2015 2933 2210 2975 Ezechias

299 3008 390 3035 cum
414 2995 599 3048 patribus
624 2996 716 3045 suis,
743 3001 783 3037 et
806 2996 992 3045 regnavit
1016 2997 1222 3037 Manasses
1247 2996 1350 3036 filius
1375 2995 1458 3036 eius
1482 3008 1554 3049 pro
1578 3008 1636 3036 eo.

831 3114 900 3163 Il.
941 3113 1130 3179 Reges
1170 3113 1352 3179 impii,
1392 3112 1469 3173 21,
1497 3112 1682 3164 1—26.

905 3204 945 3244 1.
975 3204 1215 3244 Manasses
1247 3214 1343 3254 rex,
1372 3204 1438 3255 21,
1457 3203 1604 3244 1-18.

403 3274 466 3317 21.
525 3278 530 3298 ³
562 3275 785 3316 Duodecim
820 3287 1035 3315 “annorum
1062 3280 1149 3315 erat
1173 3275 1380 3316 Manasses
1406 3288 1498 3316 cum
1523 3287 1689 3327 regnare
1715 3272 1916 3327 coepisset,
1944 3277 1983 3312 et
2010 3271 2210 3325 quinqua-

298 3333 413 3387 ginta
441 3334 619 3387 quinque
648 3334 763 3374 annis
791 3334 978 3387 regnavit
1003 3333 1044 3374 in
1075 3333 1312 3374 Ierusalem:
1341 3347 1489 3375 nomen
1517 3333 1659 3374 matris
1688 3332 1770 3373 eius
1800 3330 2024 3384 Haphsiba.

433 3426 473 3458 35
493 3425 584 3458 a'l'ob
606 3428 633 3462 1,
654 3428 709 3462 ⁴21:
731 3426 782 3459 sir
800 3426 852 3466 48,
872 3427 928 3467 243
952 3427 982 3460 ls
1001 3427 1053 3466 37,
1073 3427 1130 3466 362
1151 3428 1168 3459 1
1189 3426 1261 3460 Mcc
1281 3426 1310 3466 7,
1330 3427 1387 3467 413
1407 3426 1427 3459 2
1445 3426 1519 3459 Mcc
1536 3425 1567 3465 8,
1586 3426 1637 3459 19.
1667 3446 1705 3449 —
1732 3426 1773 3459 :2⁷7
1791 3424 1884 3458 b'rob
1911 3425 1940 3463 1,
1967 3423 2017 3457 24.
2046 3444 2086 3446 -—
2111 3422 2164 3465 20,
2190 3424 2208 3456 1

303 3474 338 3506 02
367 3473 430 3506 Par
454 3474 506 3511 32,
533 3473 589 3505 24:
618 3473 649 3505 ls
675 3474 726 3505 235⁴.
755 3476 781 3506 ].
811 3494 815 3496 -
880 3474 918 3506 IL'
941 3474 995 3507 dIs
1020 3474 1073 3514 39,
1101 3476 1128 3507 1.
1157 3493 1197 3497 ——
1222 3473 1275 3514 21,
1298 3475 1315 3507 1
1342 3474 1377 3506 02
1402 3473 1466 3506 Par
1487 3473 1540 3513 33,
1563 3474 1591 3506 1.
