2356 3760
93 86 147 126 44,
172 86 291 124 6—44,
316 84 358 117 26
932 80 1149 114 IEREMIAE
1916 84 1990 124 765

95 184 297 218 naverunt
315 190 452 218 aurem
469 189 585 217 suain
602 181 649 216 ut
665 180 999 216 converterentur
1016 187 1040 214 a
1055 173 1171 213 malis
1188 173 1281 221 suis,
1301 177 1341 212 et
1358 185 1439 213 non
1457 173 1731 215 sacrificarentv
1748 175 1821 215 diis
1840 176 1988 217 alienis.

98 238 113 260 ⁶
133 236 189 277 Et
211 236 388 277 conflata
409 240 470 276 est
490 233 717 287 indignatio
739 245 831 272 mea
851 237 892 272 et
912 232 1025 273 furor
1045 244 1170 279 meuS,
1195 236 1236 271 et
1257 243 1450 272 succensa
1471 236 1532 271 est
1553 231 1593 271 in
1616 231 1852 273 civitatibus
1876 234 1988 281 Iuda,

95 300 136 335 et
156 294 197 335 in
219 295 363 348 plateis
387 293 623 335 Ierusalem:
647 296 688 331 et
709 303 834 331 versae
856 295 952 331 sunt
972 290 1014 330 in
1035 289 1297 331 solitudinem
1318 294 1359 330 et
1380 289 1620 330 vastitatem
1643 291 1864 330 secundum
1886 292 1991 331 diem

95 353 210 394 hanc.
271 355 284 377 ⁷
315 353 369 393 Et
398 365 506 393 nunc
534 351 619 391 haec
647 348 746 390 dicit
774 348 975 389 Dominus
1004 348 1256 388 exercituum
1284 348 1395 388 Deus
1428 347 1567 388 Israel:
1599 348 1731 396 Quare
1761 362 1832 389 vos
1861 349 1992 389 facitis

95 412 249 453 malum
265 412 417 465 grande
433 410 509 451 hoc
525 413 668 450 contra
683 407 839 448 animas
856 412 1024 455 vestras,
1044 412 1090 447 ut
1106 406 1281 447 intereat
1297 419 1346 446 ex
1362 406 1477 447 vobis
1494 406 1556 446 vir
1572 411 1613 447 et
1628 406 1782 454 mulier,
1800 407 1993 459 parvulus

96 475 137 511 et
152 471 306 512 lactens
323 471 371 510 de
388 468 520 509 medio
540 466 663 509 Iudae,
682 478 754 505 nec
771 465 1025 518 relinquatur
1041 465 1156 505 vobis
1175 465 1399 517 quidquam
1416 465 1640 505 residuum:
1688 467 1703 489 ⁸
1720 465 1994 506 Provocantes

96 543 160 570 me
186 530 228 570 in
255 528 442 582 operibus
470 538 666 566 manuum
694 530 935 569 vestrarum,
966 523 1229 564 sacrificando
1258 522 1332 563 diis
1362 522 1500 564 alienis
1527 523 1568 563 in
1597 524 1719 564 Terra
1746 523 1924 577 AEgypti,
1954 523 1995 564 in

97 601 220 642 quam
250 586 416 640 ingressi
445 584 539 626 estis
570 588 617 623 ut
645 583 839 624 habitetis
869 583 942 623 ibi:
975 588 1016 623 et
1045 581 1295 635 dispereatis
1328 586 1368 621 et
1398 581 1483 622 sitis
1514 582 1554 622 in
1584 582 1923 630 maledictionem,
1956 587 1997 622 et

96 647 137 687 in
156 645 420 700 opprobrium
439 642 595 684 cunctis
614 642 803 695 gentibus
824 641 964 682 terrie?
1014 643 1029 665 ⁹
1050 640 1261 693 Numquid
1280 639 1396 680 obliti
1416 640 1510 680 estis
1530 639 1639 680 mala
1657 647 1822 692 patrum
1842 646 1996 681 vestro-

96 718 197 753 rum,
225 710 266 746 et
290 703 399 744 mala
422 714 561 755 regum
589 701 702 744 Iuda,
731 705 771 740 et
796 699 905 740 mala
930 713 1102 741 uxorum
1128 699 1224 747 eius,
1252 704 1291 738 et
1317 698 1426 738 mala
1450 703 1597 745 vestra,
1626 705 1665 738 et
1691 698 1799 738 mala
1824 711 1997 739 uxorum

97 769 337 811 vestrarum,
366 774 455 814 quae
478 760 661 800 fecerunt
686 759 727 799 in
753 759 875 799 Terra
902 759 1014 807 Iuda,
1043 764 1083 799 et
1107 758 1148 798 in
1172 756 1402 810 regionibus
1430 756 1672 796 Ierusalem?
1726 759 1761 781 ¹⁰
1786 757 1877 797 Non
1902 762 1998 797 sunt

96 822 286 862 mundati
316 832 443 873 usque
475 819 528 859 ad
558 818 666 858 diem
696 817 819 858 hanc:
853 823 895 858 et
925 830 1007 858 non
1037 817 1275 858 timuerunt.
1310 820 1352 857 et
1382 828 1463 856 non
1496 814 1810 855 ambulaverunt
1842 815 1883 854 in
1914 815 1997 866 lege

96 880 273 929 Domini,
307 885 347 920 et
375 878 417 918 in
447 876 658 931 praeceptis
688 876 798 925 meis,
833 889 922 929 quae
952 876 1044 916 dedi
1075 888 1210 916 coram
1241 874 1356 914 vobis
1387 879 1429 914 et
1458 886 1593 915 coram
1624 873 1809 927 patribus
1840 866 1995 913 vestris.

97 941 128 964 ¹¹
151 939 247 980 Ideo
268 938 353 979 haec
374 936 473 977 dicit
492 935 693 976 Dominus
715 935 967 975 exercituum
988 935 1098 975 Deus
1122 933 1262 974 Israel:
1289 933 1413 973 aEcce
1435 945 1505 986 ego
1527 945 1678 986 ponam
1699 932 1844 972 faciem
1865 944 1999 971 meam

96 998 138 1038 in
162 997 278 1039 vobis
302 996 344 1037 in
368 994 541 1035 malum:
568 999 609 1035 et
634 993 865 1047 disperdam
891 1006 1052 1034 omnem
1079 992 1236 1033 Iudam.
1291 993 1322 1016 ¹²
1347 991 1403 1032 Et
1427 1004 1632 1032 assumam
1657 990 1845 1044 reliquias
1873 990 1995 1032 Iudae.

99 1056 167 1110 qui
194 1058 418 1110 posuerunt
444 1053 566 1093 facies
594 1065 686 1093 suas
715 1057 762 1092 ut
788 1052 1094 1105 ingrederentur
1122 1051 1286 1091 Terram
1314 1050 1494 1103 AEgypti,
1525 1055 1566 1090 et
1592 1050 1829 1090 habitarent
1856 1049 1929 1089 ibi:
1959 1054 2000 1089 et

98 1118 389 1156 consumentur
410 1125 548 1154 omnes
570 1112 611 1151 in
634 1111 756 1151 Terra
777 1110 963 1164 AEgypti:
988 1111 1135 1151 cadent
1156 1110 1197 1150 in
1218 1109 1351 1163 gladio
1374 1114 1415 1149 et
1436 1109 1477 1148 in
1498 1108 1623 1148 fame:
1648 1114 1689 1148 et
1710 1112 2000 1149 consumentur

99 1187 123 1214 a
141 1173 309 1214 minimo
330 1184 458 1224 usque
479 1170 532 1211 ad
551 1170 777 1210 maximum
798 1170 839 1209 in
859 1169 1004 1222 gladio,
1028 1174 1069 1210 et
1088 1169 1129 1209 in
1149 1168 1257 1208 fame
1277 1167 1519 1208 morientur:
1542 1172 1583 1206 et.
1603 1172 1722 1206 erunt
1741 1166 1782 1206 in
1803 1166 2000 1206 iusiuran-

98 1233 209 1281 dum,
231 1237 273 1272 et
290 1231 332 1272 in
352 1229 605 1277 miraculum,
628 1234 669 1269 et
688 1228 729 1269 in
749 1228 1088 1275 maledictionem,
1111 1233 1153 1267 et
1171 1227 1213 1267 in
1234 1225 1508 1279 opprobrium.
1559 1227 1590 1249 ¹3
1610 1225 1665 1265 Et
1686 1224 1860 1264 visitabo
1882 1237 2001 1277 super

98 1291 350 1332 habitatores
382 1289 513 1329 Terrae
543 1287 723 1341 AEgypti.
757 1288 862 1328 sicut
892 1286 1057 1327 visitaw'
1088 1298 1207 1338 super
1239 1284 1457 1324 Ierusalem
1488 1283 1528 1324 in
1559 1283 1704 1336 gladio,
1738 1290 1779 1323 et
1808 1283 1928 1328 fame,
1961 1288 2001 1322 et

99 1355 224 1404 peste.
273 1350 305 1373 ¹4
325 1348 379 1388 Et
399 1360 481 1388 non
501 1347 577 1387 erit
597 1346 665 1399 qui
685 1345 865 1398 effugiat,
887 1351 927 1385 et
948 1345 1000 1385 sit
1018 1344 1201 1384 residuus
1222 1343 1270 1383 de
1290 1342 1466 1395 reliquiis
1489 1342 1730 1390 ludaeorum,
1754 1341 1823 1394 qui
1842 1341 2001 1381 vadunt

100 1414 147 1450 ut
172 1407 479 1461 peregrinentur
504 1405 546 1445 in
574 1405 695 1444 Terra
722 1403 908 1456 AEgypti:
938 1409 979 1444 et
1004 1407 1264 1443 revertantur
1290 1402 1330 1441 in
1359 1401 1523 1441 Terram
1553 1401 1666 1445 Iuda,
1698 1400 1749 1440 ad
1777 1412 1899 1452 quam
1927 1399 2002 1451 ipsi

100 1467 263 1508 elevant
279 1465 434 1505 animas
450 1476 542 1504 suas
560 1470 605 1503 ut
620 1468 891 1509 revertantur,
911 1467 952 1502 et
966 1461 1156 1502 habitent
1171 1460 1244 1501 ibi:
1263 1473 1345 1500 non
1360 1464 1617 1500 revertentur
1632 1458 1707 1499 nisi
1725 1458 1794 1511 qui
1809 1457 2000 1510 fugerint.

204 1527 235 1549 ¹5
261 1523 574 1577 Responderunt
599 1527 737 1562 autem
764 1520 942 1561 Ieremiae
966 1533 1104 1561 omnes
1129 1519 1204 1560 viri
1229 1519 1398 1559 scientes
1425 1518 1534 1571 quod
1558 1517 1832 1558 sacrificarent
1855 1528 1999 1556 uxores

100 1597 238 1626 eorum
273 1582 347 1624 diis
381 1581 538 1622 alienis:
573 1586 614 1621 et
648 1580 845 1620 universae
878 1579 1075 1627 mulieres,
1113 1591 1284 1632 quarum
1319 1577 1459 1618 stabat
1492 1576 1714 1617 multitudo
1748 1575 1922 1628 grandis,
1960 1580 1999 1615 et

102 1643 231 1685 omnis
254 1640 427 1696 populus
450 1639 729 1680 habitantium
751 1639 792 1679 in
815 1639 937 1678 Terra
959 1637 1127 1691 AEgypti
1149 1637 1189 1677 in
1212 1636 1424 1683 Phatures,
1449 1635 1647 1676 dicentes:
1699 1636 1733 1658 ¹⁶
1754 1634 2002 1682 Sermonem,

103 1715 223 1756 quem
246 1700 406 1741 locutus
432 1712 472 1739 es
498 1698 549 1739 ad
574 1711 646 1739 nos
671 1697 712 1738 in
736 1697 899 1738 nomine
924 1697 1101 1744 Domini,
1129 1709 1210 1737 non
1236 1695 1446 1735 audiemus
1472 1707 1521 1734 ex
1546 1699 1604 1734 te:
1659 1695 1690 1717 ¹⁷
1717 1693 1787 1733 sed
1811 1692 2005 1732 facientes

102 1760 296 1802 faciemus
321 1771 439 1799 omne
463 1757 645 1805 verbum,
672 1756 781 1809 quod
805 1756 1032 1809 egredietur
1054 1755 1103 1795 de
1127 1768 1192 1795 ore
1217 1759 1354 1795 nostro
1378 1759 1424 1794 ut
1447 1752 1716 1793 sacrificemus
1739 1751 1885 1804 reginae
1908 1749 2003 1798 caeli,

103 1825 144 1860 et
163 1819 335 1859 libemus
358 1817 392 1858 ei
412 1816 620 1863 libamina,
644 1815 749 1856 sicut
769 1815 937 1855 fecimus
959 1827 1043 1862 nos,
1067 1819 1109 1855 et
1128 1819 1265 1867 patres
1286 1812 1425 1857 nostri,
1450 1825 1560 1865 reges
1581 1810 1720 1855 nostri,
1745 1815 1786 1850 et
1806 1809 2006 1863 principes

104 1877 232 1919 nostri
254 1877 295 1917 in
317 1875 485 1916 urbibus
511 1875 625 1919 Iuda,
650 1879 692 1914 et
713 1874 754 1914 in
777 1873 922 1927 plateis
948 1872 1184 1913 Ierusalem:
1209 1878 1250 1913 et
1272 1870 1447 1912 saturati
1469 1883 1608 1911 sumus
1630 1869 1817 1923 panibus,
1843 1873 1883 1908 et
1906 1868 2007 1908 bene

103 1937 219 1978 nobis
251 1940 349 1979 erat,
383 1934 619 1986 malumque
650 1946 732 1973 non
762 1932 951 1973 vidimus
1012 1933 1047 1956 ¹⁸
1078 1931 1142 1972 Ex
1173 1944 1218 1972 eo
1251 1936 1389 1971 autem
1420 1935 1614 1982 tempore,
1650 1941 1729 1981 quo
1761 1927 2007 1968 cessavimus

104 1994 329 2036 sacrificare
350 1993 497 2046 reginae
518 1991 614 2039 eaeli,
638 1997 680 2032 et
699 1991 825 2032 libare
847 1991 882 2031 ei
903 1990 1109 2036 libamina,
1133 1990 1360 2042 indigemus
1383 1988 1583 2035 omnibus,
1607 1992 1647 2028 et
1668 1986 1814 2040 gladio,
1839 1990 1879 2025 et
1900 1985 2007 2025 fame

105 2052 336 2106 consumpti
357 2064 508 2092 sumus
559 2052 593 2074 ¹⁹
614 2050 733 2098 Quod
754 2049 786 2090 si
806 2062 879 2090 nos
900 2048 1173 2090 sacrificamus
1194 2048 1341 2101 reginae
1361 2046 1457 2093 caeli,
1481 2051 1522 2087 et
1540 2045 1716 2086 libamus
1738 2045 1773 2085 ei
1792 2043 2007 2084 libamina:

105 2111 305 2165 numquid
336 2110 420 2151 sine
451 2109 547 2150 viris
579 2108 726 2149 nostris
756 2108 925 2149 fecimus
957 2107 992 2148 ei
1022 2107 1231 2161 placentas
1263 2107 1315 2146 ad
1346 2105 1560 2146 colendum
1592 2117 1693 2152 eam,
1727 2108 1768 2143 et
1796 2102 2009 2143 libandum

105 2172 140 2212 ei
165 2168 384 2211 libamina?

209 2231 245 2254 2⁰
262 2228 318 2269 Et
335 2227 440 2268 dixit
460 2226 648 2267 Ieremias
667 2227 720 2267 ad
738 2239 900 2267 omnem
918 2225 1116 2279 populum
1135 2225 1352 2265 adversum
1370 2223 1490 2271 viros,
1512 2228 1553 2263 et
1571 2222 1788 2262 adversum
1807 2219 2003 2262 mulieres.

106 2295 147 2330 et
169 2288 386 2329 adversum
409 2286 641 2327 universam
663 2285 835 2338 plebem,
862 2284 930 2337 qui
952 2283 1247 2337 responderant
1269 2282 1304 2323 ei
1327 2282 1510 2330 verbum,
1536 2280 1690 2321 dicens:
1742 2281 1773 2304 2¹
1798 2278 2008 2331 Numquid

106 2360 188 2388 non
213 2345 465 2390 sacrificium,
495 2344 605 2398 quod
631 2343 885 2384 sacrificastis
911 2342 951 2383 in
979 2342 1216 2383 civitatibus
1244 2341 1358 2389 Iuda,
1387 2345 1428 2380 et
1453 2340 1494 2381 in
1520 2339 1664 2392 plateis
1693 2337 1911 2378 Ierusalem
1937 2349 2010 2376 vos

107 2411 148 2447 et
167 2410 303 2459 patres
322 2404 458 2448 vestri,
479 2416 590 2456 reges
611 2402 746 2450 vestri,
769 2407 810 2443 et
828 2401 1028 2455 principes
1048 2400 1184 2448 vestri,
1206 2406 1248 2441 et
1266 2398 1440 2453 populus
1460 2404 1588 2445 terrae,
1610 2398 1755 2438 horum
1774 2395 2009 2436 recordatus

107 2470 169 2506 est
188 2463 401 2511 Dominus,
426 2468 467 2503 et
489 2461 671 2502 ascendit
693 2473 813 2515 super
833 2473 900 2502 cor
921 2460 1030 2501 eius?
1079 2461 1112 2484 2²
1133 2459 1189 2500 Et
1210 2472 1291 2500 non
1312 2462 1476 2512 poterat
1497 2456 1697 2498 Dominus
1719 2455 1828 2495 ultra
1848 2459 2011 2507 portare

107 2528 274 2578 propter
304 2521 505 2562 malitiam
536 2520 766 2561 studiorum
797 2525 1038 2567 vestrorum,
1073 2523 1114 2560 et
1144 2523 1312 2572 propter
1343 2515 1678 2561 abominationes,
1715 2526 1815 2567 quas
1846 2512 2008 2556 fecistis,

108 2586 150 2623 et
168 2582 281 2622 facta
299 2586 361 2621 est
379 2585 489 2621 terra
507 2584 645 2620 vestra
662 2579 704 2619 in
724 2578 1029 2622 desolationem,
1052 2582 1093 2618 et
1111 2577 1153 2617 in
1173 2581 1394 2629 stuporem,
1417 2580 1458 2616 et
1476 2574 1517 2614 in
1537 2573 1813 2617 maledictum,
1836 2585 1881 2612 eo
1903 2570 2012 2624 quod

108 2654 190 2682 non
216 2640 269 2680 sit
294 2639 515 2685 habitator,
545 2638 650 2679 sicut
675 2643 737 2679 est
762 2637 846 2678 dies
872 2637 968 2678 haec.
1024 2638 1056 2661 ²³
1082 2636 1305 2689 Propterea
1331 2634 1441 2689 quod
1467 2631 1787 2674 sacrificaveritis
1814 2629 1942 2677 idolis,
1971 2634 2011 2669 et

109 2697 373 2753 peccaveritis
397 2697 594 2738 Domino:
621 2702 663 2737 et
686 2709 769 2737 non
794 2695 1002 2736 audieritis
1028 2708 1171 2736 vocem
1195 2693 1373 2739 Domini,
1402 2697 1442 2733 et
1466 2692 1508 2732 in
1531 2691 1628 2743 lege,
1656 2694 1697 2730 et
1720 2690 1762 2729 in
1786 2687 2010 2742 praeceptis,

110 2763 151 2799 et
175 2758 217 2798 in
242 2756 487 2798 testimoniis
514 2756 597 2796 eius
623 2768 705 2796 non
732 2754 1057 2795 ambulaverit-is:
1084 2753 1233 2794 idcirco
1260 2756 1483 2793 evenerunt
1510 2749 1624 2790 vobis
1651 2747 1759 2788 mala
1784 2747 1881 2795 haec,
1909 2746 2015 2787 sicut

110 2822 173 2857 est
200 2816 284 2857 dies
312 2815 409 2856 haec.

214 2876 247 2898 2⁴
266 2874 383 2914 Dixit
404 2878 543 2915 autem
565 2872 755 2914 Ieremias
777 2872 829 2913 ad
850 2885 1011 2913 omnem
1033 2870 1242 2924 populum,
1267 2875 1308 2911 et
1329 2869 1381 2910 ad
1402 2868 1610 2909 universas
1631 2864 1835 2905 mulieres:
1858 2864 2009 2905 Audite

111 2934 281 2975 verbum
307 2932 473 2973 Domini
498 2932 628 2973 omnis
656 2931 770 2979 Iuda,
800 2931 868 2983 qui
894 2931 989 2971 estis
1014 2930 1056 2970 in
1082 2929 1205 2970 Terra
1228 2928 1415 2982 AEgypti:
1469 2928 1500 2950 25
1528 2925 1625 2965 Haec
1651 2923 1785 2977 inquit
1810 2923 2010 2964 Dominus

111 2992 363 3033 exercituum
390 2990 501 3030 Deus
531 2990 665 3034 Israel,
696 2990 850 3030 dicens:
880 2989 973 3031 Vos.
1004 2994 1046 3029 et
1072 3000 1218 3029 uxores
1246 2994 1393 3027 vestrae
1418 2983 1543 3026 locuti
1573 2982 1667 3023 estis
1696 2995 1762 3023 ore
1791 2987 1939 3025 vestro,
1970 2987 2010 3022 et

112 3051 300 3091 manibus
324 3049 469 3090 vestris
491 3048 700 3102 implestis,
727 3048 924 3088 dicentes:
949 3047 1163 3087 Faciamus
1187 3052 1287 3087 vota
1310 3050 1460 3091 nostra,
1488 3054 1578 3095 quae
1600 3041 1800 3089 vovimus,
1826 3046 1872 3081 ut
1896 3040 2014 3080 sacri-

114 3109 278 3150 ficemus
292 3108 439 3161 reginae
452 3107 548 3153 caeli,
564 3112 606 3147 et
618 3106 791 3147 libemus
806 3106 840 3147 ei
853 3105 1061 3147 libamina.
1078 3105 1274 3158 implestis
1290 3109 1389 3144 vota
1400 3107 1547 3147 vestra,
1562 3105 1603 3140 et
1618 3112 1737 3152 opere
1751 3098 2014 3152 perpetrastis

114 3181 171 3209 ea.
228 3169 263 3192 ²⁶
293 3167 388 3207 Ideo
418 3165 557 3206 audite
585 3165 756 3205 verbum
776 3164 943 3205 Domini
971 3164 1101 3205 omnis
1132 3163 1246 3206 Iuda.
1289 3162 1356 3215 qui
1393 3158 1591 3201 habitatis
1619 3158 1661 3198 in
1683 3158 1805 3198 Terra
1827 3157 2012 3210 AEgypti:

115 3226 219 3267 Ecce
246 3239 317 3279 ego
345 3225 476 3265 iuravi
502 3225 544 3265 in
570 3223 733 3264 nomine
759 3236 849 3264 meo
877 3236 1037 3276 magno.
1068 3222 1124 3263 ait
1152 3221 1370 3262 Dominus:
1401 3219 1497 3272 quia
1522 3229 1784 3270 nequaquam
1812 3216 1920 3257 ultra
1946 3228 2015 3256 vo-

116 3285 275 3325 cabitur
302 3297 450 3325 nomen
478 3296 614 3323 meum
642 3295 693 3322 ex
721 3294 787 3323 ore
816 3282 946 3322 omnis
974 3281 1050 3321 viri
1080 3280 1217 3329 Iudaei,
1248 3278 1436 3320 dicentis:
1467 3276 1581 3317 Vivit
1607 3275 1808 3316 Dominus
1836 3275 1946 3315 Deus
1974 3273 2013 3313 in

247 3410 300 3451 44,
325 3410 364 3442 11
391 3411 477 3443 aAm
501 3410 531 3450 9,
556 3411 587 3443 4.

2026 1514 2185 1554 pertinaces

2024 1557 2186 1611 idolciiiatria

2057 2217 2135 2247 prius
2151 2223 2166 2241 a

2038 2252 2188 2283 propheta,

2065 2863 2167 2888 deinde

2056 2899 2094 2923 ab
2115 2899 2175 2929 ipso

2046 2934 2107 2959 Deo
2128 2940 2186 2959 cor-

2039 2969 2193 3000 ripiuutur.
