2356 3760
160 103 212 143 vo,
239 103 379 143 13-71,
406 103 448 136 20
968 103 1254 137 PsALMorzrssn
1977 112 2052 151 523

163 199 193 222 ¹³
214 197 538 243 Confundantur,
583 202 624 237 et
654 195 845 237 deficiant
876 195 1135 236 detrahentes
1168 197 1312 238 animae
1343 210 1458 238 meae:
1545 199 1777 251 operiantur
1807 203 2049 247 confusione,

424 261 465 296 et
493 255 646 309 pudore
677 254 745 308 qui
775 259 963 307 q11aer11nt
991 254 1100 295 mala
1128 255 1237 296 mihi.

162 316 192 338 ¹⁴
214 314 299 368 Ego
330 320 468 355 autem
497 325 654 366 semper
681 312 870 365 sperabo:
954 318 994 353 et
1023 313 1207 353 adiiciam
1238 327 1357 367 super
1385 327 1545 356 omnem
1573 314 1735 356 laudem
1764 321 1889 359 tuam.

163 421 193 443 ¹⁵
214 419 269 460 Os
300 432 434 459 meum
467 416 733 458 annunciabit
763 416 962 457 iustitiam
993 422 1127 457 tuam:
1221 422 1312 458 tota
1341 418 1403 459 die
1434 419 1610 460 salutare
1641 425 1770 461 tuum.
1856 421 2053 469 Quoniam
2066 438 2250 461 eruum-21⁷1·

423 489 505 517 non
534 475 705 529 cognovi
732 474 1020 521 litteraturam,
2091 467 2227 490 ¹³³¹¹²¹'”‘'·

163 538 197 559 ¹⁶
215 536 390 577 introibo
420 536 461 576 in
490 534 696 588 potentias
725 533 909 574 Domini:
992 534 1167 575 Domine
1196 536 1452 576 memorabor
1480 536 1645 576 iustitiae
1674 542 1755 578 tuae
1784 538 1916 579 solius.

163 597 196 618 ¹⁷
214 595 324 635 Deus
348 594 522 635 docuisti
544 606 608 633 me
632 606 656 633 a
678 592 892 633 iuventute
915 606 1023 633 mea:
1107 598 1149 634 et
1171 606 1298 646 usque
1321 607 1428 634 nunc
1451 595 1727 647 pronunciabo
1752 596 1951 636 mirabilia
1973 601 2056 637 tua.

164 655 198 677 ¹⁸
215 653 271 694 Et
295 666 423 706 usque
446 653 488 693 in
512 656 718 693 senectam
743 656 784 692 et
808 651 982 692 senium:
1012 651 1122 692 Deus
1146 665 1196 692 ne
1221 651 1475 705 derelinquas
1499 666 1574 701 me,
1654 653 1792 694 Donec
1818 655 2057 695 annunciem

426 710 636 752 brachium
666 715 785 751 tuum
813 710 1064 764 generationi
1094 710 1215 757 omni,
1249 723 1339 764 quae
1367 716 1542 751 Ventura
1570 716 1648 752 est:

215 770 449 812 Potentiam
470 775 598 819 tuam⁷
657 770 692 793 ¹⁹
715 774 756 810 et
785 769 985 810 iustitiam
1012 774 1128 810 tuam
1218 769 1328 810 Deus
1359 782 1486 822 usque
1516 769 1557 810 in
1588 769 1794 815 altissima,
1822 783 1910 823 quae
1932 771 2061 811 fecisti

424 828 647 882 magnalia:
731 828 841 869 Deus
872 828 960 881 quis
989 828 1128 869 similis
1157 828 1257 869 tibi?

164 890 200 913 ²⁰
217 888 402 937 Quantas
423 887 638 929 ostendisti
657 886 756 927 mihi
776 886 1060 928 tribulationes
1080 886 1243 936 multas,
1266 892 1307 928 et
1326 886 1473 927 malas:
1548 891 1589 928 et
1609 900 1825 928 conversus
1847 887 2062 928 vivificasti

426 960 508 987 me:
592 950 633 987 et
662 946 711 987 de
741 945 896 999 abyssis
926 951 1043 987 terrae
1070 945 1218 986 iterum
1247 945 1445 986 reduxisti
1473 958 1556 986 me:

164 1008 195 1030 2¹
216 1005 498 1060 Multiplicasti
526 1004 872 1059 magnificentiam
902 1010 1036 1045 tuam:
1121 1010 1162 1046 et
1191 1017 1408 1047 conversus
1438 1004 1669 1046 consolatus
1699 1018 1739 1046 es
1769 1017 1844 1046 me.

164 1066 196 1089 22
218 1065 324 1106 Nam
356 1071 397 1106 et
427 1077 499 1118 ego
531 1064 756 1106 confitebor
786 1063 861 1104 tibi
892 1064 932 1104 in
964 1064 1070 1104 vasis
1103 1063 1249 1118 psalmi
1280 1063 1495 1104 Veritatem
1528 1069 1662 1104 tuam:
1694 1063 1805 1104 Deus
1892 1063 2063 1117 psallam

427 1123 503 1164 tibi
531 1123 572 1164 in
602 1123 770 1171 cithara,
803 1128 967 1163 sanctus
999 1122 1133 1164 Israel.

164 1184 197 1208 2³
217 1182 480 1224 Exultabunt
507 1182 618 1223 labia
645 1195 737 1223 mea
766 1195 858 1222 cum
889 1187 1107 1223 cantavero
1138 1181 1232 1222 tibi:
1319 1186 1359 1222 et
1390 1180 1527 1221 anima
1556 1193 1658 1228 mea,
1692 1193 1815 1234 quam
1845 1180 2061 1222 redemisti.

164 1243 197 1266 ²⁴
217 1241 297 1283 Sed
317 1248 358 1283 et
376 1241 516 1295 lingua
534 1254 626 1282 mea
645 1246 737 1282 tota
756 1240 820 1281 die
840 1241 1108 1282 meditabitur
1127 1239 1327 1281 iustitiam
1347 1244 1481 1280 tuam:
1554 1253 1646 1280 cum
1667 1238 1822 1280 confusi
1843 1244 1883 1280 et
1902 1238 2064 1280 reveriti

427 1300 580 1342 fuerint
610 1300 678 1354 qui
708 1305 896 1353 quaerunt
925 1299 1036 1340 mala
1063 1298 1173 1340 mihi.

785 1415 830 1454 71
845 1413 952 1464 (72).
983 1413 1188 1454 Precatio
1220 1423 1306 1464 pro
1337 1423 1464 1464 rege.

271 1502 286 1524 ¹
315 1499 512 1543 Psalmus.
547 1498 594 1539 In
623 1498 894 1540 Salomonem.
927 1497 1081 1538 LXXI.

187 1605 329 1646 ²Deus
357 1604 551 1645 iudicium
580 1608 699 1644 tuum
726 1603 809 1657 regi
837 1603 906 1644 da:
989 1608 1030 1643 et
1058 1602 1256 1643 iustitiam
1286 1606 1401 1642 tuam
1430 1601 1509 1642 filio
1538 1600 1657 1654 regis:
2082 1600 2262 1665 pfflffigffffiestff

221 1664 404 1705 Iudicare
433 1662 630 1717 populum
660 1667 778 1703 tuum
809 1662 849 1703 in
879 1662 1045 1705 iustitia,
1131 1666 1172 1702 et
1200 1673 1397 1714 pauperes
1426 1666 1518 1701 tuos
1548 1660 1589 1700 in
1617 1659 1776 1700 iudicio.
2243 1654 2273 1665 ''

186 1723 452 1776 3Suscipiant
481 1726 641 1763 montes
671 1734 812 1775 pacem
843 1720 1012 1774 populo:
1098 1726 1138 1760 et
1168 1719 1286 1761 colles
1316 1719 1528 1760 iustitiam.

187 1781 427 1822 ⁴Iudicabit
463 1793 661 1835 pauperes
699 1780 850 1834 populi,
929 1785 971 1820 et
1005 1779 1139 1820 salvos
1176 1779 1299 1819 faciet
1336 1778 1437 1819 filios
1475 1790 1719 1831 pauperum:
1759 1781 1800 1817 et
1837 1775 2070 1817 humiliabit

430 1839 779 1881 calumniatorem.

187 1902 202 1925 ⁵
221 1900 276 1941 Et
308 1898 565 1953 permanebit
598 1911 692 1939 cuni
721 1898 822 1946 Sole,
908 1902 949 1939 et
983 1903 1078 1938 ante
1111 1897 1283 1945 Lunam,
1315 1896 1356 1937 in
1388 1895 1647 1949 generatione
1680 1899 1721 1936 et
1752 1894 2066 1947 generationem.

188 1958 451 1999 ⁶Descendet
482 1958 588 1999 sicut
617 1956 759 2010 pluvia
788 1957 830 1997 in
858 1955 1003 1997 vellus:
1085 1961 1126 1996 et
1157 1955 1262 1996 sicut
1293 1955 1498 1996 stillicidia
1526 1953 1723 1997 stillantia
1753 1965 1873 2006 super
1903 1957 2066 1993 terram.

189 2017 385 2059 ⁷Orietur
416 2017 458 2058 in
491 2016 633 2057 diebus
666 2016 750 2057 eius
782 2015 951 2059 iustitia,
1035 2020 1076 2055 et
1109 2014 1366 2055 abundantia
1397 2013 1525 2067 pacis:
1561 2013 1687 2054 donec
1721 2011 1928 2052 auferatur
1959 2010 2067 2052 luna.

188 2124 204 2147 ⁸
221 2122 277 2164 Et
301 2122 581 2164 dominabitur
605 2134 630 2162 a
652 2120 755 2162 mari
780 2133 908 2173 usque
933 2120 985 2161 ad
1009 2132 1139 2160 mare:
1209 2125 1250 2160 et
1275 2132 1299 2159 a
1325 2118 1491 2159 flumine
1516 2130 1643 2171 usque
1669 2117 1721 2158 ad
1746 2116 1939 2158 terminos
1963 2115 2069 2157 orbis
2104 2113 2243 2174 tffigffig]

430 2187 643 2222 terrarum.
2089 2185 2260 2214 dominetur,

189 2242 204 2265 ⁹
221 2240 367 2282 Coram
396 2239 463 2281 illo
494 2239 708 2293 procident
738 2237 967 2292 AEthiopes:
1053 2242 1094 2278 et
1123 2237 1275 2277 inimici
1305 2237 1388 2277 eius
1418 2240 1569 2277 terram
1598 2235 1766 2288 lingent.

169 2301 205 2324 ¹⁰
223 2299 352 2353 Reges
391 2298 573 2347 Tharsis‚
615 2303 656 2339 et
692 2296 833 2338 insulae
868 2309 1039 2337 munera
1075 2296 1264 2337 offerent:
1355 2307 1465 2348 reges
1502 2294 1704 2341 Arabum,
1744 2298 1785 2333 et
1820 2292 1929 2334 Saba
1964 2292 2072 2333 dona

430 2357 654 2398 adducent:

170 2419 201 2442 11
221 2417 278 2458 Et
306 2417 539 2458 adorabunt
566 2428 659 2457 eum
687 2428 827 2457 omnes
854 2427 965 2468 reges
994 2420 1128 2455 terrae:
1211 2425 1351 2455 omnes
1377 2417 1517 2466 gentes
1545 2411 1722 2452 servient
1750 2410 1802 2451 ei:

170 2478 201 2500 12
222 2475 328 2525 Quia
352 2474 544 2516 liberabit
571 2487 792 2528 pauperem
821 2487 845 2514 a
870 2478 1058 2527 potente:
1141 2478 1181 2513 et
1208 2484 1441 2526 pauperem,
1472 2470 1535 2511 cui
1563 2483 1644 2512 non
1672 2474 1758 2510 erat
1787 2468 1958 2509 adiutor.

170 2537 202 2560 ¹³
222 2535 369 2576 Parcet
394 2533 566 2588 pauperi
592 2538 634 2574 et
660 2533 789 2587 inopi:
872 2537 913 2573 et
940 2532 1096 2573 animas
1124 2543 1351 2585 pauperum
1379 2530 1512 2571 salvas
1540 2529 1672 2570 faciet.

171 2595 201 2618 ¹⁴¹
222 2593 287 2635 Ex
314 2593 445 2635 usuris
475 2598 516 2634 et
543 2592 762 2646 iniquitate
790 2591 963 2633 redimet
992 2591 1147 2632 animas
1177 2603 1334 2632 eorum:
1418 2594 1460 2630 et
1489 2586 1725 2630 honorabile
1756 2599 1904 2627 nomen
1933 2597 2070 2627 eorum

432 2664 569 2694 coram
596 2650 676 2693 illo.

170 2713 201 2736 ¹⁵
221 2711 278 2753 Et
305 2711 431 2760 vivet,
463 2716 505 2752 et
534 2709 701 2752 dabitur
728 2709 764 2751 ei
793 2710 842 2751 de
872 2721 969 2751 auro
999 2709 1171 2757 Arabiae,

222 2776 264 2812 et
291 2770 524 2812 adorabunt
551 2770 601 2811 de
627 2769 714 2823 ipso
743 2781 917 2822 semper:
947 2772 1040 2809 tota
1066 2768 1129 2809 die
1157 2766 1398 2808 benedicent
1425 2765 1471 2806 ei.

170 2877 205 2900 ¹⁶
222 2875 278 2916 Et
306 2875 382 2916 erit
409 2875 715 2916 firmamentum
744 2873 786 2915 in
814 2879 924 2915 terra
950 2873 992 2915 in
1021 2872 1189 2915 summis
1217 2872 1433 2919 montium,
2085 2869 2278 2929 ageffiffissgc-

222 2933 562 2988 superextolletur
599 2945 720 2987 super
749 2933 953 2974 Libanum
983 2932 1140 2973 fructus
1172 2931 1274 2972 eius:
1362 2935 1403 2971 et
1445 2927 1648 2970 florebunt
1678 2926 1727 2967 de
1758 2924 1926 2967 civitate
1967 2924 2071 2965 sicut
2145 2913 2204 2969 t‘ur}

430 2992 589 3033 foenum
617 2997 745 3033 terrae.

171 3053 205 3076 ¹⁷
222 3051 285 3093 Sit
308 3064 457 3093 nomen
481 3051 565 3092 eius
588 3050 850 3092 benedictum
874 3050 915 3091 in
939 3049 1102 3091 saecula:
1187 3053 1282 3089 ante
1306 3046 1438 3089 Solem
1462 3048 1675 3099 permanet
1698 3056 1846 3084 nomen
1870 3042 1965 3083 eius.

223 3110 279 3151 Et
300 3110 592 3151 benedicentur
613 3109 656 3150 in
674 3109 762 3163 ipso
783 3122 922 3151 omnes
945 3109 1076 3150 tribus
1098 3113 1233 3149 terrae:
1299 3117 1437 3148 omnes
1458 3108 1598 3158 gentes
1620 3101 1942 3156 magnificabunt
1965 3112 2069 3141 eum.

171 3217 205 3240 ¹⁸
224 3215 468 3256 Benedictus
496 3214 698 3256 Dominus
726 3214 837 3255 Deus
868 3213 1003 3263 Israel,
1088 3213 1158 3267 qui
1185 3211 1285 3252 facit
1312 3208 1514 3250 mirabilia
1542 3207 1667 3249 solus:
2102 3203 2243 3231 ¹²0-r0‘012'12

2127 3238 2219 3263 ulle‘l'tt,

171 3276 205 3299 ¹⁹
222 3274 279 3315 Et
308 3273 570 3315 benedictum
599 3286 749 3314 nomen
781 3272 1008 3314 maiestatis
1039 3271 1123 3313 eius
1153 3271 1195 3311 in
1225 3275 1441 3311 aeternum:
1530 3271 1571 3308 et
1606 3265 1827 3319 replebitur
1856 3263 2069 3304 maiestate

432 3333 516 3374 eius
545 3331 676 3374 omnis
705 3336 831 3372 terra:
861 3331 946 3380 fiat,
978 3330 1063 3372 fiat.

2137 3418 2206 3442 finis.

169 3439 205 3462 2⁰
221 3437 469 3478 Defecerunt
495 3436 636 3478 laudes
663 3436 801 3477 David
829 3435 900 3476 filii
930 3435 1047 3477 Iesse.
