2356 3760
299 172 377 213 374
1147 167 1293 200 LIBER
1320 167 1365 201 11.
2017 171 2048 211 8,
2074 172 2171 214 1--9,
2195 172 2215 205 5

581 263 679 313 ΙΙΙ.
719 262 997 313 Felicitas
1037 262 1202 327 regni
1245 261 1577 315 Salomonii.
1616 261 1667 315 8.
1696 261 1844 324 1—9,
1872 263 1949 314 31.

768 352 805 392 1.
837 351 1173 404 Dispositiones
1203 352 1344 392 variae
1377 353 1518 404 regis,
1547 354 1587 403 8,
1608 353 1753 395 1—18.

124 424 260 485 *¹2¹3mt‘0
402 424 439 466 8.
496 426 506 448 ¹
546 423 732 477 Expletis
774 428 931 463 aautem
969 422 1114 472 viginti
1152 423 1268 463 annis
1304 428 1524 476 postquam
1562 424 1782 465 aedificavit
1817 425 2009 467 Salomon
2046 427 2212 469 domum

124 497 227 521 auc-,un
229 483 461 525 r,D0111i11i
492 489 533 524 et
561 483 728 523 domum
758 495 892 522 suam:
950 483 964 505 2
993 481 1194 527 civitates,
1227 495 1328 535 quas
1356 483 1527 523 dederat
1557 482 1700 524 Hiram
1729 483 1949 533 Salomoni,
1980 485 2212 535 aedificavit,

297 548 337 583 et
360 542 546 582 1101111110
572 542 625 581 ibi
649 541 746 581 ferit.
770 540 872 581 filios
902 539 1032 581 lsrael.
1085 544 1100 564 ³³
1123 540 1237 581 Abiit
1262 554 1423 594 quoque
1446 541 1487 581 in
1513 540 1665 583 Emath
1690 543 1813 590 Suba,
1840 547 1881 583 et
1904 544 2086 585 obtinuit
2109 557 2211 586 eam.

296 604 310 625 ⁴
338 600 392 641 Et
421 600 638 641 aedificavit
667 599 886 640 Pahniram
917 599 959 640 in
987 599 1159 643 deserto,
1190 604 1231 640 et
1259 599 1358 639 alias
1386 600 1576 640 civitates
1603 602 1899 642 munitissimas
1926 603 2147 644 aedificavit
2174 604 2215 644 in

297 660 462 701 Emath.
525 661 539 683 ⁵
573 658 853 712 Extruxitque
889 658 1096 699 Bethoron
1131 658 1391 711 superiorem,
1427 664 1469 699 ct
1503 659 1711 701 Bethoron
1747 661 1989 711 inferiorem,
2025 662 2215 703 civitates

299 724 481 759 muratas
514 718 712 759 habentes
744 722 885 771 portas
918 722 959 758 et
991 723 1127 758 vectes
1159 722 1200 757 et
1232 730 1357 758 seras:
1436 719 1451 741 ⁶
1485 718 1661 759 Balaath
1694 719 1818 760 etiam
1851 725 1893 761 et
1924 733 2064 762 omnes
2096 722 2215 762 urbes

300 778 558 826 111-0113310103,
602 790 692 831 quae
730 777 897 817 fuerunt
935 775 1176 822 Salomonis,
1218 781 1470 830 cunctasque
1509 777 1628 817 urbes
1669 779 1972 831 quadrigarum,
2015 785 2057 820 et
2094 780 2214 822 urbes

297 837 495 890 equitum.
517 836 655 877 onmia
673 849 940 889 quaecumque
959 834 1091 876 voluit
1108 835 1301 876 Salomon
1321 840 1446 889 atque
1465 836 1678 889 disposuit,
1699 837 1918 879 aedifieavit
1936 838 1975 879 in
1997 838 2214 880 Ierusalem

297 902 336 936 et
365 896 404 936 in
431 895 601 941 Libano,
630 900 671 935 et
696 895 737 936 in
764 895 955 936 universa
981 899 1090 935 terra
1115 894 1335 947 potestatis
1361 908 1453 935 suae.

109 967 280 1006 ²¹¹'.¹¹¹¹f¹¹''¹¹’⁵
408 967 420 989 ⁷
445 968 617 1006 Omnem
642 964 852 1019 populum,
879 965 947 1018 qui
970 964 1186 1005 derelictus
1208 965 1345 1006 fuerat
1367 965 1416 1005 de
1441 965 1635 1013 Hethaeis,
1660 971 1702 1007 et
1724 966 1981 1015 Amorrhaeis,
2007 974 2049 1009 et
2069 968 2215 1009 Phere-

154 1006 234 1028 ¹³⁰¹¹'
299 1025 400 1071 zaeis,
429 1029 469 1065 et
495 1024 669 1067 Hevaeis,
697 1028 738 1064 et
764 1024 967 1069 Iebusaeis,
997 1024 1065 1077 qui
1090 1036 1172 1065 non
1198 1028 1315 1065 erant
1340 1024 1389 1064 de
1414 1024 1539 1077 stirpe
1568 1025 1703 1073 Israel,
1759 1026 1774 1050 ⁸
1799 1026 1848 1066 de
1874 1026 1963 1067 filiis
1989 1040 2148 1068 eorum:
2175 1032 2216 1068 et

299 1085 347 1125 de
375 1083 558 1137 posteris,
589 1096 690 1136 quos
718 1095 799 1123 non
826 1083 1117 1123 interfecerant
1144 1083 1214 1123 filii
1243 1082 1379 1131 lsrael,
1409 1083 1646 1136 subiugavit
1672 1083 1865 1126 Salomon
1893 1085 1933 1125 in
1962 1086 2212 1132 tributarios,

298 1157 426 1197 usque
455 1143 495 1183 in
527 1142 633 1183 diem
664 1142 780 1183 11000.

112 1212 276 1274 cgsljssfflffiss
407 1216 422 1237 ⁹
448 1213 572 1254 Porro
598 1212 647 1253 de
673 1211 764 1252 filiis
791 1212 913 1253 Israel
938 1226 1019 1253 1100
1045 1213 1183 1266 posuit
1208 1217 1255 1253 ut
1280 1212 1478 1253 servirent
1504 1213 1693 1267 operibus
1717 1214 1838 1267 regis:
1866 1215 1941 1280 ipsi
1966 1215 2073 1256 enim
2100 1220 2217 1257 erant

302 1272 375 1312 viri
396 1271 624 1315 bellatores
647 1276 689 1312 et
708 1271 830 1312 duces
849 1271 980 1325 primi
1003 1277 1045 1312 et
1063 1272 1266 1325 principes
1286 1271 1576 1325 quadrigarum
1598 1277 1639 1313 et
1658 1273 1844 1326 equitum
1865 1274 1960 1315 eius.
2010 1276 2046 1299 ¹⁰
2064 1274 2216 1316 Omnes

300 1337 437 1372 autem
479 1331 681 1384 plincipes
722 1331 923 1371 exercitus
964 1331 1066 1384 regis
1106 1331 1336 1372 Salomonis
1376 1331 1544 1371 fuerunt
1584 1332 1750 1372 ducenti
1792 1332 2105 1386 quinquaginta,
2148 1333 2216 1387 qui

298 1390 541 1431 erudiebant
570 1389 780 1443 populum.

111 1466 278 1519 mufiflflssssssffssm
406 1463 435 1485 ¹¹
463 1460 606 1501 Filiam
636 1473 731 1501 vero
759 1460 984 1501 Pharaonis
1011 1460 1226 1502 transtulit
1251 1461 1301 1502 de
1327 1460 1504 1502 Civitate
1532 1461 1669 1502 David
1695 1461 1735 1501 in
1763 1461 1943 1511 domum,
1974 1475 2097 1516 quam
2124 1462 2217 1503 aedi-

121 1530 271 1558 transfvrt.
302 1520 497 1561 ficaverat
522 1520 568 1561 ei.
596 1519 713 1560 Dixit
737 1519 844 1560 enim
869 1532 957 1559 rex:
986 1519 1077 1561 Non
1102 1520 1311 1560 habitabit
1334 1532 1438 1560 uxor
1461 1532 1553 1560 mea
1576 1520 1617 1560 in
1642 1520 1764 1561 domo
1789 1521 1927 1562 David
1952 1521 2054 1575 regis
2080 1521 2215 1569 Israel,

299 1593 344 1621 eo
374 1580 484 1633 quod
510 1578 769 1619 sanctificata
794 1578 864 1618 sit:
895 1578 992 1632 quia
1017 1578 1197 1632 ingressa
1222 1584 1284 1619 est
1310 1579 1350 1619 in
1378 1592 1467 1619 eam
1496 1592 1590 1619 arca
1614 1579 1793 1621 Domini.

111 1651 279 1712 hvgffltffiffl
406 1652 436 1674 ¹2
460 1650 572 1689 Tunc
596 1648 748 1690 obtulit
769 1649 963 1690 Salomon
985 1648 1227 1690 holocausta
1247 1649 1425 1690 Domino
1449 1662 1569 1703 super
1592 1649 1720 1690 altare
1742 1650 1922 1699 Domini,
1948 1650 2059 1704 quod
2081 1655 2218 1692 extru-

237 1707 242 1715 '
300 1714 416 1749 xerat
448 1714 544 1749 ante
575 1708 792 1762 porticum,
853 1710 885 1733 13
916 1713 964 1749 ut
994 1721 1066 1761 per
1097 1707 1276 1761 singulos
1307 1708 1392 1749 dies
1424 1708 1638 1749 offerretur
1668 1709 1709 1750 in
1742 1722 1787 1750 eo
1819 1709 1938 1750 iuxta
1967 1714 2218 1763 praeceptum

300 1767 431 1822 Moysi
456 1768 497 1808 in
521 1767 705 1809 sabbatis
731 1772 772 1808 et
795 1767 837 1808 in
863 1766 1052 1816 calendis,
1080 1772 1122 1808 et
1145 1767 1187 1807 in
1212 1766 1326 1808 festis
1351 1766 1506 1815 diebus,
1535 1772 1597 1807 ter
1620 1780 1692 1820 per
1716 1781 1883 1817 annum,
1909 1768 1952 1809 id
1976 1773 2049 1817 est,
2076 1769 2117 1809 in
2142 1768 2218 1810 sol-

299 1826 513 1868 lemnitate
540 1839 790 1880 azymorum,
819 1832 861 1867 et
886 1826 927 1867 in
953 1826 1229 1867 sollemnitate
1255 1826 1623 1875 hebdomadarum,
1651 1830 1693 1867 et
1717 1826 1759 1867 in
1785 1826 2060 1868 sollemnitate
2086 1827 2219 1868 taber-

301 1886 550 1927 naculorum.

117 1956 276 1980 111111151911*
408 1959 438 1981 14
470 1957 525 1997 Et
564 1956 781 1997 constituit
819 1956 938 1997 iuxta
975 1956 1286 2021 dispositionem
1326 1955 1464 1997 David
1503 1956 1633 2009 patris
1677 1955 1739 1996 sui
1778 1954 1913 1996 officia
1951 1955 2219 1997 Sacerdotum

105 1991 310 2053 izaic‘fflxiigu
303 2030 342 2057 111
382 2015 616 2056 ministeliis
658 2015 757 2056 suis:
803 2020 845 2056 et
878 2015 1044 2056 Levitas
1086 2015 1127 2056 in
1167 2015 1309 2056 ordine
1351 2027 1444 2065 suo,
1489 2019 1535 2056 ut
1576 2014 1812 2063 laudarent,
1857 2019 1898 2055 et
1938 2014 2220 2056 ministrarent

132 2069 261 2127 orgum
303 2088 439 2116 001010
473 2075 762 2116 Sacerdotibus
797 2074 916 2115 iuxta
949 2075 1075 2115 ritum
1103 2074 1422 2127 uniuscuiusque
1450 2074 1547 2114 diei:
1586 2078 1627 2114 et
1655 2073 1849 2114 ianitores
1878 2073 1920 2114 in
1952 2073 2219 2116 divisionibus

300 2135 382 2175 suis
417 2147 488 2187 per
522 2138 685 2187 portam
726 2138 767 2174 et
804 2138 987 2188 portam:
1030 2133 1086 2174 sic
1127 2133 1234 2174 enim
1274 2138 1524 2187 praeceperat
1563 2133 1702 2173 David
1741 2132 1864 2173 horno
1904 2133 1992 2174 Dei.
2063 2135 2094 2158 ¹⁵
2135 2134 2219 2174 Nee

301 2193 572 2248 praetergressi
611 2197 708 2233 sunt
747 2193 797 2234 de
838 2192 1046 2234 mandatis
1086 2192 1190 2246 regis
1229 2197 1315 2233 tam
1354 2192 1614 2241 Sacerdotes,
1658 2204 1781 2245 quam
1813 2191 1969 2232 Levitae
2009 2205 2058 2233 ex
2090 2192 2219 2234 omni-

301 2253 397 2302 bus,
441 2266 531 2306 quae
570 2256 831 2306 praeceperat,
871 2256 912 2292 et
951 2252 993 2292 in
1031 2251 1227 2292 custodiis
1264 2251 1563 2292 thesaurorum.
1624 2252 1659 2275 ¹⁶
1688 2250 1840 2292 Omnes
1876 2250 2082 2304 impensas
2118 2264 2219 2305 prae-

301 2316 468 2366 paratas
507 2311 653 2352 habuit
691 2310 885 2353 Salomon
927 2324 976 2351 ex
1014 2324 1059 2352 eo
1099 2311 1184 2359 die,
1235 2323 1314 2364 quo
1358 2310 1553 2351 fundavit
1595 2310 1764 2350 domum
1801 2309 1968 2351 Domini
2008 2323 2135 2364 usque
2178 2311 2218 2351 in

302 2372 421 2420 diem,
453 2384 532 2425 quo
560 2370 730 2424 perfecit
757 2383 858 2411 eam.

139 2440 259 2501 ξξζῗζξξῃ
412 2443 444 2465 ¹⁷
476 2442 589 2482 Tune
627 2440 728 2481 abiit
757 2440 950 2482 Salomon
987 2441 1029 2481 in
1058 2440 1330 2494 Asiongaber,
1371 2445 1413 2481 et
1442 2440 1484 2480 in
1513 2439 1655 2480 Ailath
1694 2439 1746 2480 ad
1784 2451 1897 2480 oram
1932 2439 2055 2480 Maris
2093 2440 2217 2489 rubri,

247 2495 251 2500 ’
306 2514 396 2554 quae
425 2505 486 2541 est
522 2500 563 2540 in
596 2500 718 2540 Terra
747 2500 894 2541 Edom.
954 2501 989 2524 ¹⁸
1017 2499 1131 2541 Misit
1171 2504 1310 2541 autem
1340 2499 1375 2540 ei
1406 2498 1550 2539 Hiram
1589 2511 1661 2552 per
1697 2511 1845 2539 manus
1882 2511 2092 2540 servorum
2129 2512 2220 2541 suo-

302 2573 393 2601 rum
433 2572 571 2608 naves,
615 2564 655 2599 et
697 2564 846 2599 nautas
886 2572 1034 2613 gnaros
1075 2559 1219 2608 maris,
1267 2563 1310 2599 et
1350 2558 1541 2599 abierunt
1590 2571 1683 2598 cum
1731 2557 1857 2598 servis
1903 2557 2131 2599 Salomonis
2178 2558 2219 2599 in

303 2618 444 2673 Ophir,
484 2618 749 2671 tuleruntque
778 2618 872 2659 inde
903 2618 1205 2672 quadringenta
1236 2617 1539 2671 quinquaginta
1576 2616 1736 2658 talenta
1772 2616 1871 2665 auri,
1911 2621 1953 2658 et
1989 2616 2220 2658 attulerunt

307 2679 359 2720 ad
389 2690 523 2731 regem
553 2676 827 2719 Salomonem.

805 2783 843 2822 2.
873 2781 1110 2822 Adventus
1141 2782 1316 2833 reginae
1347 2780 1485 2832 Saba,
1513 2781 1552 2832 9,
1572 2781 1724 2821 1—12.

143 2854 183 2878 ¹¹
159 2853 253 2913 3⁰3}ss
406 2853 444 2897 9.
502 2856 513 2877 ¹
538 2853 696 2906 Regina
722 2858 904 2918 bquoque
927 2853 1046 2902 Saba,
1072 2866 1165 2894 cum
1188 2853 1370 2893 audisset
1390 2853 1545 2892 famam
1568 2851 1808 2901 Salomonis,
1833 2851 1948 2892 venit
1969 2856 2017 2893 ut
2038 2855 2221 2893 tentaret

134 2926 157 2948 t
158 2925 261 2953 mans
303 2926 395 2953 eum
424 2913 464 2953 in
493 2912 779 2977 aenigmatibus
807 2911 848 2952 in
878 2911 1111 2961 Ierusalem,
1142 2925 1235 2952 cum
1262 2911 1421 2965 magnis
1449 2911 1595 2965 opibus
1623 2915 1665 2952 et
1692 2910 1867 2959 camelis,
1899 2910 1967 2964 qui
1994 2911 2222 2964 portabant

304 2978 502 3019 aromata,
526 2977 567 3012 et
587 2971 674 3011 auri
695 2970 928 3024 plurimum
951 2984 1215 3024 gemmasque
1234 2971 1446 3024 pretiosas
1469 2970 1654 3024 Cumque
1674 2970 1853 3010 venisset
1873 2969 1925 3010 ad
1945 2968 2217 3019 Salomonem,

303 3031 443 3072 locuta
464 3036 525 3071 est
546 3030 581 3070 01
604 3043 871 3084 quaecumque
893 3036 1009 3070 erant
1032 3031 1072 3071 in
1095 3031 1214 3072 eorde
1237 3043 1321 3071 suo.
1373 3031 1388 3054 2
1410 3029 1465 3070 Et
1488 3029 1678 3083 exposuit
1699 3029 1734 3069 ei
1756 3028 1949 3070 Salomon
1971 3028 2110 3070 onmia
2131 3041 2221 3081 quae

306 3095 590 3143 proposuerat:
621 3102 693 3129 000
723 3089 948 3143 quidquam
977 3089 1067 3137 fuit,
1100 3090 1210 3143 quod
1238 3102 1319 3130 non
1347 3089 1607 3142 perspicuum
1636 3088 1671 3128 ei
1699 3087 1851 3129 fecerit.

127 3158 274 3222 ᾱῗέἓῗῖἶζ,
409 3162 424 3184 ³
454 3160 552 3208 Quae
580 3164 800 3213 postquam
831 3159 947 3207 vidit,
979 3159 1223 3213 sapientiam
1253 3159 1405 3200 scilicet
1433 3158 1674 3206 Salomonis,
1706 3163 1747 3199 et
1775 3158 1943 3199 domum
1974 3170 2097 3210 quam
2127 3157 2221 3198 aedj-

307 3219 512 3266 licaverat,
563 3221 579 3243 1
601 3231 757 3259 necnon
782 3224 823 3259 et
845 3218 998 3259 cibaria
1019 3232 1168 3259 mensae
1191 3218 1286 3264 eius,
1312 3224 1354 3259 et
1375 3217 1615 3259 habitacula
1636 3229 1859 3265 servorum,
1884 3221 1926 3257 et
1948 3216 2083 3257 officia
2104 3216 2221 3257 mini-

306 3283 481 3317 strorum
513 3278 608 3326 eius,
642 3283 683 3318 et
714 3278 962 3318 vestimenta
991 3290 1142 3322 eorum,
1175 3278 1390 3330 pincernas
1421 3289 1583 3330 quoque
1613 3280 1655 3317 et
1684 3280 1818 3317 vestes
1848 3287 1999 3324 eorum,
2033 3280 2074 3316 et
2104 3275 2220 3316 victi-

304 3349 392 3375 mas
420 3349 520 3389 quas
544 3336 788 3377 immolabat
814 3337 854 3376 in
881 3337 1002 3378 domo
1029 3336 1214 3377 Domini:
1245 3350 1324 3377 non
1352 3342 1441 3377 erat
1466 3348 1548 3389 prae
1574 3340 1740 3389 stupore
1766 3334 1876 3375 ultra
1899 3334 1940 3374 in
1967 3346 2015 3374 ea
2040 3334 2218 3387 spiritus.

305 3397 319 3419 ⁵
344 3395 542 3448 Dixitque
567 3397 618 3436 ad
643 3409 794 3449 regem:
822 3396 949 3436 Verus
974 3402 1036 3437 est
1060 3408 1203 3443 sermo,
1232 3408 1351 3449 quem
1378 3395 1587 3436 audieram
1611 3394 1653 3434 in
1677 3399 1787 3434 terra
1808 3406 1901 3434 mea
1923 3393 1973 3434 de
1997 3393 2221 3434 virtutibus

439 3522 470 3565 8,
498 3525 513 3556 1
541 3525 577 3555 :21
606 3523 657 3566 111
682 3524 712 3564 9,
740 3523 789 3557 10.
819 3545 859 3547 -
884 3523 915 3565 9,
946 3525 959 3556 1
987 3525 1023 3556 bi
1053 3523 1105 3567 Rg
1132 3523 1183 3562 10,
1211 3525 1244 3563 1;
1271 3523 1323 3556 Mt
1348 3523 1400 3562 12,
1426 3524 1482 3562 423
1510 3522 1556 3555 Le
1582 3523 1634 3562 11,
1659 3521 1710 3554 31.
