2356 3760
87 993 114 1014 et
134 990 256 1019 glutiam

108 1025 237 1049 divinarn

116 1062 229 1090 petant:

114 1823 231 1851 peccata

101 1864 128 1882 in
149 1863 242 1887 speeie

69 1893 262 1918 confiteantur

288 188 364 229 786
1098 183 1373 218 PROPHETIA
1974 188 2006 227 2,
2032 187 2130 229 3—2,
2155 187 2197 222 35

279 281 319 321 in
347 279 579 324 Ierusalem,
611 278 853 319 33301111(111111
882 290 972 330 quae
997 277 1149 331 scripta
1174 283 1268 318 sunt
1295 277 1336 318 in
1360 278 1445 331 lege
1471 277 1614 331 Moysi.
1668 280 1684 302 ³
1709 282 1755 319 ut
1780 280 2047 322 manducaret
2073 281 2195 322 homo

279 351 418 379 carnes
444 337 514 378 filii
539 337 612 382 sui.
640 342 681 377 et
706 348 845 377 (311133
871 335 962 376 filiae
987 348 1079 376 suae.
1135 338 1149 360 ⁴
1176 336 1230 377 Et
1256 336 1369 377 dedit
1394 350 1460 377 eos
1486 337 1561 377 sub
1588 349 1712 377 manu
1731 349 1878 401 “regum
1904 339 2098 385 011111111111
2128 340 2197 393 qui

279 402 375 437 sunt
406 397 446 437 in
478 396 647 437 circuitu
681 399 819 435 nostro
851 393 892 434 in
923 394 1227 448 improperium
1261 399 1302 435 et
1332 394 1373 435 in
1404 395 1697 436 desolationem
1729 395 1771 436 in
1802 397 1991 438 omnibus
2022 398 2194 452 populis

280 457 319 497 in
342 455 490 521 quibus
512 468 584 495 nos
606 453 796 506 dispersit
816 453 1030 494 Dominus.
1080 455 1096 477 5
1117 453 1173 494 Et
1194 454 1294 494 facti
1315 467 1455 494 sumus
1477 455 1634 501 subtus
1659 459 1700 495 et
1722 467 1802 495 non
1824 468 1965 509 supra:
1990 457 2087 509 quia
2106 471 2197 510 pec-

279 515 462 555 cavimus
487 513 664 554 Domino
689 512 776 552 Deo
802 516 954 556 nostro
982 525 1062 553 non
1088 512 1347 553 obaudiendo
1373 512 1463 554 voci
1488 512 1624 566 ipsius.
1681 514 1696 536 6
1723 512 1921 555 bDomino
1946 514 2033 556 Deo
2058 520 2197 556 nostro

278 573 454 614 iustitia:
480 571 594 612 1101113
617 575 768 615 31113111
793 575 834 610 et
855 570 1042 623 patribus
1064 571 1213 612 nostris
1235 571 1417 613 confusio
1439 571 1569 617 faciei
1593 571 1698 612 sicut
1719 576 1781 612 est
1802 572 1886 613 dies
1908 573 2004 614 haec.
2058 575 2071 597 ⁷
2094 574 2200 622 Quia

279 633 438 673 locutus
468 636 529 671 est
556 629 758 671 Dominus
788 642 909 682 super
936 642 1008 670 nos
1037 630 1176 671 omnia
1203 629 1312 670 mala
1340 630 1435 674 haec,
1468 643 1558 683 quae
1586 635 1788 671 venerunt
1815 644 1936 685 super
1963 645 2054 673 nos:
2114 633 2129 656 ⁸
2158 638 2199 673 et

280 704 359 731 non
398 703 537 730 sumus
576 688 783 742 deprecati
820 688 964 728 faciem
1004 688 1170 729 Domini
1208 689 1284 729 Dei
1322 689 1461 732 nostri.
1502 695 1549 729 ut
1586 694 1882 730 reverteremur
1918 691 2199 744 unusquisque

280 754 465 790 nostrum
495 762 519 788 3
546 747 620 788 viis
649 747 797 788 nostris
826 747 1021 800 pessimis.
1081 749 1096 771 ⁹
1124 747 1180 788 Et
1208 747 1395 801 vigilavit
1422 747 1624 789 Dominus
1651 747 1692 788 in
1720 748 1849 797 malis,
1880 753 1921 789 et
1949 749 2125 790 adduxit
2152 763 2200 790 ea

278 820 399 861 super
418 820 508 848 nos:
541 807 637 860 quia
656 806 786 846 iustus
807 810 868 846 est
887 806 1089 847 Dominus
1109 806 1149 846 in
1170 806 1359 847 omnibus
1380 806 1569 860 operibus
1589 807 1682 855 suis,
1716 820 1805 860 quae
1825 808 2040 848 mandavit
2061 808 2196 849 nobis:

279 869 315 891 ¹⁰
339 872 378 908 et
405 879 485 907 non
512 865 744 906 audivimus
771 877 911 905 vocem
938 864 1063 918 ipsius
1090 869 1137 906 ut
1161 865 1310 906 iremus
1335 865 1377 905 in
1402 865 1615 918 praeceptis
1640 865 1819 913 Domini,
1848 879 1938 920 quae
1963 866 2077 907 dedit
2102 872 2198 907 ante

280 925 423 966 faciem
454 931 648 966 nostram.

387 992 415 1013 ¹¹
446 988 518 1029 ‹Et
539 1001 647 1028 nunc
668 987 843 1028 Domine
866 988 976 1028 Deus
1001 988 1136 1035 Israel,
1162 988 1231 1041 qui
1253 988 1430 1029 eduxisti
1452 988 1649 1042 populum
1673 993 1791 1029 tuum
1814 989 1864 1030 de
1886 990 2010 1030 Terra
2030 990 2199 1044 AEgypti

281 1049 321 1090 in
344 1062 469 1089 manu
493 1047 642 1092 valida.
669 1051 709 1087 et
732 1046 772 1087 in
796 1046 930 1100 signis,
956 1051 998 1087 et
1019 1047 1060 1087 in
1084 1047 1288 1101 prodigiis,
1315 1052 1356 1088 et
1378 1047 1419 1088 in
1443 1047 1597 1088 virtute
1621 1053 1695 1088 tua
1718 1060 1877 1101 magna,
1904 1053 1945 1089 et
1967 1048 2008 1089 in
2033 1048 2198 1090 brachio

278 1107 446 1150 excelso.
468 1112 509 1147 et
527 1105 658 1146 fecisti
677 1105 752 1146 tibi
772 1118 921 1146 nomen
940 1105 1045 1146 sicut
1063 1111 1125 1147 est
1143 1106 1228 1147 dies
1246 1106 1340 1147 iste:
1389 1108 1419 1130 ¹²
1438 1106 1710 1160 peccavimus,
1731 1106 1854 1161 impie
1872 1107 2039 1161 egimus
2060 1107 2199 1161 inique

276 1166 472 1221 gessimus
488 1164 664 1206 Domine
681 1164 792 1204 Deus
809 1169 958 1207 noster.
978 1164 1018 1205 in
1035 1165 1225 1206 omnibus
1242 1164 1408 1206 iustitiis
1426 1165 1518 1206 tuis
1566 1167 1598 1190 13
1614 1165 1842 1206 Avertatur
1856 1165 1917 1206 ira
1932 1170 2006 1207 tua
2022 1179 2046 1207 a
2062 1166 2197 1208 nobis:

278 1226 374 1279 quia
405 1223 585 1265 derelicti
617 1236 756 1264 sumus
788 1223 907 1276 pauci
939 1223 1046 1264 inter
1074 1229 1228 1277 gentes,
1262 1224 1332 1265 ubi
1364 1223 1588 1278 dispersisti
1620 1237 1704 1266 nos.
1766 1226 1797 1249 ¹4
1828 1224 1992 1266 Exaudi
2022 1225 2199 1267 Domine

277 1297 413 1338 preces
441 1288 613 1326 nostras,
644 1287 684 1322 et
712 1282 916 1323 orationes
944 1287 1116 1331 nostras,
1146 1288 1188 1323 et
1214 1283 1316 1324 educ
1343 1296 1415 1324 nos
1443 1287 1610 1337 propter
1636 1287 1695 1323 te:
1725 1288 1766 1324 et
1793 1283 1846 1324 da
1871 1283 1988 1325 nobis
2015 1284 2198 1325 invenire

276 1343 451 1393 gratiam
480 1347 575 1382 ante
600 1341 746 1381 faciem
773 1354 924 1389 eorum,
954 1341 1023 1395 qui
1049 1354 1121 1383 nos
1148 1342 1429 1383 abduxerunt:
1484 1343 1515 1366 ¹⁵
1541 1347 1588 1382 ut
1613 1342 1715 1383 sciat
1740 1342 1871 1383 omnis
1896 1347 2006 1383 terra
2031 1342 2128 1396 quia
2152 1348 2198 1383 tu

276 1415 317 1442 es
339 1401 541 1443 Dominus
563 1401 674 1441 Deus
697 1405 845 1443 noster.
871 1405 912 1441 et
935 1400 1032 1454 quia
1052 1413 1201 1441 nomen
1224 1406 1343 1442 tuum
1365 1401 1605 1442 invocatum
1628 1406 1690 1441 est
1711 1413 1833 1455 super
1855 1400 1991 1447 Israel,
2016 1406 2057 1442 et
2078 1414 2200 1455 super

275 1473 402 1514 genus
431 1459 568 1514 ipsius.
627 1461 662 1483 ¹⁶
693 1459 886 1512 dRespice
915 1459 1091 1500 Domine
1120 1460 1170 1500 (13
1199 1460 1321 1501 (101110
1351 1465 1496 1501 sancta
1523 1464 1597 1500 tua
1624 1459 1665 1500 in
1694 1472 1779 1508 nos,
1811 1464 1853 1501 et
1880 1459 2031 1501 inclina
2059 1473 2199 1501 aurem

276 1525 406 1565 tuam,
435 1524 477 1559 et
502 1518 651 1559 exaudi
677 1531 761 1559 nos.
818 1519 851 1542 ¹⁷
885 1518 1025 1572 eAperi
1052 1518 1189 1560 oculos
1215 1523 1320 1565 tuos,
1350 1523 1391 1559 et
1417 1518 1529 1559 vide:
1568 1518 1679 1572 fquia
1704 1532 1785 1560 non
1812 1518 1976 1567 mortui,
2006 1519 2076 1572 qui
2101 1523 2199 1560 sunt

277 1578 317 1619 in
349 1578 519 1626 inferno,
556 1590 729 1631 quorum
763 1576 929 1630 spiritus
962 1582 1154 1630 acceptus
1188 1582 1249 1618 est
1282 1591 1306 1617 a
1338 1577 1559 1618 visceribus
1591 1577 1685 1625 suis,
1720 1577 1882 1618 dabunt
1914 1578 2122 1626 honorem,
2158 1582 2199 1618 et

277 1636 610 1678 iustificationem
642 1635 838 1676 Domino:
899 1637 933 1659 ¹³
964 1636 1033 1676 sed
1065 1635 1214 1682 anima.
1249 1648 1340 1689 quae
1370 1636 1497 1676 tristis
1529 1640 1591 1676 est
1621 1649 1742 1690 super
1772 1636 2055 1690 magnitudine
2086 1636 2196 1685 mali,

277 1701 319 1737 et
340 1695 494 1736 incedit
516 1707 653 1738 curva.
679 1698 721 1735 et
742 1693 915 1741 infirma,
942 1699 983 1735 et
1006 1694 1111 1735 oculi
1135 1694 1380 1741 deficientes,
1407 1699 1447 1736 et
1470 1694 1609 1735 anima
1631 1694 1808 1735 esuriens
1832 1695 1906 1736 dat
1928 1695 2004 1736 tibi
2026 1694 2196 1749 gloriam

277 1760 318 1796 et
347 1753 548 1795 iustitiam
578 1752 768 1794 Domino.

386 1821 420 1843 ¹⁹
452 1818 558 1868 Quia
588 1831 669 1859 non
701 1818 925 1858 secundum
956 1817 1134 1859 iustitias
1166 1822 1333 1872 patrum
1364 1823 1597 1859 nostrorum
1629 1831 1702 1859 nos
1732 1818 1943 1859 fundimus
1974 1831 2123 1872 preces,
2158 1823 2200 1860 et

279 1878 457 1932 petimus
485 1876 802 1918 misericordiam
830 1882 926 1918 ante
954 1882 1219 1931 conspectum
1247 1882 1366 1918 tuum
1393 1877 1568 1919 Domine
1595 1877 1705 1918 Deus
1733 1882 1888 1918 noster:
1943 1879 1980 1901 2⁰
2005 1877 2076 1918 sed
2102 1877 2200 1931 quia

277 1936 423 1978 misisti
446 1937 549 1977 iram
572 1941 701 1985 tuam,
727 1941 768 1977 et
789 1936 968 1977 furorem
992 1940 1111 1976 tuum
1135 1949 1256 1990 super
1278 1949 1363 1983 nos,
1389 1936 1495 1977 sicut
1515 1935 1677 1977 loeutus
1701 1949 1741 1976 es
1763 1935 1805 1976 in
1827 1949 1954 1977 manu
1977 1948 2197 1990 puerorum

277 2000 443 2037 tuorum
469 1995 776 2049 prophetarum,
804 1994 960 2036 dicens:
1013 1997 1044 2019 2¹
1069 1995 1135 2036 Sic
1159 1995 1258 2036 dicit
1282 1995 1502 2036 Dominus:
1533 1995 1731 2036 Inclinate
1755 1994 1973 2036 humerum
1998 1999 2194 2045 vestrum,

277 2060 318 2096 et
347 2054 544 2096 cervicem
574 2058 767 2103 vestram,
799 2059 840 2095 et
869 2067 993 2107 opera
1020 2054 1143 2095 facite
1172 2054 1253 2108 regi
1285 2054 1526 2107 Babylonis:
1557 2058 1599 2095 et
1627 2053 1820 2094 sedebitis
1848 2053 1890 2094 in
1920 2059 2040 2098 terra.
2072 2066 2197 2107 quam

277 2114 370 2155 dedi
395 2113 582 2167 patribus
609 2112 765 2154 vestris.
820 2115 852 2137 ‘22
878 2113 997 2162 Quod
1023 2113 1055 2154 si
1080 2126 1161 2154 non
1188 2113 1399 2154 audieritis
1424 2126 1567 2155 vocem
1592 2112 1760 2154 Domini
1784 2112 1861 2153 Dei
1887 2112 2013 2154 vestri
2039 2112 2197 2166 operari

276 2173 358 2226 regi
387 2172 643 2226 Babyloniae:
673 2172 943 2212 defectionem
970 2176 1151 2213 vestram
1178 2171 1327 2213 faeiam
1355 2173 1405 2213 de
1432 2172 1671 2213 civitatibus
1700 2172 1815 2220 Iuda,
1845 2176 1886 2213 et
1913 2185 1937 2212 a
1961 2171 2058 2213 foris
2088 2171 2197 2212 Ieru-

276 2231 414 2275 salem.
463 2233 495 2255 23
515 2237 556 2271 et
576 2231 759 2271 auferam
780 2243 803 2271 a
822 2230 939 2271 vobis
959 2243 1102 2272 vocem
1121 2230 1402 2274 iucunditatis.
1426 2236 1467 2272 et
1486 2244 1629 2272 vocem
1648 2231 1798 2284 gaudii,
1821 2235 1862 2271 et
1882 2243 2024 2272 vocem
2044 2230 2194 2284 sponsi,

276 2296 317 2331 et
344 2303 487 2331 vocem
516 2302 685 2344 sponsae.
717 2294 758 2329 et
785 2289 861 2330 erit
889 2289 1019 2330 omnis
1048 2294 1158 2330 terra
1184 2289 1268 2330 sine
1297 2289 1468 2343 vestigio
1497 2289 1549 2330 ab
1577 2289 1908 2330 inhabitantibus
1937 2302 2039 2331 eam.
2096 2291 2129 2314 ²⁴¹
2156 2293 2198 2330 et

276 2363 357 2391 non
383 2349 602 2390 audierunt
626 2361 768 2389 vocem
793 2352 921 2397 tuam,
949 2353 995 2388 ut
1019 2353 1286 2402 operarentur
1308 2348 1391 2402 regi
1416 2347 1658 2402 Babylonis:
1685 2354 1726 2389 et
1749 2348 1934 2390 statuisti
1958 2348 2085 2389 verba
2108 2353 2194 2393 tua.

277 2422 367 2463 quae
390 2407 551 2449 locutus
576 2420 616 2448 es
640 2407 681 2448 in
707 2406 896 2448 manibus
920 2420 1140 2460 puerorum
1165 2412 1332 2449 tuorum
1356 2407 1664 2461 prophetarum,
1691 2411 1739 2448 ut
1762 2407 2083 2448 transferrentur
2106 2419 2198 2448 ossa

275 2480 416 2521 regum
440 2472 686 2515 nostrorum,
712 2470 754 2507 et
776 2479 867 2507 ossa
890 2470 1055 2519 patrum
1080 2471 1313 2508 nostrorum
1337 2467 1386 2507 de
1408 2466 1496 2507 loco
1520 2480 1612 2507 suo:
1664 2468 1695 2490 2⁵
1719 2470 1760 2507 et
1783 2478 1873 2507 3003
1895 2466 2079 2520 proiecta
2100 2470 2198 2506 sunt

276 2526 316 2567 in
343 2526 474 2567 calore
500 2525 605 2573 solis,
634 2529 676 2566 et
700 2524 741 2565 in
766 2524 857 2578 gelu
884 2524 1033 2566 noctis:
1062 2530 1103 2566 et
1128 2525 1281 2567 mortui
1307 2530 1402 2566 sunt
1428 2525 1469 2565 in
1496 2525 1703 2566 doloribus
1729 2524 1926 2579 pessimis,
1954 2524 1995 2565 in
2020 2525 2129 2565 fame
2155 2529 2197 2565 et

276 2585 317 2625 in
342 2584 489 2638 gladio,
519 2590 560 2625 et
586 2584 626 2624 in
653 2584 878 2625 emissione.
933 2585 969 2608 2⁶
995 2584 1051 2625 Et
1076 2584 1249 2638 posuisti
1275 2584 1488 2638 templum,
1518 2584 1558 2624 in
1586 2597 1665 2638 quo
1692 2583 1933 2626 invocatum
1961 2588 2022 2624 est
2047 2596 2196 2625 nomen

277 2649 394 2684 tuum
425 2644 465 2684 in
494 2643 593 2697 ipso,
626 2643 731 2684 sicut
759 2643 844 2684 haec
873 2643 969 2691 dies,
1000 2648 1169 2697 propter
1196 2643 1459 2698 iniquitatem
1489 2643 1635 2685 domus
1666 2642 1801 2692 Israel,
1832 2647 1874 2684 et
1902 2643 2047 2684 domus
2078 2642 2193 2683 Iuda.

276 2704 309 2727 2⁷
338 2703 393 2743 Et
420 2702 551 2743 fecisti
578 2702 619 2742 in
646 2701 763 2743 nobis
790 2701 965 2743 Domine
992 2702 1103 2743 Deus
1131 2708 1269 2744 noster
1295 2703 1520 2744 secundum
1548 2715 1710 2743 omnem
1739 2702 1970 2744 bonitatem
1998 2706 2126 2749 tuam,
2155 2706 2197 2742 et

276 2762 501 2802 secundum
525 2774 688 2802 omnem
711 2761 1014 2802 miserationem
1038 2766 1154 2802 tuam
1177 2761 1289 2802 illam
1311 2774 1523 2815 magnam:
1575 2763 1610 2786 2⁸
1632 2761 1738 2802 sicut
1758 2760 1920 2802 locutus
1943 2773 1982 2801 es
2006 2761 2046 2801 in
2070 2773 2195 2801 manu

277 2820 390 2873 pueri
419 2820 479 2861 tui
508 2819 638 2873 Moysi
666 2819 707 2860 in
736 2819 811 2865 die.
844 2833 926 2874 qua
952 2820 1179 2874 praecepisti
1207 2821 1242 2861 ei
1270 2820 1442 2862 scribere
1468 2820 1598 2874 legem
1626 2825 1743 2861 tuam
1771 2832 1908 2861 coram
1936 2819 2026 2860 filiis
2057 2817 2192 2866 Israel,

276 2881 311 2903 2⁹
340 2879 495 2919 dicens:
530 2879 589 2919 zzSi
620 2892 700 2920 non
730 2879 939 2920 audieritis
970 2892 1111 2920 vocem
1140 2892 1286 2929 meam,
1317 2879 1541 2921 multitudo
1571 2879 1656 2920 haec
1685 2891 1836 2932 magna
1863 2883 2127 2919 convertetur
2154 2877 2195 2918 in

278 2938 490 2978 minimam
516 2938 622 2979 inter
646 2938 809 2985 Gentes,
839 2952 918 2992 quo
945 2951 1016 2991 ego
1042 2952 1108 2979 eos
1134 2938 1382 2992 dispergam:
1435 2940 1472 2963 ³⁰
1497 2938 1593 2992 quia
1616 2938 1696 2979 scio
1723 2938 1833 2991 quod
1857 2950 1922 2977 me
1947 2950 2028 2978 non
2054 2936 2195 2977 audiet

280 2996 464 3050 populus.
486 2996 660 3050 populus
680 3001 741 3037 est
759 2996 866 3037 enim
886 2997 990 3038 dura
1007 2997 1180 3038 cervice:
1201 3002 1242 3038 et
1260 3002 1525 3039 convertetur
1542 2997 1593 3037 ad
1614 3009 1681 3038 cor
1699 3010 1817 3037 suum
1837 2995 1878 3036 in
1897 3001 2006 3037 terra
2023 2995 2194 3049 captivi-

278 3056 375 3095 tatis
396 3069 495 3096 suae:
543 3058 574 3079 ³¹
596 3060 636 3096 ct
656 3055 784 3096 soient
805 3055 901 3109 quia
920 3069 991 3109 ego
1012 3069 1101 3096 sum
1122 3056 1323 3097 Dominus
1343 3056 1454 3097 Deus
1475 3069 1626 3100 eorum.
1649 3061 1690 3096 et
1710 3055 1817 3096 dabo
1838 3054 1892 3095 eis
1913 3067 1991 3099 001,
2014 3059 2055 3095 et
2074 3053 2192 3094 intel-

278 3113 420 3163 ligent:
444 3128 571 3159 aures,
595 3119 636 3154 et
657 3114 837 3155 audient.
886 3116 919 3139 32
940 3114 995 3155 Et
1014 3114 1246 3156 laudabunt
1266 3128 1330 3155 me
1351 3115 1391 3155 in
1412 3121 1522 3156 terra
1541 3114 1798 3168 captivitatis
1818 3126 1911 3162 suae,
1935 3118 1976 3153 et
1997 3125 2194 3154 memores

279 3178 395 3212 erunt
424 3173 597 3214 nominis
625 3173 713 3214 mei.
768 3175 800 3197 ³³
827 3173 882 3214 Et
908 3178 1095 3214 avertent
1123 3187 1163 3213 30
1189 3187 1213 3214 3
1238 3175 1356 3215 (10130
1383 3187 1454 3215 3110
1482 3174 1594 3218 (11110,
1624 3179 1664 3214 31·
1690 3186 1714 3213 3
1739 3172 2065 3226 malignitatibus
2091 3171 2192 3211 suis:

279 3231 375 3283 quia
401 3232 709 3272 reminiscentur
735 3232 845 3272 viam
872 3238 1037 3285 patrum
1065 3246 1231 3273 suorum
1259 3233 1327 3286 qui
1354 3237 1630 3286 peccaverunt
1656 3232 1695 3272 in
1723 3245 1798 3272 me.
1853 3233 1886 3255 ³4
1912 3231 1968 3272 Et
1992 3230 2194 3271 revocabo

279 3289 365 3329 illos
391 3290 427 3329 in
455 3296 615 3337 terram,
643 3304 767 3344 quam
790 3291 921 3331 iuravi
944 3291 1131 3344 patribus
1155 3304 1294 3332 eorum
1318 3291 1540 3335 Abraham,
1569 3291 1694 3336 13330,
1721 3296 1761 3331 31
1787 3290 1921 3336 Iacob,
1947 3294 1988 3330 et
2011 3288 2195 3330 domina-

280 3347 435 3388 buntur
454 3349 526 3388 eis:
549 3356 586 3389 vt
609 3349 890 3402 multiplicabo
911 3363 989 3395 eos,
1012 3355 1052 3390 et
1074 3363 1153 3390 non
1175 3350 1501 3391 minorabuntur.
1550 3352 1582 3374 ³5
1601 3349 1656 3390 Et
1676 3354 1860 3390 statuam
1879 3348 1954 3388 illis
1974 3353 2195 3388 testamen-

410 3479 441 3520 2,
474 3480 492 3512 ³2
524 3479 590 3512 aDt
623 3482 674 3514 2⁸.
707 3484 759 3514 553.
787 3503 827 3507 ἠ
852 3483 872 3515 6
897 3482 986 3526 bSup
1016 3483 1042 3518 l.
1073 3483 1120 3515 15.
1160 3503 1189 3506 α
1216 3484 1253 3515 lI
1292 3482 1363 3515 CDn
1395 3483 1425 3521 9,
1459 3482 1509 3515 15.
1540 3502 1578 3505 ra
1604 3482 1644 3515 16
1675 3481 1745 3515 th
1775 3481 1828 3520 26,
1856 3480 1912 3521 153
1941 3480 1974 3513 Is
1999 3480 2052 3519 63,
2081 3481 2131 3513 15.
2155 3500 2194 3503 —

282 3527 321 3559 17
350 3526 400 3558 ρ13·
425 3528 478 3566 64,
505 3527 534 3560 9.
636 3528 690 3560 fl's
720 3530 790 3568 1153,
821 3531 868 3562 17.
962 3529 1004 3562 529
1030 3529 1099 3561 t-’.liv
1125 3530 1177 3568 26,
1206 3530 1260 3565 14:
1291 3529 1337 3562 Dt
1362 3529 1415 3568 28,
1442 3529 1493 3562 15.
