2356 3760
116 131 149 172 5,
174 131 296 172 36—6,
319 131 362 166 35
982 129 1150 165 ESDRAE
1909 133 2012 175 1223

118 224 266 257 viderem
286 223 439 257 laborem
461 223 576 263 Iacob,
598 224 634 256 et
654 222 937 267 defatigationem
958 223 1087 267 generis
1110 223 1234 257 Israel?
1280 225 1309 243 ³⁶
1331 223 1378 257 Et
1399 223 1487 257 dixit
1509 223 1552 257 ad
1574 234 1638 261 me,
1661 224 1814 259 Numera
1833 225 1917 259 mihi
1939 235 2015 269 quae

116 270 262 304 necdum
282 273 460 310 venerant,
481 273 516 304 et
535 269 652 314 collige
671 270 755 303 mihi
774 269 942 313 dispersas
962 273 1091 314 guttas,
1112 275 1147 304 et
1166 271 1314 304 revirida
1331 271 1416 304 mihi
1435 271 1547 305 aridos
1567 271 1676 311 flores,
1719 273 1746 291 ³⁷
1767 275 1801 305 et
1821 272 1913 316 aperi
1932 273 2016 306 mihi

116 317 231 350 clausa
255 317 503 361 promptuaria,
529 319 564 350 et
588 316 718 361 produc
741 315 825 349 mihi
849 316 996 350 inclusos
1021 317 1056 350 in
1080 317 1126 350 eis
1151 317 1270 357 flatus;
1309 317 1508 351 demonstra
1531 317 1616 351 mihi
1640 318 1732 351 vocis
1757 319 1955 363 imaginem:
1982 323 2018 353 et

115 366 198 396 tunc
217 363 397 396 ostendam
416 363 481 397 tibi
499 363 651 397 laborem
670 373 772 406 quem
791 373 889 407 rogas
910 363 1035 399 videre.
1063 366 1092 384 ³⁸
1111 363 1159 398 Et
1177 364 1259 404 dixi,
1280 364 1486 398 Dominator
1505 364 1663 405 Domine,
1683 365 1758 408 quis
1778 366 1867 398 enim
1887 368 1938 399 est
1958 366 2017 409 qui

115 412 230 454 potest
251 410 324 443 haec
346 410 441 449 scire,
465 409 530 443 nisi
553 410 611 454 qui
635 420 712 444 cum
735 409 931 443 hominibus
954 410 1208 444 habitationem
1230 422 1300 444 non
1322 411 1447 445 habet?
1491 413 1519 431 ³⁹
1543 411 1616 456 Ego
1640 415 1757 445 autem
1780 412 1956 456 insipiens:
1982 415 2017 446 et

115 455 288 500 quomodo
310 460 429 500 potero
452 455 562 490 dicere
584 456 625 489 de
647 456 709 496 his,
733 456 857 499 quibus
879 467 933 489 me
955 456 1191 501 interrogasti?
1239 459 1268 477 ⁴¹⁰
1290 457 1337 491 Et
1359 458 1447 491 dixit
1469 458 1513 491 ad
1534 468 1599 498 me,
1627 457 1806 501 Quomodo
1828 469 1898 491 non
1920 461 2016 502 potes

114 504 224 536 facere
240 513 347 536 unum
365 502 406 535 de
422 502 473 535 his
491 513 566 546 quae
582 503 676 536 dicta
691 506 787 536 sunt:
805 503 852 537 sic
868 514 937 536 non
953 504 1079 547 poteris
1096 504 1247 538 invenire
1263 504 1427 538 iudicium
1443 515 1570 544 meum,
1588 508 1649 538 aut
1664 505 1700 538 in
1715 504 1782 538 fine
1799 505 2015 545 charitatem,

114 560 220 593 quam
234 549 361 594 populo
377 549 526 593 promisi.
565 551 591 569 ⁴¹
607 550 654 582 Et
669 549 750 589 dixi,
767 550 832 583 Sed
847 561 923 583 ecce
938 550 1085 583 Domine
1100 554 1139 584 tu
1154 562 1259 595 prope
1274 561 1308 584 es
1323 551 1374 584 his
1390 552 1449 594 qui
1463 552 1497 584 in
1512 551 1615 585 finem
1629 555 1725 585 sunt:
1742 555 1777 585 et
1792 552 1875 595 quid
1889 552 2016 585 facient

115 596 174 641 qui
190 599 272 630 ante
288 607 343 629 me
359 597 510 636 fuerunt,
529 599 591 629 aut
607 606 680 636 nOS,
699 599 760 630 aut
777 597 811 629 hi
830 597 889 640 qui
906 599 984 641 post
1000 597 1081 630 nos?
1124 599 1151 616 ⁴2
1168 597 1215 630 Et
1233 598 1321 631 dixit
1338 598 1381 631 ad
1400 609 1464 638 me,
1484 599 1622 632 Coronae
1640 598 1834 632 assimilabo
1852 598 2014 632 iudicium

114 653 240 678 meum.
282 643 379 677 Sicut
397 653 467 676 non
485 642 750 676 novissimorum
770 644 927 683 tarditas,
948 644 995 677 sic
1014 655 1076 678 nec
1096 644 1247 688 priorum
1268 645 1443 679 velocitas.
1487 646 1513 664 ⁴³
1533 645 1580 678 Et
1599 645 1768 689 respondi,
1789 648 1824 679 et
1843 645 1924 685 dixi,
1945 645 2018 679 Nec

115 692 252 734 poteras
273 690 383 723 facere
406 700 462 723 005
485 690 543 733 0111
564 690 647 723 iacti
670 693 761 730 sunt,
785 694 820 724 et
841 691 901 734 qui
922 694 1014 729 sunt,
1037 693 1072 724 et
1094 691 1153 734 qui
1174 691 1283 724 futuri
1304 695 1396 730 sunt,
1420 693 1454 724 in
1476 702 1594 731 unum,
1630 695 1669 725 ut
1692 692 1829 725 celerius
1851 692 2016 726 iudicium

114 740 215 770 tuum
236 736 416 770 ostendas?
463 738 489 755 ⁴⁴
510 736 557 770 Et
576 737 754 781 respondit
775 737 818 770 ad
839 747 904 777 me,
926 740 961 770 et
981 737 1080 775 dixit,
1101 737 1181 770 Non
1202 740 1316 781 potest
1337 738 1497 771 festinare
1518 741 1675 772 creatura
1695 749 1796 782 super
1816 742 2016 778 creatorem,

114 794 175 818 nec
196 784 363 817 sustinere
384 783 546 817 saeculum
568 794 624 816 eos
646 783 705 827 qui
726 783 761 817 in
782 794 821 817 eo
844 783 981 817 creandi
1001 787 1094 823 sunt,
1116 784 1151 817 in
1173 795 1290 819 unum.
1337 786 1363 803 ⁴⁵
1385 785 1432 818 Et
1454 785 1534 819 dixi.
1559 785 1633 828 Quo
1655 785 1757 819 modo
1780 786 1897 819 dixisti
1918 796 2016 819 servo

115 833 187 871 tuo,
206 830 369 874 quoniam
386 830 564 863 vivificans
581 830 765 864 vivificasti
783 842 802 864 a
819 833 853 864 te
871 833 1022 864 creatam
1040 834 1232 864 creaturam
1250 831 1284 864 in
1301 842 1420 871 unum,
1439 834 1473 864 et
1489 832 1683 865 sustinebat
1700 835 1870 865 creat-ura:
1890 832 2017 876 poterit

114 880 149 911 et
167 887 260 911 nunc
281 879 417 921 portare
438 879 620 921 praesentes
642 877 677 910 in
697 888 816 911 unum.
861 879 890 896 ⁴¹⁰
910 876 957 911 Et
974 877 1062 911 dixit
1079 878 1122 911 ad
1138 889 1203 917 me,
1227 878 1405 922 Interroga
1425 879 1603 911 matricem
1625 879 1784 918 mulieris,
1807 882 1841 911 et
1862 878 1950 912 dices
1973 878 2016 912 ad

114 935 200 964 eam,
218 924 265 958 Et
280 924 307 957 si
323 924 424 968 paris,
442 934 546 967 qnare
563 934 622 968 per
637 924 793 968 tempus?
814 924 911 968 Roga
927 935 1004 969 ergo
1021 935 1107 964 eam,
1125 928 1164 958 ut
1180 925 1239 958 det
1255 925 1372 958 decem
1388 925 1423 958 in
1438 936 1556 960 unum.
1596 927 1624 944 ⁴⁷
1642 925 1688 958 Et
1704 925 1785 965 dixi,
1802 925 1882 959 Non
1897 925 2016 968 utique

114 971 255 1015 poterit:
278 970 337 1004 sed
358 971 546 1004 secundum
568 974 715 1014 tempus.
760 972 788 990 ⁴⁸
810 971 857 1004 Et
878 971 966 1005 dixit
987 972 1030 1005 ad
1052 982 1116 1011 me,
1140 972 1186 1005 Et
1207 983 1267 1016 ego
1289 972 1367 1005 dedi
1388 972 1565 1006 matricem
1587 974 1685 1005 terrae
1705 972 1757 1005 his
1779 972 1837 1016 qui
1857 972 2018 1005 seminati

113 1020 195 1051 sunt
216 1028 318 1062 super
339 1028 415 1051 eam
436 1028 497 1062 per
517 1020 665 1061 tempus,
712 1019 740 1037 ¹⁹
764 1018 1063 1060 Quemadmodum
1087 1019 1176 1052 enim
1199 1019 1311 1052 infans
1334 1030 1402 1052 non
1425 1019 1515 1063 parit
1538 1030 1587 1058 00,
1611 1030 1686 1063 quae
1708 1030 1827 1052 senum
1850 1021 1946 1052 sunt:
1970 1019 2018 1052 sic

113 1076 174 1109 ego
196 1064 347 1109 disposui
368 1075 388 1098 a
408 1075 462 1097 me
484 1067 637 1098 creatum
658 1065 830 1099 saeculum.
876 1067 904 1085 ⁵⁰
926 1066 972 1099 Et
992 1065 1211 1109 intermgavi,
1234 1069 1268 1099 et
1289 1066 1369 1104 dixi,
1393 1066 1477 1099 Cum
1498 1066 1566 1099 iam
1589 1066 1719 1099 dederis
1740 1066 1823 1099 mihi
1845 1066 1948 1105 viam,
1970 1065 2016 1098 lo-

113 1123 200 1155 quar
212 1122 325 1145 coram
339 1115 388 1144 te:
403 1121 484 1144 nam
496 1114 608 1145 mater
619 1115 747 1151 nostra,
762 1112 803 1145 de
816 1123 885 1156 qua
897 1112 1014 1146 dixisti
1027 1113 1120 1152 mihi,
1135 1113 1247 1146 adhuc
1259 1113 1391 1146 iuvenis
1405 1116 1470 1146 est:
1485 1113 1553 1146 iam
1566 1112 1736 1146 senectuti
1747 1112 2015 1157 appropinquat.

114 1160 138 1178 ⁵¹
161 1158 209 1192 Et
229 1158 406 1202 respondit
427 1158 471 1191 ad
492 1168 557 1198 me,
580 1161 614 1191 et
635 1158 734 1197 dixit,
759 1159 936 1203 Interroga
957 1170 1032 1192 eam
1054 1170 1129 1203 quae
1151 1159 1252 1203 parit,
1275 1162 1310 1193 et
1330 1160 1421 1193 dicet
1441 1159 1515 1194 tibi.
1561 1161 1587 1179 5²
1609 1160 1707 1193 Dices
1730 1160 1818 1192 enim
1841 1159 1881 1199 ei,
1904 1159 2016 1202 Quare

113 1216 198 1249 quos
216 1205 387 1249 peperisti,
406 1216 498 1238 nunc
514 1216 584 1238 non
600 1208 681 1239 sunt
698 1206 822 1239 similes
840 1206 891 1239 his
910 1207 967 1250 qui
986 1210 1065 1240 ante
1083 1209 1128 1246 te,
1147 1207 1205 1239 sed
1222 1207 1369 1240 minores
1387 1207 1540 1240 statura?
1584 1208 1610 1225 5³
1628 1206 1674 1240 Et
1691 1206 1781 1239 dicet
1798 1206 1861 1239 tibi
1879 1208 1913 1239 et
1930 1206 2015 1249 ipsa,

113 1252 179 1285 Alii
197 1255 279 1286 sunt
298 1252 357 1296 qui
375 1252 410 1285 in
429 1252 610 1285 iuventute
630 1252 768 1286 virtutis
787 1253 863 1286 nati
881 1256 976 1286 sunt:
999 1259 1032 1286 et
1052 1253 1108 1286 alii
1128 1254 1185 1297 qui
1204 1253 1267 1286 sub
1287 1256 1441 1297 tempore
1460 1254 1657 1294 senectutis,
1677 1253 1855 1286 deficiente
1874 1253 2016 1286 matrice

112 1301 194 1332 sunt
214 1298 299 1333 nati.
339 1300 365 1318 ⁵⁴
387 1298 571 1332 Considera
591 1310 668 1343 ergo
690 1302 724 1333 et
745 1302 784 1333 tu
805 1300 968 1343 quoniam
990 1300 1112 1333 minori
1132 1303 1268 1334 statura
1289 1300 1368 1333 estis
1391 1310 1458 1344 prae
1479 1300 1530 1333 1115
1552 1300 1610 1344 001
1632 1303 1712 1333 01100
1733 1311 1809 1333 vos:
1855 1301 1880 1318 ⁵5
1902 1302 1936 1332 et
1957 1299 2016 1343 qui

114 1348 192 1390 post
206 1357 278 1386 vos,
293 1346 416 1379 minori
431 1356 535 1389 quam
551 1356 623 1386 vos,
639 1346 737 1390 quasi
751 1346 820 1380 iam
835 1350 1047 1380 senescentes
1063 1350 1238 1387 creaturae,
1250 1349 1285 1380 et
1298 1347 1538 1380 fortitudinem
1553 1346 1743 1380 iuventutis
1759 1349 2014 1390 praetereuntes.

114 1393 160 1426 Et
180 1392 261 1433 dixi,
284 1392 379 1437 Rogo
400 1392 558 1433 Domine,
577 1392 606 1426 si
624 1393 740 1426 inveni
759 1394 906 1437 gratiam
926 1397 1006 1427 ante
1026 1394 1140 1427 oculos
1160 1397 1249 1433 tuos,
1271 1394 1469 1427 demonstra
1487 1404 1585 1427 servo
1604 1396 1677 1433 tuo,
1699 1404 1758 1437 per
1776 1404 1878 1437 quem
1899 1393 2015 1426 visites

114 1442 306 1474 creaturam
332 1443 442 1475 tuam.

223 1487 254 1521 6.
302 1488 312 1506 ¹
338 1486 385 1519 Et
408 1486 496 1519 dixit
519 1486 562 1519 ad
585 1496 650 1526 me,
676 1486 779 1520 Initio
802 1486 927 1520 terreni
950 1486 1040 1520 orbis
1064 1490 1098 1520 et
1121 1490 1308 1530 antequam
1331 1490 1464 1520 starent
1487 1487 1598 1520 exitus
1622 1487 1745 1526 saeculi,
1769 1489 1804 1520 et
1826 1489 2015 1530 antequam

113 1534 282 1578 spirarent
304 1532 546 1567 conventiones
570 1536 763 1572 ventorum,
810 1536 821 1553 2
842 1536 876 1567 et
898 1537 1086 1578 antequam
1108 1537 1269 1567 sonarent
1291 1544 1390 1567 voces
1412 1534 1616 1573 tonitruum,
1640 1536 1674 1566 et
1695 1536 1883 1577 antequam
1905 1533 2014 1577 splen-

114 1580 233 1614 derent
254 1581 380 1614 nitores
403 1580 690 1619 coruscationum,
713 1584 747 1613 et
769 1583 957 1625 antequam
980 1581 1263 1614 confirmarentur
1283 1581 1512 1614 fundamenta
1534 1580 1693 1625 paradisi,
1739 1582 1750 1599 ³
1771 1583 1806 1613 et
1827 1582 2016 1623 antequam

114 1627 312 1661 viderentur
337 1626 450 1660 decori
475 1627 584 1667 flores,
611 1630 645 1660 et
671 1631 859 1671 antequam
886 1627 1170 1661 confirmarentur
1194 1631 1297 1661 motae
1324 1628 1480 1665 virtuteS,
1508 1630 1542 1660 et
1568 1630 1755 1671 antequam
1782 1626 2020 1671 colligerentur

112 1673 376 1708 innumerabiles
405 1673 535 1707 militiae
564 1674 773 1718 angelorum,
826 1676 838 1694 ⁴
867 1677 901 1708 et
926 1677 1113 1718 antequam
1137 1675 1382 1708 extollerentur
1411 1674 1611 1707 altitudines
1640 1674 1737 1713 aeris,
1767 1677 1802 1707 et
1831 1676 2018 1717 antequam

113 1721 374 1755 nominarentur
395 1731 562 1754 mensurae
585 1721 892 1761 firmamentorum,
917 1725 951 1755 et
975 1725 1162 1765 antequam
1185 1724 1372 1755 aestuarent
1395 1721 1519 1755 camini
1542 1721 1577 1754 in
1599 1721 1690 1760 Sion,
1738 1722 1749 1739 ⁵
1773 1724 1807 1754 et
1830 1723 2018 1764 antequam

113 1768 404 1812 investigarentur
419 1771 602 1812 praesentes
617 1768 709 1808 anni,
726 1771 760 1801 et
776 1772 964 1812 antequam
980 1768 1258 1802 abalienarentur
1272 1779 1389 1802 eorum
1405 1768 1464 1812 qui
1479 1779 1570 1801 nunc
1586 1771 1730 1812 peccant
1745 1767 2017 1802 adinventiones.

113 1818 148 1849 et
172 1814 363 1859 consignati
386 1817 509 1854 essent,
535 1815 594 1858 qui
617 1814 720 1848 fidem
743 1815 1079 1849 thesaurizaverunt:
1130 1818 1142 1835 ⁰
1165 1819 1248 1849 tunc
1272 1815 1432 1859 cogitavi,
1457 1818 1492 1848 et
1515 1815 1610 1849 facta
1632 1817 1714 1848 sunt
1737 1825 1796 1858 per
1819 1824 1872 1847 me
1896 1814 2018 1853 solum,

113 1865 148 1896 et
169 1872 238 1896 non
261 1872 320 1906 per
342 1861 463 1895 alium:
487 1864 521 1895 et
543 1861 618 1894 finis
641 1873 701 1906 per
722 1873 786 1902 me,
811 1865 845 1896 et
867 1874 935 1896 non
959 1874 1017 1907 per
1040 1863 1155 1897 alium.

225 1910 237 1928 ⁷
259 1908 305 1942 Et
325 1908 495 1953 respondi,
518 1911 553 1942 et
573 1908 654 1948 dixi,
677 1909 759 1951 Quae
780 1909 844 1943 elit
864 1910 1035 1954 separatio
1056 1910 1272 1954 temporum?
1296 1912 1357 1942 aut
1378 1909 1517 1953 quando
1538 1909 1656 1953 prioris
1678 1908 1764 1948 finis,
1786 1910 1820 1941 et
1841 1907 2014 1951 sequentis

113 1955 269 1989 initium?
315 1957 328 1975 ⁸
348 1955 394 1989 Et
414 1955 502 1988 dixit
521 1955 565 1989 ad
584 1966 649 1995 me,
671 1956 723 1989 Ab
743 1956 919 1989 Abraham
939 1967 1047 2000 usque
1066 1957 1110 1991 ad
1131 1956 1238 1996 Isaac,
1259 1956 1397 2000 quando
1418 1956 1491 1989 nati
1510 1959 1592 1989 sunt
1611 1955 1654 1989 ab
1674 1966 1712 1988 eo
1734 1955 1836 1988 Iacob
1857 1958 1891 1988 et
1911 1954 2014 1994 Esau,

113 2013 235 2036 manus
261 2002 363 2036 Iacob
387 2002 530 2036 tenebat
553 2002 596 2036 ab
620 2003 718 2036 initio
743 2003 939 2037 calcaneum
964 2003 1067 2042 Esau,
1117 2005 1129 2023 ⁹
1152 2003 1228 2036 finis
1252 2003 1342 2036 enim
1366 2003 1465 2036 huius
1489 2002 1602 2036 saeculi
1626 2002 1729 2042 Esau,
1754 2005 1789 2035 et
1810 2001 2017 2046 principium

112 2049 286 2093 sequentis
307 2049 421 2083 Iacob.
465 2051 494 2070 ¹⁰
514 2049 671 2083 Hominis
691 2060 812 2083 manus
832 2050 921 2084 inter
940 2051 1137 2084 calcaneum
1157 2053 1192 2084 et
1210 2060 1363 2085 manum.
1384 2049 1486 2083 Aliud
1505 2049 1574 2083 noli
1593 2059 1742 2093 quaerere
1762 2048 1882 2083 Esdra.
1924 2050 1950 2068 ¹¹
1971 2048 2018 2080 Et

113 2095 283 2141 respondi,
304 2099 339 2129 et
358 2096 440 2135 dixi,
462 2096 490 2130 O
511 2096 708 2130 dominator
726 2097 884 2136 Domine,
904 2097 932 2130 si
951 2097 1066 2131 inveni
1085 2098 1233 2141 gratiam
1254 2100 1335 2130 ante
1354 2097 1468 2130 oculos
1488 2099 1578 2135 tuos,
1621 2098 1648 2116 ¹²
1667 2107 1725 2129 oro
1746 2099 1785 2129 ut
1805 2095 2017 2129 demonstres

113 2154 211 2177 servo
234 2146 296 2177 tuo
321 2143 424 2176 finem
448 2143 622 2187 signorum
646 2146 797 2183 tuorum,
823 2154 970 2188 quorum
995 2147 1129 2188 partem
1154 2144 1237 2177 mihi
1262 2144 1506 2177 demonstrasti
1531 2145 1631 2176 nocte
1656 2142 1871 2187 praecedenti.
1920 2144 1946 2161 ¹³
1971 2141 2018 2174 Et

113 2190 300 2234 respondit,
321 2193 356 2223 et
375 2190 464 2223 dixit
483 2190 527 2223 ad
546 2201 611 2230 me,
631 2190 737 2235 Surge
756 2202 858 2234 super
878 2191 979 2235 pedes
998 2194 1088 2230 tuos,
1109 2194 1144 2224 et
1163 2191 1244 2224 audi
1264 2201 1383 2224 vocem
1403 2190 1635 2235 plenissimam
1654 2190 1798 2223 sonitus.
1841 2191 1868 2208 ¹⁴
1888 2188 1935 2222 Et
1954 2188 2018 2221 erit

113 2237 202 2270 sicut
224 2237 420 2276 commotio,
443 2247 506 2270 nec
528 2237 802 2271 commovebitur
823 2237 927 2276 locus,
951 2238 985 2270 in
1008 2248 1076 2281 quo
1098 2241 1166 2271 stes
1188 2248 1291 2281 super
1312 2248 1400 2271 eum.
1447 2238 1473 2256 ¹⁵
1497 2237 1578 2270 Ideo
1601 2247 1678 2270 cum
1701 2236 1864 2279 loquitur,
1887 2238 1924 2268 tu
1948 2245 2017 2268 non

114 2294 295 2328 expaveas,
316 2283 479 2328 quoniam
499 2283 540 2317 de
560 2284 625 2317 fine
645 2284 789 2317 verbum
808 2287 843 2317 et
861 2284 1128 2317 fundamentum
1146 2287 1244 2317 terrae
1263 2283 1474 2327 intelligitur,
1518 2285 1546 2302 ¹⁶
1565 2283 1728 2326 quoniam
1747 2282 1789 2315 de
1808 2282 1888 2326 ipsis
1907 2291 2017 2314 sermo

112 2330 280 2364 tremiscit
300 2333 335 2364 et
356 2333 603 2371 commovetur,
625 2331 690 2364 scit
710 2331 799 2364 enim
821 2331 985 2375 quoniam
1006 2330 1108 2364 finem
1129 2341 1246 2364 eorum
1267 2333 1403 2375 oportet
1425 2330 1640 2364 commutari.
1685 2331 1712 2349 ¹⁷
1734 2329 1781 2362 Et
1801 2329 1932 2362 factum
1954 2330 2016 2366 est,

114 2388 192 2411 cum
211 2377 393 2417 audissem,
413 2377 543 2411 surrexi
562 2388 664 2422 super
683 2378 784 2422 pedes
798 2382 902 2418 meos,
924 2380 958 2411 et
978 2378 1110 2412 audivi:
1131 2381 1166 2411 et
1185 2388 1260 2411 ecce
1280 2387 1350 2410 vox
1368 2377 1520 2420 loquens,
1542 2380 1576 2410 et
1595 2387 1697 2409 sonus
1717 2376 1787 2409 eius
1807 2375 1895 2408 sicut
1913 2385 2017 2408 sonus

114 2434 282 2468 aquarum
306 2424 506 2464 multarum,
552 2426 581 2444 ¹⁸
605 2427 640 2458 et
663 2424 762 2464 dixit,
787 2425 875 2458 Ecce
899 2425 969 2458 dies
994 2425 1148 2465 veniunt,
1174 2428 1208 2458 et
1231 2424 1295 2458 erit
1319 2424 1457 2468 quando
1482 2423 1757 2468 appropinquare
1781 2422 1952 2466 incipiam,
1978 2425 2018 2454 110

114 2471 250 2505 visitem
267 2470 465 2504 habitantes
482 2471 517 2504 in
533 2474 640 2505 terra:
681 2473 710 2491 ¹⁹
727 2475 761 2505 et
778 2472 917 2515 quando
934 2472 1103 2516 inquirere
1120 2472 1282 2516 incipiam
1300 2471 1342 2505 ab
1360 2471 1406 2504 eis
1424 2471 1482 2514 qui
1498 2471 1624 2504 iniuste
1640 2472 1832 2503 nocuerunt
1847 2468 2018 2502 iniustitia

113 2529 186 2558 sua,
207 2520 243 2552 et
264 2517 402 2562 quando
423 2518 584 2562 suppleta
603 2518 707 2552 fuerit
728 2519 904 2552 humilitas
925 2518 1016 2553 Sion.
1063 2520 1092 2539 ²⁰
1113 2521 1147 2552 et
1168 2529 1246 2552 cum
1267 2518 1562 2562 supersignabitur
1581 2517 1742 2550 saeculum
1765 2516 1857 2560 quod
1877 2515 2018 2559 incipiet

114 2565 330 2609 pertransire,
350 2565 422 2598 haec
441 2565 539 2609 signa
556 2565 692 2605 faciam,
715 2565 807 2599 Libri
826 2566 1023 2610 aperientur
1042 2569 1123 2599 ante
1142 2566 1264 2599 faciem
1285 2564 1503 2604 firmamenti,
1525 2568 1560 2598 et
1579 2574 1695 2597 omnes
1716 2563 1885 2596 videbunt
1903 2562 2017 2602 simul,

114 2613 139 2631 ²¹
166 2614 201 2645 et
225 2611 373 2645 anniculi
397 2611 546 2645 infantes
571 2612 756 2656 loquentur
780 2613 921 2647 vocibus
946 2613 1026 2653 suis,
1052 2615 1088 2646 et
1112 2615 1326 2657 praegnantes
1351 2612 1554 2645 immaturos
1580 2611 1715 2655 parient
1738 2609 1887 2643 infantes
1911 2609 2016 2642 trium

114 2661 149 2692 et
173 2660 340 2702 quattuor
362 2658 542 2699 mensium,
567 2661 602 2692 et
626 2659 756 2700 vivent,
781 2662 816 2693 et
839 2659 1109 2694 suscitabuntur.
1158 2661 1184 2679 2²
1208 2659 1255 2693 Et
1278 2659 1393 2692 subito
1418 2658 1636 2702 apparebunt
1659 2657 1828 2690 seminata
1850 2656 1925 2689 loca
1948 2665 2018 2688 non

113 2705 294 2745 seminata,
314 2707 348 2739 et
367 2705 468 2749 plena
485 2706 723 2750 promptuaria
740 2706 855 2740 subito
873 2707 1093 2740 invenientur
1113 2717 1235 2739 vacua:
1279 2708 1305 2725 2³
1324 2709 1358 2739 et
1376 2705 1463 2739 tuba
1481 2708 1582 2738 canet
1600 2715 1677 2738 cum
1696 2714 1794 2743 sono;
1815 2713 1919 2746 000111
1939 2712 2016 2735 cum

115 2762 232 2786 omnes
246 2751 428 2791 audierint,
443 2752 558 2786 subito
573 2756 813 2797 expavescent.
852 2755 878 2773 2⁴
893 2753 940 2787 Et
953 2754 1018 2787 erit
1031 2754 1066 2786 in
1079 2753 1136 2786 illo
1150 2756 1316 2797 tempore,
1331 2752 1555 2785 debellabunt
1569 2751 1669 2784 amici
1683 2750 1809 2784 amicos
1824 2752 1864 2783 ut
1877 2748 2016 2789 inimici,

115 2801 150 2832 et
167 2801 373 2843 expavescet
389 2802 481 2832 terra
497 2810 576 2833 cum
592 2800 659 2833 his:
679 2802 714 2833 et
730 2810 825 2834 venae
842 2800 992 2834 fontium
1009 2800 1166 2839 stabunt,
1184 2803 1219 2833 et
1235 2810 1304 2833 non
1322 2799 1502 2832 decurrent
1518 2798 1555 2832 in
1571 2797 1661 2831 horis
1678 2797 1803 2831 tribus:
1846 2797 1872 2815 ²⁵
1889 2799 1924 2829 et
1940 2795 2016 2835 erit,

115 2845 225 2879 omnis
243 2845 302 2889 qui
319 2845 499 2879 derelictus
516 2846 620 2880 fuerit
637 2857 679 2880 ex
696 2847 854 2881 omnibus
872 2847 945 2880 istis
964 2847 1087 2890 quibus
1107 2847 1247 2891 praedixi
1265 2846 1339 2886 tibi,
1357 2846 1429 2889 ipse
1446 2845 1648 2884 salvabitur,
1667 2847 1701 2877 et
1718 2843 1851 2877 videbit
1867 2842 2017 2876 salutare

115 2902 241 2932 meum,
263 2894 298 2925 00
318 2892 422 2925 finem
443 2892 556 2926 saeculi
577 2894 692 2928 vestri.
738 2895 767 2913 2⁶
788 2894 835 2927 Et
856 2894 1025 2927 videbunt
1047 2894 1106 2937 qui
1126 2893 1254 2938 recepti
1274 2895 1356 2926 sunt
1376 2892 1542 2931 homines,
1564 2891 1623 2935 qui
1644 2893 1791 2924 mortem
1811 2900 1881 2923 non
1901 2892 2016 2934 gusta-

116 2941 240 2972 verunt
257 2949 278 2972 a
293 2939 479 2973 nativitate
496 2950 568 2980 sua,
587 2944 622 2973 et
638 2941 833 2974 mutabitur
849 2952 906 2974 cor
921 2940 1205 2980 inhabita-utinm,
1223 2943 1258 2973 et
1275 2942 1495 2973 convertetur
1510 2938 1546 2971 in
1562 2948 1699 2971 sensum
1716 2937 1832 2971 alium.
1873 2938 1900 2956 ²⁷
1919 2936 2015 2970 Dele-

115 2985 209 3019 bitur
226 2984 316 3018 enim
334 2985 476 3027 malum,
495 2989 530 3020 et
547 2987 768 3031 extinguetur
785 2987 894 3022 dolus.
937 2989 965 3007 ²⁸
984 2987 1135 3021 Florebit
1153 2990 1270 3020 autem
1288 2986 1383 3026 fides,
1402 2988 1437 3019 et
1455 2985 1612 3019 vincetur
1629 2983 1832 3028 corruptela,
1852 2986 1887 3017 et
1905 2986 2016 3016 osten-

115 3032 217 3065 detur
240 3032 366 3065 veritas
391 3043 466 3076 quae
490 3033 562 3066 sine
585 3034 700 3068 fructu
724 3034 792 3067 fuit
816 3034 934 3068 diebus
959 3034 1078 3069 tantis.

226 3080 255 3097 2⁹
279 3078 326 3112 Et
348 3079 481 3113 factum
505 3082 568 3120 est,
593 3091 671 3114 cum
694 3080 891 3124 loqueretur
914 3080 1009 3121 mihi,
1047 3084 1082 3115 et
1105 3091 1180 3114 0000
1205 3079 1373 3124 paulatim
1396 3078 1557 3112 intuebar
1580 3088 1682 3122 super
1705 3088 1783 3111 eum
1807 3079 1887 3110 ante
1912 3085 2014 3119 quem

115 3125 263 3164 stabam,
309 3127 339 3145 ³⁰
361 3128 395 3159 et
417 3126 506 3160 dixit
528 3127 572 3160 ad
593 3137 648 3160 me
670 3127 752 3167 haec,
776 3127 862 3161 Veni
883 3127 947 3161 tibi
970 3128 1147 3161 ostendere
1169 3130 1306 3170 tempus
1330 3128 1482 3159 venturae
1505 3125 1626 3160 noctis,
1684 3127 1710 3144 ³¹
1733 3124 1767 3158 Si
1790 3134 1866 3167 ergo
1889 3123 2014 3156 iterum

115 3171 298 3216 rogaveris,
323 3174 358 3205 et
382 3172 507 3206 iterum
531 3173 734 3207 ieiunaveris
758 3177 891 3218 septem
916 3174 1046 3213 diebus,
1072 3175 1196 3207 iterum
1222 3173 1286 3206 tibi
1310 3172 1515 3206 renuntiabo
1539 3172 1662 3205 horum
1687 3171 1817 3204 maiora
1841 3180 1900 3213 per
1924 3169 2015 3202 diem

116 3229 221 3262 quam
242 3218 369 3253 audivi.
413 3220 440 3238 ³²
460 3219 590 3253 Audita
609 3223 660 3253 est
680 3220 771 3253 enim
790 3231 859 3254 vox
878 3224 942 3255 tua
960 3221 1053 3265 apud
1074 3220 1299 3255 Altissimum.
1321 3219 1416 3253 Vidit
1436 3219 1526 3252 enim
1545 3219 1643 3252 fortis
1663 3217 1884 3252 directionem
1904 3219 2013 3254 tuam,

116 3268 151 3299 et
173 3265 324 3309 providit
345 3265 558 3309 pudicitiam,
580 3277 686 3310 quam
707 3278 728 3300 a
747 3267 929 3301 iuventute
950 3271 1013 3301 tua
1033 3267 1199 3301 habuisti:
1246 3268 1272 3286 ³³
1293 3269 1328 3300 et
1349 3268 1489 3310 propter
1508 3266 1573 3299 hoc
1593 3265 1687 3298 misit
1707 3274 1761 3297 me
1783 3264 2016 3296 demonstrare

116 3311 181 3345 tibi
204 3312 276 3346 haec
302 3312 427 3351 omnia,
459 3315 495 3346 et
518 3312 628 3346 dicere
651 3313 726 3353 tibi,
753 3314 902 3349 Confide.
935 3317 969 3348 et
992 3315 1062 3347 noli
1086 3314 1216 3352 timere,
1257 3315 1283 3332 ³¹
1299 3315 1333 3346 et
1357 3312 1426 3346 noli
1450 3312 1611 3346 festinare
1636 3321 1713 3344 cum
1738 3309 1905 3354 prioribus
1930 3312 2015 3342 tem-

118 3358 256 3402 poribus
289 3359 438 3403 cogitare
459 3370 560 3399 vana,
595 3362 635 3393 ut
661 3371 730 3393 non
759 3371 916 3404 properes
945 3373 965 3394 0
991 3360 1185 3394 11ον155111115
1213 3360 1437 3404 temporibus,
1482 3361 1508 3379 ³⁵
1529 3359 1576 3392 Et
1599 3359 1730 3391 tactum
1755 3360 1807 3390 est
1834 3359 1912 3400 post
1933 3355 2013 3391 brec,

119 3407 154 3438 et
178 3404 420 3487 {efflermt
459 3408 495 3440 et
518 3406 674 3440 similiter
696 3407 847 3441 ieiunavi
871 3411 1003 3452 septem
1028 3407 1158 3447 diebus,
1185 3409 1225 3441 ut
1249 3406 1427 3451 suppleam
1452 3408 1520 3440 tres
1546 3403 1790 3443 hebdomadas,
1817 3412 1892 3446 quae
1917 3401 2016 3434 dictae

117 3461 182 3484 sun
311 3474 316 3478 <

2087 1488 2151 1513 finis

2041 1524 2198 1554 appropin-

2060 1559 2178 1590 quantis

2078 1907 2160 1937 signa

2063 1946 2180 1971 ultima:

2029 3078 2135 3102 iterum
2150 3077 2211 3102 dies

2062 3114 2175 3142 septem

2057 3148 2178 3173 ieiunat.
