2356 3760
309 182 385 224 584
1190 185 1335 219 LIBER
1976 186 2028 226 25,
2057 186 2174 227 1-26,
2201 187 2221 220 6

959 276 1180 330 PARS
1222 278 1582 331 ALTERA.

402 363 721 417 Collectio
761 364 1279 429 proverbiorum
1317 366 1670 429 recentior,
1709 364 1814 430 25,
1840 365 2025 430 1-31,
2052 367 2137 419 31.

1180 457 1356 476 r—‹u—‹Jx—

450 512 489 560 1.
528 509 827 560 Pal-abelae
868 510 1193 561 Salomonis
1234 511 1393 576 regis
1434 512 1635 573 Israel,
1672 512 1756 564 25.
1785 512 1969 571 1—29,
1995 512 2077 563 27.

414 596 477 638 25.
537 598 545 619 ¹
590 594 663 635 Hae
703 608 864 648 quoque
904 596 1109 649 parabolae
1147 598 1387 641 Salomonis,
1451 611 1551 652 quas
1582 598 1881 640 transtulerunt
1923 599 1996 640 viri
2037 600 2220 642 Ezechiae

310 656 409 705 regis
442 655 555 695 luda.

125 764 280 823 Segfi‘f‘tiae
330 759 500 800 2Gloria
530 760 604 800 Dei
637 765 697 800 est
729 760 856 801 celare
888 761 1070 809 verbum,
1157 767 1198 802 et
1227 761 1355 814 gloria
1384 774 1523 813 regum
1555 762 1799 816 investigare
1830 776 2068 806 sermonem.

175 807 249 825 πω
330 822 344 843 ³
362 818 512 860 Caelum
543 832 714 864 sursum,
747 824 788 860 et
817 824 926 860 terra
955 821 1155 869 deorsum,
1241 825 1282 861 et
1311 833 1378 861 cor
1406 834 1545 874 regum
1576 821 1849 863 inscrutabile.

329 880 342 902 ¹
361 878 487 918 Aufer
516 878 742 927 rubiginem
775 879 824 919 de
855 885 1034 931 argento,
1121 886 1162 920 et
1193 879 1421 933 egredietur
1451 893 1523 921 vas
1553 880 1834 934 purissimum:

328 939 343 961 5
361 937 487 977 Aufer
516 936 770 990 impietatem
802 938 851 979 de
881 938 998 979 vultu
1029 939 1142 990 regis,
1228 944 1269 979 et
1298 938 1530 980 firmabitur
1558 939 1717 981 iustitia
1745 940 1916 982 thronus
1946 942 2042 982 eius.

328 998 343 1021 ⁶
363 997 422 1036 Ne
450 996 646 1047 gloriosus
676 1010 874 1050 appareas
903 1011 1039 1038 coram
1070 1011 1172 1051 rege,
1257 1004 1299 1039 et
1327 998 1367 1039 in
1397 998 1484 1040 1000
1515 1012 1756 1052 magnorum
1786 1013 1836 1040 ne
1865 1001 2036 1042 steteris.

328 1057 342 1079 ⁷
361 1055 503 1096 Melius
521 1062 582 1096 est
598 1056 704 1096 enim
723 1061 769 1096 ut
786 1056 947 1097 dicatur
965 1057 1057 1098 tibi:
1072 1057 1256 1098 Ascende
1272 1057 1371 1106 huc;
1430 1071 1554 1111 quam
1571 1063 1618 1099 ut
1634 1058 1856 1100 humilieris
1869 1072 2006 1101 coram
2023 1060 2216 1114 principe.

327 1116 343 1139 ⁸
362 1115 460 1163 Quae
485 1115 677 1155 viderunt
702 1114 807 1155 oculi
833 1116 904 1161 tui,
986 1130 1035 1157 ne
1061 1117 1240 1170 proferas
1266 1116 1307 1157 in
1332 1117 1459 1170 iurgio
1486 1117 1585 1158 cito:

362 1187 409 1214 ne
435 1181 579 1227 postea
603 1175 818 1215 emendare
839 1188 920 1216 non
950 1175 1090 1229 possis,
1166 1189 1258 1217 cum
1289 1176 1621 1218 dehonestaveris
1651 1177 1827 1218 amicum
1858 1183 1988 1219 tuum.

329 1235 343 1257 9
361 1233 535 1273 Causam
565 1238 680 1273 tuam
710 1239 845 1274 tracta
873 1248 965 1275 cum
995 1235 1125 1276 amico
1155 1240 1239 1283 tuo,
1324 1240 1365 1276 et
1394 1240 1594 1277 secretum
1624 1242 1818 1278 extraneo
1848 1251 1897 1278 ne
1926 1237 2096 1278 reveles:

310 1294 410 1333 ¹⁰ne
439 1293 544 1333 forte
574 1292 743 1334 insultet
772 1293 846 1334 tibi
877 1307 969 1334 cum
1001 1294 1187 1343 audierit,
1273 1300 1314 1335 et
1343 1295 1588 1348 exprobrare
1617 1309 1699 1337 non
1729 1301 1868 1338 cesset.

360 1351 502 1392 Gratia
533 1357 573 1393 et
604 1352 784 1393 amicitia
812 1352 1006 1394 liberant:
1092 1367 1192 1408 quas
1222 1354 1298 1395 tibi
1328 1367 1455 1403 serva,
1489 1368 1538 1395 ne
1568 1355 1862 1408 exprobrabilis
1892 1355 1976 1397 fias,

308 1412 339 1435 1¹
360 1410 469 1451 Mala
499 1425 621 1452 aurea
650 1411 690 1452 111
718 1412 833 1452 lectis
863 1413 1075 1466 argenteis,
1162 1414 1231 1467 qui
1259 1413 1442 1468 loquitur
1471 1414 1643 1455 verbum
1672 1414 1713 1455 in
1742 1420 1926 1469 tempore
1956 1428 2040 1456 suo.

308 1472 339 1495 ¹²
362 1470 520 1511 Inauris
551 1484 684 1515 aurea,
718 1477 757 1512 et
789 1472 1056 1525 margaritum
1087 1472 1257 1526 fulgens,
1344 1473 1413 1527 qui
1443 1474 1578 1527 arguit
1611 1473 1850 1527 sapientem,
1884 1480 1924 1515 et
1955 1487 2094 1515 aurem
2126 1474 2219 1515 obe-

571 1531 763 1571 dientem.

309 1591 340 1614 13
359 1589 474 1630 Sicut
495 1589 620 1643 frigus
643 1589 747 1630 nivis
769 1590 810 1630 in
833 1590 896 1630 die
918 1591 1069 1637 messis,
1144 1591 1203 1632 ita
1223 1591 1382 1645 legatus
1404 1591 1532 1632 fidelis
1555 1592 1601 1637 ei,
1628 1592 1696 1646 qui
1718 1593 1830 1633 misit
1853 1606 1957 1639 eum,
2037 1593 2218 1634 animam

570 1649 695 1702 ipsius
724 1649 972 1703 requiescere
1001 1650 1112 1692 facit.

308 1710 339 1732 ¹⁴
361 1708 510 1753 Nubes,
546 1714 586 1749 et
619 1713 777 1753 ventus.
813 1714 853 1749 et
884 1709 1034 1762 pluviae
1065 1723 1147 1751 non
1178 1716 1405 1763 sequentes,
1493 1711 1556 1751 vir
1584 1710 1792 1764 gloriosus,
1833 1716 1874 1751 et
1905 1711 2106 1765 promissa
2136 1724 2218 1752 non

570 1768 788 1822 complens.

307 1828 339 1851 ¹5
358 1827 567 1868 Patientia
594 1827 769 1868 lenietur
796 1828 995 1882 princeps,
1084 1834 1145 1869 aet
1173 1828 1313 1883 lingua
1341 1828 1472 1870 mollis
1502 1829 1731 1883 confringet
1760 1829 1967 1870 duritiam.

308 1888 342 1911 ¹⁶
359 1887 437 1927 Mel
467 1887 670 1933 invenisti,
704 1888 869 1929 comede
900 1888 1010 1942 quod
1039 1888 1192 1929 sufficit
1220 1888 1307 1934 tibi,
1393 1901 1443 1929 ne
1470 1888 1576 1929 forte
1606 1888 1781 1929 satiatus
1811 1902 1977 1930 evomas
2006 1888 2118 1930 illud.

307 1948 340 1970 ¹⁷
359 1946 563 1987 Subtrahe
595 1947 739 2000 pedem
773 1951 892 1987 tuum
925 1947 975 1988 de
1008 1947 1128 1989 domo
1162 1947 1337 2001 proximi
1369 1947 1442 1995 tui,
1531 1948 1748 2001 nequando
1781 1948 1957 1989 satiatus
1990 1948 2121 1989 oderit
2163 1952 2215 1990 te.

308 2007 341 2029 ¹⁸
361 2005 557 2050 Iaculum,
591 2012 631 2047 et
660 2006 830 2060 gladius,
864 2012 905 2047 et
935 2007 1088 2061 sagitta
1118 2011 1251 2056 acuta,
1338 2007 1459 2048 homo
1492 2006 1561 2061 qui
1590 2006 1773 2061 loquitur
1803 2012 1947 2049 contra
1983 2007 2218 2061 proximum

570 2080 688 2106 suum
718 2065 867 2107 falsum
897 2067 1192 2108 testimonium.

308 2126 342 2148 ¹⁹
359 2125 469 2165 Dens
498 2125 698 2178 putridus,
729 2131 769 2166 et
798 2139 867 2178 pes
894 2125 1034 2171 lassus,
1119 2126 1188 2180 qui
1216 2131 1353 2179 sperat
1380 2139 1501 2180 super
1527 2125 1680 2167 infideli
1706 2126 1748 2167 in
1775 2125 1839 2167 die
1868 2126 2078 2180 angustiae,

307 2186 343 2207 ²0
359 2189 400 2224 et
423 2184 578 2225 amittit
602 2184 770 2237 pallium
793 2184 833 2225 in
856 2184 919 2225 die
941 2185 1110 2238 frigoris.
1188 2184 1363 2225 Acetum
1386 2185 1426 2225 in
1449 2185 1567 2233 nitro,
1647 2185 1716 2239 qui
1738 2191 1882 2226 cantat
1904 2185 2087 2226 carmina
2107 2184 2219 2227 cordi

571 2244 756 2297 pessimo.

359 2303 473 2343 Sicut
503 2303 615 2343 tinea
642 2303 902 2349 vestimento,
935 2308 975 2344 et
1005 2303 1153 2344 vermis
1182 2303 1309 2357 ligno:
1394 2303 1454 2344 ita
1482 2303 1651 2344 tristitia
1680 2304 1756 2344 viri
1785 2309 1904 2345 nocet
1934 2304 2056 2345 cordi.

306 2364 337 2386 ‘²¹
364 2362 422 2403 bSi
450 2362 632 2403 esurierit
660 2363 845 2403 inimicus
872 2368 979 2411 tuus,
1009 2362 1101 2403 ciba
1125 2362 1258 2403 illum:
1339 2362 1371 2403 si
1397 2362 1554 2410 sitierit,
1583 2362 1637 2403 da
1662 2363 1697 2403 ei
1724 2376 1874 2415 aquam
1903 2363 2057 2403 bibere:

307 2423 338 2446 22
359 2434 510 2475 prunas
541 2422 647 2463 enim
677 2422 940 2475 congregabis
971 2435 1091 2476 super
1120 2426 1246 2475 caput
1275 2421 1371 2468 eius,
1457 2426 1498 2462 et
1526 2421 1729 2462 Dominus
1757 2421 1902 2462 reddet
1932 2421 2018 2462 tibi.

306 2484 338 2505 '³³
360 2481 516 2522 Ventus
547 2481 681 2535 aquilo
713 2481 885 2535 dissipat
914 2481 1086 2535 pluvias,
1171 2487 1213 2522 et
1240 2481 1363 2522 facies
1393 2480 1521 2522 tristis
1550 2478 1731 2534 linguam
1761 2480 2058 2522 detrahentem.

306 2542 338 2564 ²⁴
366 2540 524 2582 cMelius
549 2546 609 2582 est
633 2542 770 2582 sedere
794 2541 834 2581 in
859 2541 1005 2595 angulo
1030 2541 1219 2590 domatis,
1299 2553 1422 2594 quam
1447 2554 1539 2581 cum
1564 2539 1730 2580 muliere
1752 2539 1940 2593 litigiosa,
1966 2545 2008 2581 et
2030 2540 2071 2581 in
2096 2539 2217 2581 domo

570 2600 788 2642 communi.

307 2661 338 2683 ²5
359 2660 481 2714 Aqua
508 2660 656 2713 frigida
685 2660 831 2700 animae
860 2660 1025 2707 sitienti.
1111 2664 1153 2701 et
1181 2660 1353 2701 nuncius
1384 2660 1515 2701 bonus
1544 2659 1594 2700 de
1623 2664 1733 2700 terra
1760 2659 1994 2713 longinqua.

306 2720 342 2742 ²⁴³
359 2719 466 2761 Fons
498 2720 688 2760 turbatus
719 2720 832 2773 pede,
865 2724 906 2760 et
936 2732 1041 2760 vena
1070 2724 1274 2773 corrupta,
1359 2719 1490 2760 iustus
1521 2719 1668 2759 cadens
1698 2731 1834 2759 coram
1864 2718 2001 2772 impio.

306 2779 340 2802 ‘²⁷
358 2778 471 2820 Sicut
505 2779 573 2833 qui
607 2779 687 2820 mel
720 2779 898 2820 multum
932 2779 1122 2829 comedit,
1159 2779 1241 2820 non
1275 2784 1337 2819 est
1369 2778 1404 2820 ei
1448 2779 1621 2820 bonum:
1705 2778 1782 2819 dsic
1817 2777 1886 2832 qui
1919 2781 2124 2818 scrutator
2155 2781 2217 2818 est

570 2838 809 2882 maiestatis,
843 2838 1098 2891 opprimetur
1129 2852 1153 2878 a
1180 2838 1318 2892 gloria.

307 2900 342 2920 ²⁵
359 2898 472 2939 Sicut
487 2898 583 2939 urbs
599 2903 746 2951 patens
762 2903 803 2938 et
819 2898 973 2951 absque
988 2911 1198 2938 murorum
1215 2897 1387 2943 ambitu,
1453 2896 1514 2938 ita
1529 2897 1601 2943 vir,
1622 2897 1690 2951 qui
1706 2910 1787 2938 non
1803 2902 1940 2950 potest
1956 2895 1996 2936 in
2011 2895 2215 2949 loquendo

569 2957 755 2998 cohibere
785 2957 974 3011 spiritum
1003 2970 1134 2998 suum.

126 3087 201 3109 w«
205 3086 280 3110 nme
309 3074 358 3115 )6
414 3078 427 3099 1
452 3076 666 3142 Quomodo
691 3076 760 3116 nix
786 3077 824 3116 in
848 3081 1002 3121 aestate
1030 3081 1070 3116 et
1093 3076 1276 3129 pluviae
1266 3089 1307 3116 m
1331 3089 1477 3116 1110330.
1549 3075 1603 3115 310
1628 3075 1816 3115 indecens
1841 3080 1901 3115 est
1925 3073 2052 3114 stulto
2075 3072 2212 3126 gloria.

157 3128 248 3145 ’Μ’
329 3135 470 3175 2Situt
503 3136 588 3175 avis
619 3136 669 3176 ad
701 3135 780 3175 alia
808 3135 1079 3180 transvolans
1113 3140 1154 3175 et
1191 3148 1328 3189 passer
1363 3148 1442 3191 quo
1471 3134 1571 3175 libet
1601 3134 1773 3175 vadens:
1858 3133 1913 3174 sic
1950 3132 2215 3173 maledictum

569 3196 721 3235 lrustra
752 3195 955 3248 prolatum
986 3195 1026 3235 in
1057 3195 1292 3248 quempiam
1322 3194 1592 3248 superveniet.

328 3252 580 3301 ²⁵l⁴lagellum
614 3268 729 3307 equo,
764 3260 803 3294 et
835 3268 974 3294 camus
1006 3254 1129 3297 asino.
1216 3259 1256 3294 et
1287 3254 1402 3307 virga
1431 3253 1472 3294 in
1503 3253 1620 3294 dorso
1652 3252 1987 3306 imprudentium.

329 3314 342 3335 ⁴
362 3312 421 3351 Ne
451 3314 693 3365 respondeas
723 3313 850 3354 stulto
880 3314 998 3354 iuxta
1027 3313 1245 3353 stultitiam
1277 3326 1404 3357 suam,
1490 3326 1539 3353 ne
1569 3311 1755 3352 efficiaris
1782 3311 1817 3351 ei
1844 3310 1994 3352 similis.

328 3372 343 3394 ⁵
366 3371 578 3424 Responde
609 3372 733 3413 stulto
765 3373 878 3413 iuxta
910 3372 1130 3413 stultitiam
1161 3386 1289 3421 suam,
1375 3385 1423 3412 ne
1454 3372 1529 3412 sibi
1560 3371 1719 3424 sapiens
1749 3383 1833 3411 esse
1862 3369 2062 3410 videatur.

328 3431 344 3454 ⁶
361 3430 537 3471 Claudiis
560 3432 741 3483 pedibus.
767 3437 805 3471 et
829 3432 1091 3485 iniquitatem
1113 3431 1267 3477 bibens,
1328 3431 1395 3484 qui
1418 3431 1549 3471 mit-tit
1571 3431 1697 3471 verba
1717 3443 1788 3483 per
1809 3427 2002 3470 nuncium
2026 3427 2212 3469 stultum.

441 3544 493 3584 25),
523 3544 561 3577 15
587 3545 676 3587 asup
704 3546 753 3583 15,
781 3547 808 3577 1.
848 3567 854 3568 ν
903 3546 942 3578 :31
972 3545 1080 3578 bizum
1111 3546 1162 3582 12,
1190 3545 1241 3578 20.
1272 3565 1312 3568 ξ
1340 3545 1382 3577 24
1413 3544 1499 3587 cSup
1526 3544 1580 3584 21,
1607 3544 1637 3577 9.
1664 3564 1705 3567 -
1731 3543 1772 3576 27
1798 3543 1871 3577 dSir
1896 3543 1928 3583 3,
1956 3543 2006 3576 22.
