<?xml version="1.0" encoding="UTF-8"?>
<!DOCTYPE html PUBLIC "-//W3C//DTD XHTML 1.0 Transitional//EN"
    "http://www.w3.org/TR/xhtml1/DTD/xhtml1-transitional.dtd">
<html xmlns="http://www.w3.org/1999/xhtml" xml:lang="en" lang="en">
 <head>
  <title>
</title>
<meta http-equiv="Content-Type" content="text/html;charset=utf-8" />
  <meta name='ocr-system' content='tesseract 3.04.00' />
  <meta name='ocr-capabilities' content='ocr_page ocr_carea ocr_par ocr_line ocrx_word'/>
</head>
<body>
  <div class='ocr_page' id='page_1' title='image "./bibliasacravulga00helzuoft_0508.png"; bbox 0 0 2356 3760; ppageno 0'>
   <div class='ocr_carea' id='block_1_1' title="bbox 309 170 2214 214">
    <p class='ocr_par' dir='ltr' id='par_1_1' title="bbox 309 170 2214 214">
     <span class='ocr_line' id='line_1_1' title="bbox 309 170 2214 214; baseline 0.002 -10"><span class='ocrx_word' id='word_1_1' title='bbox 309 171 387 211; x_wconf 74' lang='lat'>484</span> <span class='ocrx_word' id='word_1_2' title='bbox 1183 170 1329 204; x_wconf 79' lang='lat' dir='ltr'>LIBER</span> <span class='ocrx_word' id='word_1_3' title='bbox 1925 173 1978 213; x_wconf 82' lang='lat'>39,</span> <span class='ocrx_word' id='word_1_4' title='bbox 2004 173 2145 214; x_wconf 80' lang='lat'>31—41‚</span> <span class='ocrx_word' id='word_1_5' title='bbox 2174 174 2214 207; x_wconf 87' lang='lat'>13</span> 
     </span>
    </p>
   </div>
   <div class='ocr_carea' id='block_1_2' title="bbox 102 261 2213 566">
    <p class='ocr_par' dir='ltr' id='par_1_2' title="bbox 123 261 1505 306">
     <span class='ocr_line' id='line_1_2' title="bbox 123 261 1505 306; baseline 0.003 -5"><span class='ocrx_word' id='word_1_6' title='bbox 123 261 290 291; x_wconf 66' lang='lat'>¹⁰¹⁰“0⁵1²¹‘·</span> <span class='ocrx_word' id='word_1_7' title='bbox 415 265 446 287; x_wconf 78' lang='lat'>³¹¹</span> <span class='ocrx_word' id='word_1_8' title='bbox 477 262 528 304; x_wconf 83' lang='lat' dir='ltr'>Et</span> <span class='ocrx_word' id='word_1_9' title='bbox 561 264 707 304; x_wconf 76' lang='lat' dir='ltr'>adiecit</span> <span class='ocrx_word' id='word_1_10' title='bbox 737 264 948 304; x_wconf 84' lang='lat' dir='ltr'>Dominus.</span> <span class='ocrx_word' id='word_1_11' title='bbox 982 268 1021 303; x_wconf 85' lang='lat' dir='ltr'>et</span> <span class='ocrx_word' id='word_1_12' title='bbox 1051 263 1210 305; x_wconf 75' lang='lat' dir='ltr'>loeutus</span> <span class='ocrx_word' id='word_1_13' title='bbox 1240 271 1301 305; x_wconf 84' lang='lat' dir='ltr'>est</span> <span class='ocrx_word' id='word_1_14' title='bbox 1330 264 1382 306; x_wconf 85' lang='lat' dir='ltr'>ad</span> <span class='ocrx_word' id='word_1_15' title='bbox 1414 264 1505 305; x_wconf 81' lang='lat' dir='ltr'>lob:</span> 
     </span>
    </p>

    <p class='ocr_par' dir='ltr' id='par_1_3' title="bbox 102 350 2213 480">
     <span class='ocr_line' id='line_1_3' title="bbox 102 350 2213 409; baseline 0.003 -21"><span class='ocrx_word' id='word_1_16' title='bbox 102 350 339 409; x_wconf 43' lang='lat' dir='ltr'>dgsstffflffuffijff</span> <span class='ocrx_word' id='word_1_17' title='bbox 368 350 575 404; x_wconf 79' lang='lat' dir='ltr'>Numquid</span> <span class='ocrx_word' id='word_1_18' title='bbox 607 351 672 403; x_wconf 92' lang='lat' dir='ltr'>qui</span> <span class='ocrx_word' id='word_1_19' title='bbox 703 350 912 390; x_wconf 69' lang='lat' dir='ltr'>contendit</span> <span class='ocrx_word' id='word_1_20' title='bbox 942 364 1033 390; x_wconf 69' lang='lat' dir='ltr'>cum</span> <span class='ocrx_word' id='word_1_21' title='bbox 1063 351 1161 394; x_wconf 75' lang='lat' dir='ltr'>Deo.</span> <span class='ocrx_word' id='word_1_22' title='bbox 1193 357 1278 391; x_wconf 89' lang='lat' dir='ltr'>tam</span> <span class='ocrx_word' id='word_1_23' title='bbox 1307 351 1422 392; x_wconf 74' lang='lat' dir='ltr'>facile</span> <span class='ocrx_word' id='word_1_24' title='bbox 1451 352 1723 405; x_wconf 71' lang='lat' dir='ltr'>conquiescit?</span> <span class='ocrx_word' id='word_1_25' title='bbox 1813 353 1954 407; x_wconf 91' lang='lat' dir='ltr'>utique</span> <span class='ocrx_word' id='word_1_26' title='bbox 1984 353 2053 407; x_wconf 91' lang='lat' dir='ltr'>qui</span> <span class='ocrx_word' id='word_1_27' title='bbox 2080 354 2213 407; x_wconf 85' lang='lat' dir='ltr'>arguit</span> 
     </span>
     <span class='ocr_line' id='line_1_4' title="bbox 116 408 1213 480; baseline 0.004 -34"><span class='ocrx_word' id='word_1_28' title='bbox 116 408 289 480; x_wconf 34' lang='lat' dir='ltr'>c‘ompffiat·</span> <span class='ocrx_word' id='word_1_29' title='bbox 571 410 714 451; x_wconf 77' lang='lat' dir='ltr'>Deum.</span> <span class='ocrx_word' id='word_1_30' title='bbox 747 409 867 449; x_wconf 83' lang='lat' dir='ltr'>debet</span> <span class='ocrx_word' id='word_1_31' title='bbox 898 410 1138 462; x_wconf 86' lang='lat' dir='ltr'>respondere</span> <span class='ocrx_word' id='word_1_32' title='bbox 1168 411 1213 451; x_wconf 89' lang='lat' dir='ltr'>ei.</span> 
     </span>
    </p>

    <p class='ocr_par' dir='ltr' id='par_1_4' title="bbox 113 501 1384 566">
     <span class='ocr_line' id='line_1_5' title="bbox 113 501 1384 566; baseline 0.004 -27"><span class='ocrx_word' id='word_1_33' title='bbox 113 501 292 566; x_wconf 50' lang='lat' dir='ltr'>¹0bg&lt;gssf³0¹v</span> <span class='ocrx_word' id='word_1_34' title='bbox 411 505 443 527; x_wconf 55' lang='lat' dir='ltr'>:m</span> <span class='ocrx_word' id='word_1_35' title='bbox 479 503 738 555; x_wconf 75' lang='lat' dir='ltr'>Respondens</span> <span class='ocrx_word' id='word_1_36' title='bbox 769 511 904 542; x_wconf 78' lang='lat' dir='ltr'>autem</span> <span class='ocrx_word' id='word_1_37' title='bbox 944 503 1011 543; x_wconf 86' lang='lat' dir='ltr'>lob</span> <span class='ocrx_word' id='word_1_38' title='bbox 1042 503 1229 545; x_wconf 80' lang='lat' dir='ltr'>Domino.</span> <span class='ocrx_word' id='word_1_39' title='bbox 1262 504 1384 544; x_wconf 86' lang='lat' dir='ltr'>dixit:</span> 
     </span>
    </p>
   </div>
   <div class='ocr_carea' id='block_1_3' title="bbox 100 588 2213 808">
    <p class='ocr_par' dir='ltr' id='par_1_5' title="bbox 100 588 2213 808">
     <span class='ocr_line' id='line_1_6' title="bbox 100 588 2211 650; baseline 0.002 -22"><span class='ocrx_word' id='word_1_40' title='bbox 100 596 129 614; x_wconf 58' lang='lat'>³⁴³</span> <span class='ocrx_word' id='word_1_41' title='bbox 150 588 287 650; x_wconf 33' lang='lat' dir='ltr'>¹⁹34&amp;ngss</span> <span class='ocrx_word' id='word_1_42' title='bbox 308 591 338 612; x_wconf 69' lang='lat'>²³⁴</span> <span class='ocrx_word' id='word_1_43' title='bbox 367 589 442 637; x_wconf 77' lang='lat' dir='ltr'>Qui</span> <span class='ocrx_word' id='word_1_44' title='bbox 480 589 621 629; x_wconf 83' lang='lat' dir='ltr'>leviter</span> <span class='ocrx_word' id='word_1_45' title='bbox 655 589 813 630; x_wconf 74' lang='lat' dir='ltr'>loeutus</span> <span class='ocrx_word' id='word_1_46' title='bbox 849 602 950 631; x_wconf 89' lang='lat' dir='ltr'>sum.</span> <span class='ocrx_word' id='word_1_47' title='bbox 1001 590 1240 642; x_wconf 81' lang='lat' dir='ltr'>respondere</span> <span class='ocrx_word' id='word_1_48' title='bbox 1278 590 1374 644; x_wconf 88' lang='lat' dir='ltr'>quid</span> <span class='ocrx_word' id='word_1_49' title='bbox 1411 590 1599 643; x_wconf 79' lang='lat' dir='ltr'>possum?</span> <span class='ocrx_word' id='word_1_50' title='bbox 1689 604 1856 632; x_wconf 87' lang='lat' dir='ltr'>manum</span> <span class='ocrx_word' id='word_1_51' title='bbox 1892 605 2025 633; x_wconf 86' lang='lat' dir='ltr'>meam</span> <span class='ocrx_word' id='word_1_52' title='bbox 2059 605 2211 645; x_wconf 89' lang='lat' dir='ltr'>ponam</span> 
     </span>
     <span class='ocr_line' id='line_1_7' title="bbox 569 661 936 702; baseline 0.003 -15"><span class='ocrx_word' id='word_1_53' title='bbox 569 662 688 702; x_wconf 86' lang='lat' dir='ltr'>super</span> <span class='ocrx_word' id='word_1_54' title='bbox 717 663 759 688; x_wconf 79' lang='lat' dir='ltr'>os</span> <span class='ocrx_word' id='word_1_55' title='bbox 789 661 936 689; x_wconf 86' lang='lat' dir='ltr'>meum.</span> 
     </span>
     <span class='ocr_line' id='line_1_8' title="bbox 307 707 2213 763; baseline 0.003 -15"><span class='ocrx_word' id='word_1_56' title='bbox 307 709 338 730; x_wconf 48' lang='lat'>¹2³</span> <span class='ocrx_word' id='word_1_57' title='bbox 371 707 502 748; x_wconf 47' lang='lat' dir='ltr'>[suum</span> <span class='ocrx_word' id='word_1_58' title='bbox 528 707 687 748; x_wconf 68' lang='lat' dir='ltr'>locutus·</span> <span class='ocrx_word' id='word_1_59' title='bbox 711 721 812 750; x_wconf 83' lang='lat' dir='ltr'>sum.</span> <span class='ocrx_word' id='word_1_60' title='bbox 840 708 946 761; x_wconf 91' lang='lat' dir='ltr'>quod</span> <span class='ocrx_word' id='word_1_61' title='bbox 975 709 1130 749; x_wconf 85' lang='lat' dir='ltr'>utinam</span> <span class='ocrx_word' id='word_1_62' title='bbox 1156 721 1235 749; x_wconf 90' lang='lat' dir='ltr'>non</span> <span class='ocrx_word' id='word_1_63' title='bbox 1261 708 1469 749; x_wconf 87' lang='lat' dir='ltr'>dixissem:</span> <span class='ocrx_word' id='word_1_64' title='bbox 1553 714 1592 749; x_wconf 87' lang='lat' dir='ltr'>et</span> <span class='ocrx_word' id='word_1_65' title='bbox 1618 708 1802 758; x_wconf 89' lang='lat' dir='ltr'>alterum,</span> <span class='ocrx_word' id='word_1_66' title='bbox 1830 710 1976 763; x_wconf 89' lang='lat' dir='ltr'>quibus</span> <span class='ocrx_word' id='word_1_67' title='bbox 2001 710 2109 752; x_wconf 87' lang='lat' dir='ltr'>ultra</span> <span class='ocrx_word' id='word_1_68' title='bbox 2132 723 2213 753; x_wconf 91' lang='lat' dir='ltr'>non</span> 
     </span>
     <span class='ocr_line' id='line_1_9' title="bbox 568 768 730 808; baseline 0.006 -2"><span class='ocrx_word' id='word_1_69' title='bbox 568 768 730 808; x_wconf 85' lang='lat' dir='ltr'>addam.</span> 
     </span>
    </p>
   </div>
   <div class='ocr_carea' id='block_1_4' title="bbox 409 858 1779 985">
    <p class='ocr_par' dir='ltr' id='par_1_6' title="bbox 409 858 1779 985">
     <span class='ocr_line' id='line_1_10' title="bbox 893 858 1627 912; baseline 0.003 -13"><span class='ocrx_word' id='word_1_70' title='bbox 893 861 931 900; x_wconf 87' lang='lat'>2.</span> <span class='ocrx_word' id='word_1_71' title='bbox 963 858 1121 899; x_wconf 85' lang='lat' dir='ltr'><strong>Oratio</strong></span> <span class='ocrx_word' id='word_1_72' title='bbox 1152 859 1310 910; x_wconf 83' lang='lat' dir='ltr'>altera,</span> <span class='ocrx_word' id='word_1_73' title='bbox 1338 860 1404 910; x_wconf 83' lang='lat'>40,</span> <span class='ocrx_word' id='word_1_74' title='bbox 1423 861 1570 912; x_wconf 82' lang='lat'>1—42‚</span> <span class='ocrx_word' id='word_1_75' title='bbox 1588 861 1627 901; x_wconf 91' lang='lat'>6.</span> 
     </span>
     <span class='ocr_line' id='line_1_11' title="bbox 409 931 1779 985; baseline 0.001 -13"><span class='ocrx_word' id='word_1_76' title='bbox 409 932 472 975; x_wconf 76' lang='lat'>40.</span> <span class='ocrx_word' id='word_1_77' title='bbox 531 935 538 955; x_wconf 89' lang='lat'>¹</span> <span class='ocrx_word' id='word_1_78' title='bbox 579 932 838 985; x_wconf 76' lang='lat' dir='ltr'>Respondens</span> <span class='ocrx_word' id='word_1_79' title='bbox 869 938 1005 971; x_wconf 81' lang='lat' dir='ltr'>autem</span> <span class='ocrx_word' id='word_1_80' title='bbox 1038 931 1237 972; x_wconf 75' lang='lat' dir='ltr'>Dominus</span> <span class='ocrx_word' id='word_1_81' title='bbox 1270 931 1341 972; x_wconf 91' lang='lat' dir='ltr'>lob</span> <span class='ocrx_word' id='word_1_82' title='bbox 1372 932 1420 972; x_wconf 89' lang='lat' dir='ltr'>de</span> <span class='ocrx_word' id='word_1_83' title='bbox 1451 932 1623 976; x_wconf 81' lang='lat' dir='ltr'>turbine.</span> <span class='ocrx_word' id='word_1_84' title='bbox 1657 933 1779 973; x_wconf 80' lang='lat' dir='ltr'>dixit:</span> 
     </span>
    </p>
   </div>
   <div class='ocr_carea' id='block_1_5' title="bbox 121 1024 1875 1084">
    <p class='ocr_par' dir='ltr' id='par_1_7' title="bbox 121 1024 1875 1084">
     <span class='ocr_line' id='line_1_12' title="bbox 121 1024 1875 1084; baseline 0.001 -18"><span class='ocrx_word' id='word_1_85' title='bbox 121 1024 278 1084; x_wconf 51' lang='lat' dir='ltr'>lffljffljln&#39;ffi,</span> <span class='ocrx_word' id='word_1_86' title='bbox 324 1029 338 1050; x_wconf 65' lang='lat'>2¹</span> <span class='ocrx_word' id='word_1_87' title='bbox 363 1026 534 1077; x_wconf 69' lang='lat' dir='ltr'>Accinge</span> <span class='ocrx_word' id='word_1_88' title='bbox 563 1027 664 1066; x_wconf 77' lang='lat' dir='ltr'>sieut</span> <span class='ocrx_word' id='word_1_89' title='bbox 695 1026 755 1065; x_wconf 77' lang='lat' dir='ltr'>vir</span> <span class='ocrx_word' id='word_1_90' title='bbox 783 1026 940 1066; x_wconf 89' lang='lat' dir='ltr'>lumbos</span> <span class='ocrx_word' id='word_1_91' title='bbox 970 1032 1079 1065; x_wconf 85' lang='lat' dir='ltr'>tuos:</span> <span class='ocrx_word' id='word_1_92' title='bbox 1163 1024 1418 1078; x_wconf 77' lang='lat' dir='ltr'><strong>interrogabo</strong></span> <span class='ocrx_word' id='word_1_93' title='bbox 1448 1031 1505 1065; x_wconf 88' lang='lat' dir='ltr'>te:</span> <span class='ocrx_word' id='word_1_94' title='bbox 1536 1032 1576 1066; x_wconf 87' lang='lat' dir='ltr'>et</span> <span class='ocrx_word' id='word_1_95' title='bbox 1604 1026 1738 1067; x_wconf 76' lang='lat' dir='ltr'>indica</span> <span class='ocrx_word' id='word_1_96' title='bbox 1765 1027 1875 1069; x_wconf 85' lang='lat' dir='ltr'>inihi.</span> 
     </span>
    </p>
   </div>
   <div class='ocr_carea' id='block_1_6' title="bbox 95 1084 2211 3573">
    <p class='ocr_par' dir='ltr' id='par_1_8' title="bbox 95 1084 2211 3573">
     <span class='ocr_line' id='line_1_13' title="bbox 136 1084 2208 1141; baseline 0.005 -23"><span class='ocrx_word' id='word_1_97' title='bbox 136 1095 256 1141; x_wconf 23' lang='lat' dir='ltr'>,iussu-s</span> <span class='ocrx_word' id='word_1_98' title='bbox 325 1089 340 1107; x_wconf 70' lang='lat'>³³</span> <span class='ocrx_word' id='word_1_99' title='bbox 369 1086 572 1139; x_wconf 84' lang='lat' dir='ltr'>Numquid</span> <span class='ocrx_word' id='word_1_100' title='bbox 597 1085 754 1125; x_wconf 88' lang='lat' dir='ltr'>irritum</span> <span class='ocrx_word' id='word_1_101' title='bbox 777 1085 898 1125; x_wconf 70' lang='lat' dir='ltr'>facies</span> <span class='ocrx_word' id='word_1_102' title='bbox 921 1084 1112 1124; x_wconf 75' lang='lat' dir='ltr'>iudicium</span> <span class='ocrx_word' id='word_1_103' title='bbox 1136 1097 1290 1124; x_wconf 91' lang='lat' dir='ltr'>meum:</span> <span class='ocrx_word' id='word_1_104' title='bbox 1348 1090 1389 1125; x_wconf 91' lang='lat' dir='ltr'>et</span> <span class='ocrx_word' id='word_1_105' title='bbox 1410 1085 1700 1126; x_wconf 72' lang='lat' dir='ltr'>condemnabis</span> <span class='ocrx_word' id='word_1_106' title='bbox 1722 1099 1796 1129; x_wconf 87' lang='lat' dir='ltr'>me.</span> <span class='ocrx_word' id='word_1_107' title='bbox 1821 1093 1868 1127; x_wconf 92' lang='lat' dir='ltr'>ut</span> <span class='ocrx_word' id='word_1_108' title='bbox 1889 1092 1934 1128; x_wconf 86' lang='lat' dir='ltr'>tu</span> <span class='ocrx_word' id='word_1_109' title='bbox 1958 1087 2208 1128; x_wconf 74' lang='lat' dir='ltr'>iustificeris?</span> 
     </span>
     <span class='ocr_line' id='line_1_14' title="bbox 113 1130 1778 1191; baseline 0.001 -6"><span class='ocrx_word' id='word_1_110' title='bbox 113 1130 285 1191; x_wconf 52' lang='lat' dir='ltr'>dfflssffiffi&#39;</span> <span class='ocrx_word' id='word_1_111' title='bbox 326 1147 339 1168; x_wconf 75' lang='lat'><strong>⁴</strong></span> <span class='ocrx_word' id='word_1_112' title='bbox 365 1144 419 1184; x_wconf 82' lang='lat' dir='ltr'>Et</span> <span class='ocrx_word' id='word_1_113' title='bbox 446 1144 476 1185; x_wconf 87' lang='lat' dir='ltr'>si</span> <span class='ocrx_word' id='word_1_114' title='bbox 506 1144 630 1184; x_wconf 85' lang='lat' dir='ltr'>habes</span> <span class='ocrx_word' id='word_1_115' title='bbox 659 1143 866 1184; x_wconf 72' lang='lat' dir='ltr'>brachium</span> <span class='ocrx_word' id='word_1_116' title='bbox 897 1143 1001 1184; x_wconf 85' lang='lat' dir='ltr'>sicut</span> <span class='ocrx_word' id='word_1_117' title='bbox 1028 1143 1149 1184; x_wconf 74' lang='lat' dir='ltr'>Deus,</span> <span class='ocrx_word' id='word_1_118' title='bbox 1233 1149 1273 1183; x_wconf 90' lang='lat' dir='ltr'>et</span> <span class='ocrx_word' id='word_1_119' title='bbox 1301 1143 1333 1183; x_wconf 89' lang='lat' dir='ltr'>si</span> <span class='ocrx_word' id='word_1_120' title='bbox 1360 1156 1458 1185; x_wconf 86' lang='lat' dir='ltr'>voce</span> <span class='ocrx_word' id='word_1_121' title='bbox 1487 1144 1605 1185; x_wconf 87' lang='lat' dir='ltr'>simili</span> <span class='ocrx_word' id='word_1_122' title='bbox 1634 1145 1778 1186; x_wconf 75' lang='lat' dir='ltr'>tonas?</span> 
     </span>
     <span class='ocr_line' id='line_1_15' title="bbox 97 1201 2211 1259; baseline 0 -15"><span class='ocrx_word' id='word_1_123' title='bbox 97 1202 290 1232; x_wconf 57' lang='lat' dir='ltr'>¹⁹P¹0¹¹⁰¹¹⁴¹¹²2</span> <span class='ocrx_word' id='word_1_124' title='bbox 325 1205 339 1226; x_wconf 72' lang='lat'>⁵</span> <span class='ocrx_word' id='word_1_125' title='bbox 363 1203 579 1244; x_wconf 68' lang='lat' dir='ltr'>s&#39;ireumda</span> <span class='ocrx_word' id='word_1_126' title='bbox 608 1203 683 1244; x_wconf 87' lang='lat' dir='ltr'>tibi</span> <span class='ocrx_word' id='word_1_127' title='bbox 713 1204 910 1248; x_wconf 74' lang='lat' dir='ltr'>decorem,</span> <span class='ocrx_word' id='word_1_128' title='bbox 943 1208 984 1243; x_wconf 85' lang='lat' dir='ltr'>et</span> <span class='ocrx_word' id='word_1_129' title='bbox 1013 1202 1053 1242; x_wconf 92' lang='lat' dir='ltr'>in</span> <span class='ocrx_word' id='word_1_130' title='bbox 1084 1201 1255 1242; x_wconf 89' lang='lat' dir='ltr'>sublime</span> <span class='ocrx_word' id='word_1_131' title='bbox 1287 1202 1445 1252; x_wconf 78' lang='lat' dir='ltr'>erigere,</span> <span class='ocrx_word' id='word_1_132' title='bbox 1525 1210 1564 1244; x_wconf 88' lang='lat' dir='ltr'>et</span> <span class='ocrx_word' id='word_1_133' title='bbox 1596 1210 1682 1245; x_wconf 86' lang='lat' dir='ltr'>esto</span> <span class='ocrx_word' id='word_1_134' title='bbox 1712 1204 1918 1257; x_wconf 78' lang='lat' dir='ltr'>gloriosus.</span> <span class='ocrx_word' id='word_1_135' title='bbox 1953 1211 1994 1246; x_wconf 85' lang='lat' dir='ltr'>et</span> <span class='ocrx_word' id='word_1_136' title='bbox 2024 1205 2211 1259; x_wconf 72' lang='lat' dir='ltr'>speciosis</span> 
     </span>
     <span class='ocr_line' id='line_1_16' title="bbox 568 1262 954 1303; baseline -0.003 0"><span class='ocrx_word' id='word_1_137' title='bbox 568 1263 731 1303; x_wconf 87' lang='lat' dir='ltr'>induere</span> <span class='ocrx_word' id='word_1_138' title='bbox 761 1262 954 1302; x_wconf 77' lang='lat' dir='ltr'>vestibus</span> 
     </span>
     <span class='ocr_line' id='line_1_17' title="bbox 323 1321 2208 1377; baseline 0.002 -16"><span class='ocrx_word' id='word_1_139' title='bbox 323 1324 338 1344; x_wconf 72' lang='lat'><strong>⁶</strong></span> <span class='ocrx_word' id='word_1_140' title='bbox 366 1322 555 1375; x_wconf 80' lang='lat' dir='ltr'>Disperge</span> <span class='ocrx_word' id='word_1_141' title='bbox 588 1322 781 1375; x_wconf 86' lang='lat' dir='ltr'>superbos</span> <span class='ocrx_word' id='word_1_142' title='bbox 815 1321 854 1362; x_wconf 93' lang='lat' dir='ltr'>in</span> <span class='ocrx_word' id='word_1_143' title='bbox 889 1322 1021 1362; x_wconf 85' lang='lat' dir='ltr'>furore</span> <span class='ocrx_word' id='word_1_144' title='bbox 1055 1326 1137 1363; x_wconf 83' lang='lat' dir='ltr'>tuo.</span> <span class='ocrx_word' id='word_1_145' title='bbox 1222 1326 1262 1361; x_wconf 85' lang='lat' dir='ltr'>et</span> <span class='ocrx_word' id='word_1_146' title='bbox 1294 1321 1509 1374; x_wconf 78' lang='lat' dir='ltr'>respiciens</span> <span class='ocrx_word' id='word_1_147' title='bbox 1542 1335 1704 1363; x_wconf 87' lang='lat' dir='ltr'>omnem</span> <span class='ocrx_word' id='word_1_148' title='bbox 1738 1328 1994 1377; x_wconf 78' lang='lat' dir='ltr'>arrogantem</span> <span class='ocrx_word' id='word_1_149' title='bbox 2028 1323 2208 1365; x_wconf 85' lang='lat' dir='ltr'>humilia.</span> 
     </span>
     <span class='ocr_line' id='line_1_18' title="bbox 325 1380 2103 1435; baseline 0.001 -14"><span class='ocrx_word' id='word_1_150' title='bbox 325 1382 338 1404; x_wconf 78' lang='lat'><strong>⁷</strong></span> <span class='ocrx_word' id='word_1_151' title='bbox 366 1381 533 1434; x_wconf 75' lang='lat' dir='ltr'>Respice</span> <span class='ocrx_word' id='word_1_152' title='bbox 559 1387 726 1422; x_wconf 77' lang='lat' dir='ltr'>cunctos</span> <span class='ocrx_word' id='word_1_153' title='bbox 751 1381 956 1434; x_wconf 86' lang='lat' dir='ltr'>superbos.</span> <span class='ocrx_word' id='word_1_154' title='bbox 984 1386 1023 1421; x_wconf 87' lang='lat' dir='ltr'>et</span> <span class='ocrx_word' id='word_1_155' title='bbox 1049 1380 1252 1421; x_wconf 79' lang='lat' dir='ltr'>confunde</span> <span class='ocrx_word' id='word_1_156' title='bbox 1277 1394 1354 1424; x_wconf 82' lang='lat' dir='ltr'>eos,</span> <span class='ocrx_word' id='word_1_157' title='bbox 1424 1387 1465 1421; x_wconf 87' lang='lat' dir='ltr'>et</span> <span class='ocrx_word' id='word_1_158' title='bbox 1488 1386 1651 1422; x_wconf 78' lang='lat' dir='ltr'>contere</span> <span class='ocrx_word' id='word_1_159' title='bbox 1674 1381 1819 1435; x_wconf 86' lang='lat' dir='ltr'>impios</span> <span class='ocrx_word' id='word_1_160' title='bbox 1844 1382 1884 1422; x_wconf 87' lang='lat' dir='ltr'>in</span> <span class='ocrx_word' id='word_1_161' title='bbox 1908 1382 1994 1423; x_wconf 86' lang='lat' dir='ltr'>loco</span> <span class='ocrx_word' id='word_1_162' title='bbox 2020 1396 2103 1424; x_wconf 87' lang='lat' dir='ltr'>suo.</span> 
     </span>
     <span class='ocr_line' id='line_1_19' title="bbox 325 1439 2035 1493; baseline 0.001 -13"><span class='ocrx_word' id='word_1_163' title='bbox 325 1444 340 1462; x_wconf 63' lang='lat'>³</span> <span class='ocrx_word' id='word_1_164' title='bbox 363 1441 578 1481; x_wconf 85' lang='lat' dir='ltr'>Abs‹·0nde</span> <span class='ocrx_word' id='word_1_165' title='bbox 607 1454 673 1481; x_wconf 88' lang='lat' dir='ltr'>eos</span> <span class='ocrx_word' id='word_1_166' title='bbox 703 1441 742 1481; x_wconf 90' lang='lat' dir='ltr'>in</span> <span class='ocrx_word' id='word_1_167' title='bbox 772 1439 937 1493; x_wconf 80' lang='lat' dir='ltr'>pulvere</span> <span class='ocrx_word' id='word_1_168' title='bbox 967 1439 1097 1482; x_wconf 85' lang='lat' dir='ltr'>simul.</span> <span class='ocrx_word' id='word_1_169' title='bbox 1182 1445 1221 1479; x_wconf 90' lang='lat' dir='ltr'>et</span> <span class='ocrx_word' id='word_1_170' title='bbox 1251 1439 1372 1480; x_wconf 85' lang='lat' dir='ltr'>facies</span> <span class='ocrx_word' id='word_1_171' title='bbox 1402 1453 1539 1481; x_wconf 90' lang='lat' dir='ltr'>eorum</span> <span class='ocrx_word' id='word_1_172' title='bbox 1571 1441 1756 1491; x_wconf 84' lang='lat' dir='ltr'>demerge</span> <span class='ocrx_word' id='word_1_173' title='bbox 1785 1441 1824 1486; x_wconf 87' lang='lat' dir='ltr'>in</span> <span class='ocrx_word' id='word_1_174' title='bbox 1854 1442 2035 1483; x_wconf 81' lang='lat' dir='ltr'>foveam:</span> 
     </span>
     <span class='ocr_line' id='line_1_20' title="bbox 324 1491 1803 1552; baseline 0 -12"><span class='ocrx_word' id='word_1_175' title='bbox 324 1502 339 1522; x_wconf 72' lang='lat'>⁹</span> <span class='ocrx_word' id='word_1_176' title='bbox 363 1499 415 1540; x_wconf 82' lang='lat' dir='ltr'>Et</span> <span class='ocrx_word' id='word_1_177' title='bbox 444 1513 515 1551; x_wconf 81' lang='lat' dir='ltr'>ego</span> <span class='ocrx_word' id='word_1_178' title='bbox 543 1500 768 1540; x_wconf 70' lang='lat' dir='ltr'>confitebor</span> <span class='ocrx_word' id='word_1_179' title='bbox 848 1499 955 1552; x_wconf 90' lang='lat' dir='ltr'>quod</span> <span class='ocrx_word' id='word_1_180' title='bbox 984 1498 1140 1539; x_wconf 80' lang='lat' dir='ltr'>salvare</span> <span class='ocrx_word' id='word_1_181' title='bbox 1169 1506 1208 1538; x_wconf 81' lang='lat' dir='ltr'>te</span> <span class='ocrx_word' id='word_1_182' title='bbox 1235 1499 1363 1551; x_wconf 81' lang='lat' dir='ltr'>possit</span> <span class='ocrx_word' id='word_1_183' title='bbox 1390 1500 1557 1540; x_wconf 83' lang='lat' dir='ltr'>dextera</span> <span class='ocrx_word' id='word_1_184' title='bbox 1585 1506 1668 1541; x_wconf 89' lang='lat' dir='ltr'>tua.</span> <span class='ocrx_word' id='word_1_185' title='bbox 1792 1491 1803 1503; x_wconf 58' lang='grc'>“’</span> 
     </span>
     <span class='ocr_line' id='line_1_21' title="bbox 95 1591 1912 1656; baseline 0 -22"><span class='ocrx_word' id='word_1_186' title='bbox 95 1591 340 1656; x_wconf 41' lang='grc' dir='ltr'>Ψῗζῗῐζὲζὲξζζῇυ</span> <span class='ocrx_word' id='word_1_187' title='bbox 364 1594 478 1637; x_wconf 78' lang='lat' dir='ltr'>Ecce.</span> <span class='ocrx_word' id='word_1_188' title='bbox 513 1593 751 1634; x_wconf 84' lang='lat' dir='ltr'>Behemoth.</span> <span class='ocrx_word' id='word_1_189' title='bbox 786 1606 905 1646; x_wconf 88' lang='lat' dir='ltr'>quem</span> <span class='ocrx_word' id='word_1_190' title='bbox 935 1591 1010 1633; x_wconf 77' lang='lat' dir='ltr'>feei</span> <span class='ocrx_word' id='word_1_191' title='bbox 1041 1598 1188 1638; x_wconf 80' lang='lat' dir='ltr'>tecum,</span> <span class='ocrx_word' id='word_1_192' title='bbox 1274 1593 1429 1633; x_wconf 70' lang='lat' dir='ltr'>foenum</span> <span class='ocrx_word' id='word_1_193' title='bbox 1462 1594 1576 1646; x_wconf 84' lang='lat' dir='ltr'>quasi</span> <span class='ocrx_word' id='word_1_194' title='bbox 1608 1594 1678 1635; x_wconf 91' lang='lat' dir='ltr'>bos</span> <span class='ocrx_word' id='word_1_195' title='bbox 1709 1595 1912 1635; x_wconf 87' lang='lat' dir='ltr'>comedet:</span> 
     </span>
     <span class='ocr_line' id='line_1_22' title="bbox 108 1650 2045 1702; baseline 0.001 -10"><span class='ocrx_word' id='word_1_196' title='bbox 108 1650 287 1702; x_wconf 28' lang='lat' dir='ltr'>imnum-de-</span> <span class='ocrx_word' id='word_1_197' title='bbox 305 1656 331 1677; x_wconf 92' lang='lat'>¹¹</span> <span class='ocrx_word' id='word_1_198' title='bbox 363 1653 577 1694; x_wconf 79' lang='lat' dir='ltr'>Fortitudo</span> <span class='ocrx_word' id='word_1_199' title='bbox 605 1652 688 1692; x_wconf 88' lang='lat' dir='ltr'>eius</span> <span class='ocrx_word' id='word_1_200' title='bbox 714 1652 754 1692; x_wconf 92' lang='lat' dir='ltr'>in</span> <span class='ocrx_word' id='word_1_201' title='bbox 780 1651 927 1692; x_wconf 88' lang='lat' dir='ltr'>lumbis</span> <span class='ocrx_word' id='word_1_202' title='bbox 955 1652 1049 1692; x_wconf 85' lang='lat' dir='ltr'>eius.</span> <span class='ocrx_word' id='word_1_203' title='bbox 1132 1657 1172 1692; x_wconf 87' lang='lat' dir='ltr'>et</span> <span class='ocrx_word' id='word_1_204' title='bbox 1198 1651 1329 1692; x_wconf 82' lang='lat' dir='ltr'>virtus</span> <span class='ocrx_word' id='word_1_205' title='bbox 1355 1651 1459 1692; x_wconf 86' lang='lat' dir='ltr'>illius</span> <span class='ocrx_word' id='word_1_206' title='bbox 1485 1652 1525 1692; x_wconf 91' lang='lat' dir='ltr'>in</span> <span class='ocrx_word' id='word_1_207' title='bbox 1552 1652 1742 1694; x_wconf 80' lang='lat' dir='ltr'>umbilico</span> <span class='ocrx_word' id='word_1_208' title='bbox 1771 1654 1923 1694; x_wconf 82' lang='lat' dir='ltr'>ventris</span> <span class='ocrx_word' id='word_1_209' title='bbox 1950 1653 2045 1694; x_wconf 75' lang='lat' dir='ltr'>eius</span> 
     </span>
     <span class='ocr_line' id='line_1_23' title="bbox 146 1698 2207 1766; baseline 0 -13"><span class='ocrx_word' id='word_1_210' title='bbox 146 1698 244 1722; x_wconf 53' lang='lat' dir='ltr'>scum</span> <span class='ocrx_word' id='word_1_211' title='bbox 303 1715 334 1737; x_wconf 74' lang='lat'>¹2</span> <span class='ocrx_word' id='word_1_212' title='bbox 360 1712 528 1766; x_wconf 77' lang='lat' dir='ltr'>Stringit</span> <span class='ocrx_word' id='word_1_213' title='bbox 560 1712 731 1752; x_wconf 69' lang='lat' dir='ltr'>caudam</span> <span class='ocrx_word' id='word_1_214' title='bbox 767 1724 883 1751; x_wconf 88' lang='lat' dir='ltr'>suam</span> <span class='ocrx_word' id='word_1_215' title='bbox 914 1711 1027 1764; x_wconf 83' lang='lat' dir='ltr'>quasi</span> <span class='ocrx_word' id='word_1_216' title='bbox 1058 1711 1235 1759; x_wconf 81' lang='lat' dir='ltr'>cedrum,</span> <span class='ocrx_word' id='word_1_217' title='bbox 1320 1711 1432 1751; x_wconf 85' lang='lat' dir='ltr'>nervi</span> <span class='ocrx_word' id='word_1_218' title='bbox 1468 1711 1748 1753; x_wconf 84' lang='lat' dir='ltr'>testiculorum</span> <span class='ocrx_word' id='word_1_219' title='bbox 1778 1712 1862 1753; x_wconf 87' lang='lat' dir='ltr'>eius</span> <span class='ocrx_word' id='word_1_220' title='bbox 1890 1712 2070 1766; x_wconf 82' lang='lat' dir='ltr'>perplexi</span> <span class='ocrx_word' id='word_1_221' title='bbox 2100 1719 2207 1754; x_wconf 90' lang='lat' dir='ltr'>sunt.</span> 
     </span>
     <span class='ocr_line' id='line_1_24' title="bbox 304 1769 1939 1824; baseline 0 -12"><span class='ocrx_word' id='word_1_222' title='bbox 304 1775 334 1797; x_wconf 83' lang='lat'>¹³</span> <span class='ocrx_word' id='word_1_223' title='bbox 360 1772 463 1812; x_wconf 86' lang='lat' dir='ltr'>Ossa</span> <span class='ocrx_word' id='word_1_224' title='bbox 490 1772 573 1813; x_wconf 84' lang='lat' dir='ltr'>eius</span> <span class='ocrx_word' id='word_1_225' title='bbox 603 1771 714 1811; x_wconf 85' lang='lat' dir='ltr'>velut</span> <span class='ocrx_word' id='word_1_226' title='bbox 745 1770 889 1810; x_wconf 79' lang='lat' dir='ltr'>fistulae</span> <span class='ocrx_word' id='word_1_227' title='bbox 918 1770 1016 1813; x_wconf 80' lang='lat' dir='ltr'>aeris.</span> <span class='ocrx_word' id='word_1_228' title='bbox 1101 1769 1294 1823; x_wconf 72' lang='lat' dir='ltr'>cartilago</span> <span class='ocrx_word' id='word_1_229' title='bbox 1324 1770 1429 1811; x_wconf 89' lang='lat' dir='ltr'>illius</span> <span class='ocrx_word' id='word_1_230' title='bbox 1459 1771 1574 1824; x_wconf 89' lang='lat' dir='ltr'>quasi</span> <span class='ocrx_word' id='word_1_231' title='bbox 1602 1770 1764 1812; x_wconf 82' lang='lat' dir='ltr'>laminae</span> <span class='ocrx_word' id='word_1_232' title='bbox 1790 1771 1939 1813; x_wconf 79' lang='lat' dir='ltr'>ferreae.</span> 
     </span>
     <span class='ocr_line' id='line_1_25' title="bbox 303 1829 2102 1884; baseline 0 -13"><span class='ocrx_word' id='word_1_233' title='bbox 303 1834 333 1855; x_wconf 79' lang='lat'>¹⁴</span> <span class='ocrx_word' id='word_1_234' title='bbox 362 1831 452 1884; x_wconf 85' lang='lat' dir='ltr'>lpse</span> <span class='ocrx_word' id='word_1_235' title='bbox 480 1837 539 1871; x_wconf 86' lang='lat' dir='ltr'>est</span> <span class='ocrx_word' id='word_1_236' title='bbox 568 1830 809 1884; x_wconf 76' lang='lat' dir='ltr'>principium</span> <span class='ocrx_word' id='word_1_237' title='bbox 837 1830 994 1870; x_wconf 73' lang='lat' dir='ltr'>viarum</span> <span class='ocrx_word' id='word_1_238' title='bbox 1024 1829 1110 1875; x_wconf 82' lang='lat' dir='ltr'>Dei,</span> <span class='ocrx_word' id='word_1_239' title='bbox 1194 1829 1262 1883; x_wconf 91' lang='lat' dir='ltr'>qui</span> <span class='ocrx_word' id='word_1_240' title='bbox 1288 1829 1385 1870; x_wconf 80' lang='lat' dir='ltr'>fecit</span> <span class='ocrx_word' id='word_1_241' title='bbox 1411 1843 1515 1875; x_wconf 80' lang='lat' dir='ltr'>eum,</span> <span class='ocrx_word' id='word_1_242' title='bbox 1551 1830 1773 1883; x_wconf 77' lang='lat' dir='ltr'>applicabit</span> <span class='ocrx_word' id='word_1_243' title='bbox 1799 1830 1979 1884; x_wconf 80' lang='lat' dir='ltr'>gladium</span> <span class='ocrx_word' id='word_1_244' title='bbox 2007 1831 2102 1872; x_wconf 89' lang='lat' dir='ltr'>eius.</span> 
     </span>
     <span class='ocr_line' id='line_1_26' title="bbox 303 1889 1779 1942; baseline 0 -12"><span class='ocrx_word' id='word_1_245' title='bbox 303 1893 332 1914; x_wconf 75' lang='lat'>¹5</span> <span class='ocrx_word' id='word_1_246' title='bbox 362 1890 466 1931; x_wconf 83' lang='lat' dir='ltr'>Huic</span> <span class='ocrx_word' id='word_1_247' title='bbox 495 1896 654 1931; x_wconf 88' lang='lat' dir='ltr'>montes</span> <span class='ocrx_word' id='word_1_248' title='bbox 683 1890 828 1930; x_wconf 87' lang='lat' dir='ltr'>herbas</span> <span class='ocrx_word' id='word_1_249' title='bbox 856 1890 1010 1929; x_wconf 81' lang='lat' dir='ltr'>ferunt:</span> <span class='ocrx_word' id='word_1_250' title='bbox 1095 1902 1233 1930; x_wconf 91' lang='lat' dir='ltr'>omnes</span> <span class='ocrx_word' id='word_1_251' title='bbox 1263 1889 1403 1929; x_wconf 83' lang='lat' dir='ltr'>bestiae</span> <span class='ocrx_word' id='word_1_252' title='bbox 1431 1889 1514 1942; x_wconf 85' lang='lat' dir='ltr'>agri</span> <span class='ocrx_word' id='word_1_253' title='bbox 1542 1889 1683 1930; x_wconf 90' lang='lat' dir='ltr'>ludent</span> <span class='ocrx_word' id='word_1_254' title='bbox 1713 1889 1779 1931; x_wconf 88' lang='lat' dir='ltr'>ibi.</span> 
     </span>
     <span class='ocr_line' id='line_1_27' title="bbox 301 1947 1856 1993; baseline 0 -3"><span class='ocrx_word' id='word_1_255' title='bbox 301 1952 335 1973; x_wconf 74' lang='lat'>¹⁶</span> <span class='ocrx_word' id='word_1_256' title='bbox 358 1950 442 1990; x_wconf 74' lang='lat' dir='ltr'>Sub</span> <span class='ocrx_word' id='word_1_257' title='bbox 471 1950 617 1990; x_wconf 87' lang='lat' dir='ltr'>umbra</span> <span class='ocrx_word' id='word_1_258' title='bbox 645 1949 797 1990; x_wconf 88' lang='lat' dir='ltr'>dormit</span> <span class='ocrx_word' id='word_1_259' title='bbox 824 1949 864 1988; x_wconf 94' lang='lat' dir='ltr'>in</span> <span class='ocrx_word' id='word_1_260' title='bbox 894 1955 1046 1990; x_wconf 76' lang='lat' dir='ltr'>secreto</span> <span class='ocrx_word' id='word_1_261' title='bbox 1076 1948 1233 1993; x_wconf 81' lang='lat' dir='ltr'>calami,</span> <span class='ocrx_word' id='word_1_262' title='bbox 1318 1954 1358 1989; x_wconf 88' lang='lat' dir='ltr'>et</span> <span class='ocrx_word' id='word_1_263' title='bbox 1387 1948 1427 1989; x_wconf 93' lang='lat' dir='ltr'>in</span> <span class='ocrx_word' id='word_1_264' title='bbox 1455 1947 1551 1989; x_wconf 79' lang='lat' dir='ltr'>loeis</span> <span class='ocrx_word' id='word_1_265' title='bbox 1579 1949 1856 1990; x_wconf 86' lang='lat' dir='ltr'>humentibus.</span> 
     </span>
     <span class='ocr_line' id='line_1_28' title="bbox 302 2007 2037 2063; baseline -0.001 -13"><span class='ocrx_word' id='word_1_266' title='bbox 302 2011 333 2032; x_wconf 78' lang='lat'>¹⁷</span> <span class='ocrx_word' id='word_1_267' title='bbox 358 2009 585 2063; x_wconf 87' lang='lat' dir='ltr'>Protegunt</span> <span class='ocrx_word' id='word_1_268' title='bbox 615 2009 768 2049; x_wconf 81' lang='lat' dir='ltr'>umbrae</span> <span class='ocrx_word' id='word_1_269' title='bbox 799 2008 986 2049; x_wconf 90' lang='lat' dir='ltr'>umbram</span> <span class='ocrx_word' id='word_1_270' title='bbox 1017 2008 1112 2050; x_wconf 72' lang='lat' dir='ltr'>eius</span> <span class='ocrx_word' id='word_1_271' title='bbox 1198 2007 1512 2048; x_wconf 89' lang='lat' dir='ltr'>circumdabunt</span> <span class='ocrx_word' id='word_1_272' title='bbox 1542 2021 1634 2048; x_wconf 89' lang='lat' dir='ltr'>eum</span> <span class='ocrx_word' id='word_1_273' title='bbox 1665 2008 1804 2049; x_wconf 88' lang='lat' dir='ltr'>salices</span> <span class='ocrx_word' id='word_1_274' title='bbox 1834 2008 2037 2050; x_wconf 88' lang='lat' dir='ltr'>torrentis.</span> 
     </span>
     <span class='ocr_line' id='line_1_29' title="bbox 302 2067 2204 2121; baseline -0.001 -13"><span class='ocrx_word' id='word_1_275' title='bbox 302 2070 336 2092; x_wconf 76' lang='lat'>¹⁸</span> <span class='ocrx_word' id='word_1_276' title='bbox 360 2068 474 2110; x_wconf 79' lang='lat' dir='ltr'>Ecce.</span> <span class='ocrx_word' id='word_1_277' title='bbox 506 2068 737 2109; x_wconf 88' lang='lat' dir='ltr'>absorbebit</span> <span class='ocrx_word' id='word_1_278' title='bbox 770 2067 952 2111; x_wconf 79' lang='lat' dir='ltr'>fluvium,</span> <span class='ocrx_word' id='word_1_279' title='bbox 992 2073 1032 2107; x_wconf 89' lang='lat' dir='ltr'>et</span> <span class='ocrx_word' id='word_1_280' title='bbox 1060 2081 1141 2108; x_wconf 91' lang='lat' dir='ltr'>non</span> <span class='ocrx_word' id='word_1_281' title='bbox 1168 2067 1400 2108; x_wconf 88' lang='lat' dir='ltr'>mirabitur:</span> <span class='ocrx_word' id='word_1_282' title='bbox 1483 2073 1523 2108; x_wconf 86' lang='lat' dir='ltr'>et</span> <span class='ocrx_word' id='word_1_283' title='bbox 1550 2067 1675 2108; x_wconf 88' lang='lat' dir='ltr'>habet</span> <span class='ocrx_word' id='word_1_284' title='bbox 1704 2067 1893 2108; x_wconf 79' lang='lat' dir='ltr'>fiduciam</span> <span class='ocrx_word' id='word_1_285' title='bbox 1923 2067 2034 2121; x_wconf 92' lang='lat' dir='ltr'>quod</span> <span class='ocrx_word' id='word_1_286' title='bbox 2060 2067 2204 2108; x_wconf 86' lang='lat' dir='ltr'>influat</span> 
     </span>
     <span class='ocr_line' id='line_1_30' title="bbox 571 2126 1016 2168; baseline -0.002 0"><span class='ocrx_word' id='word_1_287' title='bbox 571 2127 748 2168; x_wconf 89' lang='lat' dir='ltr'>lordanis</span> <span class='ocrx_word' id='word_1_288' title='bbox 779 2127 819 2167; x_wconf 91' lang='lat' dir='ltr'>in</span> <span class='ocrx_word' id='word_1_289' title='bbox 849 2140 891 2168; x_wconf 89' lang='lat' dir='ltr'>os</span> <span class='ocrx_word' id='word_1_290' title='bbox 921 2126 1016 2167; x_wconf 88' lang='lat' dir='ltr'>eius.</span> 
     </span>
     <span class='ocr_line' id='line_1_31' title="bbox 303 2185 2205 2239; baseline -0.001 -12"><span class='ocrx_word' id='word_1_291' title='bbox 303 2189 336 2210; x_wconf 67' lang='lat'>¹⁹</span> <span class='ocrx_word' id='word_1_292' title='bbox 360 2187 406 2227; x_wconf 91' lang='lat' dir='ltr'>In</span> <span class='ocrx_word' id='word_1_293' title='bbox 439 2186 562 2227; x_wconf 67' lang='lat' dir='ltr'>oculis</span> <span class='ocrx_word' id='word_1_294' title='bbox 593 2187 676 2227; x_wconf 91' lang='lat' dir='ltr'>eius</span> <span class='ocrx_word' id='word_1_295' title='bbox 708 2186 821 2239; x_wconf 86' lang='lat' dir='ltr'>quasi</span> <span class='ocrx_word' id='word_1_296' title='bbox 852 2186 973 2226; x_wconf 84' lang='lat' dir='ltr'>hamo</span> <span class='ocrx_word' id='word_1_297' title='bbox 1005 2185 1137 2238; x_wconf 78' lang='lat' dir='ltr'>capiet</span> <span class='ocrx_word' id='word_1_298' title='bbox 1169 2199 1272 2227; x_wconf 90' lang='lat' dir='ltr'>eum.</span> <span class='ocrx_word' id='word_1_299' title='bbox 1359 2191 1397 2225; x_wconf 90' lang='lat' dir='ltr'>et</span> <span class='ocrx_word' id='word_1_300' title='bbox 1429 2185 1469 2225; x_wconf 93' lang='lat' dir='ltr'>in</span> <span class='ocrx_word' id='word_1_301' title='bbox 1501 2186 1668 2226; x_wconf 89' lang='lat' dir='ltr'>sudibus</span> <span class='ocrx_word' id='word_1_302' title='bbox 1700 2186 1923 2239; x_wconf 87' lang='lat' dir='ltr'>perforabit</span> <span class='ocrx_word' id='word_1_303' title='bbox 1962 2199 2078 2226; x_wconf 86' lang='lat' dir='ltr'>nares</span> <span class='ocrx_word' id='word_1_304' title='bbox 2109 2186 2205 2226; x_wconf 87' lang='lat' dir='ltr'>eius.</span> 
     </span>
     <span class='ocr_line' id='line_1_32' title="bbox 119 2278 1989 2342; baseline -0.001 -21"><span class='ocrx_word' id='word_1_305' title='bbox 119 2289 268 2342; x_wconf 50' lang='lat' dir='ltr'>ffigssggn</span> <span class='ocrx_word' id='word_1_306' title='bbox 299 2283 334 2305; x_wconf 77' lang='lat'>²⁰</span> <span class='ocrx_word' id='word_1_307' title='bbox 357 2281 420 2321; x_wconf 80' lang='lat' dir='ltr'>An</span> <span class='ocrx_word' id='word_1_308' title='bbox 448 2281 659 2321; x_wconf 74' lang='lat' dir='ltr'>extrahere</span> <span class='ocrx_word' id='word_1_309' title='bbox 687 2280 836 2333; x_wconf 88' lang='lat' dir='ltr'>poteris</span> <span class='ocrx_word' id='word_1_310' title='bbox 863 2279 1071 2319; x_wconf 79' lang='lat' dir='ltr'>leviathan</span> <span class='ocrx_word' id='word_1_311' title='bbox 1099 2279 1232 2323; x_wconf 72' lang='lat' dir='ltr'>haino,</span> <span class='ocrx_word' id='word_1_312' title='bbox 1315 2284 1354 2319; x_wconf 89' lang='lat' dir='ltr'>et</span> <span class='ocrx_word' id='word_1_313' title='bbox 1382 2279 1477 2319; x_wconf 82' lang='lat' dir='ltr'>fune</span> <span class='ocrx_word' id='word_1_314' title='bbox 1504 2278 1646 2332; x_wconf 79' lang='lat' dir='ltr'>ligabis</span> <span class='ocrx_word' id='word_1_315' title='bbox 1673 2278 1852 2332; x_wconf 82' lang='lat' dir='ltr'>linguam</span> <span class='ocrx_word' id='word_1_316' title='bbox 1880 2279 1989 2319; x_wconf 79' lang='lat' dir='ltr'>eius?</span> 
     </span>
     <span class='ocr_line' id='line_1_33' title="bbox 101 2337 2205 2393; baseline 0 -16"><span class='ocrx_word' id='word_1_317' title='bbox 101 2342 328 2377; x_wconf 42' lang='lat' dir='ltr'>*mmmm-2¹</span> <span class='ocrx_word' id='word_1_318' title='bbox 359 2340 567 2393; x_wconf 77' lang='lat' dir='ltr'>Numquid</span> <span class='ocrx_word' id='word_1_319' title='bbox 588 2353 712 2393; x_wconf 85' lang='lat' dir='ltr'>pones</span> <span class='ocrx_word' id='word_1_320' title='bbox 732 2338 925 2379; x_wconf 79' lang='lat' dir='ltr'>circulum</span> <span class='ocrx_word' id='word_1_321' title='bbox 945 2339 985 2379; x_wconf 93' lang='lat' dir='ltr'>in</span> <span class='ocrx_word' id='word_1_322' title='bbox 1005 2338 1170 2379; x_wconf 89' lang='lat' dir='ltr'>naribus</span> <span class='ocrx_word' id='word_1_323' title='bbox 1190 2337 1285 2382; x_wconf 86' lang='lat' dir='ltr'>eius.</span> <span class='ocrx_word' id='word_1_324' title='bbox 1358 2343 1430 2378; x_wconf 88' lang='lat' dir='ltr'>aut</span> <span class='ocrx_word' id='word_1_325' title='bbox 1450 2337 1608 2378; x_wconf 86' lang='lat' dir='ltr'>armilla</span> <span class='ocrx_word' id='word_1_326' title='bbox 1625 2338 1848 2391; x_wconf 79' lang='lat' dir='ltr'>perforabis</span> <span class='ocrx_word' id='word_1_327' title='bbox 1869 2337 2076 2378; x_wconf 84' lang='lat' dir='ltr'>maxillam</span> <span class='ocrx_word' id='word_1_328' title='bbox 2097 2338 2205 2378; x_wconf 76' lang='lat' dir='ltr'>eius?</span> 
     </span>
     <span class='ocr_line' id='line_1_34' title="bbox 112 2388 1887 2452; baseline -0.001 -13"><span class='ocrx_word' id='word_1_329' title='bbox 112 2388 331 2449; x_wconf 51' lang='grc' dir='ltr'>’ῈἯΟῘ-ῗξξζωῖἳ</span> <span class='ocrx_word' id='word_1_330' title='bbox 362 2399 571 2452; x_wconf 87' lang='lat' dir='ltr'>Numquid</span> <span class='ocrx_word' id='word_1_331' title='bbox 600 2398 888 2452; x_wconf 72' lang='lat' dir='ltr'>multiplicabit</span> <span class='ocrx_word' id='word_1_332' title='bbox 920 2398 971 2438; x_wconf 84' lang='lat' dir='ltr'>ad</span> <span class='ocrx_word' id='word_1_333' title='bbox 1002 2405 1041 2438; x_wconf 88' lang='lat' dir='ltr'>te</span> <span class='ocrx_word' id='word_1_334' title='bbox 1070 2410 1218 2451; x_wconf 72' lang='lat' dir='ltr'>preces,</span> <span class='ocrx_word' id='word_1_335' title='bbox 1304 2402 1376 2437; x_wconf 87' lang='lat' dir='ltr'>aut</span> <span class='ocrx_word' id='word_1_336' title='bbox 1404 2397 1594 2450; x_wconf 85' lang='lat' dir='ltr'>loquetur</span> <span class='ocrx_word' id='word_1_337' title='bbox 1622 2397 1697 2437; x_wconf 89' lang='lat' dir='ltr'>tibi</span> <span class='ocrx_word' id='word_1_338' title='bbox 1726 2396 1887 2438; x_wconf 79' lang='lat' dir='ltr'>mollia?</span> 
     </span>
     <span class='ocr_line' id='line_1_35' title="bbox 117 2455 2076 2512; baseline -0.002 -13"><span class='ocrx_word' id='word_1_339' title='bbox 117 2460 271 2489; x_wconf 60' lang='lat' dir='ltr'>⁵⁰¹&gt;⁴³¹b¹ffi³</span> <span class='ocrx_word' id='word_1_340' title='bbox 301 2461 332 2483; x_wconf 78' lang='lat'>²³</span> <span class='ocrx_word' id='word_1_341' title='bbox 361 2458 571 2512; x_wconf 78' lang='lat' dir='ltr'>Numquid</span> <span class='ocrx_word' id='word_1_342' title='bbox 599 2458 714 2498; x_wconf 82' lang='lat' dir='ltr'>feriet</span> <span class='ocrx_word' id='word_1_343' title='bbox 744 2465 878 2498; x_wconf 87' lang='lat' dir='ltr'>tecum</span> <span class='ocrx_word' id='word_1_344' title='bbox 911 2462 1087 2510; x_wconf 87' lang='lat' dir='ltr'>pactum.</span> <span class='ocrx_word' id='word_1_345' title='bbox 1172 2461 1213 2496; x_wconf 92' lang='lat' dir='ltr'>et</span> <span class='ocrx_word' id='word_1_346' title='bbox 1242 2456 1412 2510; x_wconf 82' lang='lat' dir='ltr'>accipies</span> <span class='ocrx_word' id='word_1_347' title='bbox 1441 2469 1533 2496; x_wconf 91' lang='lat' dir='ltr'>eum</span> <span class='ocrx_word' id='word_1_348' title='bbox 1562 2469 1723 2496; x_wconf 88' lang='lat' dir='ltr'>servum</span> <span class='ocrx_word' id='word_1_349' title='bbox 1758 2455 2076 2509; x_wconf 76' lang='lat' dir='ltr'>sempiternum?</span> 
     </span>
     <span class='ocr_line' id='line_1_36' title="bbox 299 2515 1833 2571; baseline -0.002 -13"><span class='ocrx_word' id='word_1_350' title='bbox 299 2520 331 2542; x_wconf 70' lang='lat'>‘²³</span> <span class='ocrx_word' id='word_1_351' title='bbox 360 2517 570 2571; x_wconf 77' lang='lat' dir='ltr'>Numquid</span> <span class='ocrx_word' id='word_1_352' title='bbox 600 2517 741 2558; x_wconf 87' lang='lat' dir='ltr'>illudes</span> <span class='ocrx_word' id='word_1_353' title='bbox 772 2517 806 2558; x_wconf 91' lang='lat' dir='ltr'>ei</span> <span class='ocrx_word' id='word_1_354' title='bbox 837 2516 951 2570; x_wconf 85' lang='lat' dir='ltr'>quasi</span> <span class='ocrx_word' id='word_1_355' title='bbox 983 2516 1060 2559; x_wconf 86' lang='lat' dir='ltr'>avi.</span> <span class='ocrx_word' id='word_1_356' title='bbox 1147 2522 1219 2556; x_wconf 89' lang='lat' dir='ltr'>aut</span> <span class='ocrx_word' id='word_1_357' title='bbox 1247 2515 1390 2568; x_wconf 80' lang='lat' dir='ltr'>ligabis</span> <span class='ocrx_word' id='word_1_358' title='bbox 1420 2529 1512 2556; x_wconf 87' lang='lat' dir='ltr'>eum</span> <span class='ocrx_word' id='word_1_359' title='bbox 1543 2515 1698 2555; x_wconf 87' lang='lat' dir='ltr'>ancillis</span> <span class='ocrx_word' id='word_1_360' title='bbox 1727 2515 1833 2555; x_wconf 76' lang='lat' dir='ltr'>tuis?</span> 
     </span>
     <span class='ocr_line' id='line_1_37' title="bbox 300 2574 1601 2628; baseline 0 -13"><span class='ocrx_word' id='word_1_361' title='bbox 300 2579 331 2601; x_wconf 89' lang='lat'><em>³</em></span> <span class='ocrx_word' id='word_1_362' title='bbox 358 2576 579 2618; x_wconf 79' lang='lat' dir='ltr'>Concident</span> <span class='ocrx_word' id='word_1_363' title='bbox 610 2590 701 2617; x_wconf 88' lang='lat' dir='ltr'>eum</span> <span class='ocrx_word' id='word_1_364' title='bbox 733 2576 861 2617; x_wconf 77' lang='lat' dir='ltr'>amici.</span> <span class='ocrx_word' id='word_1_365' title='bbox 947 2575 1131 2616; x_wconf 77' lang='lat' dir='ltr'>divident</span> <span class='ocrx_word' id='word_1_366' title='bbox 1161 2574 1275 2615; x_wconf 90' lang='lat' dir='ltr'>illum</span> <span class='ocrx_word' id='word_1_367' title='bbox 1303 2574 1601 2628; x_wconf 79' lang='lat' dir='ltr'>negotiatores?</span> 
     </span>
     <span class='ocr_line' id='line_1_38' title="bbox 299 2633 2206 2690; baseline -0.002 -13"><span class='ocrx_word' id='word_1_368' title='bbox 299 2639 335 2660; x_wconf 77' lang='lat'>²⁶</span> <span class='ocrx_word' id='word_1_369' title='bbox 360 2636 571 2690; x_wconf 75' lang='lat' dir='ltr'>Numquid</span> <span class='ocrx_word' id='word_1_370' title='bbox 604 2635 788 2689; x_wconf 81' lang='lat' dir='ltr'>implebis</span> <span class='ocrx_word' id='word_1_371' title='bbox 821 2649 989 2688; x_wconf 82' lang='lat' dir='ltr'>sagenas</span> <span class='ocrx_word' id='word_1_372' title='bbox 1023 2634 1123 2688; x_wconf 91' lang='lat' dir='ltr'>pelle</span> <span class='ocrx_word' id='word_1_373' title='bbox 1156 2634 1251 2680; x_wconf 79' lang='lat' dir='ltr'>eius,</span> <span class='ocrx_word' id='word_1_374' title='bbox 1346 2639 1386 2674; x_wconf 86' lang='lat' dir='ltr'>et</span> <span class='ocrx_word' id='word_1_375' title='bbox 1417 2634 1674 2688; x_wconf 86' lang='lat' dir='ltr'>gurgustium</span> <span class='ocrx_word' id='word_1_376' title='bbox 1707 2633 1878 2687; x_wconf 87' lang='lat' dir='ltr'>piscium</span> <span class='ocrx_word' id='word_1_377' title='bbox 1911 2633 2045 2687; x_wconf 82' lang='lat' dir='ltr'>capite</span> <span class='ocrx_word' id='word_1_378' title='bbox 2077 2633 2206 2674; x_wconf 73' lang='lat' dir='ltr'>illius?</span> 
     </span>
     <span class='ocr_line' id='line_1_39' title="bbox 301 2692 2073 2749; baseline -0.002 -13"><span class='ocrx_word' id='word_1_379' title='bbox 301 2697 334 2719; x_wconf 72' lang='lat'>²⁷</span> <span class='ocrx_word' id='word_1_380' title='bbox 359 2695 469 2736; x_wconf 89' lang='lat' dir='ltr'>Pone</span> <span class='ocrx_word' id='word_1_381' title='bbox 498 2708 618 2749; x_wconf 88' lang='lat' dir='ltr'>super</span> <span class='ocrx_word' id='word_1_382' title='bbox 646 2709 737 2736; x_wconf 85' lang='lat' dir='ltr'>euni</span> <span class='ocrx_word' id='word_1_383' title='bbox 768 2708 935 2735; x_wconf 89' lang='lat' dir='ltr'>manum</span> <span class='ocrx_word' id='word_1_384' title='bbox 966 2701 1100 2735; x_wconf 88' lang='lat' dir='ltr'>tuam:</span> <span class='ocrx_word' id='word_1_385' title='bbox 1184 2700 1389 2734; x_wconf 87' lang='lat' dir='ltr'>memento</span> <span class='ocrx_word' id='word_1_386' title='bbox 1420 2693 1524 2739; x_wconf 78' lang='lat' dir='ltr'>belli,</span> <span class='ocrx_word' id='word_1_387' title='bbox 1555 2706 1627 2734; x_wconf 84' lang='lat' dir='ltr'>nec</span> <span class='ocrx_word' id='word_1_388' title='bbox 1658 2692 1764 2734; x_wconf 88' lang='lat' dir='ltr'>ultra</span> <span class='ocrx_word' id='word_1_389' title='bbox 1795 2693 1922 2733; x_wconf 87' lang='lat' dir='ltr'>addas</span> <span class='ocrx_word' id='word_1_390' title='bbox 1950 2692 2073 2746; x_wconf 90' lang='lat' dir='ltr'>loqui.</span> 
     </span>
     <span class='ocr_line' id='line_1_40' title="bbox 299 2751 2072 2808; baseline -0.001 -13"><span class='ocrx_word' id='word_1_391' title='bbox 299 2758 334 2779; x_wconf 71' lang='lat'>²⁸</span> <span class='ocrx_word' id='word_1_392' title='bbox 358 2755 473 2798; x_wconf 65' lang='lat' dir='ltr'>Eece,</span> <span class='ocrx_word' id='word_1_393' title='bbox 508 2768 598 2808; x_wconf 85' lang='lat' dir='ltr'>spes</span> <span class='ocrx_word' id='word_1_394' title='bbox 627 2755 710 2795; x_wconf 86' lang='lat' dir='ltr'>eius</span> <span class='ocrx_word' id='word_1_395' title='bbox 738 2753 1004 2794; x_wconf 84' lang='lat' dir='ltr'>frustrabitur</span> <span class='ocrx_word' id='word_1_396' title='bbox 1031 2767 1135 2796; x_wconf 83' lang='lat' dir='ltr'>euni.</span> <span class='ocrx_word' id='word_1_397' title='bbox 1220 2758 1259 2793; x_wconf 88' lang='lat' dir='ltr'>et</span> <span class='ocrx_word' id='word_1_398' title='bbox 1288 2753 1524 2793; x_wconf 84' lang='lat' dir='ltr'>videntibus</span> <span class='ocrx_word' id='word_1_399' title='bbox 1553 2752 1709 2793; x_wconf 88' lang='lat' dir='ltr'>cunctis</span> <span class='ocrx_word' id='word_1_400' title='bbox 1737 2751 2072 2806; x_wconf 84' lang='lat' dir='ltr'>praecipitabitur.</span> 
     </span>
     <span class='ocr_line' id='line_1_41' title="bbox 300 2810 2206 2867; baseline -0.002 -12"><span class='ocrx_word' id='word_1_401' title='bbox 300 2814 363 2857; x_wconf 80' lang='lat'>41.</span> <span class='ocrx_word' id='word_1_402' title='bbox 420 2816 433 2838; x_wconf 89' lang='lat'>¹</span> <span class='ocrx_word' id='word_1_403' title='bbox 459 2814 549 2854; x_wconf 91' lang='lat' dir='ltr'>Non</span> <span class='ocrx_word' id='word_1_404' title='bbox 574 2814 689 2867; x_wconf 87' lang='lat' dir='ltr'>quasi</span> <span class='ocrx_word' id='word_1_405' title='bbox 713 2813 884 2854; x_wconf 75' lang='lat' dir='ltr'>crudelis</span> <span class='ocrx_word' id='word_1_406' title='bbox 908 2813 1112 2853; x_wconf 82' lang='lat' dir='ltr'>suscitabo</span> <span class='ocrx_word' id='word_1_407' title='bbox 1137 2826 1249 2853; x_wconf 87' lang='lat' dir='ltr'>eum:</span> <span class='ocrx_word' id='word_1_408' title='bbox 1325 2811 1412 2865; x_wconf 90' lang='lat' dir='ltr'>quis</span> <span class='ocrx_word' id='word_1_409' title='bbox 1436 2812 1542 2852; x_wconf 91' lang='lat' dir='ltr'>enim</span> <span class='ocrx_word' id='word_1_410' title='bbox 1567 2811 1750 2852; x_wconf 86' lang='lat' dir='ltr'>resistere</span> <span class='ocrx_word' id='word_1_411' title='bbox 1773 2816 1911 2865; x_wconf 85' lang='lat' dir='ltr'>potest</span> <span class='ocrx_word' id='word_1_412' title='bbox 1933 2810 2067 2851; x_wconf 89' lang='lat' dir='ltr'>vultui</span> <span class='ocrx_word' id='word_1_413' title='bbox 2090 2810 2206 2852; x_wconf 74' lang='lat' dir='ltr'>meo?</span> 
     </span>
     <span class='ocr_line' id='line_1_42' title="bbox 320 2871 2122 2924; baseline -0.002 -10"><span class='ocrx_word' id='word_1_414' title='bbox 320 2876 334 2897; x_wconf 72' lang='lat'>²</span> <span class='ocrx_word' id='word_1_415' title='bbox 358 2874 455 2922; x_wconf 83' lang='lat' dir='ltr'>Quis</span> <span class='ocrx_word' id='word_1_416' title='bbox 481 2880 575 2913; x_wconf 82' lang='lat' dir='ltr'>ante</span> <span class='ocrx_word' id='word_1_417' title='bbox 600 2873 713 2914; x_wconf 85' lang='lat' dir='ltr'>dedit</span> <span class='ocrx_word' id='word_1_418' title='bbox 736 2872 846 2914; x_wconf 92' lang='lat' dir='ltr'>mihi.</span> <span class='ocrx_word' id='word_1_419' title='bbox 874 2879 920 2913; x_wconf 89' lang='lat' dir='ltr'>ut.</span> <span class='ocrx_word' id='word_1_420' title='bbox 943 2872 1111 2912; x_wconf 86' lang='lat' dir='ltr'>reddam</span> <span class='ocrx_word' id='word_1_421' title='bbox 1136 2871 1195 2912; x_wconf 82' lang='lat' dir='ltr'>ei?</span> <span class='ocrx_word' id='word_1_422' title='bbox 1273 2871 1408 2912; x_wconf 90' lang='lat' dir='ltr'>omnia</span> <span class='ocrx_word' id='word_1_423' title='bbox 1435 2884 1525 2924; x_wconf 82' lang='lat' dir='ltr'>quae</span> <span class='ocrx_word' id='word_1_424' title='bbox 1547 2871 1622 2911; x_wconf 90' lang='lat' dir='ltr'>sub</span> <span class='ocrx_word' id='word_1_425' title='bbox 1647 2871 1741 2911; x_wconf 81' lang='lat' dir='ltr'>caelo</span> <span class='ocrx_word' id='word_1_426' title='bbox 1767 2876 1874 2919; x_wconf 77' lang='lat' dir='ltr'>sunt,</span> <span class='ocrx_word' id='word_1_427' title='bbox 1901 2883 1993 2910; x_wconf 89' lang='lat' dir='ltr'>mea</span> <span class='ocrx_word' id='word_1_428' title='bbox 2015 2875 2122 2910; x_wconf 90' lang='lat' dir='ltr'>sunt.</span> 
     </span>
     <span class='ocr_line' id='line_1_43' title="bbox 319 2928 2061 2986; baseline -0.002 -13"><span class='ocrx_word' id='word_1_429' title='bbox 319 2936 334 2956; x_wconf 79' lang='lat'><em>³</em></span> <span class='ocrx_word' id='word_1_430' title='bbox 360 2932 449 2973; x_wconf 89' lang='lat' dir='ltr'>Nou</span> <span class='ocrx_word' id='word_1_431' title='bbox 480 2946 645 2986; x_wconf 80' lang='lat' dir='ltr'>parcam</span> <span class='ocrx_word' id='word_1_432' title='bbox 678 2933 722 2974; x_wconf 82' lang='lat' dir='ltr'>ei.</span> <span class='ocrx_word' id='word_1_433' title='bbox 757 2939 796 2972; x_wconf 84' lang='lat' dir='ltr'>et</span> <span class='ocrx_word' id='word_1_434' title='bbox 828 2931 961 2972; x_wconf 75' lang='lat' dir='ltr'>verbis</span> <span class='ocrx_word' id='word_1_435' title='bbox 992 2930 1241 2984; x_wconf 79' lang='lat' dir='ltr'>potentibus,</span> <span class='ocrx_word' id='word_1_436' title='bbox 1328 2936 1369 2970; x_wconf 89' lang='lat' dir='ltr'>et</span> <span class='ocrx_word' id='word_1_437' title='bbox 1399 2931 1449 2971; x_wconf 89' lang='lat' dir='ltr'>ad</span> <span class='ocrx_word' id='word_1_438' title='bbox 1482 2930 1783 2984; x_wconf 88' lang='lat' dir='ltr'>deprecandum</span> <span class='ocrx_word' id='word_1_439' title='bbox 1815 2928 2061 2982; x_wconf 87' lang='lat' dir='ltr'>compositis.</span> 
     </span>
     <span class='ocr_line' id='line_1_44' title="bbox 320 2987 2205 3042; baseline -0.002 -10"><span class='ocrx_word' id='word_1_440' title='bbox 320 2995 333 3016; x_wconf 77' lang='lat'>⁴</span> <span class='ocrx_word' id='word_1_441' title='bbox 359 2991 456 3040; x_wconf 85' lang='lat' dir='ltr'>Quis</span> <span class='ocrx_word' id='word_1_442' title='bbox 485 2991 681 3032; x_wconf 80' lang='lat' dir='ltr'>revelabit</span> <span class='ocrx_word' id='word_1_443' title='bbox 711 2991 854 3032; x_wconf 79' lang='lat' dir='ltr'>faciem</span> <span class='ocrx_word' id='word_1_444' title='bbox 886 2989 1115 3031; x_wconf 87' lang='lat' dir='ltr'>indumenti</span> <span class='ocrx_word' id='word_1_445' title='bbox 1145 2989 1253 3030; x_wconf 79' lang='lat' dir='ltr'>eius?</span> <span class='ocrx_word' id='word_1_446' title='bbox 1334 2995 1375 3030; x_wconf 89' lang='lat' dir='ltr'>et</span> <span class='ocrx_word' id='word_1_447' title='bbox 1404 2989 1444 3030; x_wconf 92' lang='lat' dir='ltr'>in</span> <span class='ocrx_word' id='word_1_448' title='bbox 1473 2989 1653 3029; x_wconf 89' lang='lat' dir='ltr'>medium</span> <span class='ocrx_word' id='word_1_449' title='bbox 1678 2989 1755 3030; x_wconf 92' lang='lat' dir='ltr'>oris</span> <span class='ocrx_word' id='word_1_450' title='bbox 1780 2989 1863 3029; x_wconf 89' lang='lat' dir='ltr'>eius</span> <span class='ocrx_word' id='word_1_451' title='bbox 1891 2988 1979 3042; x_wconf 87' lang='lat' dir='ltr'>quis</span> <span class='ocrx_word' id='word_1_452' title='bbox 2008 2987 2205 3028; x_wconf 73' lang='lat' dir='ltr'>intrabit?</span> 
     </span>
     <span class='ocr_line' id='line_1_45' title="bbox 319 3047 1983 3104; baseline -0.002 -13"><span class='ocrx_word' id='word_1_453' title='bbox 319 3053 334 3075; x_wconf 82' lang='lat'>⁵</span> <span class='ocrx_word' id='word_1_454' title='bbox 358 3051 502 3091; x_wconf 82' lang='lat' dir='ltr'>Portas</span> <span class='ocrx_word' id='word_1_455' title='bbox 534 3051 671 3091; x_wconf 76' lang='lat' dir='ltr'>vultus</span> <span class='ocrx_word' id='word_1_456' title='bbox 701 3051 784 3091; x_wconf 90' lang='lat' dir='ltr'>eius</span> <span class='ocrx_word' id='word_1_457' title='bbox 815 3050 903 3104; x_wconf 88' lang='lat' dir='ltr'>quis</span> <span class='ocrx_word' id='word_1_458' title='bbox 934 3049 1111 3103; x_wconf 77' lang='lat' dir='ltr'>aperiet?</span> <span class='ocrx_word' id='word_1_459' title='bbox 1195 3062 1266 3102; x_wconf 90' lang='lat' dir='ltr'>per</span> <span class='ocrx_word' id='word_1_460' title='bbox 1293 3062 1439 3103; x_wconf 87' lang='lat' dir='ltr'>gyrum</span> <span class='ocrx_word' id='word_1_461' title='bbox 1469 3048 1651 3089; x_wconf 90' lang='lat' dir='ltr'>dentium</span> <span class='ocrx_word' id='word_1_462' title='bbox 1684 3048 1767 3088; x_wconf 88' lang='lat' dir='ltr'>eius</span> <span class='ocrx_word' id='word_1_463' title='bbox 1796 3047 1983 3089; x_wconf 89' lang='lat' dir='ltr'>formido.</span> 
     </span>
     <span class='ocr_line' id='line_1_46' title="bbox 320 3107 2057 3164; baseline -0.003 -13"><span class='ocrx_word' id='word_1_464' title='bbox 320 3113 334 3133; x_wconf 74' lang='lat'>‘³</span> <span class='ocrx_word' id='word_1_465' title='bbox 358 3111 511 3163; x_wconf 50' lang='lat' dir='ltr'>(forpus</span> <span class='ocrx_word' id='word_1_466' title='bbox 542 3110 644 3150; x_wconf 87' lang='lat' dir='ltr'>illius</span> <span class='ocrx_word' id='word_1_467' title='bbox 676 3110 789 3164; x_wconf 84' lang='lat' dir='ltr'>quasi</span> <span class='ocrx_word' id='word_1_468' title='bbox 821 3116 935 3150; x_wconf 75' lang='lat' dir='ltr'>scuta</span> <span class='ocrx_word' id='word_1_469' title='bbox 966 3108 1110 3152; x_wconf 80' lang='lat' dir='ltr'>fusilia.</span> <span class='ocrx_word' id='word_1_470' title='bbox 1197 3114 1456 3162; x_wconf 86' lang='lat' dir='ltr'>compactum</span> <span class='ocrx_word' id='word_1_471' title='bbox 1487 3107 1667 3161; x_wconf 87' lang='lat' dir='ltr'>squamis</span> <span class='ocrx_word' id='word_1_472' title='bbox 1698 3120 1737 3147; x_wconf 90' lang='lat' dir='ltr'>se</span> <span class='ocrx_word' id='word_1_473' title='bbox 1767 3107 2057 3161; x_wconf 88' lang='lat' dir='ltr'>prementibus.</span> 
     </span>
     <span class='ocr_line' id='line_1_47' title="bbox 321 3166 1907 3221; baseline -0.003 -12"><span class='ocrx_word' id='word_1_474' title='bbox 321 3170 334 3192; x_wconf 74' lang='lat'><em>⁷</em></span> <span class='ocrx_word' id='word_1_475' title='bbox 361 3169 449 3209; x_wconf 53' lang='lat' dir='ltr'>[fua</span> <span class='ocrx_word' id='word_1_476' title='bbox 480 3169 548 3209; x_wconf 92' lang='lat' dir='ltr'>uni</span> <span class='ocrx_word' id='word_1_477' title='bbox 577 3169 846 3218; x_wconf 78' lang='lat' dir='ltr'>coniungitur.</span> <span class='ocrx_word' id='word_1_478' title='bbox 931 3174 970 3209; x_wconf 89' lang='lat' dir='ltr'>et</span> <span class='ocrx_word' id='word_1_479' title='bbox 999 3182 1048 3208; x_wconf 89' lang='lat' dir='ltr'>ne</span> <span class='ocrx_word' id='word_1_480' title='bbox 1076 3167 1320 3221; x_wconf 79' lang='lat' dir='ltr'>spiraculum</span> <span class='ocrx_word' id='word_1_481' title='bbox 1353 3167 1514 3220; x_wconf 90' lang='lat' dir='ltr'>quidem</span> <span class='ocrx_word' id='word_1_482' title='bbox 1544 3166 1695 3207; x_wconf 84' lang='lat' dir='ltr'>incedit</span> <span class='ocrx_word' id='word_1_483' title='bbox 1724 3179 1795 3220; x_wconf 87' lang='lat' dir='ltr'>per</span> <span class='ocrx_word' id='word_1_484' title='bbox 1822 3179 1907 3206; x_wconf 85' lang='lat' dir='ltr'>eas:</span> 
     </span>
     <span class='ocr_line' id='line_1_48' title="bbox 321 3225 1902 3280; baseline -0.002 -12"><span class='ocrx_word' id='word_1_485' title='bbox 321 3229 335 3249; x_wconf 64' lang='lat'><em>⁸</em></span> <span class='ocrx_word' id='word_1_486' title='bbox 363 3228 451 3268; x_wconf 66' lang='lat' dir='ltr'>l&#39;na</span> <span class='ocrx_word' id='word_1_487' title='bbox 481 3228 594 3269; x_wconf 85' lang='lat' dir='ltr'>alteri</span> <span class='ocrx_word' id='word_1_488' title='bbox 627 3228 860 3270; x_wconf 75' lang='lat' dir='ltr'>adluerebit.</span> <span class='ocrx_word' id='word_1_489' title='bbox 946 3236 984 3268; x_wconf 85' lang='lat' dir='ltr'>et</span> <span class='ocrx_word' id='word_1_490' title='bbox 1016 3231 1201 3268; x_wconf 86' lang='lat' dir='ltr'>tenentes</span> <span class='ocrx_word' id='word_1_491' title='bbox 1230 3240 1271 3267; x_wconf 88' lang='lat' dir='ltr'>se</span> <span class='ocrx_word' id='word_1_492' title='bbox 1301 3239 1560 3280; x_wconf 87' lang='lat' dir='ltr'>nequaquam</span> <span class='ocrx_word' id='word_1_493' title='bbox 1591 3225 1902 3279; x_wconf 86' lang='lat' dir='ltr'>separabuntur.</span> 
     </span>
     <span class='ocr_line' id='line_1_49' title="bbox 320 3283 1979 3340; baseline -0.002 -13"><span class='ocrx_word' id='word_1_494' title='bbox 320 3289 335 3309; x_wconf 75' lang='lat'>⁹</span> <span class='ocrx_word' id='word_1_495' title='bbox 359 3288 612 3328; x_wconf 78' lang='lat' dir='ltr'>Sternutatio</span> <span class='ocrx_word' id='word_1_496' title='bbox 642 3288 725 3327; x_wconf 88' lang='lat' dir='ltr'>eius</span> <span class='ocrx_word' id='word_1_497' title='bbox 754 3287 943 3340; x_wconf 85' lang='lat' dir='ltr'>splendor</span> <span class='ocrx_word' id='word_1_498' title='bbox 971 3287 1084 3339; x_wconf 80' lang='lat' dir='ltr'>ignis.</span> <span class='ocrx_word' id='word_1_499' title='bbox 1168 3291 1208 3326; x_wconf 85' lang='lat' dir='ltr'>et</span> <span class='ocrx_word' id='word_1_500' title='bbox 1237 3285 1340 3326; x_wconf 72' lang='lat' dir='ltr'>oculi</span> <span class='ocrx_word' id='word_1_501' title='bbox 1370 3286 1465 3331; x_wconf 78' lang='lat' dir='ltr'>eius,</span> <span class='ocrx_word' id='word_1_502' title='bbox 1496 3291 1542 3325; x_wconf 88' lang='lat' dir='ltr'>ut</span> <span class='ocrx_word' id='word_1_503' title='bbox 1571 3284 1776 3338; x_wconf 52' lang='lat' dir='ltr'>palpebra*</span> <span class='ocrx_word' id='word_1_504' title='bbox 1804 3283 1979 3324; x_wconf 75' lang='lat' dir='ltr'>diluculi.</span> 
     </span>
     <span class='ocr_line' id='line_1_50' title="bbox 303 3344 1781 3399; baseline -0.001 -14"><span class='ocrx_word' id='word_1_505' title='bbox 303 3348 337 3369; x_wconf 83' lang='lat'>¹⁰</span> <span class='ocrx_word' id='word_1_506' title='bbox 360 3345 420 3385; x_wconf 81' lang='lat' dir='ltr'>De</span> <span class='ocrx_word' id='word_1_507' title='bbox 447 3359 512 3386; x_wconf 83' lang='lat' dir='ltr'>ore</span> <span class='ocrx_word' id='word_1_508' title='bbox 539 3347 621 3386; x_wconf 77' lang='lat' dir='ltr'>eius</span> <span class='ocrx_word' id='word_1_509' title='bbox 649 3346 857 3399; x_wconf 85' lang='lat' dir='ltr'>lampades</span> <span class='ocrx_word' id='word_1_510' title='bbox 885 3346 1122 3399; x_wconf 77' lang='lat' dir='ltr'>procedunt,</span> <span class='ocrx_word' id='word_1_511' title='bbox 1204 3345 1307 3385; x_wconf 71' lang='lat' dir='ltr'>sieut</span> <span class='ocrx_word' id='word_1_512' title='bbox 1336 3345 1440 3385; x_wconf 71' lang='lat' dir='ltr'>tedae</span> <span class='ocrx_word' id='word_1_513' title='bbox 1466 3344 1567 3393; x_wconf 83' lang='lat' dir='ltr'>ignis</span> <span class='ocrx_word' id='word_1_514' title='bbox 1594 3357 1781 3384; x_wconf 65' lang='lat' dir='ltr'>accensae.</span> 
     </span>
     <span class='ocr_line' id='line_1_51' title="bbox 303 3401 2044 3458; baseline -0.001 -14"><span class='ocrx_word' id='word_1_515' title='bbox 303 3407 328 3428; x_wconf 94' lang='lat'>¹¹</span> <span class='ocrx_word' id='word_1_516' title='bbox 363 3404 421 3444; x_wconf 84' lang='lat' dir='ltr'>De</span> <span class='ocrx_word' id='word_1_517' title='bbox 451 3405 615 3445; x_wconf 82' lang='lat' dir='ltr'>naribus</span> <span class='ocrx_word' id='word_1_518' title='bbox 645 3405 728 3445; x_wconf 84' lang='lat' dir='ltr'>eius</span> <span class='ocrx_word' id='word_1_519' title='bbox 759 3405 939 3458; x_wconf 68' lang='lat' dir='ltr'>procedit</span> <span class='ocrx_word' id='word_1_520' title='bbox 970 3406 1119 3449; x_wconf 75' lang='lat' dir='ltr'>fumus,</span> <span class='ocrx_word' id='word_1_521' title='bbox 1204 3403 1307 3444; x_wconf 75' lang='lat' dir='ltr'>sieut</span> <span class='ocrx_word' id='word_1_522' title='bbox 1339 3403 1426 3444; x_wconf 57' lang='lat' dir='ltr'>olla*</span> <span class='ocrx_word' id='word_1_523' title='bbox 1455 3416 1655 3443; x_wconf 73' lang='lat' dir='ltr'>suceeusae</span> <span class='ocrx_word' id='word_1_524' title='bbox 1685 3408 1809 3455; x_wconf 85' lang='lat' dir='ltr'>atque</span> <span class='ocrx_word' id='word_1_525' title='bbox 1838 3401 2044 3442; x_wconf 78' lang='lat' dir='ltr'>ferventis.</span> 
     </span>
     <span class='ocr_line' id='line_1_52' title="bbox 302 3460 1964 3516; baseline -0.002 -13"><span class='ocrx_word' id='word_1_526' title='bbox 302 3466 332 3487; x_wconf 72' lang='lat'>¹²</span> <span class='ocrx_word' id='word_1_527' title='bbox 362 3463 524 3503; x_wconf 84' lang='lat' dir='ltr'>Halitus</span> <span class='ocrx_word' id='word_1_528' title='bbox 553 3464 635 3503; x_wconf 87' lang='lat' dir='ltr'>eius</span> <span class='ocrx_word' id='word_1_529' title='bbox 666 3478 813 3516; x_wconf 86' lang='lat' dir='ltr'>prunas</span> <span class='ocrx_word' id='word_1_530' title='bbox 843 3464 981 3503; x_wconf 84' lang='lat' dir='ltr'>ardere</span> <span class='ocrx_word' id='word_1_531' title='bbox 1010 3463 1119 3506; x_wconf 74' lang='lat' dir='ltr'>facit.</span> <span class='ocrx_word' id='word_1_532' title='bbox 1203 3468 1238 3502; x_wconf 83' lang='lat' dir='ltr'>et</span> <span class='ocrx_word' id='word_1_533' title='bbox 1275 3462 1439 3502; x_wconf 83' lang='lat' dir='ltr'>flamma</span> <span class='ocrx_word' id='word_1_534' title='bbox 1468 3462 1517 3502; x_wconf 86' lang='lat' dir='ltr'>de</span> <span class='ocrx_word' id='word_1_535' title='bbox 1545 3474 1611 3501; x_wconf 88' lang='lat' dir='ltr'>ore</span> <span class='ocrx_word' id='word_1_536' title='bbox 1639 3461 1722 3501; x_wconf 90' lang='lat' dir='ltr'>eius</span> <span class='ocrx_word' id='word_1_537' title='bbox 1751 3460 1964 3511; x_wconf 84' lang='lat' dir='ltr'>egreditur.</span> 
     </span>
     <span class='ocr_line' id='line_1_53' title="bbox 303 3520 1990 3573; baseline -0.002 -11"><span class='ocrx_word' id='word_1_538' title='bbox 303 3525 333 3547; x_wconf 70' lang='lat'>¹²¹</span> <span class='ocrx_word' id='word_1_539' title='bbox 367 3523 405 3562; x_wconf 90' lang='lat' dir='ltr'>ln</span> <span class='ocrx_word' id='word_1_540' title='bbox 439 3522 538 3563; x_wconf 68' lang='lat' dir='ltr'>eollo</span> <span class='ocrx_word' id='word_1_541' title='bbox 571 3523 653 3563; x_wconf 86' lang='lat' dir='ltr'>eius</span> <span class='ocrx_word' id='word_1_542' title='bbox 687 3523 911 3563; x_wconf 79' lang='lat' dir='ltr'>morabitur</span> <span class='ocrx_word' id='word_1_543' title='bbox 943 3523 1152 3564; x_wconf 76' lang='lat' dir='ltr'>fortitudo.</span> <span class='ocrx_word' id='word_1_544' title='bbox 1240 3528 1277 3562; x_wconf 82' lang='lat' dir='ltr'>et</span> <span class='ocrx_word' id='word_1_545' title='bbox 1311 3522 1451 3561; x_wconf 76' lang='lat' dir='ltr'>faeiem</span> <span class='ocrx_word' id='word_1_546' title='bbox 1486 3521 1569 3561; x_wconf 80' lang='lat' dir='ltr'>eius</span> <span class='ocrx_word' id='word_1_547' title='bbox 1602 3520 1792 3573; x_wconf 71' lang='lat' dir='ltr'>pra‘eedit</span> <span class='ocrx_word' id='word_1_548' title='bbox 1823 3526 1990 3569; x_wconf 78' lang='lat' dir='ltr'>egestas.</span> 
     </span>
    </p>
   </div>
  </div>
 </body>
</html>
