2356 3760
101 1408 258 1433 intercessi-

85 1451 170 1469 ΟΠΘΙΠ
191 1451 273 1469 Suam
289 1464 294 1470 .

102 1480 258 1509 promittit.

96 2354 163 2380 Saul
185 2355 263 2380 holo-

113 2392 247 2416 caustum

131 2427 225 2457 offert,

290 124 367 163 234
1140 118 1286 152 LIBER
1312 119 1339 154 Ι.
1960 124 2014 163 12,
2041 123 2162 163 9-13,
2188 123 2208 156 9

290 220 427 269 patres
456 214 578 255 vestri
607 214 658 254 ad
684 213 929 254 Dominum:
957 217 999 254 et
1023 212 1137 253 misit
1162 213 1363 254 Dominus
1391 213 1559 266 Moysen
1587 217 1628 254 et
1653 213 1803 264 Aaron,
1832 219 1874 255 et
1899 216 2043 258 eduxit
2067 222 2205 271 patres

292 280 448 314 vestros
477 274 526 315 de
554 273 752 326 AEgypto:
783 277 823 313 et
850 271 1067 312 collocavit
1094 285 1160 312 eos
1190 271 1230 312 in
1257 271 1344 313 1000
1372 272 1460 313 hoc.
1519 273 1534 295 ⁰
1562 272 1640 320 Qui
1668 272 1784 314 obliti
1811 278 1909 315 sunt
1934 275 2103 316 Domini
2129 276 2205 317 Dei

290 333 363 376 3111.
402 337 461 373 aet
490 331 663 373 tradidit
693 344 759 371 eos
791 330 831 371 in
861 343 987 371 manu
1017 330 1162 371 Sisarae
1192 330 1376 383 magistri
1405 329 1562 371 militiae
1593 330 1738 380 Hasor,
1786 337 1827 373 et
1856 332 1897 374 in
1928 346 2053 375 manu
2083 334 2207 375 Phili-

291 391 533 434 sthinornm
557 397 597 430 (1
617 390 657 430 111
678 403 803 430 11131111
823 389 926 442 regis
946 389 1081 437 Moab,
1104 394 1145 430 et
1164 395 1455 454 pugnavnunt
1475 390 1694 430 adversum
1714 403 1793 432 eos
1842 393 1878 416 ¹0
1896 392 2047 434 Postea
2066 398 2205 434 autem

291 449 574 491 (·1311111*·(3111111
597 449 647 489 3(1
670 448 908 493 Dominum,
933 453 974 489 et
996 448 1207 489 dixer:unt
1231 448 1509 497 Peccavimus,
1535 447 1631 502 quia
1653 448 1940 515 dereliquimus
1963 451 2202 501 Dominum,

290 514 331 550 et
352 522 440 549 3011
447 508 593 548 ivimus
617 508 662 547 B-
665 522 689 547 1·
691 507 775 548 111111
797 513 838 548 et
858 508 946 548 Ast
950 507 1075 548 iroth:
1099 521 1207 548 nunc
1228 520 1321 560 ergo
1343 520 1435 548 (1311(
1456 520 1529 548 1103
1551 508 1600 548 (10
1620 521 1746 548 11131111
1767 507 2025 551 inimicorum
2046 515 2205 552 nostro-

290 581 392 611 ium
423 573 463 608 et
490 566 711 607 3(1·11(3111113
741 566 827 607 11111.
886 568 914 590 11
948 567 1024 607 bEt
1050 566 1163 607 misit
1190 540 1392 607 Dominus
1423 565 1619 615 101011331,
1650 571 1692 608 et
1720 567 1877 617 Β3(1311,
1907 573 1948 610 et
1977 569 2133 623 Iephte,
2164 574 2205 610 et

290 626 465 670 Samuel,
495 632 535 666 et
562 625 667 666 eruit
695 638 766 666 vos
793 626 842 666 de
869 639 994 666 manu
1022 625 1279 667 inimicorum
1307 630 1536 666 vestrorum
1564 639 1635 679 per
1661 602 1889 676 circuituni,
1919 633 1960 668 et
1985 628 2204 670 habitastis

290 685 555 726 confidenter.
605 687 635 708 ¹‘-'
655 684 848 725 Videntes
874 689 1013 725 autem
1042 685 1153 738 quod
1172 685 1208 726 N
1213 698 1282 726 aas
1304 697 1374 725 rex
1395 684 1571 725 filiorum
1590 685 1768 726 Ammon
1788 686 1968 728 venisset
1986 688 2204 728 adversum

290 757 374 793 vos,
410 743 570 785 dixistis
604 743 722 784 mihi:
766 744 1068 797 (Nequaquam,
1103 745 1173 785 sed
1206 757 1276 785 rex
1310 743 1530 797 imperabit
1562 743 1698 784 nobis:
1734 758 1825 786 cum
1858 745 2060 787 Dominus
2094 747 2205 789 Deus

291 809 425 844 vester
452 808 641 857 regnaret
669 802 710 843 in
741 802 870 844 vobis.
930 805 961 826 ¹³
991 803 1110 843 Nunc
1139 816 1231 856 ergo
1262 808 1409 856 praesto
1440 807 1501 843 est
1529 816 1599 843 rex
1629 807 1774 849 vester,
1808 817 1928 857 quem
1958 804 2134 859 elegistis
2164 809 2206 846 et

288 862 468 915 petistis:
492 875 582 903 0000
604 861 719 903 (10(111
741 862 856 902 vobis
879 861 1081 903 Dominus
1103 875 1250 916 regem.
1302 864 1333 886 ¹4
1354 862 1395 903 Si
1417 861 1636 902 timueritis
1658 862 1897 912 Dominum,
1921 868 1963 904 et
1983 863 2205 905 servieritis

289 921 336 965 ei,
369 926 408 961 et
439 921 649 962 audieritis
681 934 822 962 vocem
855 920 952 967 eius,
985 926 1026 962 et
1057 934 1139 962 non
1171 920 1510 975 exasperaveritis
1542 934 1584 962 os
1614 921 1800 962 Domini:
1833 921 1943 963 eritis
1975 927 2016 963 et
2046 936 2131 971 VOS,
2165 927 2206 964 et

288 993 357 1020 rex
399 980 467 1034 qui
506 979 683 1033 imperat.
712 980 850 1029 vobis,
893 985 1109 1034 sequentes
1142 980 1366 1021 Dominum
1396 980 1530 1021 Deum
1560 984 1756 1021 vestrum.
1816 982 1847 1004 ¹⁵
1877 981 1909 1022 si
1948 986 2087 1023 autem
2122 995 2204 1023 non

288 1038 498 1080 audieritis
530 1052 671 1080 vocem
700 1039 879 1085 Domini,
920 1040 990 1081 sed
1019 1039 1359 1093 exasperaveritis
1387 1052 1592 1080 sermones
1621 1039 1717 1088 01113,
1759 1039 1836 1080 erit
1862 1053 2009 1081 manus
2036 1040 2204 1082 Domini

287 1111 408 1151 super
436 1111 529 1143 vos,
563 1103 604 1139 et
633 1111 755 1151 super
784 1103 920 1151 patres
951 1102 1120 1140 vestros.
1182 1101 1214 1122 ¹⁶
1244 1099 1325 1140 Sed
1354 1103 1395 1139 et
1423 1111 1532 1139 nunc
1561 1102 1690 1143 state,
1727 1102 1769 1139 et
1800 1098 1935 1140 videte
1964 1112 2049 1140 rem
2080 1099 2204 1140 istam

286 1158 481 1210 grandem
524 1171 648 1211 quam
688 1157 872 1198 facturus
915 1162 976 1198 est
1004 1157 1207 1199 Dominus
1249 1157 1290 1198 in
1332 1162 1553 1210 conspectu
1596 1163 1744 1199 vestro.
1804 1159 1837 1182 ¹⁷
1868 1158 2081 1213 Numquid
2121 1171 2204 1200 non

287 1216 427 1256 messis
470 1216 595 1257 tritici
637 1222 699 1257 est
739 1216 884 1257 hodie?
931 1216 1133 1258 invocabo
1172 1216 1411 1263 Dominum,
1459 1221 1501 1257 et
1538 1216 1656 1258 dabit
1697 1230 1816 1258 voces
1858 1221 1899 1258 et
1938 1216 2119 1271 pluvias:
2163 1222 2205 1259 et

288 1275 443 1318 scietis,
487 1280 528 1316 et
558 1275 750 1316 videbitis
794 1275 889 1329 quia
929 1277 1081 1329 grande
1121 1275 1276 1317 malum
1317 1275 1494 1317 feceritis
1530 1275 1646 1316 vobis
1688 1275 1729 1316 in
1770 1280 1992 1330 conspectu
2020 1276 2202 1326 Domini,

288 1340 473 1388 petentes
504 1348 625 1388 super
654 1348 726 1376 vos
756 1348 903 1388 regem.

392 1408 426 1429 ¹⁸
455 1405 510 1446 Et
539 1405 735 1446 clamavit
764 1405 929 1446 Samuel
958 1406 1010 1446 ad
1038 1405 1277 1455 Dominum,
1310 1411 1351 1446 et
1378 1405 1494 1447 dedit
1521 1405 1723 1446 Dominus
1753 1418 1872 1446 voces
1902 1410 1943 1446 et
1970 1405 2132 1459 pluvias
2161 1405 2202 1447 in

286 1463 355 1505 illa
381 1464 456 1505 die.
512 1466 547 1488 ¹⁹
573 1464 628 1505 Et.
654 1464 796 1506 timuit
822 1464 952 1505 omnis
979 1464 1154 1519 populus
1182 1464 1301 1506 nimis
1326 1464 1553 1506 Dominum
1580 1469 1622 1505 et
1646 1463 1889 1513 Samuelem,
1918 1468 1959 1505 et
1984 1463 2091 1506 dixit
2115 1464 2204 1506 uni-

287 1537 426 1564 versus
454 1523 629 1577 populus
659 1524 711 1564 ad
739 1523 989 1565 Samuelem:
1020 1524 1103 1565 Ora
1129 1537 1202 1577 pro
1231 1524 1357 1565 servis
1386 1523 1467 1564 tuis
1497 1524 1549 1564 ad
1576 1522 1803 1564 Dominum
1830 1524 1965 1564 Deum
1994 1528 2125 1573 tuum,
2156 1528 2204 1565 ut

285 1596 367 1623 11011
398 1583 633 1624 moriamur.
668 1582 900 1624 addidimus
933 1582 1040 1623 enim
1072 1582 1271 1624 universis
1302 1582 1481 1636 peccatis
1512 1582 1662 1624 nostris
1694 1581 1861 1631 malum,
1894 1587 1942 1623 ut
1971 1587 2202 1636 peteremus

285 1641 402 1682 nobis
426 1655 573 1695 regem.
626 1644 662 1666 ‘²0
684 1641 803 1682 Dixit
826 1647 965 1683 autem
990 1641 1155 1683 Samuel
1179 1642 1230 1683 ad
1254 1641 1471 1696 populum:
1499 1641 1635 1683 Nolite
1659 1641 1814 1689 timere,
1840 1654 1913 1682 vos
1936 1641 2090 1682 fecistis
2115 1641 2203 1683 uni-

288 1714 449 1741 versum
476 1700 630 1741 malum
656 1701 750 1742 hoc:
779 1705 1065 1742 verumtamen
1091 1701 1217 1742 nolite
1242 1702 1427 1742 recedere
1453 1714 1477 1742 a
1502 1705 1615 1754 tergo
1641 1699 1821 1749 Domini,
1850 1700 1920 1741 sed
1945 1700 2094 1742 servite
2119 1701 2203 1742 Do-

285 1760 395 1801 mino
420 1759 462 1800 in
488 1760 598 1801 omni
624 1761 742 1801 corde
768 1766 916 1802 vestro.
971 1762 1001 1784 ²¹
1027 1761 1084 1801 Et
1108 1760 1234 1801 nolite
1260 1760 1462 1802 declinare
1487 1765 1583 1813 post
1607 1773 1727 1807 vana,
1756 1772 1846 1813 quae
1870 1772 1952 1801 non
1976 1760 2203 1813 proderunt

288 1819 416 1862 vobis.
440 1833 571 1873 neque
593 1825 737 1860 eruent
758 1833 841 1865 vos,
867 1819 963 1874 quia
984 1833 1093 1860 vana
1113 1824 1221 1861 sunt.
1271 1821 1303 1843 2²
1324 1819 1379 1860 Et
1400 1832 1482 1860 non
1504 1818 1760 1872 derelinquet
1779 1817 1982 1859 Dominus
2002 1818 2203 1873 populum

284 1892 404 1919 suum
422 1883 591 1932 propter
607 1892 756 1919 nomen
775 1893 895 1920 suum
913 1891 1128 1932 magnum:
1150 1878 1247 1932 quia
1264 1878 1417 1919 iuravit
1434 1877 1636 1920 Dominus
1654 1877 1786 1918 facere
1801 1890 1874 1919 vos
1892 1877 1969 1918 sibi
1987 1877 2201 1932 populum.

287 1939 319 1961 2³
343 1937 464 1978 Absit
494 1942 633 1978 autem
662 1951 685 1978 a
725 1951 788 1979 me
825 1938 901 1980 hoc
938 1942 1155 1991 peccatum
1190 1937 1232 1978 in
1260 1937 1499 1986 Dominum,
1538 1942 1585 1978 ut.
1621 1950 1772 1978 cessem
1809 1949 1922 1977 orare
1960 1949 2033 1990 pro
2070 1936 2200 1986 vobis,

287 2002 327 2037 01
366 1996 520 2038 docebo
549 2009 622 2038 vos
651 1996 762 2037 viam
803 1998 954 2038 bonam
995 2002 1036 2038 et
1072 2001 1239 2038 rectam.
1297 1998 1329 2022 2⁴¹
1360 1996 1490 2050 Igitur
1525 1995 1669 2037 timete
1696 1995 1935 2043 Dominum,
1975 2000 2018 2037 et
2052 1995 2202 2038 servite

286 2055 320 2096 ei
350 2055 391 2096 in
420 2055 606 2101 veritate,
647 2060 688 2097 et
717 2069 767 2097 ex
795 2060 885 2098 toto
924 2056 1043 2097 corde
1073 2060 1222 2097 vestro.
1269 2055 1430 2097 vidistis
1469 2055 1577 2097 enim
1618 2054 1838 2108 magnifica
1876 2067 1966 2108 quae
2004 2053 2046 2095 in
2084 2054 2202 2096 vobis

285 2114 465 2168 gesserit.
525 2117 556 2139 ²⁵
586 2115 705 2164 Quod
744 2115 776 2156 si
816 2115 1175 2170 perseveraveritis
1217 2115 1258 2156 in
1288 2114 1464 2156 malitia:
1508 2120 1549 2155 et
1578 2127 1651 2156 vos
1692 2119 1734 2154 et
1774 2126 1845 2155 rex
1874 2118 2009 2154 vester
2048 2113 2203 2168 pariter

285 2173 482 2226 peribitis.

784 2279 821 2319 5.
852 2279 1037 2319 Familia
1068 2277 1220 2319 Saulis
1251 2277 1448 2328 reicitur,
1476 2277 1543 2327 13,
1561 2277 1708 2318 1—14.

392 2349 455 2393 13.
512 2353 524 2374 ¹
549 2350 673 2391 Filius
700 2350 817 2391 unius
843 2350 939 2391 311111
963 2356 1051 2391 erat
1074 2350 1171 2391 Saul
1196 2363 1288 2390 cum
1313 2361 1480 2402 regnare
1505 2348 1708 2402 coepisset,
1735 2348 1895 2389 duobus
1920 2352 2059 2389 autem
2084 2347 2202 2389 annis

287 2410 475 2463 regnavit
496 2423 617 2463 super
640 2410 779 2454 Israel.
828 2412 842 2434 2
864 2410 920 2450 Et
941 2408 1062 2463 elegit
1083 2409 1159 2458 sibi
1180 2409 1277 2450 Saul
1299 2408 1380 2449 tria
1400 2407 1528 2448 millia
1549 2408 1598 2448 de
1622 2407 1764 2448 Israel:
1789 2412 1830 2448 et
1851 2411 1968 2448 erant
1990 2420 2083 2448 cum
2105 2406 2203 2448 Saul

285 2470 365 2510 duo
393 2468 520 2509 millia
545 2469 587 2509 in
613 2469 837 2514 Machmas,
867 2473 908 2510 et
933 2468 975 2508 in
1002 2473 1143 2509 monte
1171 2467 1334 2509 Bethel:
1361 2467 1472 2508 mille
1499 2471 1637 2508 autem
1666 2480 1759 2507 cum
1787 2466 1965 2507 Iona-tha
1990 2465 2032 2506 in
2059 2465 2204 2507 Gabaa

286 2528 514 2569 Beniamin.
553 2541 673 2582 porro
712 2533 891 2569 ceterum
929 2527 1127 2581 populum
1165 2526 1322 2568 remisit
1359 2539 1696 2580 unumquemque
1732 2525 1774 2566 in
1811 2524 2079 2566 tabernacula
2115 2537 2200 2566 sua.

286 2589 300 2611 3
326 2587 381 2627 Et
407 2587 606 2640 percussit
634 2587 829 2628 Ionathas
855 2587 1077 2628 stationem
1103 2586 1457 2634 Philisthinorum,
1487 2598 1576 2639 quae
1601 2589 1689 2626 erat
1712 2584 1756 2625 in
1781 2584 1936 2626 Gabaa.
1965 2584 2085 2633 Quod
2110 2596 2202 2625 cum

286 2646 497 2687 audissent
519 2646 781 2695 Philisthiim,
806 2646 903 2688 Saul
927 2645 1074 2687 cecinit
1096 2645 1270 2687 buccina
1291 2645 1333 2686 in
1358 2644 1468 2686 omni
1491 2649 1611 2693 terra,
1637 2643 1792 2685 dicens:
1817 2643 2003 2684 Audiant
2026 2642 2200 2684 Hebraei.

284 2707 299 2729 4
323 2705 379 2746 Et
403 2705 615 2746 universus
643 2705 766 2746 Israel
791 2705 953 2746 audivit
975 2704 1259 2746 huiuscemodi
1282 2704 1456 2745 famam:
1482 2702 1688 2744 Percussit
1711 2702 1808 2744 Saul
1832 2702 2054 2744 stationem
2078 2701 2203 2742 Phili-

285 2764 535 2805 sthinorum:
568 2769 608 2805 et
639 2764 767 2805 erexit
796 2778 837 2805 se
870 2764 993 2805 lsrael
1024 2764 1218 2805 adversus
1249 2762 1512 2804 Philisthiim,
1545 2762 1750 2803 Clamavit
1780 2774 1873 2816 ergo
1902 2761 2078 2815 populus
2108 2765 2204 2815 post

286 2823 382 2864 Saul
410 2823 451 2864 in
480 2823 660 2877 Galgala.
717 2826 733 2848 ⁵
760 2824 816 2865 Et
844 2823 1094 2864 Philisthiim
1123 2822 1356 2877 congregati
1384 2827 1481 2863 sunt
1509 2822 1561 2862 ad
1588 2821 1863 2875 proeliandum
1891 2825 2036 2862 contra
2064 2819 2200 2868 Israel,

286 2882 455 2935 triginta
478 2883 604 2923 millia
625 2896 829 2931 curruum,
853 2888 894 2923 et
915 2893 985 2923 sex
1005 2882 1134 2923 millia
1154 2882 1353 2937 equitum,
1377 2886 1418 2922 et
1438 2881 1639 2935 reliquum
1661 2880 1819 2934 vulgus,
1843 2879 1949 2920 sicut
1969 2891 2093 2920 arena
2114 2891 2204 2932 quae

287 2946 348 2982 est
380 2941 420 2981 in
454 2941 590 2983 littore
623 2942 746 2983 maris
778 2941 967 2996 plurima.
1003 2942 1058 2982 Et
1091 2942 1357 2982 ascendentes
1390 2939 1673 2982 castrametati
1706 2944 1802 2980 sunt
1835 2938 1874 2979 in
1906 2938 2118 2979 Machmas
2151 2938 2204 2978 ad

287 3000 497 3041 Orientem
520 3001 745 3042 Bethaven.
799 3003 813 3024 ‘³
834 3001 954 3049 Quod
975 3014 1067 3041 cum
1089 3000 1289 3041 vidissent
1309 2999 1387 3040 viri
1410 2999 1534 3040 Israel
1554 3013 1595 3040 se
1615 2999 1657 3039 in
1679 3003 1791 3039 arcto
1813 2997 1981 3052 positos,
2004 2996 2202 3051 (afflictus

288 3060 393 3100 enim
424 3066 509 3100 erat
536 3060 730 3113 populus)
758 3060 1062 3101 absconderunt
1089 3073 1129 3101 se
1157 3060 1198 3100 in
1226 3059 1440 3113 speluncis,
1471 3064 1511 3099 et
1538 3058 1580 3098 in
1608 3057 1772 3106 abditis,
1802 3057 1843 3097 in
1870 3056 1997 3111 petris
2026 3069 2202 3110 quoque,

288 3124 328 3159 et
361 3119 399 3158 111
432 3119 572 3165 antris,
606 3126 646 3159 et
678 3119 717 3159 111
749 3119 945 3160 cisternis.
1023 3120 1037 3142 ⁷
1070 3119 1231 3160 Hebrzei
1262 3123 1401 3160 autem
1433 3117 1684 3159 transierunt
1716 3116 1933 3158 Iordanem
1964 3116 2005 3156 in
2036 3116 2203 3156 Terram

288 3178 378 3217 (lad
400 3184 439 3218 et
462 3178 630 3219 Galaad.
655 3180 666 3215 (
677 3179 838 3232 ¹umque
861 3178 993 3219 adhue
1017 3184 1122 3219 esset
1143 3178 1239 3219 Saul
1260 3178 1301 3219 in
1324 3177 1505 3231 Galgala,
1529 3177 1743 3218 universus
1764 3175 1939 3230 populus
1962 3174 2202 3229 perterritus

290 3242 362 3277 est.
389 3237 456 3289 qui
480 3238 728 3291 sequebatur
751 3252 854 3278 eum.
909 3239 924 3261 ‘³
946 3238 1002 3278 Et
1024 3237 1261 3291 expectavit
1282 3242 1439 3291 septem
1462 3236 1604 3277 diebus
1627 3235 1745 3276 iuxta
1766 3235 1964 3289 placitum
1987 3234 2200 3281 Samuelis,

290 3299 329 3335 et
355 3308 435 3335 non
463 3297 574 3337 venit
599 3296 763 3337 Samuel
789 3297 828 3337 in
854 3296 1035 3350 (lalgala,
1063 3296 1326 3350 dilapsusque
1352 3301 1415 3337 est
1438 3295 1612 3350 populus
1639 3295 1690 3336 ab
1716 3308 1774 3336 00.
1831 3296 1845 3318 ⁹
1870 3293 1941 3334 Ait
1966 3306 2058 3347 ergo
2083 3293 2199 3335 Saul:

289 3354 444 3395 Assera»
474 3355 571 3395 mihi
601 3356 899 3402 holocaustum,
931 3360 972 3397 et
1000 3355 1184 3409 pacifica.
1217 3356 1271 3396 Et
1301 3354 1452 3396 obtulit
1480 3354 1778 3396 holocaustum.

422 3471 441 3501 9
467 3470 547 3503 alde
573 3471 602 3510 4,
629 3472 657 3503 2.
687 3492 727 3494 —
754 3473 792 3504 11
819 3471 899 3505 ¹›Idc
925 3471 956 3512 6,
983 3472 1033 3504 14.
1064 3492 1102 3494 -ῌ
1131 3472 1169 3505 12
1197 3473 1283 3515 osup
1309 3471 1340 3511 8,
1367 3472 1422 3512 19;
1450 3471 1502 3512 10,
1527 3471 1580 3506 19.
