<?xml version="1.0" encoding="UTF-8"?>
<!DOCTYPE html PUBLIC "-//W3C//DTD XHTML 1.0 Transitional//EN"
    "http://www.w3.org/TR/xhtml1/DTD/xhtml1-transitional.dtd">
<html xmlns="http://www.w3.org/1999/xhtml" xml:lang="en" lang="en">
 <head>
  <title>
</title>
<meta http-equiv="Content-Type" content="text/html;charset=utf-8" />
  <meta name='ocr-system' content='tesseract 3.04.00' />
  <meta name='ocr-capabilities' content='ocr_page ocr_carea ocr_par ocr_line ocrx_word'/>
</head>
<body>
  <div class='ocr_page' id='page_1' title='image "./bibliasacravulga00helzuoft_0103.png"; bbox 0 0 2356 3760; ppageno 0'>
   <div class='ocr_carea' id='block_1_1' title="bbox 143 99 2042 165">
    <p class='ocr_par' dir='ltr' id='par_1_1' title="bbox 143 99 2042 165">
     <span class='ocr_line' id='line_1_1' title="bbox 143 99 2042 165; baseline -0.003 -9"><span class='ocrx_word' id='word_1_1' title='bbox 143 123 196 162; x_wconf 76' lang='lat'>37,</span> <span class='ocrx_word' id='word_1_2' title='bbox 222 122 366 161; x_wconf 72' lang='lat'>26—33,</span> <span class='ocrx_word' id='word_1_3' title='bbox 390 123 430 155; x_wconf 80' lang='lat'>31</span> <span class='ocrx_word' id='word_1_4' title='bbox 1017 121 1169 154; x_wconf 76' lang='lat' dir='ltr'>Exobi</span> <span class='ocrx_word' id='word_1_5' title='bbox 1356 99 1361 104; x_wconf 76' lang='grc'><strong>’</strong></span> <span class='ocrx_word' id='word_1_6' title='bbox 1996 127 2042 165; x_wconf 64' lang='grc' dir='ltr'>ῖς,</span> 
     </span>
    </p>
   </div>
   <div class='ocr_carea' id='block_1_2' title="bbox 141 214 2042 619">
    <p class='ocr_par' dir='ltr' id='par_1_2' title="bbox 141 214 2042 619">
     <span class='ocr_line' id='line_1_2' title="bbox 143 214 2042 269; baseline 0.001 -12"><span class='ocrx_word' id='word_1_7' title='bbox 143 222 185 257; x_wconf 88' lang='lat' dir='ltr'>et</span> <span class='ocrx_word' id='word_1_8' title='bbox 215 216 342 256; x_wconf 86' lang='lat' dir='ltr'>altare</span> <span class='ocrx_word' id='word_1_9' title='bbox 372 214 655 269; x_wconf 76' lang='lat' dir='ltr'>thymiamatis</span> <span class='ocrx_word' id='word_1_10' title='bbox 686 215 735 254; x_wconf 89' lang='lat' dir='ltr'>de</span> <span class='ocrx_word' id='word_1_11' title='bbox 765 214 881 267; x_wconf 81' lang='lat' dir='ltr'>lignis</span> <span class='ocrx_word' id='word_1_12' title='bbox 913 214 1042 257; x_wconf 80' lang='lat' dir='ltr'>setim.</span> <span class='ocrx_word' id='word_1_13' title='bbox 1076 227 1146 267; x_wconf 86' lang='lat' dir='ltr'>per</span> <span class='ocrx_word' id='word_1_14' title='bbox 1177 215 1377 267; x_wconf 81' lang='lat' dir='ltr'>quadrum</span> <span class='ocrx_word' id='word_1_15' title='bbox 1410 214 1584 265; x_wconf 79' lang='lat' dir='ltr'>singulos</span> <span class='ocrx_word' id='word_1_16' title='bbox 1616 216 1767 257; x_wconf 85' lang='lat' dir='ltr'>habens</span> <span class='ocrx_word' id='word_1_17' title='bbox 1799 219 1968 262; x_wconf 77' lang='lat' dir='ltr'>cubitos.</span> <span class='ocrx_word' id='word_1_18' title='bbox 2001 224 2042 259; x_wconf 86' lang='lat' dir='ltr'>et</span> 
     </span>
     <span class='ocr_line' id='line_1_3' title="bbox 143 272 2041 328; baseline 0.002 -13"><span class='ocrx_word' id='word_1_19' title='bbox 143 275 184 314; x_wconf 90' lang='lat' dir='ltr'>in</span> <span class='ocrx_word' id='word_1_20' title='bbox 210 274 426 315; x_wconf 81' lang='lat' dir='ltr'>altitudine</span> <span class='ocrx_word' id='word_1_21' title='bbox 452 273 571 320; x_wconf 79' lang='lat' dir='ltr'>duos:</span> <span class='ocrx_word' id='word_1_22' title='bbox 599 286 619 313; x_wconf 92' lang='lat' dir='ltr'>e</span> <span class='ocrx_word' id='word_1_23' title='bbox 644 272 756 312; x_wconf 85' lang='lat' dir='ltr'>cuius</span> <span class='ocrx_word' id='word_1_24' title='bbox 782 272 938 325; x_wconf 89' lang='lat' dir='ltr'>angulis</span> <span class='ocrx_word' id='word_1_25' title='bbox 964 272 1238 325; x_wconf 68' lang='lat' dir='ltr'>procedebant</span> <span class='ocrx_word' id='word_1_26' title='bbox 1264 285 1425 312; x_wconf 85' lang='lat' dir='ltr'>cornua.</span> <span class='ocrx_word' id='word_1_27' title='bbox 1480 274 1515 296; x_wconf 71' lang='lat'>²⁶</span> <span class='ocrx_word' id='word_1_28' title='bbox 1540 272 1795 328; x_wconf 81' lang='lat' dir='ltr'>Vestivitque</span> <span class='ocrx_word' id='word_1_29' title='bbox 1822 276 1918 317; x_wconf 92' lang='lat' dir='ltr'>illud</span> <span class='ocrx_word' id='word_1_30' title='bbox 1945 290 2041 318; x_wconf 86' lang='lat' dir='ltr'>auro</span> 
     </span>
     <span class='ocr_line' id='line_1_4' title="bbox 142 330 2040 386; baseline 0.001 -12"><span class='ocrx_word' id='word_1_31' title='bbox 142 333 358 386; x_wconf 85' lang='lat' dir='ltr'>purissimo</span> <span class='ocrx_word' id='word_1_32' title='bbox 377 345 469 373; x_wconf 89' lang='lat' dir='ltr'>cum</span> <span class='ocrx_word' id='word_1_33' title='bbox 488 331 679 371; x_wconf 85' lang='lat' dir='ltr'>craticula</span> <span class='ocrx_word' id='word_1_34' title='bbox 699 344 746 371; x_wconf 85' lang='lat' dir='ltr'>ac</span> <span class='ocrx_word' id='word_1_35' title='bbox 764 331 986 384; x_wconf 80' lang='lat' dir='ltr'>parietibus</span> <span class='ocrx_word' id='word_1_36' title='bbox 1004 336 1044 371; x_wconf 87' lang='lat' dir='ltr'>et</span> <span class='ocrx_word' id='word_1_37' title='bbox 1063 331 1262 371; x_wconf 76' lang='lat' dir='ltr'>cornibus.</span> <span class='ocrx_word' id='word_1_38' title='bbox 1310 331 1343 354; x_wconf 75' lang='lat'>²⁷</span> <span class='ocrx_word' id='word_1_39' title='bbox 1363 330 1556 384; x_wconf 85' lang='lat' dir='ltr'>Fecitque</span> <span class='ocrx_word' id='word_1_40' title='bbox 1575 331 1609 372; x_wconf 86' lang='lat' dir='ltr'>ei</span> <span class='ocrx_word' id='word_1_41' title='bbox 1628 344 1817 373; x_wconf 89' lang='lat' dir='ltr'>coronam</span> <span class='ocrx_word' id='word_1_42' title='bbox 1837 335 2040 376; x_wconf 82' lang='lat' dir='ltr'>aureolam</span> 
     </span>
     <span class='ocr_line' id='line_1_5' title="bbox 142 388 2042 445; baseline 0.001 -13"><span class='ocrx_word' id='word_1_43' title='bbox 142 404 213 444; x_wconf 87' lang='lat' dir='ltr'>per</span> <span class='ocrx_word' id='word_1_44' title='bbox 241 404 398 445; x_wconf 77' lang='lat' dir='ltr'>gyrum,</span> <span class='ocrx_word' id='word_1_45' title='bbox 431 394 471 430; x_wconf 84' lang='lat' dir='ltr'>et</span> <span class='ocrx_word' id='word_1_46' title='bbox 502 390 602 430; x_wconf 85' lang='lat' dir='ltr'>duos</span> <span class='ocrx_word' id='word_1_47' title='bbox 634 388 803 430; x_wconf 91' lang='lat' dir='ltr'>annulos</span> <span class='ocrx_word' id='word_1_48' title='bbox 835 402 975 429; x_wconf 80' lang='lat' dir='ltr'>aureos</span> <span class='ocrx_word' id='word_1_49' title='bbox 1006 389 1080 429; x_wconf 92' lang='lat' dir='ltr'>sub</span> <span class='ocrx_word' id='word_1_50' title='bbox 1112 402 1255 429; x_wconf 88' lang='lat' dir='ltr'>corona</span> <span class='ocrx_word' id='word_1_51' title='bbox 1290 401 1360 441; x_wconf 88' lang='lat' dir='ltr'>per</span> <span class='ocrx_word' id='word_1_52' title='bbox 1389 388 1546 442; x_wconf 80' lang='lat' dir='ltr'>singula</span> <span class='ocrx_word' id='word_1_53' title='bbox 1575 388 1714 435; x_wconf 82' lang='lat' dir='ltr'>latera,</span> <span class='ocrx_word' id='word_1_54' title='bbox 1748 396 1792 431; x_wconf 92' lang='lat' dir='ltr'>ut</span> <span class='ocrx_word' id='word_1_55' title='bbox 1824 392 2042 434; x_wconf 79' lang='lat' dir='ltr'>mittantur</span> 
     </span>
     <span class='ocr_line' id='line_1_6' title="bbox 141 447 2038 503; baseline 0 -12"><span class='ocrx_word' id='word_1_56' title='bbox 141 450 183 490; x_wconf 90' lang='lat' dir='ltr'>in</span> <span class='ocrx_word' id='word_1_57' title='bbox 207 463 272 491; x_wconf 89' lang='lat' dir='ltr'>eos</span> <span class='ocrx_word' id='word_1_58' title='bbox 297 455 444 492; x_wconf 83' lang='lat' dir='ltr'>vectes.</span> <span class='ocrx_word' id='word_1_59' title='bbox 472 454 511 488; x_wconf 88' lang='lat' dir='ltr'>et</span> <span class='ocrx_word' id='word_1_60' title='bbox 535 448 663 501; x_wconf 84' lang='lat' dir='ltr'>possit</span> <span class='ocrx_word' id='word_1_61' title='bbox 688 447 814 488; x_wconf 86' lang='lat' dir='ltr'>altare</span> <span class='ocrx_word' id='word_1_62' title='bbox 838 447 1003 501; x_wconf 88' lang='lat' dir='ltr'>portari.</span> <span class='ocrx_word' id='word_1_63' title='bbox 1056 448 1091 471; x_wconf 74' lang='lat'>&#39;2⁸</span> <span class='ocrx_word' id='word_1_64' title='bbox 1117 447 1230 500; x_wconf 90' lang='lat' dir='ltr'>Ipsos</span> <span class='ocrx_word' id='word_1_65' title='bbox 1255 452 1393 487; x_wconf 88' lang='lat' dir='ltr'>autem</span> <span class='ocrx_word' id='word_1_66' title='bbox 1417 452 1552 487; x_wconf 80' lang='lat' dir='ltr'>vectes</span> <span class='ocrx_word' id='word_1_67' title='bbox 1576 448 1673 488; x_wconf 81' lang='lat' dir='ltr'>fecit</span> <span class='ocrx_word' id='word_1_68' title='bbox 1696 449 1745 490; x_wconf 83' lang='lat' dir='ltr'>de</span> <span class='ocrx_word' id='word_1_69' title='bbox 1768 449 1884 503; x_wconf 81' lang='lat' dir='ltr'>lignis</span> <span class='ocrx_word' id='word_1_70' title='bbox 1909 452 2038 497; x_wconf 79' lang='lat' dir='ltr'>setim,</span> 
     </span>
     <span class='ocr_line' id='line_1_7' title="bbox 142 505 2038 561; baseline 0.001 -13"><span class='ocrx_word' id='word_1_71' title='bbox 142 514 182 548; x_wconf 91' lang='lat' dir='ltr'>et</span> <span class='ocrx_word' id='word_1_72' title='bbox 212 508 371 561; x_wconf 85' lang='lat' dir='ltr'>operuit</span> <span class='ocrx_word' id='word_1_73' title='bbox 398 506 558 547; x_wconf 90' lang='lat' dir='ltr'>laminis</span> <span class='ocrx_word' id='word_1_74' title='bbox 588 506 729 547; x_wconf 87' lang='lat' dir='ltr'>aureis.</span> <span class='ocrx_word' id='word_1_75' title='bbox 790 508 824 530; x_wconf 75' lang='lat'>²⁹</span> <span class='ocrx_word' id='word_1_76' title='bbox 849 506 1087 559; x_wconf 82' lang='lat' dir='ltr'>Composuit</span> <span class='ocrx_word' id='word_1_77' title='bbox 1112 512 1152 546; x_wconf 87' lang='lat' dir='ltr'>et</span> <span class='ocrx_word' id='word_1_78' title='bbox 1178 505 1310 546; x_wconf 89' lang='lat' dir='ltr'>oleum</span> <span class='ocrx_word' id='word_1_79' title='bbox 1336 506 1388 546; x_wconf 92' lang='lat' dir='ltr'>ad</span> <span class='ocrx_word' id='word_1_80' title='bbox 1413 506 1747 548; x_wconf 84' lang='lat' dir='ltr'>sanctificationis</span> <span class='ocrx_word' id='word_1_81' title='bbox 1774 514 2038 560; x_wconf 76' lang='lat' dir='ltr'>unguentum.</span> 
     </span>
     <span class='ocr_line' id='line_1_8' title="bbox 141 564 1544 619; baseline -0.002 -12"><span class='ocrx_word' id='word_1_82' title='bbox 141 573 182 607; x_wconf 91' lang='lat' dir='ltr'>et</span> <span class='ocrx_word' id='word_1_83' title='bbox 209 566 439 619; x_wconf 86' lang='lat' dir='ltr'>thymiama</span> <span class='ocrx_word' id='word_1_84' title='bbox 467 566 516 605; x_wconf 88' lang='lat' dir='ltr'>de</span> <span class='ocrx_word' id='word_1_85' title='bbox 545 565 796 606; x_wconf 80' lang='lat' dir='ltr'>aromatibus</span> <span class='ocrx_word' id='word_1_86' title='bbox 826 565 1100 605; x_wconf 82' lang='lat' dir='ltr'>mundissimis</span> <span class='ocrx_word' id='word_1_87' title='bbox 1129 577 1247 617; x_wconf 87' lang='lat' dir='ltr'>opere</span> <span class='ocrx_word' id='word_1_88' title='bbox 1276 564 1544 617; x_wconf 77' lang='lat' dir='ltr'>pigmentarii.</span> 
     </span>
    </p>
   </div>
   <div class='ocr_carea' id='block_1_3' title="bbox 136 656 2045 2298">
    <p class='ocr_par' dir='ltr' id='par_1_3' title="bbox 136 656 2045 2298">
     <span class='ocr_line' id='line_1_9' title="bbox 246 656 2042 714; baseline 0.001 -14"><span class='ocrx_word' id='word_1_89' title='bbox 246 657 377 702; x_wconf 91' lang='grc'>38.1</span> <span class='ocrx_word' id='word_1_90' title='bbox 417 658 547 698; x_wconf 75' lang='lat' dir='ltr'>aFecit</span> <span class='ocrx_word' id='word_1_91' title='bbox 582 663 622 697; x_wconf 87' lang='lat' dir='ltr'>et</span> <span class='ocrx_word' id='word_1_92' title='bbox 658 657 784 698; x_wconf 85' lang='lat' dir='ltr'>altare</span> <span class='ocrx_word' id='word_1_93' title='bbox 818 657 1043 698; x_wconf 68' lang='lat' dir='ltr'>holocausti</span> <span class='ocrx_word' id='word_1_94' title='bbox 1078 657 1127 697; x_wconf 91' lang='lat' dir='ltr'>de</span> <span class='ocrx_word' id='word_1_95' title='bbox 1160 656 1276 707; x_wconf 81' lang='lat' dir='ltr'>lignis</span> <span class='ocrx_word' id='word_1_96' title='bbox 1312 657 1441 701; x_wconf 83' lang='lat' dir='ltr'>setini.</span> <span class='ocrx_word' id='word_1_97' title='bbox 1494 657 1672 711; x_wconf 90' lang='lat' dir='ltr'>quinque</span> <span class='ocrx_word' id='word_1_98' title='bbox 1707 659 1936 700; x_wconf 86' lang='lat' dir='ltr'>cubitorum</span> <span class='ocrx_word' id='word_1_99' title='bbox 1972 674 2042 714; x_wconf 89' lang='lat' dir='ltr'>per</span> 
     </span>
     <span class='ocr_line' id='line_1_10' title="bbox 141 715 2039 772; baseline 0.001 -14"><span class='ocrx_word' id='word_1_100' title='bbox 141 717 355 771; x_wconf 83' lang='lat' dir='ltr'>quadrum.</span> <span class='ocrx_word' id='word_1_101' title='bbox 376 721 416 758; x_wconf 88' lang='lat' dir='ltr'>et</span> <span class='ocrx_word' id='word_1_102' title='bbox 434 716 559 757; x_wconf 89' lang='lat' dir='ltr'>trium</span> <span class='ocrx_word' id='word_1_103' title='bbox 578 716 618 756; x_wconf 93' lang='lat' dir='ltr'>in</span> <span class='ocrx_word' id='word_1_104' title='bbox 637 715 871 756; x_wconf 75' lang='lat' dir='ltr'>altitudine:</span> <span class='ocrx_word' id='word_1_105' title='bbox 918 718 932 740; x_wconf 81' lang='grc'>”3</span> <span class='ocrx_word' id='word_1_106' title='bbox 951 716 1062 756; x_wconf 62' lang='lat' dir='ltr'>cuim</span> <span class='ocrx_word' id='word_1_107' title='bbox 1082 728 1230 756; x_wconf 82' lang='lat' dir='ltr'>cornua</span> <span class='ocrx_word' id='word_1_108' title='bbox 1251 716 1299 756; x_wconf 90' lang='lat' dir='ltr'>de</span> <span class='ocrx_word' id='word_1_109' title='bbox 1319 715 1473 769; x_wconf 88' lang='lat' dir='ltr'>angulis</span> <span class='ocrx_word' id='word_1_110' title='bbox 1493 717 1779 768; x_wconf 77' lang='lat' dir='ltr'>procedebant,</span> <span class='ocrx_word' id='word_1_111' title='bbox 1801 719 2039 772; x_wconf 88' lang='lat' dir='ltr'>operuitque</span> 
     </span>
     <span class='ocr_line' id='line_1_11' title="bbox 140 774 2042 830; baseline 0.002 -14"><span class='ocrx_word' id='word_1_112' title='bbox 140 775 241 817; x_wconf 88' lang='lat' dir='ltr'>illud</span> <span class='ocrx_word' id='word_1_113' title='bbox 260 775 420 816; x_wconf 87' lang='lat' dir='ltr'>laminis</span> <span class='ocrx_word' id='word_1_114' title='bbox 442 775 572 816; x_wconf 80' lang='lat' dir='ltr'>aeneis.</span> <span class='ocrx_word' id='word_1_115' title='bbox 622 777 637 799; x_wconf 79' lang='lat'>3</span> <span class='ocrx_word' id='word_1_116' title='bbox 657 775 711 815; x_wconf 90' lang='lat' dir='ltr'>Et</span> <span class='ocrx_word' id='word_1_117' title='bbox 733 775 773 815; x_wconf 93' lang='lat' dir='ltr'>in</span> <span class='ocrx_word' id='word_1_118' title='bbox 794 788 888 815; x_wconf 82' lang='lat' dir='ltr'>usus</span> <span class='ocrx_word' id='word_1_119' title='bbox 910 775 992 815; x_wconf 91' lang='lat' dir='ltr'>eius</span> <span class='ocrx_word' id='word_1_120' title='bbox 1014 774 1175 828; x_wconf 81' lang='lat' dir='ltr'>paravit</span> <span class='ocrx_word' id='word_1_121' title='bbox 1197 787 1246 815; x_wconf 82' lang='lat' dir='ltr'>ex</span> <span class='ocrx_word' id='word_1_122' title='bbox 1267 787 1342 815; x_wconf 83' lang='lat' dir='ltr'>aere</span> <span class='ocrx_word' id='word_1_123' title='bbox 1363 787 1462 815; x_wconf 81' lang='lat' dir='ltr'>vasa</span> <span class='ocrx_word' id='word_1_124' title='bbox 1482 774 1652 818; x_wconf 82' lang='lat' dir='ltr'>diversa.</span> <span class='ocrx_word' id='word_1_125' title='bbox 1675 774 1837 818; x_wconf 87' lang='lat' dir='ltr'>lebetes.</span> <span class='ocrx_word' id='word_1_126' title='bbox 1860 777 2042 830; x_wconf 81' lang='lat' dir='ltr'>forcipes.</span> 
     </span>
     <span class='ocr_line' id='line_1_12' title="bbox 139 832 2044 887; baseline -0.001 -12"><span class='ocrx_word' id='word_1_127' title='bbox 139 833 372 878; x_wconf 81' lang='lat' dir='ltr'>fuscinulas.</span> <span class='ocrx_word' id='word_1_128' title='bbox 402 834 582 876; x_wconf 81' lang='lat' dir='ltr'>uncinos.</span> <span class='ocrx_word' id='word_1_129' title='bbox 612 838 652 874; x_wconf 87' lang='lat' dir='ltr'>et</span> <span class='ocrx_word' id='word_1_130' title='bbox 678 833 831 887; x_wconf 81' lang='lat' dir='ltr'>ignium</span> <span class='ocrx_word' id='word_1_131' title='bbox 858 832 1125 886; x_wconf 87' lang='lat' dir='ltr'>receptacula.</span> <span class='ocrx_word' id='word_1_132' title='bbox 1181 835 1196 857; x_wconf 73' lang='lat'><strong>⁴</strong></span> <span class='ocrx_word' id='word_1_133' title='bbox 1223 832 1549 886; x_wconf 72' lang='lat' dir='ltr'>Craticulamque</span> <span class='ocrx_word' id='word_1_134' title='bbox 1577 833 1659 873; x_wconf 89' lang='lat' dir='ltr'>eius</span> <span class='ocrx_word' id='word_1_135' title='bbox 1687 833 1727 874; x_wconf 92' lang='lat' dir='ltr'>in</span> <span class='ocrx_word' id='word_1_136' title='bbox 1755 835 1922 875; x_wconf 89' lang='lat' dir='ltr'>modum</span> <span class='ocrx_word' id='word_1_137' title='bbox 1950 837 2044 876; x_wconf 67' lang='lat' dir='ltr'>retis</span> 
     </span>
     <span class='ocr_line' id='line_1_13' title="bbox 139 891 2045 947; baseline 0.001 -14"><span class='ocrx_word' id='word_1_138' title='bbox 139 893 235 934; x_wconf 79' lang='lat' dir='ltr'>fecit</span> <span class='ocrx_word' id='word_1_139' title='bbox 260 906 425 938; x_wconf 74' lang='lat' dir='ltr'>aeneam,</span> <span class='ocrx_word' id='word_1_140' title='bbox 453 898 493 933; x_wconf 91' lang='lat' dir='ltr'>et</span> <span class='ocrx_word' id='word_1_141' title='bbox 518 893 658 933; x_wconf 87' lang='lat' dir='ltr'>subter</span> <span class='ocrx_word' id='word_1_142' title='bbox 682 905 770 932; x_wconf 91' lang='lat' dir='ltr'>eam</span> <span class='ocrx_word' id='word_1_143' title='bbox 796 892 836 932; x_wconf 92' lang='lat' dir='ltr'>in</span> <span class='ocrx_word' id='word_1_144' title='bbox 862 891 1000 932; x_wconf 89' lang='lat' dir='ltr'>altaris</span> <span class='ocrx_word' id='word_1_145' title='bbox 1026 892 1158 932; x_wconf 91' lang='lat' dir='ltr'>medio</span> <span class='ocrx_word' id='word_1_146' title='bbox 1185 891 1352 934; x_wconf 85' lang='lat' dir='ltr'>arulam.</span> <span class='ocrx_word' id='word_1_147' title='bbox 1405 893 1420 916; x_wconf 73' lang='lat'>5</span> <span class='ocrx_word' id='word_1_148' title='bbox 1445 892 1543 932; x_wconf 81' lang='lat' dir='ltr'>fusis</span> <span class='ocrx_word' id='word_1_149' title='bbox 1570 897 1766 945; x_wconf 90' lang='lat' dir='ltr'>quattuor</span> <span class='ocrx_word' id='word_1_150' title='bbox 1791 893 1949 934; x_wconf 87' lang='lat' dir='ltr'>annulis</span> <span class='ocrx_word' id='word_1_151' title='bbox 1975 908 2045 947; x_wconf 86' lang='lat' dir='ltr'>per</span> 
     </span>
     <span class='ocr_line' id='line_1_14' title="bbox 140 950 2043 1006; baseline 0.001 -14"><span class='ocrx_word' id='word_1_152' title='bbox 140 951 314 992; x_wconf 87' lang='lat' dir='ltr'>totidem</span> <span class='ocrx_word' id='word_1_153' title='bbox 351 951 533 992; x_wconf 90' lang='lat' dir='ltr'>retiaculi</span> <span class='ocrx_word' id='word_1_154' title='bbox 571 951 841 996; x_wconf 75' lang='lat' dir='ltr'>summitates.</span> <span class='ocrx_word' id='word_1_155' title='bbox 882 950 934 991; x_wconf 90' lang='lat' dir='ltr'>ad</span> <span class='ocrx_word' id='word_1_156' title='bbox 971 950 1252 991; x_wconf 89' lang='lat' dir='ltr'>immittendos</span> <span class='ocrx_word' id='word_1_157' title='bbox 1291 956 1426 991; x_wconf 74' lang='lat' dir='ltr'>vectes</span> <span class='ocrx_word' id='word_1_158' title='bbox 1465 951 1516 991; x_wconf 90' lang='lat' dir='ltr'>ad</span> <span class='ocrx_word' id='word_1_159' title='bbox 1555 952 1821 1004; x_wconf 87' lang='lat' dir='ltr'>portandum:</span> <span class='ocrx_word' id='word_1_160' title='bbox 1891 954 1906 976; x_wconf 70' lang='lat'>‘⁵</span> <span class='ocrx_word' id='word_1_161' title='bbox 1944 966 2043 1006; x_wconf 90' lang='lat' dir='ltr'>quos</span> 
     </span>
     <span class='ocr_line' id='line_1_15' title="bbox 139 1009 2041 1064; baseline 0.001 -14"><span class='ocrx_word' id='word_1_162' title='bbox 139 1015 180 1050; x_wconf 81' lang='lat' dir='ltr'>et·</span> <span class='ocrx_word' id='word_1_163' title='bbox 207 1010 313 1064; x_wconf 90' lang='lat' dir='ltr'>ipsos</span> <span class='ocrx_word' id='word_1_164' title='bbox 341 1010 435 1050; x_wconf 85' lang='lat' dir='ltr'>fecit</span> <span class='ocrx_word' id='word_1_165' title='bbox 464 1010 512 1051; x_wconf 87' lang='lat' dir='ltr'>de</span> <span class='ocrx_word' id='word_1_166' title='bbox 541 1009 655 1063; x_wconf 79' lang='lat' dir='ltr'>lignis</span> <span class='ocrx_word' id='word_1_167' title='bbox 684 1010 814 1057; x_wconf 73' lang='lat' dir='ltr'>setim,</span> <span class='ocrx_word' id='word_1_168' title='bbox 844 1016 884 1050; x_wconf 89' lang='lat' dir='ltr'>et</span> <span class='ocrx_word' id='word_1_169' title='bbox 913 1009 1072 1063; x_wconf 87' lang='lat' dir='ltr'>operuit</span> <span class='ocrx_word' id='word_1_170' title='bbox 1098 1009 1257 1050; x_wconf 87' lang='lat' dir='ltr'>laminis</span> <span class='ocrx_word' id='word_1_171' title='bbox 1286 1009 1423 1050; x_wconf 82' lang='lat' dir='ltr'>aeneis:</span> <span class='ocrx_word' id='word_1_172' title='bbox 1482 1011 1495 1032; x_wconf 77' lang='lat'>⁷</span> <span class='ocrx_word' id='word_1_173' title='bbox 1523 1009 1766 1063; x_wconf 78' lang='lat' dir='ltr'>induxitque</span> <span class='ocrx_word' id='word_1_174' title='bbox 1794 1011 1834 1051; x_wconf 89' lang='lat' dir='ltr'>in</span> <span class='ocrx_word' id='word_1_175' title='bbox 1862 1011 2041 1056; x_wconf 83' lang='lat' dir='ltr'>circulos.</span> 
     </span>
     <span class='ocr_line' id='line_1_16' title="bbox 139 1067 2042 1123; baseline 0 -13"><span class='ocrx_word' id='word_1_176' title='bbox 139 1069 208 1123; x_wconf 87' lang='lat' dir='ltr'>qui</span> <span class='ocrx_word' id='word_1_177' title='bbox 240 1069 281 1109; x_wconf 93' lang='lat' dir='ltr'>in</span> <span class='ocrx_word' id='word_1_178' title='bbox 312 1068 506 1110; x_wconf 89' lang='lat' dir='ltr'>lateribus</span> <span class='ocrx_word' id='word_1_179' title='bbox 540 1068 678 1109; x_wconf 90' lang='lat' dir='ltr'>altaris</span> <span class='ocrx_word' id='word_1_180' title='bbox 711 1069 956 1109; x_wconf 89' lang='lat' dir='ltr'>eminebant.</span> <span class='ocrx_word' id='word_1_181' title='bbox 995 1068 1133 1121; x_wconf 84' lang='lat' dir='ltr'>Ipsum</span> <span class='ocrx_word' id='word_1_182' title='bbox 1168 1073 1305 1108; x_wconf 87' lang='lat' dir='ltr'>autem</span> <span class='ocrx_word' id='word_1_183' title='bbox 1339 1067 1465 1108; x_wconf 88' lang='lat' dir='ltr'>altare</span> <span class='ocrx_word' id='word_1_184' title='bbox 1503 1074 1602 1109; x_wconf 75' lang='lat' dir='ltr'>bnon</span> <span class='ocrx_word' id='word_1_185' title='bbox 1635 1075 1721 1109; x_wconf 85' lang='lat' dir='ltr'>erat</span> <span class='ocrx_word' id='word_1_186' title='bbox 1754 1069 1939 1114; x_wconf 74' lang='lat' dir='ltr'>solidum,</span> <span class='ocrx_word' id='word_1_187' title='bbox 1975 1071 2042 1110; x_wconf 84' lang='lat' dir='ltr'>sed</span> 
     </span>
     <span class='ocr_line' id='line_1_17' title="bbox 139 1126 2044 1172; baseline 0.001 -4"><span class='ocrx_word' id='word_1_188' title='bbox 139 1141 287 1168; x_wconf 75' lang='lat' dir='ltr'>cavum</span> <span class='ocrx_word' id='word_1_189' title='bbox 315 1141 364 1169; x_wconf 87' lang='lat' dir='ltr'>ex</span> <span class='ocrx_word' id='word_1_190' title='bbox 391 1127 552 1172; x_wconf 77' lang='lat' dir='ltr'>tabulis.</span> <span class='ocrx_word' id='word_1_191' title='bbox 584 1133 623 1168; x_wconf 89' lang='lat' dir='ltr'>et</span> <span class='ocrx_word' id='word_1_192' title='bbox 651 1127 760 1167; x_wconf 89' lang='lat' dir='ltr'>intus</span> <span class='ocrx_word' id='word_1_193' title='bbox 789 1140 977 1168; x_wconf 84' lang='lat' dir='ltr'>vacuum.</span> <span class='ocrx_word' id='word_1_194' title='bbox 1037 1129 1052 1151; x_wconf 76' lang='lat' dir='ltr'>s</span> <span class='ocrx_word' id='word_1_195' title='bbox 1079 1127 1191 1167; x_wconf 88' lang='lat' dir='ltr'>Fecit</span> <span class='ocrx_word' id='word_1_196' title='bbox 1220 1132 1259 1167; x_wconf 89' lang='lat' dir='ltr'>et</span> <span class='ocrx_word' id='word_1_197' title='bbox 1288 1126 1446 1167; x_wconf 88' lang='lat' dir='ltr'>labrum</span> <span class='ocrx_word' id='word_1_198' title='bbox 1475 1140 1631 1168; x_wconf 81' lang='lat' dir='ltr'>aeneum</span> <span class='ocrx_word' id='word_1_199' title='bbox 1659 1141 1751 1168; x_wconf 89' lang='lat' dir='ltr'>cum</span> <span class='ocrx_word' id='word_1_200' title='bbox 1781 1129 1866 1169; x_wconf 90' lang='lat' dir='ltr'>basi</span> <span class='ocrx_word' id='word_1_201' title='bbox 1895 1142 1967 1169; x_wconf 87' lang='lat' dir='ltr'>sua</span> <span class='ocrx_word' id='word_1_202' title='bbox 1995 1129 2044 1169; x_wconf 90' lang='lat' dir='ltr'>de</span> 
     </span>
     <span class='ocr_line' id='line_1_18' title="bbox 139 1185 2042 1240; baseline 0.001 -13"><span class='ocrx_word' id='word_1_203' title='bbox 139 1186 309 1240; x_wconf 79' lang='lat' dir='ltr'>speculis</span> <span class='ocrx_word' id='word_1_204' title='bbox 341 1186 566 1234; x_wconf 84' lang='lat' dir='ltr'>mulierum,</span> <span class='ocrx_word' id='word_1_205' title='bbox 602 1200 690 1240; x_wconf 65' lang='lat' dir='ltr'>quae</span> <span class='ocrx_word' id='word_1_206' title='bbox 722 1186 981 1226; x_wconf 72' lang='lat' dir='ltr'>excubabant</span> <span class='ocrx_word' id='word_1_207' title='bbox 1014 1186 1053 1226; x_wconf 91' lang='lat' dir='ltr'>in</span> <span class='ocrx_word' id='word_1_208' title='bbox 1086 1186 1188 1226; x_wconf 89' lang='lat' dir='ltr'>ostio</span> <span class='ocrx_word' id='word_1_209' title='bbox 1220 1185 1482 1226; x_wconf 69' lang='lat' dir='ltr'>tabernaculi.</span> <span class='ocrx_word' id='word_1_210' title='bbox 1546 1188 1561 1209; x_wconf 76' lang='lat'><strong>⁹</strong></span> <span class='ocrx_word' id='word_1_211' title='bbox 1592 1186 1704 1226; x_wconf 80' lang='lat' dir='ltr'>Fecit</span> <span class='ocrx_word' id='word_1_212' title='bbox 1736 1192 1775 1226; x_wconf 90' lang='lat' dir='ltr'>et</span> <span class='ocrx_word' id='word_1_213' title='bbox 1808 1187 1968 1232; x_wconf 74' lang='lat' dir='ltr'>atrium,</span> <span class='ocrx_word' id='word_1_214' title='bbox 2002 1188 2042 1228; x_wconf 88' lang='lat' dir='ltr'>in</span> 
     </span>
     <span class='ocr_line' id='line_1_19' title="bbox 139 1244 2042 1298; baseline 0.001 -13"><span class='ocrx_word' id='word_1_215' title='bbox 139 1245 250 1285; x_wconf 87' lang='lat' dir='ltr'>cuius</span> <span class='ocrx_word' id='word_1_216' title='bbox 283 1244 450 1286; x_wconf 83' lang='lat' dir='ltr'>australi</span> <span class='ocrx_word' id='word_1_217' title='bbox 481 1244 598 1298; x_wconf 85' lang='lat' dir='ltr'>plaga</span> <span class='ocrx_word' id='word_1_218' title='bbox 631 1251 746 1285; x_wconf 91' lang='lat' dir='ltr'>erant</span> <span class='ocrx_word' id='word_1_219' title='bbox 778 1246 952 1285; x_wconf 89' lang='lat' dir='ltr'>tentoria</span> <span class='ocrx_word' id='word_1_220' title='bbox 984 1245 1033 1285; x_wconf 81' lang='lat' dir='ltr'>de</span> <span class='ocrx_word' id='word_1_221' title='bbox 1066 1245 1185 1298; x_wconf 81' lang='lat' dir='ltr'>bysso</span> <span class='ocrx_word' id='word_1_222' title='bbox 1218 1250 1381 1286; x_wconf 90' lang='lat' dir='ltr'>retorta.</span> <span class='ocrx_word' id='word_1_223' title='bbox 1416 1244 1645 1285; x_wconf 86' lang='lat' dir='ltr'>cubitorum</span> <span class='ocrx_word' id='word_1_224' title='bbox 1678 1250 1853 1288; x_wconf 83' lang='lat' dir='ltr'>centum.</span> <span class='ocrx_word' id='word_1_225' title='bbox 1916 1248 1949 1270; x_wconf 88' lang='lat'>¹⁰</span> <span class='ocrx_word' id='word_1_226' title='bbox 1979 1260 2042 1287; x_wconf 83' lang='lat' dir='ltr'>co-</span> 
     </span>
     <span class='ocr_line' id='line_1_20' title="bbox 137 1302 2040 1357; baseline 0.002 -14"><span class='ocrx_word' id='word_1_227' title='bbox 137 1303 286 1345; x_wconf 84' lang='lat' dir='ltr'>lumnae</span> <span class='ocrx_word' id='word_1_228' title='bbox 307 1317 427 1345; x_wconf 62' lang='lat' dir='ltr'>aeneze</span> <span class='ocrx_word' id='word_1_229' title='bbox 449 1304 592 1357; x_wconf 81' lang='lat' dir='ltr'>viginti</span> <span class='ocrx_word' id='word_1_230' title='bbox 616 1317 707 1344; x_wconf 87' lang='lat' dir='ltr'>cum</span> <span class='ocrx_word' id='word_1_231' title='bbox 731 1304 894 1344; x_wconf 82' lang='lat' dir='ltr'>basibus</span> <span class='ocrx_word' id='word_1_232' title='bbox 918 1304 1010 1347; x_wconf 78' lang='lat' dir='ltr'>suis,</span> <span class='ocrx_word' id='word_1_233' title='bbox 1035 1304 1168 1357; x_wconf 88' lang='lat' dir='ltr'>capita</span> <span class='ocrx_word' id='word_1_234' title='bbox 1194 1302 1486 1347; x_wconf 85' lang='lat' dir='ltr'>columnarum,</span> <span class='ocrx_word' id='word_1_235' title='bbox 1511 1308 1551 1343; x_wconf 87' lang='lat' dir='ltr'>et</span> <span class='ocrx_word' id='word_1_236' title='bbox 1574 1308 1663 1344; x_wconf 59' lang='lat' dir='ltr'>tota,</span> <span class='ocrx_word' id='word_1_237' title='bbox 1686 1304 1815 1357; x_wconf 90' lang='lat' dir='ltr'>operis</span> <span class='ocrx_word' id='word_1_238' title='bbox 1838 1304 2040 1347; x_wconf 79' lang='lat' dir='ltr'>caelatura.</span> 
     </span>
     <span class='ocr_line' id='line_1_21' title="bbox 139 1361 2044 1416; baseline 0 -13"><span class='ocrx_word' id='word_1_239' title='bbox 139 1367 341 1416; x_wconf 85' lang='lat' dir='ltr'>argentea.</span> <span class='ocrx_word' id='word_1_240' title='bbox 404 1365 434 1387; x_wconf 88' lang='lat'>¹¹</span> <span class='ocrx_word' id='word_1_241' title='bbox 469 1363 598 1416; x_wconf 69' lang='lat' dir='ltr'>Eque</span> <span class='ocrx_word' id='word_1_242' title='bbox 633 1363 684 1403; x_wconf 88' lang='lat' dir='ltr'>ad</span> <span class='ocrx_word' id='word_1_243' title='bbox 717 1362 1076 1416; x_wconf 76' lang='lat' dir='ltr'>septentrionalem</span> <span class='ocrx_word' id='word_1_244' title='bbox 1109 1361 1271 1415; x_wconf 81' lang='lat' dir='ltr'>plagam</span> <span class='ocrx_word' id='word_1_245' title='bbox 1306 1362 1492 1405; x_wconf 83' lang='lat' dir='ltr'>tentoria.</span> <span class='ocrx_word' id='word_1_246' title='bbox 1529 1361 1736 1405; x_wconf 60' lang='lat' dir='ltr'>columnae.</span> <span class='ocrx_word' id='word_1_247' title='bbox 1774 1363 1970 1416; x_wconf 85' lang='lat' dir='ltr'>basesque</span> <span class='ocrx_word' id='word_1_248' title='bbox 2004 1369 2044 1404; x_wconf 90' lang='lat' dir='ltr'>et</span> 
     </span>
     <span class='ocr_line' id='line_1_22' title="bbox 138 1420 2042 1474; baseline 0 -13"><span class='ocrx_word' id='word_1_249' title='bbox 138 1422 272 1474; x_wconf 90' lang='lat' dir='ltr'>capita</span> <span class='ocrx_word' id='word_1_250' title='bbox 302 1421 581 1463; x_wconf 84' lang='lat' dir='ltr'>columnarum</span> <span class='ocrx_word' id='word_1_251' title='bbox 611 1421 789 1462; x_wconf 90' lang='lat' dir='ltr'>eiusdem</span> <span class='ocrx_word' id='word_1_252' title='bbox 819 1434 1026 1465; x_wconf 78' lang='lat' dir='ltr'>mensurae.</span> <span class='ocrx_word' id='word_1_253' title='bbox 1058 1426 1097 1461; x_wconf 89' lang='lat' dir='ltr'>et</span> <span class='ocrx_word' id='word_1_254' title='bbox 1126 1421 1255 1474; x_wconf 88' lang='lat' dir='ltr'>operis</span> <span class='ocrx_word' id='word_1_255' title='bbox 1284 1434 1329 1461; x_wconf 90' lang='lat' dir='ltr'>ac</span> <span class='ocrx_word' id='word_1_256' title='bbox 1358 1420 1523 1464; x_wconf 77' lang='lat' dir='ltr'>metalli,</span> <span class='ocrx_word' id='word_1_257' title='bbox 1554 1427 1681 1462; x_wconf 86' lang='lat' dir='ltr'>erant.</span> <span class='ocrx_word' id='word_1_258' title='bbox 1739 1423 1769 1446; x_wconf 76' lang='grc'><strong>13</strong></span> <span class='ocrx_word' id='word_1_259' title='bbox 1800 1422 1846 1462; x_wconf 86' lang='lat' dir='ltr'>In</span> <span class='ocrx_word' id='word_1_260' title='bbox 1874 1435 1917 1462; x_wconf 89' lang='lat' dir='ltr'>ea</span> <span class='ocrx_word' id='word_1_261' title='bbox 1948 1435 2042 1463; x_wconf 81' lang='lat' dir='ltr'>vero</span> 
     </span>
     <span class='ocr_line' id='line_1_23' title="bbox 138 1479 2040 1534; baseline 0.002 -15"><span class='ocrx_word' id='word_1_262' title='bbox 138 1479 268 1534; x_wconf 83' lang='lat' dir='ltr'>plaga.</span> <span class='ocrx_word' id='word_1_263' title='bbox 310 1493 400 1534; x_wconf 84' lang='lat' dir='ltr'>quae</span> <span class='ocrx_word' id='word_1_264' title='bbox 438 1480 489 1520; x_wconf 89' lang='lat' dir='ltr'>ad</span> <span class='ocrx_word' id='word_1_265' title='bbox 527 1480 790 1520; x_wconf 85' lang='lat' dir='ltr'>Occidentem</span> <span class='ocrx_word' id='word_1_266' title='bbox 828 1480 1001 1533; x_wconf 82' lang='lat' dir='ltr'>respicit.</span> <span class='ocrx_word' id='word_1_267' title='bbox 1042 1479 1207 1520; x_wconf 84' lang='lat' dir='ltr'>fuerunt</span> <span class='ocrx_word' id='word_1_268' title='bbox 1246 1480 1421 1520; x_wconf 87' lang='lat' dir='ltr'>tentoria</span> <span class='ocrx_word' id='word_1_269' title='bbox 1461 1479 1691 1520; x_wconf 89' lang='lat' dir='ltr'>cubitorum</span> <span class='ocrx_word' id='word_1_270' title='bbox 1731 1481 2040 1534; x_wconf 80' lang='lat' dir='ltr'>quinquaginta.</span> 
     </span>
     <span class='ocr_line' id='line_1_24' title="bbox 138 1537 2044 1593; baseline -0.001 -14"><span class='ocrx_word' id='word_1_271' title='bbox 138 1538 335 1580; x_wconf 71' lang='lat' dir='ltr'>columnae</span> <span class='ocrx_word' id='word_1_272' title='bbox 368 1539 506 1580; x_wconf 86' lang='lat' dir='ltr'>decem</span> <span class='ocrx_word' id='word_1_273' title='bbox 541 1552 632 1579; x_wconf 82' lang='lat' dir='ltr'>cuni</span> <span class='ocrx_word' id='word_1_274' title='bbox 666 1539 830 1579; x_wconf 81' lang='lat' dir='ltr'>basibus</span> <span class='ocrx_word' id='word_1_275' title='bbox 865 1539 944 1579; x_wconf 89' lang='lat' dir='ltr'>suis</span> <span class='ocrx_word' id='word_1_276' title='bbox 978 1552 1108 1581; x_wconf 57' lang='lat' dir='ltr'>aeneae.</span> <span class='ocrx_word' id='word_1_277' title='bbox 1145 1544 1184 1578; x_wconf 90' lang='lat' dir='ltr'>et</span> <span class='ocrx_word' id='word_1_278' title='bbox 1219 1539 1355 1591; x_wconf 88' lang='lat' dir='ltr'>capita</span> <span class='ocrx_word' id='word_1_279' title='bbox 1388 1537 1680 1583; x_wconf 82' lang='lat' dir='ltr'>columnarum,</span> <span class='ocrx_word' id='word_1_280' title='bbox 1717 1544 1757 1580; x_wconf 91' lang='lat' dir='ltr'>et</span> <span class='ocrx_word' id='word_1_281' title='bbox 1791 1544 1876 1579; x_wconf 87' lang='lat' dir='ltr'>tota</span> <span class='ocrx_word' id='word_1_282' title='bbox 1915 1540 2044 1593; x_wconf 80' lang='lat' dir='ltr'>operis</span> 
     </span>
     <span class='ocr_line' id='line_1_25' title="bbox 138 1597 2043 1652; baseline 0.001 -14"><span class='ocrx_word' id='word_1_283' title='bbox 138 1597 340 1643; x_wconf 70' lang='lat' dir='ltr'>ctelatura,</span> <span class='ocrx_word' id='word_1_284' title='bbox 379 1604 580 1651; x_wconf 84' lang='lat' dir='ltr'>argentea.</span> <span class='ocrx_word' id='word_1_285' title='bbox 645 1600 676 1621; x_wconf 77' lang='lat'>¹²³</span> <span class='ocrx_word' id='word_1_286' title='bbox 711 1598 834 1638; x_wconf 87' lang='lat' dir='ltr'>Porro</span> <span class='ocrx_word' id='word_1_287' title='bbox 871 1605 1010 1638; x_wconf 88' lang='lat' dir='ltr'>contra</span> <span class='ocrx_word' id='word_1_288' title='bbox 1048 1598 1243 1638; x_wconf 87' lang='lat' dir='ltr'>orientem</span> <span class='ocrx_word' id='word_1_289' title='bbox 1281 1597 1577 1650; x_wconf 77' lang='lat' dir='ltr'>quinquaginta</span> <span class='ocrx_word' id='word_1_290' title='bbox 1615 1598 1846 1639; x_wconf 87' lang='lat' dir='ltr'>cubitorum</span> <span class='ocrx_word' id='word_1_291' title='bbox 1881 1600 2043 1652; x_wconf 82' lang='lat' dir='ltr'>paravit</span> 
     </span>
     <span class='ocr_line' id='line_1_26' title="bbox 138 1656 2043 1710; baseline 0.001 -14"><span class='ocrx_word' id='word_1_292' title='bbox 138 1657 331 1697; x_wconf 88' lang='lat' dir='ltr'>tentoria:</span> <span class='ocrx_word' id='word_1_293' title='bbox 393 1659 423 1681; x_wconf 74' lang='lat'>¹⁴</span> <span class='ocrx_word' id='word_1_294' title='bbox 455 1671 475 1697; x_wconf 87' lang='lat' dir='ltr'>e</span> <span class='ocrx_word' id='word_1_295' title='bbox 508 1657 666 1710; x_wconf 82' lang='lat' dir='ltr'>quibus.</span> <span class='ocrx_word' id='word_1_296' title='bbox 702 1657 931 1710; x_wconf 87' lang='lat' dir='ltr'>quindecim</span> <span class='ocrx_word' id='word_1_297' title='bbox 965 1657 1122 1697; x_wconf 88' lang='lat' dir='ltr'>cubitos</span> <span class='ocrx_word' id='word_1_298' title='bbox 1156 1656 1437 1696; x_wconf 86' lang='lat' dir='ltr'>columnarum</span> <span class='ocrx_word' id='word_1_299' title='bbox 1471 1656 1604 1699; x_wconf 82' lang='lat' dir='ltr'>trium.</span> <span class='ocrx_word' id='word_1_300' title='bbox 1640 1670 1731 1697; x_wconf 84' lang='lat' dir='ltr'>cum</span> <span class='ocrx_word' id='word_1_301' title='bbox 1765 1657 1929 1697; x_wconf 81' lang='lat' dir='ltr'>basibus</span> <span class='ocrx_word' id='word_1_302' title='bbox 1961 1658 2043 1698; x_wconf 85' lang='lat' dir='ltr'>suis</span> 
     </span>
     <span class='ocr_line' id='line_1_27' title="bbox 139 1715 2041 1769; baseline 0.001 -14"><span class='ocrx_word' id='word_1_303' title='bbox 139 1729 265 1756; x_wconf 90' lang='lat' dir='ltr'>unum</span> <span class='ocrx_word' id='word_1_304' title='bbox 285 1716 451 1756; x_wconf 85' lang='lat' dir='ltr'>tenebat</span> <span class='ocrx_word' id='word_1_305' title='bbox 474 1715 598 1756; x_wconf 84' lang='lat' dir='ltr'>latus:</span> <span class='ocrx_word' id='word_1_306' title='bbox 647 1717 678 1739; x_wconf 74' lang='lat'>¹⁵</span> <span class='ocrx_word' id='word_1_307' title='bbox 699 1722 738 1756; x_wconf 88' lang='lat' dir='ltr'>et</span> <span class='ocrx_word' id='word_1_308' title='bbox 759 1716 799 1756; x_wconf 93' lang='lat' dir='ltr'>in</span> <span class='ocrx_word' id='word_1_309' title='bbox 822 1723 935 1769; x_wconf 90' lang='lat' dir='ltr'>parte</span> <span class='ocrx_word' id='word_1_310' title='bbox 957 1715 1081 1755; x_wconf 89' lang='lat' dir='ltr'>altera</span> <span class='ocrx_word' id='word_1_311' title='bbox 1103 1716 1215 1768; x_wconf 72' lang='lat' dir='ltr'>(quia</span> <span class='ocrx_word' id='word_1_312' title='bbox 1239 1716 1342 1755; x_wconf 88' lang='lat' dir='ltr'>inter</span> <span class='ocrx_word' id='word_1_313' title='bbox 1362 1721 1535 1769; x_wconf 89' lang='lat' dir='ltr'>utraque</span> <span class='ocrx_word' id='word_1_314' title='bbox 1556 1715 1770 1756; x_wconf 89' lang='lat' dir='ltr'>introitum</span> <span class='ocrx_word' id='word_1_315' title='bbox 1792 1715 2041 1757; x_wconf 86' lang='lat' dir='ltr'>tabernaculi</span> 
     </span>
     <span class='ocr_line' id='line_1_28' title="bbox 137 1774 2040 1828; baseline 0.001 -14"><span class='ocrx_word' id='word_1_316' title='bbox 137 1774 251 1827; x_wconf 81' lang='lat' dir='ltr'>fecit)</span> <span class='ocrx_word' id='word_1_317' title='bbox 271 1775 500 1828; x_wconf 88' lang='lat' dir='ltr'>quindecim</span> <span class='ocrx_word' id='word_1_318' title='bbox 521 1788 633 1828; x_wconf 73' lang='lat' dir='ltr'>aeque</span> <span class='ocrx_word' id='word_1_319' title='bbox 653 1775 882 1815; x_wconf 85' lang='lat' dir='ltr'>cubitorum</span> <span class='ocrx_word' id='word_1_320' title='bbox 904 1780 1019 1814; x_wconf 88' lang='lat' dir='ltr'>erant</span> <span class='ocrx_word' id='word_1_321' title='bbox 1040 1774 1226 1818; x_wconf 89' lang='lat' dir='ltr'>tentoria.</span> <span class='ocrx_word' id='word_1_322' title='bbox 1249 1774 1526 1827; x_wconf 62' lang='lat' dir='ltr'>columnaeque</span> <span class='ocrx_word' id='word_1_323' title='bbox 1547 1779 1638 1817; x_wconf 85' lang='lat' dir='ltr'>tres.</span> <span class='ocrx_word' id='word_1_324' title='bbox 1661 1779 1701 1814; x_wconf 88' lang='lat' dir='ltr'>et</span> <span class='ocrx_word' id='word_1_325' title='bbox 1721 1775 1835 1816; x_wconf 90' lang='lat' dir='ltr'>bases</span> <span class='ocrx_word' id='word_1_326' title='bbox 1856 1775 2040 1816; x_wconf 80' lang='lat' dir='ltr'>totidem.</span> 
     </span>
     <span class='ocr_line' id='line_1_29' title="bbox 140 1832 2040 1887; baseline 0.001 -14"><span class='ocrx_word' id='word_1_327' title='bbox 140 1835 173 1856; x_wconf 71' lang='lat'>¹⁶</span> <span class='ocrx_word' id='word_1_328' title='bbox 194 1833 351 1874; x_wconf 83' lang='lat' dir='ltr'>Cuncta</span> <span class='ocrx_word' id='word_1_329' title='bbox 372 1834 463 1874; x_wconf 86' lang='lat' dir='ltr'>atrii</span> <span class='ocrx_word' id='word_1_330' title='bbox 486 1834 659 1874; x_wconf 88' lang='lat' dir='ltr'>tentoria</span> <span class='ocrx_word' id='word_1_331' title='bbox 683 1834 826 1887; x_wconf 84' lang='lat' dir='ltr'>byssus</span> <span class='ocrx_word' id='word_1_332' title='bbox 850 1839 999 1874; x_wconf 88' lang='lat' dir='ltr'>retorta</span> <span class='ocrx_word' id='word_1_333' title='bbox 1024 1838 1223 1874; x_wconf 82' lang='lat' dir='ltr'>texuerat.</span> <span class='ocrx_word' id='word_1_334' title='bbox 1275 1834 1307 1857; x_wconf 80' lang='lat'>¹⁷</span> <span class='ocrx_word' id='word_1_335' title='bbox 1331 1832 1453 1873; x_wconf 87' lang='lat' dir='ltr'>Bases</span> <span class='ocrx_word' id='word_1_336' title='bbox 1476 1832 1756 1873; x_wconf 83' lang='lat' dir='ltr'>columnarum</span> <span class='ocrx_word' id='word_1_337' title='bbox 1777 1833 1887 1874; x_wconf 83' lang='lat' dir='ltr'>fuere</span> <span class='ocrx_word' id='word_1_338' title='bbox 1910 1847 2040 1876; x_wconf 58' lang='lat' dir='ltr'>aeneae.</span> 
     </span>
     <span class='ocr_line' id='line_1_30' title="bbox 138 1891 2041 1945; baseline 0 -14"><span class='ocrx_word' id='word_1_339' title='bbox 138 1892 273 1945; x_wconf 87' lang='lat' dir='ltr'>capita</span> <span class='ocrx_word' id='word_1_340' title='bbox 304 1898 441 1933; x_wconf 88' lang='lat' dir='ltr'>autem</span> <span class='ocrx_word' id='word_1_341' title='bbox 473 1906 610 1933; x_wconf 90' lang='lat' dir='ltr'>earum</span> <span class='ocrx_word' id='word_1_342' title='bbox 640 1905 731 1932; x_wconf 90' lang='lat' dir='ltr'>cum</span> <span class='ocrx_word' id='word_1_343' title='bbox 763 1892 917 1932; x_wconf 82' lang='lat' dir='ltr'>cunctis</span> <span class='ocrx_word' id='word_1_344' title='bbox 948 1891 1147 1933; x_wconf 79' lang='lat' dir='ltr'>caelaturis</span> <span class='ocrx_word' id='word_1_345' title='bbox 1177 1891 1258 1932; x_wconf 88' lang='lat' dir='ltr'>suis</span> <span class='ocrx_word' id='word_1_346' title='bbox 1289 1897 1497 1945; x_wconf 86' lang='lat' dir='ltr'>argentea:</span> <span class='ocrx_word' id='word_1_347' title='bbox 1529 1892 1598 1932; x_wconf 87' lang='lat' dir='ltr'>sed</span> <span class='ocrx_word' id='word_1_348' title='bbox 1628 1896 1668 1932; x_wconf 87' lang='lat' dir='ltr'>et</span> <span class='ocrx_word' id='word_1_349' title='bbox 1698 1892 1803 1945; x_wconf 88' lang='lat' dir='ltr'>ipsas</span> <span class='ocrx_word' id='word_1_350' title='bbox 1834 1892 2041 1933; x_wconf 85' lang='lat' dir='ltr'>columnas</span> 
     </span>
     <span class='ocr_line' id='line_1_31' title="bbox 138 1950 2041 2004; baseline 0 -14"><span class='ocrx_word' id='word_1_351' title='bbox 138 1950 230 1990; x_wconf 86' lang='lat' dir='ltr'>atrii</span> <span class='ocrx_word' id='word_1_352' title='bbox 261 1951 429 1991; x_wconf 74' lang='lat' dir='ltr'>vestivit</span> <span class='ocrx_word' id='word_1_353' title='bbox 461 1957 639 2004; x_wconf 85' lang='lat' dir='ltr'>argento.</span> <span class='ocrx_word' id='word_1_354' title='bbox 700 1953 733 1974; x_wconf 63' lang='lat'>¹⁸</span> <span class='ocrx_word' id='word_1_355' title='bbox 763 1951 817 1991; x_wconf 86' lang='lat' dir='ltr'>Et</span> <span class='ocrx_word' id='word_1_356' title='bbox 850 1951 889 1991; x_wconf 93' lang='lat' dir='ltr'>in</span> <span class='ocrx_word' id='word_1_357' title='bbox 923 1951 1090 1991; x_wconf 86' lang='lat' dir='ltr'>introitu</span> <span class='ocrx_word' id='word_1_358' title='bbox 1122 1950 1204 1991; x_wconf 79' lang='lat' dir='ltr'>eius</span> <span class='ocrx_word' id='word_1_359' title='bbox 1236 1963 1354 2003; x_wconf 87' lang='lat' dir='ltr'>opere</span> <span class='ocrx_word' id='word_1_360' title='bbox 1384 1950 1582 2003; x_wconf 87' lang='lat' dir='ltr'>plumario</span> <span class='ocrx_word' id='word_1_361' title='bbox 1614 1950 1709 1990; x_wconf 82' lang='lat' dir='ltr'>fecit</span> <span class='ocrx_word' id='word_1_362' title='bbox 1740 1952 1960 1991; x_wconf 85' lang='lat' dir='ltr'>tentorium</span> <span class='ocrx_word' id='word_1_363' title='bbox 1993 1964 2041 1991; x_wconf 81' lang='lat' dir='ltr'>ex</span> 
     </span>
     <span class='ocr_line' id='line_1_32' title="bbox 137 2009 2040 2063; baseline -0.001 -14"><span class='ocrx_word' id='word_1_364' title='bbox 137 2009 372 2062; x_wconf 80' lang='lat' dir='ltr'>hyacintho,</span> <span class='ocrx_word' id='word_1_365' title='bbox 409 2023 600 2063; x_wconf 84' lang='lat' dir='ltr'>purpura.</span> <span class='ocrx_word' id='word_1_366' title='bbox 638 2009 868 2051; x_wconf 78' lang='lat' dir='ltr'>vermiculo.</span> <span class='ocrx_word' id='word_1_367' title='bbox 907 2022 951 2049; x_wconf 87' lang='lat' dir='ltr'>ac</span> <span class='ocrx_word' id='word_1_368' title='bbox 989 2010 1107 2062; x_wconf 81' lang='lat' dir='ltr'>bysso</span> <span class='ocrx_word' id='word_1_369' title='bbox 1142 2014 1307 2052; x_wconf 88' lang='lat' dir='ltr'>retorta.</span> <span class='ocrx_word' id='word_1_370' title='bbox 1346 2009 1454 2062; x_wconf 89' lang='lat' dir='ltr'>quod</span> <span class='ocrx_word' id='word_1_371' title='bbox 1488 2009 1668 2049; x_wconf 87' lang='lat' dir='ltr'>habebat</span> <span class='ocrx_word' id='word_1_372' title='bbox 1702 2009 1846 2062; x_wconf 87' lang='lat' dir='ltr'>viginti</span> <span class='ocrx_word' id='word_1_373' title='bbox 1882 2010 2040 2050; x_wconf 81' lang='lat' dir='ltr'>cubitos</span> 
     </span>
     <span class='ocr_line' id='line_1_33' title="bbox 136 2067 2039 2122; baseline -0.001 -14"><span class='ocrx_word' id='word_1_374' title='bbox 136 2067 177 2108; x_wconf 89' lang='lat' dir='ltr'>in</span> <span class='ocrx_word' id='word_1_375' title='bbox 215 2067 478 2122; x_wconf 72' lang='lat' dir='ltr'>longitudine,</span> <span class='ocrx_word' id='word_1_376' title='bbox 519 2068 694 2109; x_wconf 82' lang='lat' dir='ltr'>altitudo</span> <span class='ocrx_word' id='word_1_377' title='bbox 734 2081 827 2108; x_wconf 77' lang='lat' dir='ltr'>vero</span> <span class='ocrx_word' id='word_1_378' title='bbox 868 2068 1045 2121; x_wconf 89' lang='lat' dir='ltr'>quinque</span> <span class='ocrx_word' id='word_1_379' title='bbox 1084 2067 1314 2108; x_wconf 88' lang='lat' dir='ltr'>cubitorum</span> <span class='ocrx_word' id='word_1_380' title='bbox 1354 2072 1438 2107; x_wconf 89' lang='lat' dir='ltr'>erat</span> <span class='ocrx_word' id='word_1_381' title='bbox 1478 2067 1591 2107; x_wconf 83' lang='lat' dir='ltr'>iuxta</span> <span class='ocrx_word' id='word_1_382' title='bbox 1632 2080 1874 2113; x_wconf 78' lang='lat' dir='ltr'>mensuram,</span> <span class='ocrx_word' id='word_1_383' title='bbox 1916 2082 2039 2122; x_wconf 89' lang='lat' dir='ltr'>quam</span> 
     </span>
     <span class='ocr_line' id='line_1_34' title="bbox 137 2126 2038 2180; baseline 0.001 -14"><span class='ocrx_word' id='word_1_384' title='bbox 137 2132 285 2167; x_wconf 86' lang='lat' dir='ltr'>cuncta.</span> <span class='ocrx_word' id='word_1_385' title='bbox 318 2127 409 2168; x_wconf 90' lang='lat' dir='ltr'>atrii</span> <span class='ocrx_word' id='word_1_386' title='bbox 443 2127 616 2168; x_wconf 89' lang='lat' dir='ltr'>tentoria</span> <span class='ocrx_word' id='word_1_387' title='bbox 651 2127 871 2167; x_wconf 86' lang='lat' dir='ltr'>habebant.</span> <span class='ocrx_word' id='word_1_388' title='bbox 935 2128 968 2150; x_wconf 74' lang='lat'>¹⁹</span> <span class='ocrx_word' id='word_1_389' title='bbox 1001 2126 1207 2167; x_wconf 75' lang='lat' dir='ltr'>(‚¹oluin1iae</span> <span class='ocrx_word' id='word_1_390' title='bbox 1241 2132 1377 2166; x_wconf 88' lang='lat' dir='ltr'>autem</span> <span class='ocrx_word' id='word_1_391' title='bbox 1412 2126 1452 2166; x_wconf 92' lang='lat' dir='ltr'>in</span> <span class='ocrx_word' id='word_1_392' title='bbox 1487 2126 1664 2175; x_wconf 80' lang='lat' dir='ltr'>ingressu</span> <span class='ocrx_word' id='word_1_393' title='bbox 1697 2127 1806 2167; x_wconf 87' lang='lat' dir='ltr'>fuere</span> <span class='ocrx_word' id='word_1_394' title='bbox 1842 2132 2038 2180; x_wconf 85' lang='lat' dir='ltr'>quattuor</span> 
     </span>
     <span class='ocr_line' id='line_1_35' title="bbox 136 2184 2037 2239; baseline 0.001 -14"><span class='ocrx_word' id='word_1_395' title='bbox 136 2198 229 2226; x_wconf 92' lang='lat' dir='ltr'>cum</span> <span class='ocrx_word' id='word_1_396' title='bbox 260 2186 424 2227; x_wconf 88' lang='lat' dir='ltr'>basibus</span> <span class='ocrx_word' id='word_1_397' title='bbox 454 2187 584 2230; x_wconf 64' lang='lat' dir='ltr'>feneis,</span> <span class='ocrx_word' id='word_1_398' title='bbox 617 2186 833 2239; x_wconf 89' lang='lat' dir='ltr'>capitaque</span> <span class='ocrx_word' id='word_1_399' title='bbox 865 2198 1001 2226; x_wconf 86' lang='lat' dir='ltr'>earum</span> <span class='ocrx_word' id='word_1_400' title='bbox 1034 2190 1073 2226; x_wconf 86' lang='lat' dir='ltr'>et</span> <span class='ocrx_word' id='word_1_401' title='bbox 1104 2184 1304 2226; x_wconf 80' lang='lat' dir='ltr'>caelaturae</span> <span class='ocrx_word' id='word_1_402' title='bbox 1335 2191 1544 2238; x_wconf 72' lang='lat' dir='ltr'>argentete.</span> <span class='ocrx_word' id='word_1_403' title='bbox 1604 2187 1640 2209; x_wconf 72' lang='lat'>‘²⁰</span> <span class='ocrx_word' id='word_1_404' title='bbox 1668 2185 1844 2226; x_wconf 80' lang='lat' dir='ltr'>Paxillos</span> <span class='ocrx_word' id='word_1_405' title='bbox 1877 2199 2037 2239; x_wconf 86' lang='lat' dir='ltr'>quoque</span> 
     </span>
     <span class='ocr_line' id='line_1_36' title="bbox 138 2244 1146 2298; baseline 0 -14"><span class='ocrx_word' id='word_1_406' title='bbox 138 2244 388 2285; x_wconf 85' lang='lat' dir='ltr'>tabernaculi</span> <span class='ocrx_word' id='word_1_407' title='bbox 418 2251 457 2285; x_wconf 90' lang='lat' dir='ltr'>et</span> <span class='ocrx_word' id='word_1_408' title='bbox 488 2245 577 2286; x_wconf 88' lang='lat' dir='ltr'>atrii</span> <span class='ocrx_word' id='word_1_409' title='bbox 608 2258 679 2298; x_wconf 91' lang='lat' dir='ltr'>per</span> <span class='ocrx_word' id='word_1_410' title='bbox 706 2258 851 2298; x_wconf 80' lang='lat' dir='ltr'>gyrum</span> <span class='ocrx_word' id='word_1_411' title='bbox 880 2245 975 2285; x_wconf 81' lang='lat' dir='ltr'>fecit</span> <span class='ocrx_word' id='word_1_412' title='bbox 1005 2257 1146 2285; x_wconf 57' lang='lat' dir='ltr'>mneos.</span> 
     </span>
    </p>
   </div>
   <div class='ocr_carea' id='block_1_4' title="bbox 136 2331 2039 3384">
    <p class='ocr_par' dir='ltr' id='par_1_4' title="bbox 136 2331 2039 3384">
     <span class='ocr_line' id='line_1_37' title="bbox 241 2331 2033 2384; baseline -0.001 -12"><span class='ocrx_word' id='word_1_413' title='bbox 241 2334 272 2356; x_wconf 80' lang='grc'>’31</span> <span class='ocrx_word' id='word_1_414' title='bbox 297 2331 394 2373; x_wconf 80' lang='lat' dir='ltr'>Haec</span> <span class='ocrx_word' id='word_1_415' title='bbox 429 2340 525 2373; x_wconf 83' lang='lat' dir='ltr'>sunt</span> <span class='ocrx_word' id='word_1_416' title='bbox 558 2332 827 2373; x_wconf 84' lang='lat' dir='ltr'>iustrumenta</span> <span class='ocrx_word' id='word_1_417' title='bbox 853 2331 1104 2373; x_wconf 84' lang='lat' dir='ltr'>tabernaculi</span> <span class='ocrx_word' id='word_1_418' title='bbox 1128 2331 1362 2374; x_wconf 82' lang='lat' dir='ltr'>testimonii.</span> <span class='ocrx_word' id='word_1_419' title='bbox 1401 2344 1490 2384; x_wconf 78' lang='lat' dir='ltr'>quae</span> <span class='ocrx_word' id='word_1_420' title='bbox 1524 2336 1759 2372; x_wconf 84' lang='lat' dir='ltr'>emunerata</span> <span class='ocrx_word' id='word_1_421' title='bbox 1793 2339 1885 2372; x_wconf 87' lang='lat' dir='ltr'>sunt</span> <span class='ocrx_word' id='word_1_422' title='bbox 1923 2332 2033 2371; x_wconf 84' lang='lat' dir='ltr'>iuxta</span> 
     </span>
     <span class='ocr_line' id='line_1_38' title="bbox 137 2390 2035 2444; baseline -0.001 -13"><span class='ocrx_word' id='word_1_423' title='bbox 137 2396 384 2444; x_wconf 82' lang='lat' dir='ltr'>praeceptum</span> <span class='ocrx_word' id='word_1_424' title='bbox 398 2391 530 2444; x_wconf 84' lang='lat' dir='ltr'>Moysi</span> <span class='ocrx_word' id='word_1_425' title='bbox 544 2391 584 2431; x_wconf 87' lang='lat' dir='ltr'>in</span> <span class='ocrx_word' id='word_1_426' title='bbox 599 2391 832 2432; x_wconf 77' lang='lat' dir='ltr'>ceremoniis</span> <span class='ocrx_word' id='word_1_427' title='bbox 845 2391 1081 2432; x_wconf 79' lang='lat' dir='ltr'>Levitarum</span> <span class='ocrx_word' id='word_1_428' title='bbox 1096 2403 1166 2444; x_wconf 89' lang='lat' dir='ltr'>per</span> <span class='ocrx_word' id='word_1_429' title='bbox 1180 2403 1348 2430; x_wconf 90' lang='lat' dir='ltr'>manum</span> <span class='ocrx_word' id='word_1_430' title='bbox 1366 2390 1549 2430; x_wconf 83' lang='lat' dir='ltr'>[thamar</span> <span class='ocrx_word' id='word_1_431' title='bbox 1567 2390 1635 2430; x_wconf 88' lang='lat' dir='ltr'>filii</span> <span class='ocrx_word' id='word_1_432' title='bbox 1646 2390 1782 2431; x_wconf 79' lang='lat' dir='ltr'>Aaron</span> <span class='ocrx_word' id='word_1_433' title='bbox 1797 2391 2035 2430; x_wconf 82' lang='lat' dir='ltr'>sacerdotis:</span> 
     </span>
     <span class='ocr_line' id='line_1_39' title="bbox 136 2449 2037 2503; baseline -0.001 -13"><span class='ocrx_word' id='word_1_434' title='bbox 136 2452 168 2474; x_wconf 79' lang='grc'>’33</span> <span class='ocrx_word' id='word_1_435' title='bbox 200 2463 289 2503; x_wconf 82' lang='lat' dir='ltr'>quae</span> <span class='ocrx_word' id='word_1_436' title='bbox 320 2449 495 2490; x_wconf 88' lang='lat' dir='ltr'>Beseleel</span> <span class='ocrx_word' id='word_1_437' title='bbox 530 2449 630 2490; x_wconf 86' lang='lat' dir='ltr'>filius</span> <span class='ocrx_word' id='word_1_438' title='bbox 663 2450 733 2491; x_wconf 87' lang='lat' dir='ltr'>Uri</span> <span class='ocrx_word' id='word_1_439' title='bbox 768 2450 836 2490; x_wconf 85' lang='lat' dir='ltr'>filii</span> <span class='ocrx_word' id='word_1_440' title='bbox 868 2450 957 2490; x_wconf 89' lang='lat' dir='ltr'>Hur</span> <span class='ocrx_word' id='word_1_441' title='bbox 987 2450 1035 2490; x_wconf 89' lang='lat' dir='ltr'>de</span> <span class='ocrx_word' id='word_1_442' title='bbox 1066 2449 1175 2490; x_wconf 89' lang='lat' dir='ltr'>tribu</span> <span class='ocrx_word' id='word_1_443' title='bbox 1209 2449 1322 2493; x_wconf 84' lang='lat' dir='ltr'>luda,</span> <span class='ocrx_word' id='word_1_444' title='bbox 1356 2449 1531 2490; x_wconf 90' lang='lat' dir='ltr'>Domino</span> <span class='ocrx_word' id='word_1_445' title='bbox 1564 2462 1633 2502; x_wconf 89' lang='lat' dir='ltr'>per</span> <span class='ocrx_word' id='word_1_446' title='bbox 1663 2449 1830 2502; x_wconf 80' lang='lat' dir='ltr'>Moysen</span> <span class='ocrx_word' id='word_1_447' title='bbox 1862 2449 2037 2496; x_wconf 75' lang='lat' dir='ltr'>iubente,</span> 
     </span>
     <span class='ocr_line' id='line_1_40' title="bbox 137 2507 2038 2562; baseline 0 -14"><span class='ocrx_word' id='word_1_448' title='bbox 137 2508 422 2562; x_wconf 85' lang='lat' dir='ltr'>compleverat.</span> <span class='ocrx_word' id='word_1_449' title='bbox 482 2512 514 2533; x_wconf 73' lang='lat'>²³³</span> <span class='ocrx_word' id='word_1_450' title='bbox 544 2509 680 2549; x_wconf 89' lang='lat' dir='ltr'>iuncto</span> <span class='ocrx_word' id='word_1_451' title='bbox 711 2509 785 2549; x_wconf 85' lang='lat' dir='ltr'>sibi</span> <span class='ocrx_word' id='word_1_452' title='bbox 816 2509 921 2549; x_wconf 83' lang='lat' dir='ltr'>socio</span> <span class='ocrx_word' id='word_1_453' title='bbox 953 2508 1096 2549; x_wconf 89' lang='lat' dir='ltr'>Ooliab</span> <span class='ocrx_word' id='word_1_454' title='bbox 1130 2507 1210 2548; x_wconf 83' lang='lat' dir='ltr'>fflio</span> <span class='ocrx_word' id='word_1_455' title='bbox 1240 2508 1507 2548; x_wconf 81' lang='lat' dir='ltr'>Achisamech</span> <span class='ocrx_word' id='word_1_456' title='bbox 1537 2508 1586 2548; x_wconf 91' lang='lat' dir='ltr'>de</span> <span class='ocrx_word' id='word_1_457' title='bbox 1618 2508 1724 2548; x_wconf 89' lang='lat' dir='ltr'>tribu</span> <span class='ocrx_word' id='word_1_458' title='bbox 1756 2508 1866 2548; x_wconf 88' lang='lat' dir='ltr'>Dan:</span> <span class='ocrx_word' id='word_1_459' title='bbox 1900 2508 1967 2561; x_wconf 88' lang='lat' dir='ltr'>qui</span> <span class='ocrx_word' id='word_1_460' title='bbox 1998 2512 2038 2548; x_wconf 77' lang='lat' dir='ltr'>et</span> 
     </span>
     <span class='ocr_line' id='line_1_41' title="bbox 137 2566 2034 2621; baseline 0.001 -14"><span class='ocrx_word' id='word_1_461' title='bbox 137 2568 221 2620; x_wconf 90' lang='lat' dir='ltr'>ipse</span> <span class='ocrx_word' id='word_1_462' title='bbox 245 2567 392 2608; x_wconf 80' lang='lat' dir='ltr'>artifex</span> <span class='ocrx_word' id='word_1_463' title='bbox 416 2567 615 2621; x_wconf 88' lang='lat' dir='ltr'>lignorum</span> <span class='ocrx_word' id='word_1_464' title='bbox 640 2568 818 2621; x_wconf 85' lang='lat' dir='ltr'>egregius</span> <span class='ocrx_word' id='word_1_465' title='bbox 842 2568 932 2611; x_wconf 82' lang='lat' dir='ltr'>fuit.</span> <span class='ocrx_word' id='word_1_466' title='bbox 960 2574 999 2608; x_wconf 87' lang='lat' dir='ltr'>et</span> <span class='ocrx_word' id='word_1_467' title='bbox 1024 2566 1306 2621; x_wconf 83' lang='lat' dir='ltr'>polymitarius</span> <span class='ocrx_word' id='word_1_468' title='bbox 1332 2572 1455 2620; x_wconf 85' lang='lat' dir='ltr'>atque</span> <span class='ocrx_word' id='word_1_469' title='bbox 1480 2566 1702 2619; x_wconf 84' lang='lat' dir='ltr'>plumarius</span> <span class='ocrx_word' id='word_1_470' title='bbox 1727 2580 1776 2607; x_wconf 80' lang='lat' dir='ltr'>ex</span> <span class='ocrx_word' id='word_1_471' title='bbox 1803 2567 2034 2620; x_wconf 86' lang='lat' dir='ltr'>hyacintho.</span> 
     </span>
     <span class='ocr_line' id='line_1_42' title="bbox 140 2625 2038 2680; baseline -0.001 -14"><span class='ocrx_word' id='word_1_472' title='bbox 140 2639 328 2679; x_wconf 75' lang='lat' dir='ltr'>purpura,</span> <span class='ocrx_word' id='word_1_473' title='bbox 356 2626 586 2670; x_wconf 74' lang='lat' dir='ltr'>vermiculo.</span> <span class='ocrx_word' id='word_1_474' title='bbox 616 2632 655 2667; x_wconf 84' lang='lat' dir='ltr'>et</span> <span class='ocrx_word' id='word_1_475' title='bbox 684 2627 814 2680; x_wconf 82' lang='lat' dir='ltr'>bysso.</span> <span class='ocrx_word' id='word_1_476' title='bbox 860 2628 891 2651; x_wconf 73' lang='lat'>²⁴</span> <span class='ocrx_word' id='word_1_477' title='bbox 909 2626 1038 2666; x_wconf 79' lang='lat' dir='ltr'>Omne</span> <span class='ocrx_word' id='word_1_478' title='bbox 1065 2639 1209 2666; x_wconf 89' lang='lat' dir='ltr'>aurum</span> <span class='ocrx_word' id='word_1_479' title='bbox 1237 2626 1345 2679; x_wconf 90' lang='lat' dir='ltr'>quod</span> <span class='ocrx_word' id='word_1_480' title='bbox 1371 2638 1592 2678; x_wconf 81' lang='lat' dir='ltr'>expensum</span> <span class='ocrx_word' id='word_1_481' title='bbox 1619 2632 1679 2666; x_wconf 69' lang='lat' dir='ltr'>e=t</span> <span class='ocrx_word' id='word_1_482' title='bbox 1707 2625 1746 2665; x_wconf 93' lang='lat' dir='ltr'>in</span> <span class='ocrx_word' id='word_1_483' title='bbox 1776 2638 1893 2679; x_wconf 89' lang='lat' dir='ltr'>opere</span> <span class='ocrx_word' id='word_1_484' title='bbox 1917 2626 2038 2665; x_wconf 69' lang='lat' dir='ltr'>Sanc-</span> 
     </span>
     <span class='ocr_line' id='line_1_43' title="bbox 137 2683 2037 2738; baseline -0.001 -13"><span class='ocrx_word' id='word_1_485' title='bbox 137 2685 270 2731; x_wconf 78' lang='lat' dir='ltr'>tuarii,</span> <span class='ocrx_word' id='word_1_486' title='bbox 303 2690 344 2725; x_wconf 85' lang='lat' dir='ltr'>et</span> <span class='ocrx_word' id='word_1_487' title='bbox 362 2685 470 2738; x_wconf 85' lang='lat' dir='ltr'>quod</span> <span class='ocrx_word' id='word_1_488' title='bbox 488 2685 672 2726; x_wconf 87' lang='lat' dir='ltr'>oblatum</span> <span class='ocrx_word' id='word_1_489' title='bbox 690 2691 749 2726; x_wconf 87' lang='lat' dir='ltr'>est</span> <span class='ocrx_word' id='word_1_490' title='bbox 768 2686 808 2726; x_wconf 94' lang='lat' dir='ltr'>in</span> <span class='ocrx_word' id='word_1_491' title='bbox 827 2685 1013 2728; x_wconf 83' lang='lat' dir='ltr'>donariis.</span> <span class='ocrx_word' id='word_1_492' title='bbox 1046 2685 1190 2738; x_wconf 79' lang='lat' dir='ltr'>viginti</span> <span class='ocrx_word' id='word_1_493' title='bbox 1208 2697 1355 2725; x_wconf 80' lang='lat' dir='ltr'>novem</span> <span class='ocrx_word' id='word_1_494' title='bbox 1374 2683 1622 2725; x_wconf 82' lang='lat' dir='ltr'>talentorum</span> <span class='ocrx_word' id='word_1_495' title='bbox 1639 2684 1728 2726; x_wconf 80' lang='lat' dir='ltr'>fuit.</span> <span class='ocrx_word' id='word_1_496' title='bbox 1752 2690 1792 2724; x_wconf 90' lang='lat' dir='ltr'>et</span> <span class='ocrx_word' id='word_1_497' title='bbox 1810 2684 2037 2737; x_wconf 82' lang='lat' dir='ltr'>septingen-</span> 
     </span>
     <span class='ocr_line' id='line_1_44' title="bbox 138 2742 2038 2797; baseline -0.002 -13"><span class='ocrx_word' id='word_1_498' title='bbox 138 2748 272 2784; x_wconf 88' lang='lat' dir='ltr'>torum</span> <span class='ocrx_word' id='word_1_499' title='bbox 302 2744 471 2797; x_wconf 82' lang='lat' dir='ltr'>triginta</span> <span class='ocrx_word' id='word_1_500' title='bbox 498 2743 685 2785; x_wconf 86' lang='lat' dir='ltr'>siclorum</span> <span class='ocrx_word' id='word_1_501' title='bbox 715 2744 767 2784; x_wconf 88' lang='lat' dir='ltr'>ad</span> <span class='ocrx_word' id='word_1_502' title='bbox 796 2756 1026 2785; x_wconf 89' lang='lat' dir='ltr'>mensuram</span> <span class='ocrx_word' id='word_1_503' title='bbox 1055 2743 1295 2784; x_wconf 83' lang='lat' dir='ltr'>Sanctuarii.</span> <span class='ocrx_word' id='word_1_504' title='bbox 1354 2745 1385 2767; x_wconf 80' lang='lat'>&#39;-&#39;·&#39;’</span> <span class='ocrx_word' id='word_1_505' title='bbox 1414 2742 1610 2784; x_wconf 88' lang='lat' dir='ltr'>Oblatum</span> <span class='ocrx_word' id='word_1_506' title='bbox 1640 2748 1700 2783; x_wconf 90' lang='lat' dir='ltr'>est</span> <span class='ocrx_word' id='word_1_507' title='bbox 1729 2748 1866 2783; x_wconf 88' lang='lat' dir='ltr'>autem</span> <span class='ocrx_word' id='word_1_508' title='bbox 1897 2743 1947 2783; x_wconf 86' lang='lat' dir='ltr'>ab</span> <span class='ocrx_word' id='word_1_509' title='bbox 1977 2742 2038 2782; x_wconf 75' lang='lat' dir='ltr'>his</span> 
     </span>
     <span class='ocr_line' id='line_1_45' title="bbox 139 2800 2036 2855; baseline 0 -13"><span class='ocrx_word' id='word_1_510' title='bbox 139 2802 208 2855; x_wconf 91' lang='lat' dir='ltr'>qui</span> <span class='ocrx_word' id='word_1_511' title='bbox 231 2802 479 2843; x_wconf 87' lang='lat' dir='ltr'>transierunt</span> <span class='ocrx_word' id='word_1_512' title='bbox 504 2803 555 2844; x_wconf 89' lang='lat' dir='ltr'>ad</span> <span class='ocrx_word' id='word_1_513' title='bbox 580 2816 793 2843; x_wconf 87' lang='lat' dir='ltr'>numerum</span> <span class='ocrx_word' id='word_1_514' title='bbox 817 2816 842 2843; x_wconf 91' lang='lat' dir='ltr'>a</span> <span class='ocrx_word' id='word_1_515' title='bbox 864 2803 1009 2853; x_wconf 68' lang='lat' dir='ltr'>viginti</span> <span class='ocrx_word' id='word_1_516' title='bbox 1034 2802 1148 2842; x_wconf 87' lang='lat' dir='ltr'>annis</span> <span class='ocrx_word' id='word_1_517' title='bbox 1174 2808 1213 2842; x_wconf 88' lang='lat' dir='ltr'>et</span> <span class='ocrx_word' id='word_1_518' title='bbox 1238 2814 1370 2855; x_wconf 81' lang='lat' dir='ltr'>supra.</span> <span class='ocrx_word' id='word_1_519' title='bbox 1398 2801 1447 2842; x_wconf 87' lang='lat' dir='ltr'>de</span> <span class='ocrx_word' id='word_1_520' title='bbox 1471 2801 1669 2842; x_wconf 80' lang='lat' dir='ltr'>sexcentis</span> <span class='ocrx_word' id='word_1_521' title='bbox 1695 2801 1823 2841; x_wconf 86' lang='lat' dir='ltr'>tribus</span> <span class='ocrx_word' id='word_1_522' title='bbox 1849 2800 2036 2842; x_wconf 84' lang='lat' dir='ltr'>millibus.</span> 
     </span>
     <span class='ocr_line' id='line_1_46' title="bbox 138 2859 2039 2915; baseline -0.001 -13"><span class='ocrx_word' id='word_1_523' title='bbox 138 2869 179 2902; x_wconf 86' lang='lat' dir='ltr'>et.</span> <span class='ocrx_word' id='word_1_524' title='bbox 216 2861 445 2915; x_wconf 82' lang='lat' dir='ltr'>quingentis</span> <span class='ocrx_word' id='word_1_525' title='bbox 484 2862 791 2915; x_wconf 76' lang='lat' dir='ltr'>quinquaginta.</span> <span class='ocrx_word' id='word_1_526' title='bbox 832 2867 1094 2902; x_wconf 75' lang='lat' dir='ltr'>armatorum.</span> <span class='ocrx_word' id='word_1_527' title='bbox 1161 2863 1195 2884; x_wconf 70' lang='lat'>&#39;³⁶</span> <span class='ocrx_word' id='word_1_528' title='bbox 1232 2860 1415 2901; x_wconf 87' lang='lat' dir='ltr'>Fuerunt</span> <span class='ocrx_word' id='word_1_529' title='bbox 1451 2866 1644 2913; x_wconf 83' lang='lat' dir='ltr'>praeterea</span> <span class='ocrx_word' id='word_1_530' title='bbox 1682 2868 1845 2900; x_wconf 88' lang='lat' dir='ltr'>centum</span> <span class='ocrx_word' id='word_1_531' title='bbox 1884 2859 2039 2900; x_wconf 86' lang='lat' dir='ltr'>talenta</span> 
     </span>
     <span class='ocr_line' id='line_1_47' title="bbox 139 2918 2035 2973; baseline -0.001 -13"><span class='ocrx_word' id='word_1_532' title='bbox 139 2920 305 2973; x_wconf 76' lang='lat' dir='ltr'>argenti,</span> <span class='ocrx_word' id='word_1_533' title='bbox 337 2934 357 2961; x_wconf 90' lang='lat' dir='ltr'>e</span> <span class='ocrx_word' id='word_1_534' title='bbox 388 2920 533 2973; x_wconf 82' lang='lat' dir='ltr'>quibus</span> <span class='ocrx_word' id='word_1_535' title='bbox 564 2920 751 2961; x_wconf 81' lang='lat' dir='ltr'>conflatae</span> <span class='ocrx_word' id='word_1_536' title='bbox 780 2926 875 2961; x_wconf 88' lang='lat' dir='ltr'>sunt</span> <span class='ocrx_word' id='word_1_537' title='bbox 906 2921 1019 2961; x_wconf 86' lang='lat' dir='ltr'>bases</span> <span class='ocrx_word' id='word_1_538' title='bbox 1049 2919 1289 2964; x_wconf 82' lang='lat' dir='ltr'>Sanctuarii.</span> <span class='ocrx_word' id='word_1_539' title='bbox 1321 2925 1362 2959; x_wconf 88' lang='lat' dir='ltr'>et</span> <span class='ocrx_word' id='word_1_540' title='bbox 1391 2919 1580 2960; x_wconf 85' lang='lat' dir='ltr'>introitus</span> <span class='ocrx_word' id='word_1_541' title='bbox 1612 2919 1679 2959; x_wconf 89' lang='lat' dir='ltr'>ubi</span> <span class='ocrx_word' id='word_1_542' title='bbox 1710 2918 1845 2959; x_wconf 89' lang='lat' dir='ltr'>velum</span> <span class='ocrx_word' id='word_1_543' title='bbox 1874 2919 2035 2972; x_wconf 87' lang='lat' dir='ltr'>pendet.</span> 
     </span>
     <span class='ocr_line' id='line_1_48' title="bbox 138 2977 2038 3031; baseline -0.001 -13"><span class='ocrx_word' id='word_1_544' title='bbox 138 2980 172 3002; x_wconf 74' lang='lat'>2⁷</span> <span class='ocrx_word' id='word_1_545' title='bbox 196 2978 369 3019; x_wconf 86' lang='lat' dir='ltr'>Centum</span> <span class='ocrx_word' id='word_1_546' title='bbox 394 2979 507 3019; x_wconf 87' lang='lat' dir='ltr'>bases</span> <span class='ocrx_word' id='word_1_547' title='bbox 530 2979 650 3020; x_wconf 81' lang='lat' dir='ltr'>factae</span> <span class='ocrx_word' id='word_1_548' title='bbox 674 2984 769 3019; x_wconf 81' lang='lat' dir='ltr'>sunt</span> <span class='ocrx_word' id='word_1_549' title='bbox 792 2979 841 3019; x_wconf 86' lang='lat' dir='ltr'>de</span> <span class='ocrx_word' id='word_1_550' title='bbox 864 2978 1028 3019; x_wconf 87' lang='lat' dir='ltr'>talentis</span> <span class='ocrx_word' id='word_1_551' title='bbox 1053 2985 1228 3023; x_wconf 84' lang='lat' dir='ltr'>centum.</span> <span class='ocrx_word' id='word_1_552' title='bbox 1255 2977 1419 3031; x_wconf 86' lang='lat' dir='ltr'>singulis</span> <span class='ocrx_word' id='word_1_553' title='bbox 1444 2977 1606 3018; x_wconf 84' lang='lat' dir='ltr'>talentis</span> <span class='ocrx_word' id='word_1_554' title='bbox 1631 2990 1701 3030; x_wconf 88' lang='lat' dir='ltr'>per</span> <span class='ocrx_word' id='word_1_555' title='bbox 1725 2977 1838 3018; x_wconf 87' lang='lat' dir='ltr'>bases</span> <span class='ocrx_word' id='word_1_556' title='bbox 1862 2977 2038 3031; x_wconf 84' lang='lat' dir='ltr'>singulas</span> 
     </span>
     <span class='ocr_line' id='line_1_49' title="bbox 139 3036 2035 3091; baseline -0.001 -14"><span class='ocrx_word' id='word_1_557' title='bbox 139 3037 384 3090; x_wconf 87' lang='lat' dir='ltr'>supputatis.</span> <span class='ocrx_word' id='word_1_558' title='bbox 443 3040 477 3061; x_wconf 68' lang='lat'>&#39;2⁸</span> <span class='ocrx_word' id='word_1_559' title='bbox 506 3038 567 3078; x_wconf 82' lang='lat' dir='ltr'>De</span> <span class='ocrx_word' id='word_1_560' title='bbox 597 3037 703 3078; x_wconf 89' lang='lat' dir='ltr'>mille</span> <span class='ocrx_word' id='word_1_561' title='bbox 734 3043 871 3079; x_wconf 87' lang='lat' dir='ltr'>autem</span> <span class='ocrx_word' id='word_1_562' title='bbox 901 3037 1178 3091; x_wconf 81' lang='lat' dir='ltr'>septingentis,</span> <span class='ocrx_word' id='word_1_563' title='bbox 1211 3042 1251 3077; x_wconf 86' lang='lat' dir='ltr'>et</span> <span class='ocrx_word' id='word_1_564' title='bbox 1281 3037 1539 3089; x_wconf 87' lang='lat' dir='ltr'>septuaginta</span> <span class='ocrx_word' id='word_1_565' title='bbox 1571 3036 1748 3089; x_wconf 87' lang='lat' dir='ltr'>quinque</span> <span class='ocrx_word' id='word_1_566' title='bbox 1778 3036 1873 3077; x_wconf 83' lang='lat' dir='ltr'>fecit</span> <span class='ocrx_word' id='word_1_567' title='bbox 1904 3036 2035 3089; x_wconf 84' lang='lat' dir='ltr'>capita</span> 
     </span>
     <span class='ocr_line' id='line_1_50' title="bbox 138 3094 2037 3150; baseline -0.001 -14"><span class='ocrx_word' id='word_1_568' title='bbox 138 3095 430 3144; x_wconf 73' lang='lat' dir='ltr'>columnarum,</span> <span class='ocrx_word' id='word_1_569' title='bbox 461 3110 560 3149; x_wconf 86' lang='lat' dir='ltr'>quas</span> <span class='ocrx_word' id='word_1_570' title='bbox 588 3102 627 3137; x_wconf 89' lang='lat' dir='ltr'>et</span> <span class='ocrx_word' id='word_1_571' title='bbox 654 3097 760 3150; x_wconf 87' lang='lat' dir='ltr'>ipsas</span> <span class='ocrx_word' id='word_1_572' title='bbox 788 3097 955 3137; x_wconf 80' lang='lat' dir='ltr'>vestivit</span> <span class='ocrx_word' id='word_1_573' title='bbox 982 3102 1160 3149; x_wconf 79' lang='lat' dir='ltr'>argento.</span> <span class='ocrx_word' id='word_1_574' title='bbox 1217 3097 1250 3119; x_wconf 75' lang='lat'>²⁹</span> <span class='ocrx_word' id='word_1_575' title='bbox 1277 3095 1381 3136; x_wconf 72' lang='lat' dir='ltr'>AEris</span> <span class='ocrx_word' id='word_1_576' title='bbox 1409 3108 1569 3148; x_wconf 86' lang='lat' dir='ltr'>quoque</span> <span class='ocrx_word' id='word_1_577' title='bbox 1597 3095 1732 3135; x_wconf 84' lang='lat' dir='ltr'>oblata</span> <span class='ocrx_word' id='word_1_578' title='bbox 1761 3101 1856 3135; x_wconf 91' lang='lat' dir='ltr'>sunt</span> <span class='ocrx_word' id='word_1_579' title='bbox 1884 3094 2037 3135; x_wconf 89' lang='lat' dir='ltr'>talenta</span> 
     </span>
     <span class='ocr_line' id='line_1_51' title="bbox 140 3153 2038 3209; baseline -0.003 -14"><span class='ocrx_word' id='word_1_580' title='bbox 140 3155 399 3208; x_wconf 87' lang='lat' dir='ltr'>septuaginta</span> <span class='ocrx_word' id='word_1_581' title='bbox 426 3155 506 3195; x_wconf 88' lang='lat' dir='ltr'>duo</span> <span class='ocrx_word' id='word_1_582' title='bbox 532 3155 668 3203; x_wconf 81' lang='lat' dir='ltr'>millia,</span> <span class='ocrx_word' id='word_1_583' title='bbox 697 3160 738 3196; x_wconf 89' lang='lat' dir='ltr'>et</span> <span class='ocrx_word' id='word_1_584' title='bbox 764 3155 1047 3209; x_wconf 87' lang='lat' dir='ltr'>quadringenti</span> <span class='ocrx_word' id='word_1_585' title='bbox 1075 3167 1194 3207; x_wconf 87' lang='lat' dir='ltr'>supra</span> <span class='ocrx_word' id='word_1_586' title='bbox 1222 3153 1316 3197; x_wconf 78' lang='lat' dir='ltr'>sicli.</span> <span class='ocrx_word' id='word_1_587' title='bbox 1371 3156 1407 3178; x_wconf 74' lang='lat'>3⁰</span> <span class='ocrx_word' id='word_1_588' title='bbox 1432 3167 1481 3194; x_wconf 79' lang='lat' dir='ltr'>ex</span> <span class='ocrx_word' id='word_1_589' title='bbox 1507 3154 1652 3206; x_wconf 87' lang='lat' dir='ltr'>quibus</span> <span class='ocrx_word' id='word_1_590' title='bbox 1678 3154 1777 3194; x_wconf 72' lang='lat' dir='ltr'>fusae</span> <span class='ocrx_word' id='word_1_591' title='bbox 1803 3160 1897 3194; x_wconf 83' lang='lat' dir='ltr'>sunt</span> <span class='ocrx_word' id='word_1_592' title='bbox 1926 3154 2038 3193; x_wconf 81' lang='lat' dir='ltr'>bases</span> 
     </span>
     <span class='ocr_line' id='line_1_52' title="bbox 139 3212 2038 3264; baseline -0.002 -11"><span class='ocrx_word' id='word_1_593' title='bbox 139 3213 181 3253; x_wconf 92' lang='lat' dir='ltr'>in</span> <span class='ocrx_word' id='word_1_594' title='bbox 209 3213 379 3254; x_wconf 90' lang='lat' dir='ltr'>introitu</span> <span class='ocrx_word' id='word_1_595' title='bbox 409 3213 659 3254; x_wconf 83' lang='lat' dir='ltr'>tabernaculi</span> <span class='ocrx_word' id='word_1_596' title='bbox 688 3214 922 3257; x_wconf 89' lang='lat' dir='ltr'>testimonii.</span> <span class='ocrx_word' id='word_1_597' title='bbox 955 3218 994 3254; x_wconf 91' lang='lat' dir='ltr'>et</span> <span class='ocrx_word' id='word_1_598' title='bbox 1024 3213 1150 3254; x_wconf 88' lang='lat' dir='ltr'>altare</span> <span class='ocrx_word' id='word_1_599' title='bbox 1179 3226 1335 3254; x_wconf 86' lang='lat' dir='ltr'>aeneum</span> <span class='ocrx_word' id='word_1_600' title='bbox 1365 3225 1456 3252; x_wconf 89' lang='lat' dir='ltr'>cum</span> <span class='ocrx_word' id='word_1_601' title='bbox 1485 3212 1676 3252; x_wconf 87' lang='lat' dir='ltr'>craticula</span> <span class='ocrx_word' id='word_1_602' title='bbox 1708 3226 1790 3256; x_wconf 75' lang='lat' dir='ltr'>sua.</span> <span class='ocrx_word' id='word_1_603' title='bbox 1823 3212 2038 3264; x_wconf 84' lang='lat' dir='ltr'>omniaque</span> 
     </span>
     <span class='ocr_line' id='line_1_53' title="bbox 141 3271 2037 3326; baseline 0 -16"><span class='ocrx_word' id='word_1_604' title='bbox 141 3285 251 3320; x_wconf 73' lang='lat' dir='ltr'>vasa,</span> <span class='ocrx_word' id='word_1_605' title='bbox 273 3285 362 3325; x_wconf 84' lang='lat' dir='ltr'>quae</span> <span class='ocrx_word' id='word_1_606' title='bbox 381 3273 432 3312; x_wconf 89' lang='lat' dir='ltr'>ad</span> <span class='ocrx_word' id='word_1_607' title='bbox 451 3285 568 3312; x_wconf 85' lang='lat' dir='ltr'>usum</span> <span class='ocrx_word' id='word_1_608' title='bbox 588 3272 670 3313; x_wconf 87' lang='lat' dir='ltr'>eius</span> <span class='ocrx_word' id='word_1_609' title='bbox 689 3273 905 3326; x_wconf 80' lang='lat' dir='ltr'>pertinent,</span> <span class='ocrx_word' id='word_1_610' title='bbox 952 3274 983 3296; x_wconf 78' lang='lat'>3¹</span> <span class='ocrx_word' id='word_1_611' title='bbox 1002 3277 1042 3313; x_wconf 89' lang='lat' dir='ltr'>et</span> <span class='ocrx_word' id='word_1_612' title='bbox 1061 3272 1175 3312; x_wconf 87' lang='lat' dir='ltr'>bases</span> <span class='ocrx_word' id='word_1_613' title='bbox 1196 3271 1287 3311; x_wconf 89' lang='lat' dir='ltr'>atrii</span> <span class='ocrx_word' id='word_1_614' title='bbox 1306 3277 1391 3311; x_wconf 87' lang='lat' dir='ltr'>tam</span> <span class='ocrx_word' id='word_1_615' title='bbox 1411 3271 1451 3310; x_wconf 90' lang='lat' dir='ltr'>in</span> <span class='ocrx_word' id='word_1_616' title='bbox 1470 3271 1639 3311; x_wconf 86' lang='lat' dir='ltr'>circuitu</span> <span class='ocrx_word' id='word_1_617' title='bbox 1660 3284 1782 3324; x_wconf 86' lang='lat' dir='ltr'>quam</span> <span class='ocrx_word' id='word_1_618' title='bbox 1800 3271 1841 3311; x_wconf 90' lang='lat' dir='ltr'>in</span> <span class='ocrx_word' id='word_1_619' title='bbox 1860 3271 2037 3324; x_wconf 75' lang='lat' dir='ltr'>ingressu</span> 
     </span>
     <span class='ocr_line' id='line_1_54' title="bbox 141 3330 1334 3384; baseline -0.001 -14"><span class='ocrx_word' id='word_1_620' title='bbox 141 3330 236 3380; x_wconf 85' lang='lat' dir='ltr'>eius,</span> <span class='ocrx_word' id='word_1_621' title='bbox 269 3336 309 3371; x_wconf 87' lang='lat' dir='ltr'>et</span> <span class='ocrx_word' id='word_1_622' title='bbox 338 3330 477 3384; x_wconf 82' lang='lat' dir='ltr'>paxilli</span> <span class='ocrx_word' id='word_1_623' title='bbox 508 3331 758 3371; x_wconf 86' lang='lat' dir='ltr'>tabernaculi</span> <span class='ocrx_word' id='word_1_624' title='bbox 789 3336 911 3384; x_wconf 90' lang='lat' dir='ltr'>atque</span> <span class='ocrx_word' id='word_1_625' title='bbox 943 3331 1046 3377; x_wconf 81' lang='lat' dir='ltr'>atrii,</span> <span class='ocrx_word' id='word_1_626' title='bbox 1078 3343 1149 3383; x_wconf 89' lang='lat' dir='ltr'>per</span> <span class='ocrx_word' id='word_1_627' title='bbox 1176 3342 1334 3383; x_wconf 88' lang='lat' dir='ltr'>gyrum.</span> 
     </span>
    </p>
   </div>
   <div class='ocr_carea' id='block_1_5' title="bbox 272 3455 991 3500">
    <p class='ocr_par' dir='ltr' id='par_1_5' title="bbox 272 3455 991 3500">
     <span class='ocr_line' id='line_1_55' title="bbox 272 3455 991 3500; baseline 0.003 -12"><span class='ocrx_word' id='word_1_628' title='bbox 272 3455 326 3497; x_wconf 79' lang='lat'>38,</span> <span class='ocrx_word' id='word_1_629' title='bbox 351 3458 368 3489; x_wconf 84' lang='lat'><em>1</em></span> <span class='ocrx_word' id='word_1_630' title='bbox 395 3457 433 3489; x_wconf 76' lang='lat' dir='ltr'>a2</span> <span class='ocrx_word' id='word_1_631' title='bbox 459 3457 524 3490; x_wconf 87' lang='lat' dir='ltr'>Par</span> <span class='ocrx_word' id='word_1_632' title='bbox 548 3458 578 3497; x_wconf 81' lang='grc'>1,</span> <span class='ocrx_word' id='word_1_633' title='bbox 602 3458 631 3491; x_wconf 80' lang='lat'>5.</span> <span class='ocrx_word' id='word_1_634' title='bbox 728 3457 747 3490; x_wconf 82' lang='lat'><em>7</em></span> <span class='ocrx_word' id='word_1_635' title='bbox 770 3456 860 3500; x_wconf 81' lang='lat' dir='ltr'>bSup</span> <span class='ocrx_word' id='word_1_636' title='bbox 885 3457 937 3497; x_wconf 73' lang='lat'>27,</span> <span class='ocrx_word' id='word_1_637' title='bbox 962 3458 991 3491; x_wconf 79' lang='lat'>8.</span> 
     </span>
    </p>
   </div>
   <div class='ocr_carea' id='block_1_6' title="bbox 2062 674 2224 769">
    <p class='ocr_par' dir='ltr' id='par_1_6' title="bbox 2062 674 2224 769">
     <span class='ocr_line' id='line_1_56' title="bbox 2114 674 2176 697; baseline 0.016 -1"><span class='ocrx_word' id='word_1_638' title='bbox 2114 674 2176 697; x_wconf 72' lang='lat' dir='ltr'>atrii</span> 
     </span>
     <span class='ocr_line' id='line_1_57' title="bbox 2062 711 2224 737; baseline 0.012 -6"><span class='ocrx_word' id='word_1_639' title='bbox 2062 714 2127 733; x_wconf 84' lang='lat' dir='ltr'>cum</span> <span class='ocrx_word' id='word_1_640' title='bbox 2140 711 2224 737; x_wconf 74' lang='lat' dir='ltr'>parti·</span> 
     </span>
     <span class='ocr_line' id='line_1_58' title="bbox 2110 743 2177 769; baseline 0.03 -2"><span class='ocrx_word' id='word_1_641' title='bbox 2110 743 2177 769; x_wconf 76' lang='lat' dir='ltr'>bus:</span> 
     </span>
    </p>
   </div>
   <div class='ocr_carea' id='block_1_7' title="bbox 2073 2338 2210 2434">
    <p class='ocr_par' dir='ltr' id='par_1_7' title="bbox 2073 2338 2210 2434">
     <span class='ocr_line' id='line_1_59' title="bbox 2086 2338 2199 2362; baseline 0.018 -2"><span class='ocrx_word' id='word_1_642' title='bbox 2086 2338 2199 2362; x_wconf 64' lang='lat' dir='ltr'>taxatio</span> 
     </span>
     <span class='ocr_line' id='line_1_60' title="bbox 2073 2378 2210 2402; baseline -0.007 -6"><span class='ocrx_word' id='word_1_643' title='bbox 2073 2378 2210 2402; x_wconf 78' lang='lat' dir='ltr'>expenso-</span> 
     </span>
     <span class='ocr_line' id='line_1_61' title="bbox 2105 2413 2181 2434; baseline 0.013 -4"><span class='ocrx_word' id='word_1_644' title='bbox 2105 2413 2181 2434; x_wconf 78' lang='lat' dir='ltr'>rum:</span> 
     </span>
    </p>
   </div>
  </div>
 </body>
</html>
