2356 3760
256 186 333 226 808
1071 180 1347 215 PROPHETIA
1882 185 1935 224 21,
1962 184 2102 224 15-22,
2130 186 2169 218 14

250 279 318 332 qui
346 278 631 331 obstupescere
658 289 724 317 003
752 275 862 319 facit,
919 276 950 298 15
977 279 1018 315 01
1045 275 1164 315 corde
1192 276 1410 323 tabescere,
1440 279 1481 315 et
1508 274 1756 328 multiplicat
1783 276 1931 318 ruinas.
1964 278 2011 319 In
2040 279 2168 319 omni-

250 338 324 378 bus
348 336 475 389 portis
499 348 638 377 eorum
663 334 754 374 dedi
779 333 1138 374 conturbationem
1160 333 1283 386 gladii
1308 333 1430 378 acuti,
1456 339 1496 373 et
1519 333 1650 374 limati
1675 334 1727 374 ad
1749 334 2001 387 fulgendum.
2028 337 2168 378 amicti

249 396 301 436 ad
328 395 491 436 caedem.
547 396 582 418 1⁶
608 393 829 434 Exacuere.
859 392 963 432 vade
991 392 1043 433 ad
1070 392 1295 437 dexteram,
1325 392 1409 433 sive
1437 392 1489 432 ad
1515 392 1734 437 sinistram,
1765 406 2026 447 quocumque
2052 396 2168 436 faciei

249 460 331 495 tuae
359 460 419 494 est
449 453 669 506 appetitus.
728 452 760 474 ¹⁷
791 450 897 498 Quin
926 456 966 491 et
994 463 1067 503 ego
1095 450 1291 503 plaudam
1320 463 1444 490 manu
1482 451 1534 491 ad
1563 464 1743 498 manum,
1775 458 1816 492 et
1853 452 2030 506 implebo
2067 454 2170 495 indi-

250 513 487 566 gnationem
517 523 650 551 meam
679 523 751 561 ego
780 509 982 549 Dominus
1011 508 1171 549 locutus
1200 522 1302 551 sum.

50 570 239 633 Sssssfflfflssssff
262 564 267 566 ⁴
360 574 391 595 ¹⁸
418 571 471 611 Et
496 571 629 609 factus
655 574 715 608 est
739 581 869 608 sermo
896 568 1061 608 Domini
1087 568 1139 608 ad
1164 581 1239 614 me,
1268 568 1422 608 dicens:
1476 570 1511 592 ¹⁹
1535 568 1590 609 Et
1616 574 1660 609 tu
1688 568 1740 608 tili
1767 568 1940 610 hominis
1965 584 2070 624 pone
2096 572 2171 612 tibi

91 626 185 671 dans,
211 631 217 636 '
253 631 354 672 duas
383 630 481 673 vias,
512 633 559 668 ut
587 627 726 667 veniat
753 626 911 679 gladius
940 627 1041 679 regis
1072 627 1313 680 Babylonis:
1344 627 1393 667 de
1422 632 1530 667 terra
1558 640 1639 667 una
1667 628 1924 677 egredientur
1951 629 2101 670 ambae:
2131 635 2172 671 et

253 702 376 729 manu
399 687 532 741 capiet
553 686 842 730 coniecturam,
866 685 905 725 in
927 686 1060 739 capite
1081 686 1157 726 viae
1177 685 1358 726 civitatis
1378 685 1576 726 coniiciet.
1626 688 1662 710 ²⁰
1682 686 1799 726 Viam
1820 700 1944 740 pones
1965 694 2011 729 ut
2032 689 2172 730 veniat

250 747 408 800 gladius
440 746 492 787 ad
524 744 721 786 Rabbath
754 744 926 785 filiorum
958 745 1148 789 Ammon,
1182 750 1222 785 et
1254 745 1305 785 ad
1339 744 1484 784 Iudam
1516 744 1555 784 in
1590 744 1807 785 Ierusalem
1840 746 2168 789 munitissimam.

249 808 279 830 2¹
315 805 441 847 Stetit
475 805 581 845 enim
615 817 686 844 rex
722 803 944 856 Babylonis
979 803 1019 843 111
1054 803 1175 847 bivio.
1212 803 1252 843 in
1287 803 1421 856 capite
1456 803 1629 843 duarum
1664 803 1836 847 viarum.
1874 804 2170 847 divinationem

252 877 446 918 quaerens.
462 863 727 905 commiscens
740 862 911 916 sagittas
924 876 930 901 :
945 862 1214 915 interrogavit
1227 861 1346 907 idola,
1362 866 1459 902 exta
1473 862 1688 903 consuluit.
1733 865 1765 887 2²
1780 863 1843 903 Ad
1860 863 2071 905 dexteram
2088 865 2172 906 eius

250 924 362 964 facta
383 929 442 964 est
464 922 664 963 divinatio
685 934 806 975 super
828 921 1047 961 Ierusalem
1068 927 1114 961 ut
1133 927 1263 974 ponat
1284 921 1441 967 arietes,
1464 926 1510 961 ut
1531 921 1688 974 aperiat
1709 935 1751 962 03
1771 922 1811 962 111
1833 923 1952 968 caede,
1975 928 2022 964 ut
2041 923 2173 965 elevet

251 995 393 1023 vocem
414 982 454 1022 in
476 981 648 1024 ululatu.
673 986 718 1020 ut
738 986 869 1033 ponat
889 980 1033 1021 arietes
1055 986 1199 1021 contra
1219 986 1370 1034 portas,
1394 985 1440 1020 ut
1462 985 1692 1033 comportet
1713 993 1910 1033 aggerem,
1934 986 1981 1022 ut
2000 982 2174 1023 aedificet

251 1041 512 1082 munitiones.
567 1042 599 1064 ²³
624 1039 796 1092 Eritque
824 1039 939 1092 quasi
966 1038 1178 1079 consulens
1204 1039 1357 1080 frustra
1383 1038 1592 1080 oraculum
1618 1039 1659 1079 in
1686 1039 1809 1080 oculis
1836 1053 1988 1085 eorum,
2016 1047 2057 1082 et
2082 1042 2173 1083 sab-

252 1101 443 1141 batorum
477 1099 607 1140 otium
640 1098 825 1138 imitans:
859 1097 944 1151 ipse
977 1103 1116 1138 autern
1148 1098 1432 1139 recordabitur
1462 1098 1693 1151 iniquitatis
1723 1099 1774 1139 ad
1807 1099 2064 1152 capiendum.

70 1161 225 1221 Ierffllpm
359 1161 391 1183 2⁴
422 1158 576 1199 Idcirco
617 1157 701 1197 haec
731 1157 829 1197 dicit
859 1157 1060 1197 Dominus
1084 1157 1214 1197 Deus:
1261 1157 1338 1198 Pro
1369 1170 1414 1198 eo
1446 1157 1556 1210 quod
1585 1157 1787 1198 recordati
1817 1158 1912 1199 estis
1941 1158 2173 1212 iniquitatis

72 1212 224 1271 regeJ1i1que
256 1224 413 1260 vestrae,
451 1223 491 1258 et
525 1215 735 1256 revelastis
769 1215 1127 1269 praevaricationes
1162 1221 1331 1265 vestras,
1369 1220 1409 1256 et
1444 1221 1724 1269 apparuerunt
1758 1222 1929 1269 peccata
1962 1223 2100 1258 vestra
2132 1218 2174 1258 in

117 1274 177 1293 ‘³¹⁰³
255 1277 444 1318 omnibus
470 1275 788 1329 cogitationibus
813 1275 977 1315 vestris:
1004 1287 1076 1328 pro
1102 1288 1160 1319 00,
1187 1274 1368 1328 inquam,
1398 1275 1508 1328 quod
1532 1275 1732 1315 recordati
1758 1275 1865 1320 estis,
1892 1289 2017 1317 manu
2043 1277 2174 1330 capie-

251 1336 361 1376 mini.
410 1337 442 1359 '25
462 1335 521 1375 Tu
542 1339 681 1375 autem
700 1334 882 1387 profane,
904 1333 1027 1387 impie
1046 1334 1131 1374 dux
1152 1333 1288 1377 Israel.
1310 1333 1423 1374 cuius
1443 1334 1557 1374 venit
1576 1333 1660 1374 dies
1680 1334 1720 1374 in
1740 1340 1923 1387 tempore
1942 1334 2173 1389 iniquitatis

251 1394 471 1447 praefinita:
534 1395 570 1417 2⁶
607 1393 703 1433 Haec
740 1393 839 1433 dicit
874 1392 1075 1433 Dominus
1110 1393 1240 1433 Deus:
1277 1393 1405 1433 Aufer
1439 1392 1620 1436 cidarim,
1659 1392 1754 1433 tolle
1790 1406 2001 1434 coronam:
2038 1407 2173 1435 nonne

251 1453 336 1494 haec
366 1459 438 1497 est,
471 1466 561 1506 quae
589 1451 785 1492 humilem
814 1451 1060 1495 sublevavit,
1092 1457 1131 1492 et
1161 1451 1377 1492 sublimem
1406 1451 1665 1492 humiliavit?
1722 1453 1756 1476 ²⁷
1788 1452 2069 1506 Iniquitatem,
2101 1454 2174 1494 ini-

252 1513 467 1566 quitatem,
494 1511 757 1565 iniquitatem
782 1524 933 1564 ponam
959 1524 1068 1551 eam:
1095 1516 1135 1551 et
1160 1511 1236 1551 hoc
1261 1524 1342 1552 non
1367 1511 1524 1551 factum
1550 1516 1615 1551 est
1640 1511 1768 1551 donec
1794 1511 1950 1552 veniret
1975 1512 2088 1552 cuius
2112 1518 2174 1553 est

253 1571 460 1616 iudicium,
493 1576 534 1611 et
564 1570 727 1611 tradam
758 1570 803 1610 ei.

44 1627 240 1689 eglgssfficsggffi‘
360 1632 395 1654 '2ss
412 1630 467 1670 Et
486 1635 531 1670 tu
550 1629 605 1669 fili
623 1629 797 1669 hominis
815 1628 1029 1682 propheta,
1050 1634 1090 1669 et
1108 1628 1190 1669 dic:
1211 1628 1309 1669 Haec
1327 1628 1425 1669 dicit
1443 1628 1644 1669 Dominus
1662 1629 1773 1669 Deus
1792 1629 1843 1669 ad
1862 1628 1962 1670 filios
1980 1630 2170 1678 Ammon,

237 1684 295 1729 'et
318 1689 369 1730 ad
393 1688 658 1742 opprobrium
682 1700 834 1735 eorum,
860 1693 901 1728 et
923 1687 1048 1727 dices:
1073 1687 1226 1735 Mucro,
1251 1700 1390 1728 mucro
1414 1687 1630 1741 evaginate
1654 1688 1706 1728 ad
1728 1688 2008 1737 occidendum,
2032 1688 2173 1729 limate

252 1754 299 1788 ut
324 1747 556 1792 interficias,
585 1752 625 1787 et
650 1745 817 1799 fulgeas,
872 1747 908 1770 ²⁹
933 1759 1025 1787 cum
1053 1746 1127 1787 tibi
1153 1746 1392 1787 viderentur
1416 1758 1536 1790 vana,
1565 1752 1605 1787 et
1631 1746 1915 1788 divinarentur
1939 1748 2172 1788 mendacia:

252 1812 299 1848 ut
335 1807 486 1847 dareris
522 1819 643 1859 super
679 1805 781 1846 colla
817 1805 1125 1846 vulneratorum
1163 1805 1393 1859 impiorum,
1434 1818 1606 1858 quorum
1644 1806 1758 1846 venit
1793 1806 1877 1846 dies
1913 1806 1954 1846 in
1990 1811 2174 1860 tempore

252 1865 483 1919 iniquitatis
513 1865 726 1918 praefinita.
784 1866 821 1889 3⁰
851 1865 1071 1905 Revertere
1100 1865 1153 1905 ad
1181 1864 1374 1917 vaginam
1403 1869 1520 1904 tuam
1549 1864 1589 1904 in
1618 1864 1717 1913 loco,
1749 1865 1790 1905 in
1820 1878 1899 1918 quo
1930 1870 2089 1906 creatus
2119 1878 2171 1914 03,

251 1925 292 1965 111
315 1932 423 1965 terra
444 1924 677 1965 nativitatis
700 1930 782 1964 tuae
802 1923 992 1964 iudicabo
1016 1929 1067 1967 te,
1118 1925 1150 1948 31
1172 1929 1213 1964 01
1235 1923 1445 1964 effundam
1467 1936 1589 1976 super
1609 1928 1649 1963 te
1671 1923 1996 1977 indignationem
2018 1937 2171 1965 meam:

251 1984 292 2024 111
317 1984 408 2037 igne
432 1983 578 2024 furoris
604 1983 682 2023 mei
708 1982 882 2023 suffia-bo
908 1982 949 2022 in
975 1987 1026 2031 10,
1054 1983 1245 2036 daboque
1270 1989 1310 2023 te
1336 1983 1376 2023 in
1402 1995 1548 2023 manus
1573 1982 1787 2023 hominum
1811 1983 2105 2036 insipientium.
2133 1988 2173 2024 ct

250 2042 543 2083 fabricantium
561 2042 786 2083 interitum.
832 2043 865 2066 3²
885 2041 973 2095 Igni
990 2041 1065 2082 eris
1084 2041 1208 2085 cibus.
1229 2041 1392 2095 sanguis
1411 2046 1507 2082 tuus
1525 2041 1600 2082 erit
1617 2041 1658 2081 in
1676 2041 1809 2082 medio
1828 2047 1956 2086 terrae,
1977 2041 2173 2083 oblivioni

252 2102 443 2143 traderis:
475 2101 571 2155 quia·
599 2114 670 2155 ego
700 2101 901 2142 Dominus
929 2100 1091 2142 locutus
1120 2114 1222 2142 sum.

399 2206 464 2246 13.
495 2205 743 2256 corruptio
775 2206 1031 2245 communis
1063 2204 1449 2254 lerosolymorum
1482 2205 1771 2256 describitur,
1799 2207 1866 2256 22,
1885 2206 2032 2246 1-31.

55 2281 163 2306 Civitas
176 2288 239 2305 ⁵³11·
358 2276 422 2319 22.
480 2279 491 2300 1
513 2276 567 2316 Ε1
586 2276 743 2316 factum
764 2281 824 2315 est
845 2275 1017 2315 verbum
1035 2275 1203 2315 Domini
1223 2275 1275 2316 ad
1294 2288 1370 2323 1110,
1393 2275 1548 2315 dicens:
1596 2277 1610 2299 2
1630 2275 1685 2316 Et
1705 2281 1750 2316 tu
1770 2275 1825 2316 fili
1844 2276 2019 2317 hominis
2038 2289 2174 2318 nonne

62 2319 229 2378 giffiiffirfit
254 2336 419 2379 iudicas,
442 2348 577 2376 nonne
598 2335 752 2375 iudicas
773 2334 986 2375 civitatem
1006 2334 1277 2387 sanguinum?
1325 2336 1340 2358 3
1360 2340 1401 2374 et
1421 2335 1610 2375 ostendes
1631 2335 1665 2375 ei
1686 2348 1825 2375 omnes
1847 2335 2173 2376 abominationes

252 2408 356 2438 suas.
390 2400 430 2435 et
461 2395 586 2434 dices:
621 2393 718 2434 Haec
749 2393 847 2434 dicit
877 2393 1078 2434 Dominus
1109 2393 1238 2434 Deus:
1271 2393 1425 2434 Civitas
1456 2393 1668 2434 effundens
1699 2394 1938 2447 sanguinem
1967 2394 2009 2434 in
2038 2394 2172 2435 medio

250 2454 311 2495 sui
342 2460 386 2494 ut
417 2453 557 2494 veniat
587 2458 749 2506 tempus
780 2452 883 2492 eius:
915 2458 955 2493 et
986 2465 1075 2505 quae
1104 2452 1201 2493 fecit
1230 2451 1339 2493 idola
1369 2458 1513 2493 contra
1541 2452 1804 2506 semetipsam
1834 2459 1880 2493 ut
1910 2452 2170 2506 pollueretur.

250 2515 264 2537 4
285 2514 332 2553 111
351 2513 547 2565 sanguine
566 2518 650 2556 tuo,
673 2511 743 2565 qui
763 2525 785 2551 a
805 2518 844 2552 te
863 2511 1014 2552 effusus
1034 2516 1106 2556 est,
1128 2511 1354 2564 deliquisti:
1375 2517 1415 2551 et
1433 2511 1473 2551 in
1492 2511 1609 2552 idolis
1628 2511 1721 2555 tuis,
1744 2525 1834 2565 quae
1850 2511 1994 2557 fecisti,
2014 2511 2175 2565 polluta

251 2585 310 2612 es:
330 2578 370 2612 01
389 2571 719 2624 appropinquare
737 2570 868 2611 fecisti
887 2570 970 2611 dies
989 2576 1093 2619 tuos,
1107 2576 1147 2611 01
1162 2570 1371 2611 adduxisti
1390 2575 1552 2623 tempus
1566 2583 1767 2611 annorum
1785 2576 1969 2612 tuorum:
1988 2576 2173 2624 propter-

250 2644 297 2671 ea
319 2631 412 2671 dedi
435 2636 475 2671 te
499 2630 764 2683 opprobrium
787 2629 1000 2675 Gentibus,
1034 2635 1075 2670 et
1097 2629 1321 2670 irrisionem
1345 2629 1543 2669 universis
1566 2629 1694 2670 terris.
1746 2631 1761 2653 5
1785 2629 1884 2678 Quae
1913 2630 2032 2670 iuxta
2060 2635 2169 2675 sunt,

251 2697 291 2730 et
323 2703 412 2743 quae
441 2689 581 2742 procul
612 2702 635 2729 a
664 2694 715 2732 te.
748 2688 1067 2741 triumphabunt
1097 2689 1146 2729 de
1177 2694 1235 2729 te:
1267 2688 1442 2735 sordida,
1474 2688 1631 2733 nobilis,
1663 2688 1827 2742 grandis
1857 2688 2038 2729 interitu.

71 2750 223 2809 ⁵⁰1}.‘]{{j¹1¹¹⁵
362 2750 377 2772 ⁶
405 2748 510 2788 Ecce
539 2748 740 2801 principes
772 2747 895 2787 Israel
923 2747 1069 2801 singuli
1097 2747 1138 2787 in
1168 2747 1333 2788 brachio
1363 2760 1434 2787 suo
1464 2747 1631 2788 fuerunt
1659 2747 1700 2788 in
1728 2754 1768 2788 te
1798 2748 1850 2788 ad
1878 2747 2173 2788 effundendum

59 2802 234 2850 punitam.
253 2807 503 2856 sanguinem.
557 2808 570 2830 ⁷
592 2807 769 2851 Patrem,
793 2812 833 2847 et
854 2812 1028 2846 matrem
1049 2806 1306 2848 contumeliis
1327 2806 1552 2847 affecerunt
1572 2806 1613 2847 in
1633 2811 1685 2851 10,
1709 2807 1912 2847 advenam
1933 2805 2173 2847 calumniati

252 2874 347 2907 sunt
380 2866 420 2906 in
453 2866 585 2907 medio
620 2866 691 2909 tui.
727 2865 927 2918 pupillum
961 2871 1001 2905 et
1034 2865 1202 2905 viduam
1235 2865 1586 2906 contristaverunt
1619 2865 1729 2918 apud
1762 2872 1820 2906 te:
1883 2867 1898 2889 8
1929 2865 2175 2906 Sanctuaria

252 2939 340 2965 mea
366 2925 566 2978 sprevisti,
594 2930 634 2965 et
659 2925 835 2965 sabbata
858 2937 950 2965 mea
973 2923 1166 2977 polluisti.
1223 2926 1238 2948 ⁹
1262 2924 1346 2964 Viri
1371 2924 1621 2965 detractores
1646 2925 1813 2965 fuerunt
1837 2924 1877 2964 in
1903 2930 1942 2964 te
1967 2924 2020 2964 ad
2043 2923 2172 2964 effun-

252 2985 432 3024 dendum
453 2984 704 3037 sanguinem,
728 2990 767 3024 et
789 2996 910 3036 super
929 2988 1089 3024 montes
1110 2983 1377 3024 comederunt
1397 2983 1437 3023 in
1459 2989 1510 3028 te,
1534 2982 1661 3024 scelus
1683 2983 1840 3036 operati
1861 2988 1956 3023 sunt
1977 2982 2018 3022 in
2038 2982 2171 3023 medio

252 3043 323 3083 tui.
395 3045 430 3066 ¹⁰
469 3042 771 3083 Verecundiora
810 3042 938 3095 patris
979 3042 1341 3095 discooperuerunt
1382 3042 1423 3082 in
1464 3047 1515 3087 te,
1559 3041 1865 3082 immunditiam
1906 3046 2172 3082 menstruatae

252 3101 571 3142 humiliaverunt
591 3102 630 3141 in
651 3108 702 3142 te.
752 3103 781 3125 11
807 3101 880 3141 aEt
901 3100 1181 3154 unusquisque
1200 3101 1241 3141 in
1260 3114 1429 3141 uxorem
1450 3100 1623 3154 proximi
1644 3101 1704 3141 sui
1725 3106 1917 3154 operatus
1936 3106 1998 3141 est
2017 3099 2172 3141 abomi-

253 3160 472 3202 nationem.
502 3168 541 3200 01
569 3173 680 3201 socer
706 3173 853 3200 nurum
881 3173 997 3200 suam
1024 3159 1171 3213 polluit
1198 3160 1361 3207 nefarie,
1390 3160 1518 3200 frater
1543 3172 1721 3201 sororem
1748 3173 1864 3200 suam
1891 3159 2017 3200 filiam
2044 3158 2172 3212 patris

252 3219 311 3258 sui
343 3219 542 3271 oppressit
573 3219 613 3259 in
644 3225 695 3260 te.
756 3221 786 3243 1²
816 3219 986 3259 Munera
1016 3225 1261 3271 acceperunt
1292 3219 1403 3272 apud
1433 3225 1473 3259 te
1504 3219 1555 3259 ad
1586 3218 1881 3259 effundendum
1911 3217 2170 3271 sanguinem:

252 3290 428 3322 usuram,
465 3285 504 3318 et
539 3278 961 3331 superabundantiam
996 3277 1200 3330 accepisti,
1237 3284 1277 3318 et
1312 3290 1433 3318 avare
1467 3277 1674 3331 proximos
1708 3283 1801 3319 tuos
1835 3276 2170 3318 calumniabaris:

253 3336 411 3389 meique
432 3336 558 3376 oblita
579 3350 630 3380 es,
654 3337 710 3377 ait
731 3337 931 3378 Dominus
955 3337 1074 3377 Deus.
1124 3338 1155 3360 1²³
1176 3336 1279 3377 Ecce
1300 3336 1495 3389 complosi
1515 3349 1660 3377 manus
1681 3350 1790 3377 meas
1811 3348 1932 3390 super
1951 3334 2172 3375 avaritiam

252 3401 379 3437 tuam.
407 3408 529 3448 quam
553 3395 695 3438 fecisti.
721 3402 761 3436 01
785 3409 905 3449 super
927 3395 1178 3449 sanguinem,
1206 3395 1274 3448 qui
1298 3396 1449 3436 effusus
1473 3402 1533 3436 est
1557 3395 1597 3436 in
1621 3395 1753 3436 medio
1778 3396 1850 3436 tui.
1903 3396 1933 3419 ¹⁴
1960 3393 2172 3447 Numquid

383 3520 436 3561 22.
464 3523 501 3555 Il
529 3521 582 3554 alr
606 3523 636 3561 5,
662 3522 692 3555 8.
