2356 3760
111 100 164 140 50,
191 99 331 138 11—50,
357 100 396 132 41
961 97 1176 132 IEREMIAE
1944 104 2014 145 771

113 193 325 235 Dominus.
393 195 424 217 11
463 192 665 242 Quoniam
704 190 910 237 exultatis,
951 197 991 231 et
1028 204 1178 245 magna
1213 191 1438 244 loquimini.
1479 192 1711 245 diripientes
1750 196 2017 238 hereditatem

112 265 264 292 meam:
301 251 494 304 quoniam
529 250 645 291 effusi
678 249 772 289 estis
807 249 911 289 sicut
945 249 1064 290 vituli
1097 262 1217 303 super
1249 250 1430 294 herbam,
1467 255 1507 291 et
1540 252 1725 304 mugistis
1760 254 1862 294 sicut
1896 256 2015 297 tauri.

112 312 143 334 ¹²
163 310 340 351 Confusa
361 316 422 350 est
441 314 573 350 mater
593 313 730 348 vestra
749 307 879 351 nimis,
903 314 942 347 et
965 309 1181 361 adaequata
1202 308 1370 361 pulveri.
1395 322 1485 361 quae
1503 310 1644 362 genuit
1665 323 1754 351 vos:
1777 324 1865 351 ecce
1886 314 2018 354 novis-

112 369 213 410 sima
238 369 313 409 erit
336 369 377 409 in
401 367 612 413 Gentibus
639 366 811 408 deserta.
837 365 959 408 invia.
987 372 1027 406 et
1052 379 1179 407 arens.
1233 369 1264 391 13
1287 367 1350 407 Ab
1375 367 1434 408 ira
1456 368 1622 408 Domini
1646 382 1727 410 non
1750 369 2016 416 habitabitur.

110 428 181 468 sed
208 427 413 480 redigetur
440 430 531 466 tota
557 425 597 465 in
626 423 905 465 solitudinem:
936 425 1077 468 omnis,
1110 425 1179 478 qui
1207 426 1399 465 transibit
1427 439 1498 479 per
1526 426 1792 480 Babylonem,
1823 430 2016 482 stupebit,

112 492 151 526 et
185 485 366 526 sibilabit
398 496 518 537 super
550 482 746 523 universis
780 482 907 536 plagis
941 482 1036 523 eius.
1100 485 1130 507 ¹⁴
1163 483 1454 536 Praeparamini
1488 491 1630 525 contra
1663 486 1917 540 Babylonem
1950 501 2020 540 per

111 544 325 585 circuitum
360 555 498 583 omnes
534 541 602 595 qui
635 541 803 581 tenditis
839 554 996 590 arcum:
1032 541 1232 582 debellate
1267 555 1368 586 eam,
1405 555 1486 583 non
1520 544 1696 596 parcatis
1730 545 1888 585 iaculis:
1926 545 2021 598 quia

110 602 286 644 Domino
322 601 519 655 peccavit.
584 602 614 624 1⁵
649 599 832 640 Clamate
868 600 1062 641 adversus
1097 613 1198 643 eam,
1237 600 1387 653 ubique
1423 601 1536 642 dedit
1569 615 1749 647 manum.
1787 604 2020 644 ceciderunt

110 661 381 702 fundamenta
412 659 506 707 eius,
539 658 737 699 destructi
767 663 863 699 sunt
892 659 998 699 muri
1028 659 1123 707 eius,
1158 658 1351 712 quoniam
1383 659 1483 700 ultio
1514 660 1680 701 Domini
1710 668 1788 701 est:
1821 662 2018 703 ultionem

111 719 281 772 accipite
301 719 349 759 de
369 731 426 763 ea,
448 718 553 758 sicut
570 717 678 765 fecit,
700 717 822 757 facite
842 717 887 758 ei.
936 719 971 741 1⁶
988 717 1221 771 Disperdite
1241 722 1418 758 satorem
1437 718 1486 758 de
1507 718 1728 772 Babylone,
1751 726 1791 760 et
1810 725 2018 761 tenentem

109 777 255 818 falcem
281 777 322 817 in
349 782 530 829 tempore
557 775 714 816 messis:
744 788 767 815 a
792 776 893 816 facie
918 775 1042 829 gladii
1068 775 1267 817 columbae
1292 776 1572 829 unusquisque
1599 778 1650 817 ad
1676 778 1873 831 populum
1900 792 2017 819 suum

114 841 387 883 convertetur,
419 841 459 875 et
488 834 633 888 singuli
662 834 714 875 ad
743 840 893 875 terram
923 847 1038 875 suam
1067 835 1236 888 fugient.

215 896 249 919 1⁷
270 894 378 936 Grex
399 893 601 946 dispersus
625 892 758 941 Israel,
781 892 915 934 leones
937 894 1140 934 eiecerunt
1161 907 1272 934 eum:
1295 893 1449 946 primus
1471 894 1647 935 comedit
1668 907 1759 935 eum
1782 908 1851 935 rex
1871 895 2014 935 Assur:
2054 898 2141 956 13323011
2162 900 2189 922 ‘³‘

109 954 184 994 iste
225 952 467 994 novissimus
509 952 716 993 exossavit
755 964 846 992 eum
889 952 1267 993 Nabuchodonosor
1306 965 1376 992 rex
1417 952 1651 1006 Babylonis.
1721 955 1755 977 1⁸
1795 954 2015 1007 Propterea
2030 940 2214 995 redussssssmr:

109 1012 194 1053 haec
224 1011 324 1053 dicit
351 1010 552 1052 Dominus
583 1010 835 1051 exercituum
864 1010 975 1051 Deus
1007 1010 1147 1051 Israel:
1179 1011 1283 1051 Ecce
1313 1024 1384 1064 ego
1415 1010 1590 1052 visitabo
1620 1024 1753 1065 regem
1784 1012 2018 1065 Babylonis,

110 1076 151 1112 et
178 1076 329 1111 terram
356 1069 453 1115 eius,
482 1070 587 1110 sicut
613 1068 780 1109 visitavi
805 1082 939 1122 regem
966 1069 1109 1110 Assur:
1165 1072 1199 1094 1⁹
1225 1076 1266 1110 et
1291 1070 1483 1110 reducam
1512 1070 1635 1110 Israel
1662 1071 1713 1111 ad
1739 1070 2020 1111 habitaculum

109 1142 247 1170 suum:
268 1134 309 1169 et
326 1134 517 1182 pascetur
535 1127 776 1173 Carmelum,
798 1132 839 1168 et
858 1128 1005 1172 Basan,
1027 1133 1068 1169 et
1085 1128 1126 1168 in
1144 1133 1284 1169 monte
1302 1128 1512 1181 Ephraim.
1534 1134 1574 1168 et
1592 1128 1749 1170 Galaad
1768 1129 2022 1170 saturabitur

110 1187 247 1228 anima
270 1187 365 1228 eius.
419 1188 454 1211 ²⁰
479 1187 527 1227 In
551 1187 692 1227 diebus
716 1186 804 1235 illis,
831 1191 872 1227 et
895 1187 935 1227 in
960 1192 1143 1240 tempore
1166 1186 1246 1235 illo,
1273 1187 1331 1227 ait
1354 1186 1573 1227 Dominus:
1601 1192 1803 1240 quaeretur
1825 1187 2020 1241 iniquitas

111 1246 246 1293 Israel,
270 1250 311 1286 et
332 1259 414 1287 non
435 1245 528 1286 erit:
552 1250 593 1286 et
613 1250 829 1299 peccatum
853 1245 967 1292 Iuda,
991 1250 1032 1286 et
1053 1259 1134 1286 non
1155 1245 1403 1285 invenietur:
1429 1245 1621 1298 quoniam
1642 1246 1842 1299 propitius
1865 1259 1929 1287 ero
1952 1246 2018 1290 eis.

110 1318 210 1359 quos
240 1304 451 1358 reliquero.

213 1365 245 1388 ‘21
265 1363 395 1417 Super
414 1368 565 1404 terram
586 1363 888 1404 dominantium
911 1363 1093 1411 ascende,
1117 1368 1157 1402 et
1178 1375 1298 1415 super
1317 1362 1570 1403 habitatores
1592 1363 1675 1403 eius
1696 1363 1829 1407 visita,
1854 1363 2015 1416 dissipa.
2037 1360 2202 1421 cffiffl'elfflr

109 1428 149 1463 et
172 1422 353 1463 interfice
379 1435 469 1475 quae
492 1426 584 1474 post
610 1434 675 1462 eos
701 1426 808 1468 sunt,
836 1421 894 1461 ait
917 1421 1137 1462 Dominus:
1164 1426 1204 1462 et
1227 1421 1292 1461 fac
1316 1421 1435 1461 iuxta
1458 1421 1595 1462 onmia
1620 1435 1709 1474 quae
1732 1422 1904 1475 praecepi
1929 1422 2016 1462 tibi.
2205 1417 2210 1426 ’

108 1483 140 1505 ‘22
164 1481 256 1522 Vox
280 1479 373 1521 belli
396 1480 438 1520 in
463 1485 581 1526 terra.
609 1485 650 1520 et
674 1479 865 1520 contritio
890 1492 1050 1533 magna.
1104 1481 1136 1504 23
1161 1480 1374 1528 Quomodo
1400 1480 1632 1520 confractus
1657 1485 1729 1523 est.
1757 1486 1797 1520 et
1822 1481 2021 1521 contritus

108 1539 277 1580 malleus
309 1539 508 1580 universae
539 1538 681 1579 terrae?
715 1538 920 1591 quomodo
953 1551 1070 1579 versa
1101 1543 1162 1579 est
1192 1538 1232 1579 in
1265 1539 1471 1579 desertum
1504 1538 1692 1591 Babylon
1723 1539 1763 1579 in
1795 1539 2020 1581 Gentibus?

108 1600 141 1623 ²⁴
158 1597 384 1652 Illaqueavi
400 1602 451 1643 te,
470 1603 510 1638 et
527 1602 650 1651 capta
665 1610 704 1637 es
723 1597 923 1650 Babylon.
942 1602 983 1637 et
998 1597 1223 1638 nesciebas:
1241 1597 1411 1638 inventa
1426 1610 1465 1637 es
1482 1602 1522 1638 et
1538 1597 1809 1651 apprehensa:
1828 1598 2020 1651 quoniam

108 1657 333 1698 Dominum
359 1656 604 1710 provocasti.
660 1658 691 1681 '25
716 1656 889 1709 Aperuit
914 1656 1116 1697 Dominus
1142 1656 1381 1697 thesaurum
1406 1669 1537 1704 suum,
1566 1662 1607 1697 et
1632 1656 1803 1709 protulit
1829 1670 1929 1697 vasa
1953 1657 2021 1697 irae

108 1729 208 1757 suae:
237 1715 431 1769 quoniam
457 1728 558 1768 opus
585 1720 646 1756 est
670 1715 847 1756 Domino
873 1715 960 1756 Deo
988 1715 1240 1755 exercituum
1266 1715 1307 1755 in
1332 1720 1441 1756 terra
1466 1714 1760 1757 Chaidaeorum.
1815 1717 1850 1739 ²⁶
1876 1715 2021 1756 Venite

110 1775 161 1816 ad
188 1787 277 1815 eam
305 1775 356 1815 ab
384 1774 575 1814 extremis
603 1774 763 1821 finibus,
794 1774 947 1827 aperite
974 1779 1019 1814 ut
1047 1780 1195 1814 exeant
1224 1774 1292 1827 qui
1319 1773 1558 1815 conculcent
1585 1786 1692 1814 eam:
1721 1773 1851 1815 tollite
1878 1775 1927 1815 de
1954 1774 2023 1815 via

107 1833 274 1887 lapides,
311 1838 352 1874 et
384 1832 553 1886 redigite
586 1833 627 1873 in
661 1845 838 1875 acervos.
875 1838 916 1873 et
948 1833 1164 1873 interficite
1197 1846 1306 1873 eam:
1356 1846 1428 1873 nec
1462 1832 1514 1873 sit
1548 1832 1773 1886 quidquam
1805 1832 2018 1886 reliquum.

109 1894 142 1916 ²⁷
174 1891 382 1945 Dissipate
413 1892 623 1933 universos
654 1892 779 1932 fortes
811 1891 906 1936 eius,
941 1891 1191 1932 descendant
1222 1891 1263 1931 in
1295 1891 1554 1932 occisionem:
1588 1904 1649 1932 vae
1680 1891 1746 1939 eis,
1781 1892 1877 1945 quia
1907 1892 2021 1932 venit

109 1950 193 1992 dies
213 1963 364 1996 eorum.
387 1955 550 2003 tempus
570 1949 817 1991 visitationis
837 1963 988 1991 eorum.
1038 1952 1072 1974 2⁸
1092 1950 1183 1991 Vox
1200 1950 1458 2003 fugientium,
1481 1955 1521 1990 et
1541 1963 1691 1998 eorum,
1715 1950 1784 2003 qui
1803 1956 2022 1991 evaserunt

109 2010 158 2051 de
186 2014 295 2050 terra
323 2008 557 2062 Babylonis.
588 2014 635 2050 ut
662 2008 913 2049 annuncient
940 2009 981 2049 in
1008 2009 1104 2050 Sion
1132 2008 1329 2050 ultionem
1357 2008 1523 2050 Domini
1550 2008 1626 2049 Dei
1654 2009 1792 2057 nostri,
1823 2008 2021 2050 ultionem

108 2067 251 2121 templi
277 2068 372 2108 eius.
428 2069 463 2091 2⁹
487 2067 748 2108 Annunciate
773 2067 815 2108 in
842 2067 1097 2121 Babylonem
1123 2067 1306 2121 plurimis
1333 2067 1533 2115 omnibus,
1563 2067 1631 2120 qui
1658 2068 1835 2108 tendunt
1861 2081 2018 2108 arcum:

109 2126 318 2168 consistite
348 2127 542 2167 adversus
573 2139 662 2167 eam
691 2139 763 2179 per
790 2139 948 2180 gyrum,
981 2131 1021 2167 et
1050 2125 1184 2166 nullus
1214 2126 1384 2166 evadat:
1414 2125 1572 2166 reddite
1602 2125 1637 2166 ei
1666 2126 1889 2166 secundum
1919 2139 2020 2179 opus

108 2198 246 2226 suum:
267 2185 386 2226 iuxta
405 2185 542 2226 omnia
561 2198 651 2238 quae
669 2184 777 2234 fecit,
798 2184 922 2225 facite
940 2184 1014 2225 illi:
1038 2185 1134 2238 quia
1152 2190 1296 2225 contra
1314 2185 1539 2226 Dominum
1559 2189 1694 2225 erecta
1711 2190 1784 2233 est,
1803 2185 2020 2226 adversum

109 2249 298 2285 sanctum
315 2243 450 2285 Israel.
494 2245 531 2268 3⁰
547 2243 701 2285 idcirco
718 2244 867 2284 cadent
881 2243 1047 2284 iuvenes
1063 2243 1146 2283 eius
1162 2243 1204 2284 in
1218 2243 1364 2296 plateis
1380 2243 1483 2284 eius:
1501 2249 1542 2284 et
1557 2256 1696 2284 omnes
1712 2243 1788 2283 viri
1804 2243 2020 2285 bellatores

108 2302 192 2344 eius
212 2302 485 2344 conticescent
505 2302 546 2343 in
566 2302 630 2343 die
650 2302 728 2347 illa,
752 2302 810 2342 ait
829 2302 1042 2343 Dominus.
1091 2304 1122 2326 ³1
1143 2302 1247 2342 Ecce
1268 2315 1339 2355 ego
1361 2302 1412 2342 ad
1433 2307 1473 2342 te
1493 2302 1677 2355 superbe.
1700 2302 1800 2342 dicit
1819 2302 2020 2343 Dominus

108 2362 218 2402 Deus
233 2361 505 2402 exercituum:
523 2361 619 2414 quia
633 2361 746 2401 venit
761 2361 845 2401 dies
860 2365 968 2405 tuus,
986 2366 1149 2414 tempus
1161 2360 1408 2401 visitationis
1421 2366 1513 2401 tuae.
1557 2362 1589 2385 3²
1604 2360 1660 2400 Et
1674 2361 1793 2400 cadet
1808 2361 2017 2413 superbus,

109 2424 151 2460 et
177 2424 348 2467 corruet,
378 2424 419 2459 et
446 2432 527 2460 non
554 2419 630 2459 erit
658 2418 727 2472 qui
753 2419 923 2459 suscitet
949 2432 1060 2459 eum:
1090 2422 1131 2459 et
1157 2419 1403 2459 succendam
1430 2418 1564 2472 ignem
1591 2417 1632 2458 in
1659 2418 1826 2459 urbibus
1855 2418 1950 2467 eius,
1980 2423 2021 2459 et

109 2478 325 2519 devorabit
354 2477 492 2519 omnia
520 2477 561 2518 in
591 2477 762 2518 circuitu
792 2477 887 2518 eius.

212 2538 245 2561 3³
278 2536 375 2578 Haec
407 2536 506 2578 dicit
537 2536 737 2577 Dominus
770 2536 1041 2577 exercituum:
1075 2536 1331 2577 Calumniam
1364 2536 1567 2577 sustinent
1599 2535 1669 2576 filii
1702 2535 1836 2579 Israel,
1872 2541 1913 2576 et
1944 2535 2014 2576 filii
2052 2537 2141 2562 1511191
2162 2540 2191 2562 et

2066 2573 2140 2597 Iuda
2162 2581 2176 2598 e

110 2595 214 2636 Iuda
236 2595 373 2636 simul:
400 2608 550 2643 omnes,
578 2595 646 2648 qui
671 2599 865 2648 ceperunt
889 2608 967 2644 eos,
994 2600 1148 2643 tenent,
1175 2594 1321 2636 nolunt
1345 2595 1551 2636 dimittere
1575 2607 1652 2635 eos.
1705 2595 1738 2618 ³⁴
1763 2594 2015 2648 Redemptor
2045 2608 2196 2648 Bab>510ne

108 2667 248 2695 eorum
277 2653 406 2701 fortis,
438 2653 640 2695 Dominus
671 2654 924 2695 exercituum
954 2667 1103 2695 nomen
1134 2653 1230 2700 eius,
1262 2653 1411 2694 iudicio
1443 2653 1634 2694 defendet
1665 2665 1830 2693 causam
1862 2643 2207 2709 60111111,ΘᾱῆζζζξξξῇΠ

108 2718 155 2753 ut
175 2717 378 2753 exterreat
397 2717 560 2761 terram,
583 2718 624 2753 et
643 2718 903 2754 commoveat
921 2712 1175 2753 habitatores
1196 2712 1430 2766 Babylonis.
1479 2714 1511 2736 35
1531 2710 1699 2752 Gladius
1720 2711 1771 2751 ad
1792 2710 2013 2761 Chaldaeos‚

110 2771 168 2812 ait
195 2771 408 2817 Dominus,
439 2776 480 2812 et
510 2771 561 2812 ad
589 2771 843 2813 habitatores
873 2771 1108 2824 Babylonis.
1140 2776 1181 2812 et
1210 2771 1262 2811 ad
1291 2770 1502 2825 principes,
1535 2774 1576 2810 et
1605 2770 1657 2810 ad
1686 2769 1889 2822 sapientes
1919 2769 2014 2811 eius.

109 2832 145 2854 3⁶
169 2829 337 2871 Gladius
363 2830 415 2870 ad
440 2829 598 2871 divinos
625 2830 720 2879 eius,
749 2830 818 2884 qui
843 2829 959 2871 stulti
984 2837 1121 2870 erunt:
1147 2829 1304 2883 gladius
1331 2830 1382 2870 ad
1407 2829 1532 2870 fortes
1557 2827 1674 2875 illius,
1703 2827 1773 2881 qui
1798 2827 2016 2869 timebunt.

109 2890 143 2913 3⁷
168 2887 336 2929 Gladius
361 2889 413 2929 ad
436 2901 560 2942 equos
585 2888 680 2932 eius.
707 2894 748 2929 et
772 2889 824 2929 ad
848 2901 986 2929 currus
1011 2888 1106 2937 eius,
1134 2894 1174 2928 et
1199 2888 1251 2929 ad
1275 2901 1393 2929 omne
1418 2888 1574 2940 vulgus,
1602 2886 1711 2940 quod
1735 2890 1797 2927 est
1818 2886 1860 2927 in
1884 2887 2017 2928 medio

110 2946 212 2987 eius:
235 2951 275 2987 et
295 2951 415 2987 erunt
436 2947 551 3000 quasi
571 2946 775 2987 mulieres:
796 2946 954 3000 gladius
975 2947 1026 2988 ad
1048 2947 1260 2988 thesauros
1281 2946 1375 2995 eius,
1401 2947 1469 3000 qui
1490 2945 1742 2998 diripientur.
1794 2946 1830 2969 3⁸
1850 2945 2019 2987 Siccitas

110 3018 230 3058 super
245 3018 372 3058 aquas
387 3005 470 3045 eius
486 3005 573 3053 erit,
590 3010 632 3046 et
646 3010 847 3046 arescent:
864 3005 961 3059 quia
975 3011 1083 3046 terra
1096 3005 1348 3059 sculptilium
1363 3010 1435 3050 est,
1453 3010 1493 3045 et
1507 3005 1548 3045 in
1562 3003 1764 3057 portentis
1777 3003 2017 3057 gloriantur.

109 3065 145 3088 ³⁹
160 3068 377 3117 propterea
390 3063 641 3104 habitabunt
657 3064 852 3104 dracones
868 3077 961 3104 cum
976 3064 1109 3105 faunis
1126 3064 1289 3104 ficariis:
1308 3069 1347 3104 et
1363 3063 1615 3104 habitabunt
1629 3062 1670 3103 in
1686 3075 1734 3102 ea
1749 3062 2017 3103 struthiones:

111 3126 152 3163 et
179 3135 262 3164 non
290 3122 591 3163 inhabitabitur
618 3121 727 3163 ultra
755 3135 883 3175 usque
911 3122 953 3163 in
982 3123 1286 3176 sempiternum,
1319 3135 1391 3162 nec
1421 3126 1635 3162 extruetur
1663 3133 1792 3174 usque
1822 3121 1874 3162 ad
1901 3134 2019 3174 gene-

110 3181 323 3225 rationem.
346 3186 387 3222 et
406 3180 722 3234 generationem.
771 3182 808 3205 ⁴⁰
832 3180 965 3222 aSicut
985 3181 1190 3222 subvertit
1208 3180 1409 3222 Dominus
1431 3180 1652 3221 Sodomam
1673 3184 1714 3220 et
1733 3179 2016 3223 Gomorrham.

112 3244 152 3280 et
170 3239 324 3280 vicinas
343 3239 439 3287 eius,
461 3239 519 3280 ait
536 3238 755 3280 Dominus:
776 3252 858 3280 non
876 3239 1084 3281 habitabit
1101 3240 1157 3281 ibi
1176 3239 1248 3287 vir,
1270 3243 1311 3279 et
1329 3252 1411 3280 non
1428 3238 1579 3280 incolet
1597 3251 1688 3279 eam
1706 3237 1811 3278 filius
1830 3237 2016 3278 hominis.

111 3299 143 3321 ⁴¹
159 3297 264 3339 Ecce
279 3297 454 3352 populus
471 3298 584 3338 venit
600 3297 652 3338 ab
668 3297 881 3351 Aquilone,
900 3303 941 3339 et
955 3311 1051 3352 gens
1068 3311 1228 3352 magna,
1248 3302 1289 3338 et
1304 3310 1415 3351 reges
1432 3297 1552 3339 multi
1568 3302 1812 3351 consurgent
1829 3309 1853 3337 a
1869 3296 2016 3336 finibus

241 3423 295 3465 50,
317 3423 359 3457 40
381 3424 454 3458 acn
476 3425 528 3465 19,
551 3425 603 3458 24.

1734 3479 1809 3520 49*
