2356 3760
90 163 215 187 seniore.-

74 199 232 223 adorantes

72 238 99 257 rt
126 235 235 263 gratias

88 272 217 299 agentes.

120 586 185 603 arcu

68 615 122 638 test
129 615 239 639 amenti

119 656 187 673 Υκὲὶ.

111 811 202 835 urm—0

109 847 199 871 tilium

92 882 218 906 mulieri<

52 918 246 942 devoraturus

67 1412 81 1427 a
103 1403 241 1427 Michavh·

92 1439 126 1463 tle
149 1439 218 1464 carlo

73 1475 101 1498 in
127 1477 236 1498 terram

80 1510 229 1539 proicitur.

69 1695 238 1720 laetantibus

124 1731 183 1755 oaeli

97 1767 210 1790 habita-

92 1802 214 1828 toribus,

91 2114 117 2137 111
140 2115 217 2138 terra

80 2149 228 2172 mulierem

66 2186 93 2207 vt
115 2184 239 2214 reliquos

70 2220 104 2243 (10
127 2220 235 2244 semiue

122 2255 183 2279 eius

52 2291 244 2321 persequitur.

79 2758 174 2781 Mastia.
197 2758 231 2782 du·

117 2793 189 2817 muri

73 2828 232 2852 ascendens

71 2872 85 2887 a
110 2864 234 2888 dracone

66 2901 242 2927 potestaten·

75 2935 181 2964 :mr-ipit
203 2936 229 2959 et

78 2970 226 2995 aduratur.

112 3224 201 3247 linum

64 3258 244 3288 blasphemat

71 3296 101 3318 sat
122 3296 239 3318 sam-tos

54 3336 152 3359 perseq
159 3330 198 3353 uit
205 3336 245 3354 ur.

270 73 369 114 1200
1062 71 1376 107 APOCALYPSIS
1911 75 1962 111 11,
1990 74 2131 114 1643,
2159 75 2176 107 7

368 168 400 189 ¹⁶
431 165 482 206 Et
512 165 656 218 viginti
687 173 884 219 quattuor
912 165 1099 214 seniores,
1131 165 1196 219 qui
1229 165 1268 206 in
1297 170 1518 219 conspectu
1547 165 1622 206 Dei
1650 165 1794 207 sedent
1821 166 1861 208 in
1890 168 2053 209 sedibus
2082 168 2176 217 suis,

262 224 495 264 ceciderunt
523 223 562 264 in
593 224 712 265 facies
742 238 847 268 suas,
872 231 910 264 et
941 224 1218 265 adoraverunt
1243 225 1389 275 Deum,
1413 224 1612 265 dicentes:
1663 226 1696 249 ¹⁷
1725 224 1888 266 Gratias
1917 226 2073 279 agimus
2102 226 2175 267 tibi

262 283 437 323 Domine
465 283 575 323 Deus
604 283 874 335 omnipotens.
906 282 973 335 qui
1002 297 1054 331 es,
1085 288 1126 324 et
1154 283 1221 336 qui
1251 296 1350 331 eras,
1380 289 1420 324 et
1449 283 1517 336 qui
1547 289 1743 324 venturus
1772 297 1830 325 es:
1862 284 1958 338 quia
1985 285 2176 338 accepisti

263 342 458 382 virtutem
484 348 596 382 tuam
624 354 828 394 magnam,
854 348 893 382 et
919 341 1108 394 regnasti.
1163 344 1196 365 ¹⁸
1221 341 1276 383 Et
1300 341 1414 382 iratae
1438 348 1535 383 sunt
1558 343 1723 391 (lentes,
1750 348 1791 383 et
1815 342 1985 384 advenit
2008 343 2067 383 ira
2092 350 2176 391 tua,

261 408 301 441 et
320 406 480 454 tempus
500 406 753 440 mortuorum
774 399 953 447 iudicari,
973 407 1014 441 et
1032 400 1197 441 reddere
1216 401 1443 441 mercedem
1461 400 1586 441 servis
1606 400 1686 441 tuis
1704 401 1933 454 Prophetis,
1953 408 1993 443 et
2011 403 2176 451 sanetis,

261 466 301 500 et
323 459 561 500 timentibus
583 472 728 499 nomen
753 465 869 499 tuum
893 459 1058 511 pusillis,
1081 466 1122 500 et
1143 459 1311 512 magnis,
1335 466 1375 500 et
1395 459 1695 500 exterminandi
1718 474 1797 505 eos,
1820 460 1889 513 qui
1910 467 2179 514 corruperunt

262 524 423 559 terram.

369 580 400 600 ¹⁹
429 576 481 616 Et
511 582 699 629 apertum
727 582 789 617 est
817 577 1017 629 templum
1049 577 1118 617 Dei
1149 577 1187 617 111
1217 577 1330 617 ezelo:
1361 583 1402 617 et
1430 576 1517 617 visa
1544 584 1605 617 est
1633 590 1727 618 area
1755 578 1993 619 testamenti
2022 578 2105 619 eius
2135 578 2175 618 in

261 636 413 688 templo
447 635 542 683 eius,
576 642 615 675 et
648 634 757 676 facta
790 642 883 676 sunt
918 636 1090 688 fulgura,
1124 642 1166 676 et
1198 649 1328 679 voces.
1362 640 1403 676 et
1435 641 1703 685 terraemotus,
1752 642 1793 677 et
1823 637 1978 687 gra-,ndo
2012 650 2172 690 magna.

844 739 883 779 2,
914 738 1073 779 Mulier
1104 739 1148 779 et
1178 739 1333 789 draco,
1361 740 1428 789 12,
1448 740 1601 780 1—18.

368 810 428 852 12.
487 812 496 834 ¹
529 809 584 850 Et
609 810 769 863 signum
796 823 989 864 maguum
1016 809 1208 863 apparuit
1234 810 1274 850 111
1300 810 1414 851 caelo:
1443 810 1586 851 Mulier
1611 810 1763 852 amicta
1787 811 1880 860 sole,
1909 816 1950 852 et
1974 811 2071 852 luna
2097 811 2173 852 sub

262 869 432 923 pedibus
460 869 555 916 eius,
584 874 625 910 et
653 868 690 909 in
719 868 852 922 capite
879 869 962 909 eius
989 882 1138 909 corona
1164 869 1373 910 stellarum
1401 868 1634 910 duodecim:
1689 872 1703 893 2
1730 875 1770 910 et
1797 869 1836 910 in
1865 876 1980 911 utero
2007 869 2174 919 habens

261 928 467 969 clamabat
499 927 740 981 parturiens.
774 933 814 968 et
845 927 1105 968 cruciabatur
1135 934 1181 968 ut
1211 928 1356 981 pariat.
1416 931 1431 952 ³
1462 928 1517 969 Et
1549 928 1679 969 visum
1712 934 1773 969 est
1804 928 1914 969 aliud
1945 929 2106 983 signum
2137 929 2177 970 in

261 987 373 1028 caeloz
404 993 445 1028 et
473 1000 562 1027 0000
591 986 713 1027 draeo
741 1000 913 1039 magnus
941 987 1054 1028 rufus
1082 986 1236 1028 habens
1265 986 1403 1040 capita
1430 993 1600 1040 septem,
1630 992 1671 1028 et
1699 1001 1852 1028 cornua
1879 988 2037 1029 decem:
2068 993 2109 1029 et
2136 988 2177 1029 in

260 1045 462 1099 capitibus
492 1045 575 1086 eius
604 1045 841 1086 diademata
869 1052 1038 1099 septem,
1094 1048 1109 1069 ⁴
1137 1052 1177 1087 et
1206 1045 1338 1087 cauda
1365 1046 1449 1087 eius
1479 1046 1671 1087 trahebat
1699 1046 1864 1087 tertiam
1894 1054 2055 1100 partem
2083 1047 2177 1089 stel-

261 1105 388 1145 larum
411 1104 506 1148 caeli,
529 1111 570 1145 et
590 1104 700 1146 misit
720 1118 785 1145 eas
806 1104 846 1145 in
868 1110 1031 1153 terram,
1053 1110 1094 1145 et
1114 1105 1236 1145 draco
1256 1105 1373 1146 stetit
1393 1111 1488 1146 ante
1509 1105 1731 1151 mulierem,
1755 1119 1843 1159 quae
1864 1111 1951 1147 erat
1971 1105 2175 1159 paritura:

260 1171 306 1205 ut
324 1177 416 1205 011111
436 1163 668 1217 peperisset,
690 1163 816 1203 filium
836 1163 919 1204 eius
938 1163 1165 1204 devoraret.
1212 1165 1227 1188 5
1246 1163 1301 1205 Et
1319 1164 1477 1217 peperit
1495 1163 1623 1204 filium
1642 1164 1881 1214 masculum,
1904 1164 1971 1218 qui
1990 1171 2176 1206 recturus

261 1231 346 1263 erat
369 1236 508 1263 omnes
529 1222 680 1263 Gentes
702 1222 741 1262 111
764 1222 877 1276 virga
897 1222 1043 1263 ferrea:
1066 1228 1106 1263 et
1127 1229 1269 1276 raptus
1291 1229 1353 1264 est
1374 1222 1477 1264 filius
1499 1223 1582 1264 eius
1604 1223 1656 1264 ad
1676 1223 1823 1272 Deum,
1846 1229 1887 1264 et
1908 1223 1960 1263 ad
1981 1223 2176 1264 thronum

261 1282 356 1327 eius,
415 1283 430 1306 ⁶
457 1287 497 1322 et
524 1281 667 1321 mulier
694 1281 799 1335 fugit
826 1281 865 1322 in
893 1281 1156 1322 solitudinem
1184 1281 1253 1322 ubi
1279 1281 1461 1323 habebat
1487 1282 1621 1322 10011111
1649 1288 1841 1335 paratum
1870 1295 1893 1322 a
1919 1282 2019 1329 Deo,
2048 1288 2096 1323 ut.
2122 1282 2176 1323 ibi

261 1346 433 1393 pascant.
462 1354 551 1381 eam
582 1340 723 1381 diebus
755 1340 861 1381 mille
890 1340 1077 1381 ducentis
1107 1341 1332 1394 sexaginta.

370 1401 383 1423 ⁷
405 1399 459 1440 Et
481 1400 637 1440 factum
659 1404 720 1440 est
740 1399 922 1452 praelium
944 1412 1139 1452 magnum
1160 1399 1200 1440 111
1222 1399 1336 1441 caelo:
1359 1399 1543 1446 Michael,
1567 1406 1606 1440 et
1628 1400 1758 1453 angeli
1780 1400 1863 1441 eius
1884 1400 2179 1453 praeliabantur

262 1473 354 1499 cum
380 1459 566 1507 dracone,
594 1464 633 1499 et
660 1458 781 1499 draco
807 1457 1031 1511 pugnabat.
1059 1464 1099 1499 et
1125 1458 1255 1511 angeli
1281 1458 1383 1499 eius:
1440 1460 1454 1482 ⁵¹
1479 1464 1520 1500 et
1545 1471 1625 1499 non
1652 1458 1882 1507 valuerunt,
1910 1473 2041 1513 neque
2066 1459 2177 1500 locus

263 1518 454 1558 inventus
478 1524 539 1557 est
561 1530 700 1557 eorum
724 1517 898 1569 amplius
921 1516 961 1557 in
985 1516 1092 1558 caelo.
1147 1519 1162 1541 ⁹
1184 1517 1240 1558 Et
1262 1516 1465 1570 proiectus
1489 1523 1550 1558 est
1573 1517 1694 1558 draeo
1717 1517 1782 1558 ille
1805 1530 1989 1571 magnus,
2014 1531 2178 1571 serpens

260 1576 466 1630 antiquus,
486 1575 552 1629 qui
570 1581 742 1616 vocatur
758 1575 956 1625 diabolus,
974 1580 1015 1616 et
1030 1581 1209 1622 satanas,
1228 1575 1296 1629 qui
1312 1575 1470 1617 seducit
1485 1576 1721 1617 universum
1739 1575 1895 1617 orbem:
1914 1582 1955 1618 et
1970 1576 2174 1630 proiectus

259 1642 319 1676 est
347 1635 386 1675 in
416 1642 577 1681 terram,
608 1641 649 1675 et
677 1634 806 1687 angeli
835 1634 918 1675 eius
947 1648 1040 1675 011111
1067 1634 1134 1675 1110
1162 1634 1272 1676 1111εεί
1300 1640 1407 1676 sunt.

367 1696 402 1718 ¹0
424 1694 477 1735 Et
500 1693 638 1734 audivi
662 1706 803 1734 vocem
826 1707 1018 1747 magnam
1040 1693 1080 1734 in
1103 1693 1199 1734 caelo
1221 1694 1443 1735 dicent-eni:
1470 1693 1587 1735 Nunc
1608 1694 1721 1735 facta
1742 1700 1803 1735 est.
1825 1694 1944 1745 salus,
1969 1700 2009 1735 et
2032 1694 2175 1744 virtus,

262 1760 302 1794 et
324 1766 492 1807 regnum
514 1753 589 1793 Dei
612 1753 752 1798 nostri,
776 1758 817 1793 et
838 1758 1021 1806 potestas
1044 1752 1191 1794 Christi
1214 1753 1316 1793 eius:
1341 1752 1437 1806 quia
1458 1752 1660 1806 proiectus
1683 1758 1743 1793 est
1767 1759 1980 1795 aecusator
2000 1753 2175 1794 fratrum

262 1818 506 1857 nostrorum,
540 1812 609 1865 qui
640 1811 861 1853 accusabat
890 1811 978 1852 illos
1010 1817 1105 1852 ante
1136 1817 1401 1865 conspectum
1432 1812 1507 1853 Dei
1538 1812 1666 1853 nostri
1698 1812 1760 1852 die
1792 1825 1837 1853 30
1868 1818 1999 1854 nocte.
2060 1814 2090 1837 ¹¹
2122 1812 2177 1853 Et

259 1872 334 1924 ipsi
364 1872 548 1912 vicerunt
578 1884 671 1911 eum
700 1876 867 1924 propter
895 1871 1134 1924 sanguinem
1163 1871 1281 1924 Agni,
1312 1877 1352 1912 et
1381 1876 1548 1924 propter
1577 1871 1748 1912 verbum
1778 1871 2003 1912 testimonii
2031 1871 2105 1921 sui,
2136 1878 2176 1912 et

260 1944 338 1971 non
366 1930 595 1971 dilexerunt
622 1930 779 1970 animas
805 1943 897 1971 suas
923 1943 1051 1983 usque
1078 1930 1129 1970 ad
1154 1936 1341 1971 mortem.
1397 1932 1427 1954 ¹2
1453 1936 1670 1983 propterea
1694 1929 1891 1971 laetamini
1917 1930 2014 1980 caeli,
2042 1935 2082 1971 et
2109 1930 2177 1984 qui

259 1989 456 2031 habitatis
485 1989 523 2030 in
553 1989 618 2030 eis.
651 1989 720 2030 Vae
749 1994 876 2032 terrae.
906 1994 946 2029 et
975 1989 1088 2034 mari,
1120 1989 1216 2042 quia
1243 1989 1453 2030 descendit
1481 1989 1666 2030 diabolus
1696 1989 1748 2029 ad
1776 2002 1860 2037 vos,
1890 1989 2045 2030 habens
2074 1989 2175 2030 iram

260 2062 463 2102 magnam,
495 2048 621 2089 sciens
653 2048 763 2101 quod
792 2047 998 2088 modicum
1028 2054 1191 2101 tempus
1221 2048 1357 2089 habet.

367 2110 397 2131 ¹³³
430 2107 483 2147 Et
516 2113 736 2160 postquam
770 2106 874 2147 vidit
905 2106 1027 2147 draco
1060 2106 1170 2160 quod
1203 2107 1406 2159 proiectus
1438 2113 1543 2147 esset
1575 2107 1614 2147 in
1648 2113 1811 2155 terram,
1846 2112 2082 2160 persecutus
2115 2112 2176 2148 est

261 2165 481 2209 mulierem.
507 2179 596 2219 quae
619 2165 776 2218 peperit
798 2164 1043 2206 masculum:
1095 2167 1126 2189 ¹¹
1149 2170 1190 2206 et
1212 2165 1320 2206 datae
1342 2172 1438 2206 sunt
1461 2165 1617 2205 mulieri
1641 2165 1714 2206 alae
1736 2165 1827 2206 duae
1849 2165 1996 2219 aquilae
2017 2179 2177 2219 magnae

261 2231 306 2265 ut
323 2225 477 2265 volaret
495 2224 534 2265 111
552 2224 757 2265 desertum
774 2224 964 2265 inlocum
981 2237 1112 2270 ε1111111,
1136 2224 1205 2264 ubi
1222 2223 1345 2265 alitur
1358 2236 1431 2277 per
1447 2230 1608 2278 tempus
1625 2230 1666 2265 et
1683 2231 1880 2277 tempora,
1903 2230 1944 2265 et
1960 2224 2175 2265 dimidium

262 2283 454 2337 temporis
482 2297 505 2323 a
530 2283 632 2324 facie
657 2283 866 2336 serpentis.
923 2285 953 2306 ¹⁵
980 2283 1035 2324 Et
1061 2283 1172 2324 misit
1197 2296 1359 2336 serpens
1386 2296 1435 2323 ex
1462 2297 1527 2324 ore
1554 2297 1626 2324 suo
1651 2288 1746 2336 post
1772 2283 1994 2333 mulierem,
2022 2296 2174 2337 aquam

260 2350 473 2396 tamquam
501 2342 665 2386 flumen,
695 2348 741 2383 ut
768 2355 857 2382 eam
884 2343 1036 2383 faceret
1065 2342 1170 2383 trahi
1199 2356 1222 2382 a
1249 2341 1425 2383 flumine.
1483 2344 1517 2366 ¹⁶
1544 2342 1598 2384 Et
1627 2341 1787 2383 adiuvit
1814 2348 1923 2383 terra
1949 2341 2172 2386 mulierem.

258 2410 297 2443 et
322 2401 481 2455 aperuit
506 2408 612 2442 terra
636 2415 677 2442 os
701 2414 833 2450 suum,
858 2407 897 2442 et
922 2400 1133 2442 absorbuit
1158 2400 1321 2446 1111111011,
1348 2401 1457 2454 quod
1481 2401 1591 2442 misit
1615 2401 1737 2442 draco
1760 2401 1809 2441 (10
1833 2414 1899 2441 010
1922 2414 2006 2442 suo.
2060 2403 2093 2425 ¹⁷
2119 2400 2175 2442 Et

258 2461 384 2501 iratus
410 2468 471 2501 est
495 2460 616 2501 draeo
642 2460 680 2501 in
706 2459 933 2500 mulierem:
961 2466 1000 2500 et
1026 2459 1127 2501 abiit
1152 2460 1282 2501 faeere
1308 2460 1491 2512 praelium
1516 2473 1609 2501 eum
1634 2459 1796 2513 reliquis
1822 2460 1871 2500 de
1896 2459 2047 2500 semine
2073 2459 2170 2505 eius,

258 2519 325 2573 qui
358 2519 597 2560 custodiunt
629 2519 827 2559 mandata
858 2519 946 2563 Dei,
980 2525 1021 2559 et
1052 2519 1207 2560 habent
1240 2519 1520 2560 testimonium
1561 2519 1646 2559 lesu
1679 2518 1839 2559 Christi.
1902 2521 1935 2543 ¹⁸
1967 2518 2023 2560 Et
2054 2518 2174 2560 stetit

257 2592 380 2631 supra
410 2592 574 2618 arenam
606 2578 737 2619 maris.

724 2683 759 2721 3.
793 2681 904 2722 Duae
935 2682 1095 2722 bestiae
1126 2682 1447 2732 ascendentes,
1476 2682 1543 2732 13,
1564 2682 1710 2721 1—18.

369 2753 426 2796 13.
484 2756 495 2777 ¹
527 2753 582 2794 Et
618 2753 698 2793 vidi
734 2753 782 2793 de
817 2754 918 2794 mari
953 2753 1126 2794 bestiam
1161 2753 1462 2799 ascendentem,
1498 2753 1720 2794 habentem
1754 2753 1892 2806 capita
1925 2758 2095 2806 septem,
2132 2760 2174 2794 et

260 2825 411 2851 cornua
433 2812 584 2860 decem,
609 2818 650 2853 et
672 2825 792 2865 super
814 2826 966 2853 cornua
988 2812 1071 2853 eius
1095 2813 1233 2853 decem
1257 2812 1505 2857 diademata,
1531 2818 1571 2853 et
1594 2825 1714 2865 super
1736 2812 1874 2865 capita
1896 2812 1979 2852 eius
2002 2812 2172 2852 1101111113

262 2870 531 2923 blasphemiae.
586 2873 600 2895 ²
626 2870 679 2911 Et
706 2870 847 2919 bestia,
876 2885 998 2925 quam
1026 2871 1120 2916 vidi,
1148 2871 1287 2912 similis
1313 2877 1400 2912 erat
1424 2871 1564 2923 pardo,
1592 2876 1633 2912 et
1662 2871 1782 2923 pedes
1808 2871 1891 2911 eius
1917 2870 2023 2912 sicut
2047 2870 2171 2924 pedes

261 2929 352 2975 ursi,
384 2936 421 2969 et
453 2943 493 2968 os
523 2930 605 2969 eius
635 2930 739 2971 sieut
768 2943 809 2971 os
838 2930 974 2971 leonis.
1011 2930 1059 2971 Et
1089 2930 1202 2971 dedit
1231 2930 1284 2970 illi
1314 2930 1435 2971 draeo
1465 2930 1661 2971 virtutem
1690 2943 1818 2978 suam,
1849 2935 1890 2970 et
1918 2935 2170 2982 potestatem

261 3001 462 3041 magnam.
520 2991 535 3011 ³
569 2989 617 3029 Et
649 2989 728 3029 vidi
762 3003 886 3029 unum
917 2989 965 3029 (10
995 2988 1196 3042 capitibus
1227 2989 1306 3029 suis
1338 2989 1450 3042 quasi
1482 2988 1657 3029 oecisum
1688 2988 1725 3028 in
1757 2994 1949 3029 mortem:
1981 2994 2022 3029 et
2050 2988 2173 3041 plaga

261 3047 400 3086 mortis
417 3046 499 3086 eius
516 3054 654 3087 curata
672 3054 743 3088 est.
765 3048 816 3088 Et
833 3048 1037 3089 admirata
1051 3054 1110 3089 est
1128 3047 1316 3088 universa
1333 3054 1440 3089 terra
1454 3053 1545 3101 post
1562 3047 1747 3088 bestiam.
1791 3049 1806 3071 ⁴
1822 3047 1875 3088 Et
1892 3047 2170 3088 adoraverunt

260 3106 488 3151 draconem,
524 3105 589 3158 qui
624 3106 734 3146 (ledit
769 3112 1013 3159 potestatem
1048 3106 1204 3147 bestiae:
1238 3112 1279 3147 et
1310 3106 1585 3147 adoraverunt
1618 3105 1803 3151 bestiam,
1838 3106 2036 3147 dicentes:
2071 3104 2169 3153 Quis

260 3164 397 3203 similis
429 3163 592 3204 bestiae?
624 3171 660 3203 01
694 3165 781 3217 quis
812 3165 963 3218 poterit
993 3178 1173 3219 pugnare
1202 3179 1292 3205 cum
1325 3165 1395 3205 ea?

367 3224 381 3245 ⁵
413 3222 461 3263 Et
489 3222 632 3262 datum
661 3230 721 3263 est
747 3224 778 3263 01
808 3238 849 3263 οε
878 3224 1044 3277 loquens
1073 3237 1232 3277 magna,
1261 3231 1296 3264 et
1329 3223 1619 3276 blasphemias:
1648 3229 1689 3264 et
1715 3223 1814 3264 data
1840 3229 1901 3264 est
1927 3222 1961 3263 ei
1988 3227 2171 3275 potestas

262 3282 392 3321 facere
419 3294 573 3321 menses
600 3281 869 3333 quadraginta
897 3283 1009 3324 duos.
1066 3285 1081 3306 ⁶
1106 3283 1161 3323 Et
1186 3282 1345 3335 aperuit
1371 3296 1412 3322 os
1438 3295 1556 3323 suum
1581 3282 1621 3322 111
1650 3282 1921 3335 blasphemias
1946 3281 1998 3321 ad
2022 3281 2169 3329 Deum,

264 3339 543 3392 blasphemare
568 3353 715 3380 nomen
739 3340 834 3383 eius.
861 3348 897 3381 et
926 3341 1234 3382 tabernaculum
1259 3341 1355 3387 eius,
1381 3348 1421 3381 et
1445 3354 1522 3389 eos,
1550 3341 1617 3394 qui
1642 3341 1681 3381 111
1706 3340 1801 3381 caelo
1824 3339 2028 3380 habitant.
2077 3341 2090 3363 ⁷
2115 3339 2171 3380 Et

262 3404 323 3439 est
350 3398 492 3439 datum
523 3398 573 3437 illi
604 3398 750 3438 bellum
782 3399 909 3438 130010
938 3413 1028 3439 cum
1057 3400 1219 3449 sanctis,
1249 3406 1289 3440 et
1318 3399 1475 3440 vincere
1503 3414 1580 3440 eos.
1612 3399 1663 3440 Et
1692 3399 1791 3440 data
1817 3404 1878 3439 est
1904 3397 1957 3438 illi
1987 3403 2170 3451 potestas
