2356 3760
244 551 654 640 RATIO
720 553 1130 644 HUIUS
1194 555 1878 644 EDITIONIS.

973 706 1037 713 ww
1040 708 1119 715 ‘xnsv
1124 709 1167 717 »A

214 777 419 818 Disseram
455 777 503 817 de
537 777 742 831 principiis
777 779 875 819 meis
910 780 1070 827 criticis,
1107 780 1155 821 de
1191 780 1482 834 orthographia
1515 786 1556 821 et
1589 780 1929 833 interpunctione,
1966 781 2014 822 de
2032 785 2106 845 ‘1³5⁵‘
2128 792 2188 845 pff·

112 835 444 888 dispositionibus
465 835 601 889 logicis
625 842 665 877 et
686 837 956 890 parallelismo
978 838 1253 879 membrorum
1276 845 1316 880 et
1339 839 1445 880 notis
1468 839 1695 893 exegeticis,
1719 839 1768 879 de
1791 839 2014 892 appendice
2043 828 2094 846 '¹²ss
2111 828 2148 845 ³¹¹
2172 828 2204 845 ω’

110 894 330 934 lectionum
368 894 711 935 Clementinarum
751 901 875 949 atque
913 896 1207 938 Hebraicarum
1246 902 1287 938 et
1324 898 1556 939 Graecarum
1595 897 1926 950 discrepantium,
1967 898 2016 939 de

110 952 305 993 relatione
334 952 558 993 editionum
587 953 875 1006 OEnipontanae
904 960 944 996 et
974 955 1295 997 Ratisbonensis.

215 1027 251 1066 1.
277 1022 314 1062 D
334 1035 353 1062 e
392 1035 418 1075 p
437 1021 526 1062 rin
545 1035 563 1062 c
582 1022 593 1062 i
610 1036 636 1076 p
654 1023 665 1063 i
683 1023 694 1063 i
713 1037 729 1064 s
770 1037 810 1064 m
828 1037 848 1064 e
866 1024 877 1064 i
895 1038 911 1064 s
952 1038 972 1064 c
989 1025 1035 1065 ri
1055 1030 1070 1065 t
1089 1025 1099 1065 i
1118 1026 1213 1066 cis.
1267 1025 1472 1078 Principia
1496 1039 1588 1066 mea
1612 1025 1764 1074 critica,
1792 1025 2014 1066 secundum
2047 1027 2193 1057 Principia

2028 1063 2129 1087 critica
2142 1070 2208 1087 enu-

112 1094 200 1134 quae
230 1081 449 1122 editionem
478 1080 799 1134 OEnipontanam
830 1088 871 1123 et
902 1083 1242 1125 Ratisbonensem
1272 1084 1520 1133 elucubravi,
1552 1084 1765 1138 sequentia
1794 1089 1907 1124 sunt:
2036 1100 2196 1127 meramnum

214 1164 274 1198 „a
302 1150 377 1190 Illa
396 1150 515 1191 lectio
539 1156 599 1192 est
621 1165 713 1192 vere
737 1152 930 1199 officialis,
956 1166 1080 1206 quam
1102 1154 1388 1194 correctorium
1413 1154 1645 1194 Romanum
1669 1154 1799 1201 offert,
1825 1153 2011 1206 quamvis

110 1209 150 1249 in
169 1222 252 1249 una
269 1214 433 1250 tantum
453 1209 629 1250 editione
648 1210 811 1263 publica
829 1211 893 1251 vel
911 1211 1035 1252 etiam
1054 1212 1095 1252 in
1114 1212 1225 1252 nulla
1243 1212 1496 1258 exhibeatur,
1518 1212 1613 1265 quia
1630 1212 1706 1252 hoc
1726 1211 2011 1252 correctorium

111 1267 357 1308 auctoritate
385 1268 542 1308 Summi
571 1268 780 1309 Pontificis
810 1270 1082 1322 compositum
1112 1271 1212 1312 est.“

213 1336 277 1384 ,‚b.
313 1336 385 1376 Illa
415 1337 534 1377 lectio
565 1343 626 1378 est
655 1351 748 1378 vere
779 1338 973 1388 officialis,
1007 1352 1129 1392 quam
1161 1345 1241 1380 tres
1273 1339 1469 1380 editiones
1500 1339 1671 1393 publicae
1701 1339 1907 1389 exhibent,
1940 1339 2016 1380 nisi

109 1395 324 1436 manifeste
354 1396 659 1449 typographicae
687 1396 851 1437 incuriae
880 1397 1148 1438 adscribenda
1177 1398 1269 1440 sit.“

213 1479 272 1513 „c.
307 1465 381 1505 Illa
408 1465 528 1506 lectio
559 1472 619 1506 est
649 1479 741 1506 vere
772 1466 967 1515 officialis,
1000 1481 1123 1520 quam
1154 1468 1243 1509 duae
1274 1467 1469 1509 editiones
1500 1467 1671 1521 publicae
1702 1467 1908 1517 exhibent,
1940 1467 2016 1508 nisi

109 1523 324 1564 manifeste
354 1524 658 1577 typographicae
687 1525 850 1566 incuriae
880 1525 1148 1567 adscribenda
1177 1526 1268 1568 sit.“

214 1593 277 1641 ‚,d.
312 1592 386 1633 Illa
416 1592 535 1633 lectio
568 1599 629 1634 est
661 1607 754 1635 vere
787 1594 981 1643 officialis,
1016 1608 1139 1648 quam
1173 1608 1255 1635 una
1287 1600 1451 1636 tantum
1484 1596 1608 1636 editio
1641 1595 1804 1648 publica
1836 1594 2014 1645 exhibet,

110 1651 142 1692 si
170 1652 376 1693 variantes
404 1652 651 1705 reliquarum
679 1653 894 1694 manifeste
923 1666 1097 1695 erroneae
1125 1654 1261 1695 sunt.“

214 1735 272 1769 ,‚e.
306 1721 381 1762 Illa
409 1734 570 1775 quoque
598 1722 716 1763 lectio
745 1737 837 1764 vere
867 1723 1048 1764 officialis
1077 1724 1155 1765 dici
1183 1728 1331 1776 potest,
1363 1737 1451 1777 quae
1479 1729 1646 1777 propter
1672 1724 1869 1764 incuriam
1898 1730 2017 1776 typo-

108 1779 344 1833 graphicam
373 1780 414 1821 in
443 1780 554 1821 nulla
583 1781 746 1834 quidem
776 1782 952 1823 editione
981 1783 1235 1824 Clementina
1262 1784 1410 1836 (neque
1439 1783 1479 1823 in
1509 1782 1766 1836 correctorio)
1794 1782 2014 1831 invenitur,

111 1838 180 1879 sed
210 1851 233 1879 a
262 1844 459 1880 contextu
488 1840 703 1881 manifeste
732 1841 1004 1894 postulatur.“

214 1908 463 1961 Principium
490 1910 726 1959 secundum,
755 1916 961 1964 quartum,
991 1911 1181 1964 quintum
1209 1924 1346 1952 omnes
1373 1916 1617 1965 agnoscunt;
1646 1910 1694 1951 de
1721 1910 1850 1962 primo
1877 1914 2016 1949 autem

112 1966 307 2020 principio
343 1967 405 2007 vir
440 1968 606 2020 quidam
642 1968 878 2017 affirmavit,
915 1970 1201 2010 correctorium
1238 1970 1471 2010 Romanum
1506 1969 1659 2009 nullam
1694 1968 1842 2008 habere
1878 1973 2017 2007 aucto·

110 2025 275 2066 ritatem
305 2025 518 2067 officialem
546 2026 718 2080 ideoque
746 2040 872 2068 novas
900 2027 1092 2068 lectiones
1120 2028 1309 2069 inducere
1336 2041 1418 2068 non
1445 2041 1573 2081 posse.
1632 2027 1714 2067 Nos
1742 2026 1872 2067 tribus
1902 2038 2017 2079 argu-

110 2084 258 2125 mentis
288 2084 536 2124 contrarium
567 2085 799 2138 probamus.

214 2147 350 2188 Primo
391 2148 555 2201 quidem
595 2150 881 2190 correctorium
923 2150 1169 2199 Romanum,
1211 2150 1342 2190 tertiae
1382 2149 1549 2190 editioni
1589 2149 1806 2197 insertum,
1853 2160 1934 2188 non
1974 2147 2015 2187 in
2036 2148 2204 2173 ⁶0rrss01015·

2096 2191 2145 2208 UH]

112 2206 258 2260 angulo
289 2206 467 2259 quodam
498 2207 639 2248 abdito
669 2208 737 2248 sed
767 2208 806 2248 in
836 2208 923 2249 loco
953 2208 1147 2249 eminenti
1177 2208 1410 2256 collocatur,
1442 2208 1631 2249 videlicet
1659 2206 1894 2247 immediate
1924 2211 2016 2259 post
2037 2219 2204 2258 Romanum

112 2265 447 2305 constitutionem
466 2265 683 2307 Clementis
701 2266 838 2308 VIH.:
859 2280 947 2320 quae
964 2267 1112 2320 positio
1131 2267 1211 2307 iam
1230 2280 1301 2320 per
1317 2280 1357 2307 se
1374 2267 1541 2316 indicat,
1561 2265 1848 2307 correctorium
1866 2265 2017 2306 sciente
2058 2256 2184 2314 Ἓξξὲξζ·

112 2336 157 2363 ac
175 2323 375 2376 probante
393 2323 561 2364 Summo
579 2324 777 2366 Pontifice
795 2325 1034 2378 impressum
1054 2326 1187 2366 fuisse.
1208 2350 1257 2354 ——
1275 2325 1474 2374 Secundo,
1495 2330 1590 2366 ante
1607 2324 1729 2365 libros
1748 2323 2016 2377 apocryphos,
2044 2325 2198 2385 Οΐξζέζῐξυ]

112 2381 241 2422 tribus
279 2382 525 2423 editionibus
556 2382 816 2424 Clementinis
854 2384 1046 2431 adiectos,
1086 2384 1218 2424 brevis
1255 2384 1340 2425 haec
1376 2384 1585 2436 inscriptio
1623 2383 1786 2436 legitur:
1830 2382 2017 2430 a‚,0rati0
2165 2380 2171 2390 ⁷

111 2440 310 2489 Manasse,
339 2453 496 2481 necnon
524 2441 633 2482 Libri
662 2442 754 2489 duo,
786 2442 854 2496 qui
882 2442 957 2483 sub
984 2442 1075 2483 libri
1103 2442 1227 2483 Tertii
1255 2448 1296 2484 et
1319 2442 1464 2490 Quarti
1492 2442 1631 2482 Esdrae
1659 2441 1822 2482 nomine
1850 2440 2019 2481 circum-

112 2498 309 2547 feruntur,
332 2533 338 2539 .
361 2533 368 2539 .
391 2533 398 2539 .
419 2499 460 2539 in
480 2499 682 2552 aliquibus
702 2500 842 2541 Bibliis
862 2501 1018 2541 Latinis
1037 2506 1122 2542 tam
1142 2501 1429 2554 manuscriptis
1450 2513 1573 2554 quam
1592 2499 1795 2553 impressis
1814 2499 2019 2552 reperiun-

113 2557 215 2598 tur“.
273 2557 587 2610 Autographum
616 2558 734 2599 huius
763 2565 871 2600 notae
899 2559 1119 2612 exemplari
1148 2560 1288 2612 primae
1316 2559 1505 2600 editionis
1534 2558 1808 2607 Clementinae,
1840 2557 1950 2610 quod
1978 2557 2019 2597 in

113 2615 361 2656 bibliotheca
380 2616 574 2669 Angelica
593 2617 656 2669 (B.
682 2618 742 2658 18.
765 2618 833 2671 3*)
863 2624 1106 2665 asservatur,
1137 2618 1310 2659 infixum
1332 2624 1405 2667 est,
1436 2618 1477 2658 in
1499 2617 1611 2658 cuius
1633 2616 1813 2670 margine
1833 2615 2020 2656 inferiore

114 2674 165 2714 ad
194 2674 399 2714 sinistram
429 2674 594 2728 legitur:
632 2675 773 2723 „Vidit
802 2677 911 2718 smus
943 2682 984 2717 et
1013 2676 1201 2729 probat.“
1260 2676 1366 2717 Hinc
1397 2675 1692 2717 concludimus:
1733 2675 1765 2715 si
1794 2680 1894 2715 nota
1933 2679 2019 2714 tam

113 2732 228 2785 parvi
257 2733 455 2774 momenti
485 2739 580 2775 ante
608 2730 913 2787 impressionem
942 2735 1111 2776 Summo
1140 2734 1330 2775 Pontifici
1358 2740 1590 2776 monstrata
1618 2739 1659 2774 et
1688 2733 1739 2773 ab
1769 2746 1814 2773 eo
1844 2732 2022 2786 probata

113 2796 192 2840 est3
223 2796 379 2844 quanto
407 2792 535 2845 magis
564 2793 850 2834 correctorium
881 2793 1127 2842 Romanum,
1158 2806 1238 2847 quo
1266 2806 1383 2834 novae
1410 2793 1602 2834 lectiones
1630 2791 1893 2839 inducuntur,
1924 2796 2020 2831 ante

112 2849 417 2903 impressionem
450 2850 574 2904 Papae
606 2852 825 2893 monstrari
859 2856 900 2893 et
934 2851 985 2892 ab
1020 2865 1065 2893 eo
1099 2851 1263 2905 probari
1297 2851 1463 2892 debuit?
1527 2851 1573 2891 In
1608 2849 1831 2903 appendice
1865 2849 2018 2898 critica,

112 2908 335 2961 praesertim
353 2908 459 2949 circa
474 2908 595 2950 finem
614 2909 710 2959 eius,
729 2911 865 2951 videre
881 2910 1046 2963 poteris,
1064 2910 1326 2951 Franciscum
1344 2910 1532 2950 Toletum
1549 2915 1590 2950 et
1606 2908 1807 2962 Angelum
1826 2908 2017 2955 Roccam,

117 2966 283 3020 bquibus
311 2966 493 3008 Clemens
520 2967 636 3009 VIII.
667 2969 1006 3018 emendationem,
1034 2969 1353 3022 impressionem,
1382 2968 1672 3009 correctionem
1699 2966 1885 3019 Vulgatae
1912 2978 2020 3006 com-

112 3025 290 3074 miserat,
323 3025 504 3067 omnium
534 3026 681 3067 virium
711 3027 973 3069 contentione
1001 3026 1219 3077 laborasse,
1250 3032 1297 3068 ut
1325 3026 1517 3068 lectiones
1548 3025 1747 3079 quasdam
1777 3024 1853 3065 sibi
1883 3023 2019 3076 displi-

114 3089 249 3124 centes
269 3088 316 3123 ut
337 3097 487 3125 errores
507 3086 824 3139 typographicos
845 3086 1112 3135 eliminarent,
1135 3085 1205 3127 sed
1225 3090 1396 3126 conatus
1417 3098 1555 3126 eorum
1576 3097 1658 3125 non
1678 3083 1800 3124 fuisse
1821 3082 2018 3131 efficaces,

113 3142 385 3183 mutationem
418 3148 557 3184 textus
590 3143 712 3185 fuisse
744 3144 997 3198 impeditam.
1058 3144 1100 3185 Si
1132 3157 1225 3198 ergo
1257 3144 1298 3184 in
1331 3143 1572 3184 correctorio
1606 3141 1793 3196 quaedam
1825 3141 2019 3181 lectiones

114 3200 237 3241 trium
257 3200 483 3241 editionum
503 3201 846 3244 Clementinarum
865 3207 1111 3245 revocantur
1130 3208 1170 3244 et
1188 3202 1275 3243 loco
1295 3215 1434 3243 earum
1453 3214 1570 3242 novae
1588 3200 1851 3248 inducuntur,
1872 3198 2020 3239 inferre

115 3258 320 3307 debemus,
355 3272 587 3312 supremam
620 3262 909 3303 auctoritatem
941 3261 1003 3301 his
1036 3260 1352 3302 correctionibus
1386 3273 1466 3300 non
1500 3259 1746 3300 contrariam
1778 3257 1913 3305 fuisse,
1948 3255 2019 3297 sed

115 3330 181 3358 eas
210 3316 474 3370 approbasse:
505 3318 685 3371 alioquin
712 3321 774 3361 uti
801 3321 935 3374 plures
963 3319 1051 3360 aliae
1079 3332 1160 3360 non
1188 3319 1392 3373 impressae
1420 3318 1603 3367 fuissent,
1634 3317 1703 3358 sed
1731 3314 2020 3369 manuscriptae

114 3394 221 3446 ἠδ
247 3394 471 3465 Videas-pag.
499 3420 584 3454 1209
608 3421 709 3454 huius
734 3423 852 3466 operis.

203 3467 221 3492 b
248 3466 407 3501 Conferas
432 3477 507 3512 quae
530 3468 629 3509 inira,
655 3479 730 3513 pag.
757 3468 828 3508 VL,
853 3472 938 3504 nota
958 3469 972 3503 f
995 3472 1188 3504 narrantur.
