2356 3760
167 145 220 183 12,
244 143 362 183 4—13‚
388 143 430 176 10
803 142 867 176 AD
893 141 1179 177 CORINTHIOS
1205 141 1431 177 SECUNDA
1967 145 2061 186 1131

166 235 311 283 nescio,
340 236 450 277 Deus
478 235 570 277 scit:
625 238 639 260 ⁴
667 235 860 289 quoniam
887 240 1029 288 raptus
1056 240 1118 277 est
1143 235 1184 276 in
1210 236 1469 277 Paradisum:
1499 240 1540 276 et
1566 235 1725 276 audivit
1752 250 1900 277 arcana
1926 238 2062 287 verba,

167 307 255 347 quae
272 308 352 336 non
370 295 463 336 lic-et
479 294 632 336 homini
648 293 769 347 loqui.
814 295 829 317 ⁵
845 293 924 334 Pro
940 294 1171 335 huiusmodi
1187 294 1408 347 gloriabor:
1426 307 1498 348 pro
1514 307 1579 335 me
1595 300 1733 335 autem
1749 295 1849 335 nihil
1863 295 2066 349 gloriabor

166 352 240 393 nisi
259 353 298 393 in
315 353 622 394 infinnitatibus
638 352 747 393 meis.
795 354 811 375 ⁶
828 352 944 397 Nam,
964 358 1004 393 et
1020 352 1051 393 si
1069 352 1234 395 voluero
1249 352 1423 407 gloriari,
1441 366 1522 394 non
1539 366 1606 394 ero
1621 353 1830 406 insipiens:
1850 354 2064 395 veritatem

166 411 272 452 enim
299 412 451 453 dicam:
479 425 601 465 parco
627 416 776 459 autem,
805 423 854 451 ne
881 410 970 464 quis
996 425 1060 451 me
1086 411 1293 452 existimet
1318 425 1440 464 supra
1465 411 1517 459 id,
1548 412 1656 465 quod
1683 411 1796 453 videt
1821 412 1860 451 in
1888 426 1962 456 me,
1992 418 2066 453 aut

166 470 320 524 aliquid
346 470 462 512 audit
488 484 538 511 ex
562 483 638 511 me.

272 541 285 563 ⁷
313 539 368 580 Et
394 553 443 581 ne
469 539 708 593 magnitudo
734 538 1030 580 revelationum
1057 538 1231 581 extollat
1256 553 1330 585 me,
1360 540 1481 580 datus
1507 545 1569 580 est
1594 539 1692 580 mihi
1720 539 1907 581 stimulus
1934 540 2088 583 earnis⁴
2115 551 2209 604 fi⁰umt

165 611 264 638 meae
295 599 459 651 angelus
492 604 655 645 satanae,
691 596 759 650 qui
790 611 854 639 me
886 597 1124 651 colaphizet.
1187 600 1202 621 ⁸
1233 598 1406 651 Propter
1437 599 1547 652 quod
1578 604 1639 639 ter
1670 598 1893 640 Dominum
1925 599 2061 652 rogavi
2080 586 2259 654 {fini-”3232

165 662 213 697 ut
227 656 451 698 discederet
466 670 491 697 a
504 670 585 697 me:
632 658 647 680 ⁹
663 661 704 696 et
719 655 824 697 dixit
838 656 955 697 mihi:
973 656 1134 697 Sufficit
1150 656 1223 697 tibi
1239 657 1372 709 gratia
1386 670 1493 697 mea:
1511 670 1606 697 nam
1624 656 1753 698 virtus
1768 657 1808 697 in
1826 657 2064 698 infirmitate
2083 650 2256 715 poffffisssssst,

165 715 382 768 perficitur.
406 715 596 756 Libenter
616 714 738 768 igitur
756 715 959 768 gloriabor
978 715 1019 755 in
1039 715 1347 757 infirmitatibus
1367 715 1476 764 meis,
1500 721 1546 756 ut
1566 715 1770 757 inhabitet
1789 716 1829 756 in
1849 730 1913 757 me
1935 716 2064 757 virtus

165 774 323 815 Christi.
385 776 420 799 ¹⁰
449 774 622 826 Propter
653 773 763 827 quod
795 774 934 826 placeo
965 774 1064 815 mihi
1095 773 1135 814 in
1168 773 1475 815 infirmitatibus
1507 774 1617 820 meis,
1651 774 1691 814 in
1725 774 1991 823 contumeliis,
2025 774 2067 814 in

164 832 485 882 necessitatibus,
509 832 549 872 in
583 832 979 886 persequutionibus,
1005 833 1046 873 in
1073 833 1270 887 angustiis
1298 846 1372 886 pro
1393 832 1569 874 Christo:
1607 832 1707 874 Cum
1736 833 1842 874 enim
1872 833 2064 881 infirmor,

165 897 263 932 tunc
291 897 434 945 potens
462 904 562 932 sum.

535 996 572 1036 5.
602 995 798 1046 Propter
827 996 1144 1038 necessitatem
1176 995 1415 1047 gloriatur,
1444 996 1510 1045 12,
1529 996 1701 1036 11-18.

270 1067 298 1089 11
319 1065 351 1105 F
354 1071 469 1105 actus
490 1078 578 1105 suni
600 1064 801 1118 insipiens,
818 1079 890 1107 vos
910 1080 974 1107 me
994 1066 1191 1119 coegistis.
1214 1066 1301 1120 Ego
1321 1066 1427 1106 enim
1449 1079 1473 1106 a
1492 1065 1607 1107 vobis
1628 1065 1749 1107 debui
1769 1065 2062 1107 commendari:
2100 1068 2241 1094 Corinthii

164 1124 263 1164 nihil
291 1124 396 1164 enim
424 1123 558 1164 minus
585 1123 642 1164 fui
671 1125 722 1165 ab
750 1124 808 1173 iis,
839 1125 907 1179 qui
935 1131 1032 1166 sunt
1058 1138 1181 1178 supra
1207 1125 1374 1166 modum
1402 1124 1607 1178 Apostoli:
1638 1124 1802 1165 tametsi
1830 1124 1927 1164 nihil
1956 1137 2063 1165 sum:
2098 1111 2242 1164 cossffiim-

164 1185 195 1206 ¹2
221 1182 335 1235 signa
360 1188 496 1223 tamen
524 1183 792 1235 Apostolatus
818 1183 895 1225 mei
922 1184 1033 1224 facta
1057 1189 1152 1224 sunt
1179 1197 1298 1237 super
1323 1197 1395 1224 vos
1420 1183 1461 1223 in
1489 1183 1597 1224 omni
1623 1183 1834 1236 patientia,
1862 1182 1902 1223 in
1929 1182 2062 1236 signis.
2087 1175 2263 1240 assossst‘gflffm

164 1247 205 1281 et
234 1240 437 1294 prodigiis,
471 1247 512 1282 et
542 1241 775 1283 virtutibus.
836 1245 867 1267 ¹3
897 1243 1004 1291 Quid
1035 1248 1096 1283 est
1126 1242 1244 1288 enim,
1279 1242 1388 1296 quod
1418 1241 1551 1282 minus
1582 1241 1781 1283 habuistis
1811 1255 1893 1295 prae
1924 1241 2065 1283 ceteris

163 1299 363 1342 Ecclesiis.
394 1299 470 1340 nisi
500 1301 609 1354 quod
638 1314 712 1354 ego
740 1301 824 1354 ipse
852 1315 933 1342 non
963 1300 1132 1354 gravavi
1162 1301 1258 1341 vos?
1314 1301 1478 1341 Donate
1506 1300 1604 1341 mihi
1635 1301 1739 1341 hanc
1768 1300 1967 1341 iniuriam.

268 1371 299 1393 ¹⁴
318 1369 421 1409 Ecce
441 1369 562 1410 tertio
579 1370 655 1411 hoc
673 1376 840 1424 paratus
859 1384 947 1411 sum
968 1370 1103 1411 venire
1122 1371 1173 1411 ad
1192 1384 1282 1412 vos:
1303 1376 1344 1411 et
1361 1383 1442 1411 non
1461 1383 1528 1411 ero
1546 1370 1679 1423 gravis
1699 1370 1825 1411 vobis.
1848 1370 1939 1410 Non
1958 1369 2064 1410 enim
2079 1378 2150 1431 gfff}
2164 1371 2262 1431 iffijffg-

164 1441 299 1482 quaero
331 1441 420 1481 quae
451 1434 587 1468 vestra
617 1434 724 1473 sunt,
756 1429 825 1469 sed
857 1443 940 1470 vos.
975 1429 1057 1469 Nec
1089 1429 1195 1469 enim
1228 1429 1379 1469 debent
1408 1428 1478 1468 filii
1508 1428 1748 1481 parentibus
1780 1427 2063 1477 thesaurizare,
2111 1422 2230 1467 inore-111.

165 1487 234 1527 sed
263 1491 450 1539 parentes
480 1485 580 1526 filiis.
640 1488 669 1511 ¹5
699 1486 785 1540 Ego
814 1493 951 1528 autem
980 1486 1246 1528 libentissime
1274 1487 1522 1541 impendam,
1553 1492 1595 1528 et
1622 1487 1956 1540 superimpendar
1984 1486 2067 1539 ipse

164 1559 237 1598 pro
262 1544 477 1585 animabus
503 1544 665 1585 vestris:
693 1545 787 1586 licet
812 1546 901 1599 plus
928 1560 999 1587 vos
1026 1546 1206 1599 diligens,
1234 1546 1368 1586 minus
1394 1545 1547 1599 diligar.
1602 1547 1637 1570 ¹⁶
1661 1546 1739 1587 Sed
1766 1551 1870 1587 esto:
1898 1558 1970 1598 ego
1996 1558 2069 1586 vos

166 1616 246 1644 non
265 1602 451 1656 gravavi:
471 1603 540 1644 sed
558 1617 649 1644 cum
668 1618 793 1645 essem
813 1610 986 1653 astutus,
1007 1605 1101 1646 dolo
1118 1618 1190 1645 vos
1209 1604 1306 1658 cepi.
1354 1606 1387 1628 ¹⁷
1406 1604 1615 1658 Numquid
1634 1618 1704 1658 per
1721 1604 1896 1658 aliquem
1915 1617 2066 1653 eorum,

164 1675 265 1716 quos
293 1661 383 1702 misi
414 1661 466 1702 ad
496 1676 580 1709 VOS,
612 1662 857 1704 circumveni
888 1664 985 1704 vos?
1044 1666 1077 1688 ¹⁸
1109 1663 1265 1717 Rogavi
1296 1663 1446 1711 Titum,
1479 1668 1520 1704 et
1548 1663 1637 1703 misi
1668 1677 1759 1704 cum
1789 1663 1857 1704 illo
1886 1663 2065 1704 fratrem.

164 1720 374 1774 Numquid
395 1720 511 1761 Titus
533 1734 605 1762 vos
626 1721 917 1763 circumvenit?
940 1736 1074 1764 nonne
1095 1723 1236 1763 eodem
1259 1722 1402 1775 spiritu
1424 1721 1750 1763 ambulavimus?
1772 1735 1906 1763 nonne
1926 1721 2067 1762 iisdem

164 1778 368 1833 vestigiis?

743 1875 1038 1941 EpiloguS,
1078 1875 1155 1937 12,
1182 1874 1394 1936 19a13,
1421 1874 1497 1925 13.

601 1963 639 2002 1.
669 1960 943 2004 monitiones
974 1963 1264 2016 opportunae,
1291 1963 1358 2014 12,
1378 1964 1551 2015 19-13,
1570 1965 1636 2004 10.

268 2032 302 2054 ¹⁹
320 2030 425 2071 Olim
444 2030 601 2084 putatis
620 2033 729 2085 quod
748 2046 984 2074 excusemus
1003 2047 1075 2075 nos
1094 2035 1204 2088 apud
1222 2034 1318 2076 vos?
1339 2034 1484 2076 Coram
1502 2035 1589 2076 Deo
1607 2035 1647 2075 in
1666 2035 1826 2077 Christo
1842 2035 2064 2090 loquimur:
2104 2040 2168 2065 Non
2204 2040 2241 2064 ad

165 2089 302 2130 onmia
328 2095 465 2130 autem
495 2089 716 2131 charissimi
745 2098 910 2145 propter
936 2092 1246 2134 {edificationem
1276 2100 1465 2134 vestram.
1522 2096 1558 2118 2⁰
1585 2094 1723 2136 Timeo
1751 2094 1856 2135 enim
1885 2108 1934 2135 ne
1961 2075 2265 2136 10110ζιζὲιῗιῖῗ11113ὲἓ

164 2162 255 2189 cum
281 2161 440 2195 venero,
468 2161 549 2189 non
576 2149 714 2202 quales
740 2150 844 2194 volo.
871 2151 1077 2192 inveniam
1103 2165 1194 2192 vos:
1222 2157 1263 2193 et
1288 2165 1359 2205 ego
1386 2152 1570 2193 inveniar
1593 2166 1617 2193 a
1642 2153 1769 2203 vobis,
1799 2153 1959 2207 qualem
1985 2167 2066 2195 11011
2081 2146 2264 2207 ξζζζζῗξξζ

163 2206 306 2248 vultis:
329 2220 378 2247 ne
399 2207 504 2247 forte
526 2209 820 2258 contentiones,
843 2209 1135 2260 aernulationes,
1159 2210 1452 2260 animositates,
1477 2211 1755 2261 dissensiones,
1780 2212 2066 2259 detractiones,
2257 2201 2262 2211 ⁵

164 2265 471 2314 susurrationes,
509 2265 750 2314 inflationes,
787 2267 1005 2309 seditiones
1040 2269 1122 2310 sint
1155 2269 1262 2310 inter
1294 2283 1384 2311 vos:
1447 2272 1477 2294 ²¹
1514 2284 1563 2310 ne
1596 2270 1743 2311 iterum
1779 2284 1871 2312 cum
1907 2285 2066 2318 venero,

164 2324 351 2365 humiliet
380 2338 444 2365 me
473 2325 584 2366 Deus
615 2326 724 2378 apud
756 2339 840 2375 vos,
873 2332 914 2368 et
943 2327 1103 2380 lugeam
1133 2327 1285 2369 multos
1315 2342 1364 2368 ex
1394 2328 1452 2378 iis,
1486 2329 1554 2382 qui
1585 2334 1680 2370 ante
1711 2336 1994 2382 peccaverunt,
2028 2336 2069 2371 et

164 2396 244 2422 non
270 2388 438 2436 egerunt
462 2383 747 2436 poenitentiam
772 2398 892 2438 super
915 2384 1188 2436 immunditia,
1215 2392 1257 2428 et
1279 2386 1559 2437 fornicatione,
1586 2393 1628 2429 et
1650 2387 1917 2441 impudicitia,
1945 2402 2068 2442 quam

163 2447 384 2494 gesserunt.

268 2510 331 2554 13.
388 2513 399 2535 ¹
430 2511 534 2552 Ecce
555 2512 676 2554 tertio
697 2514 775 2555 hoc
796 2514 914 2555 venio
936 2515 988 2556 ad
1010 2528 1101 2556 vos:
1130 2516 1197 2556 aIn
1220 2529 1286 2557 ore
1308 2517 1494 2565 duorum,
1519 2515 1582 2557 vel
1604 2516 1727 2557 trium
1750 2517 1917 2558 testium
1939 2516 2066 2558 stabit
2105 2518 2165 2548 ¹1¹³ss
2186 2518 2238 2542 ¹¹¹¹·

165 2583 283 2611 omne
313 2570 494 2611 verbum.
553 2572 568 2595 ²
597 2571 783 2622 Praedixi,
815 2579 857 2614 et
885 2573 1071 2627 praedico.
1104 2580 1151 2615 ut
1178 2587 1365 2628 praesens,
1398 2580 1439 2616 et
1468 2588 1576 2616 nunc
1605 2576 1749 2616 absens
1779 2575 1837 2625 iis,
1871 2575 1939 2629 qui
1969 2554 2261 2629 3111091ῗὲῗέἓῖ1ῗ

163 2635 448 2681 peccaverunt,
480 2634 522 2670 et
551 2630 691 2672 ceteris
723 2632 922 2682 omnibus,
956 2633 1147 2686 quoniam
1179 2632 1210 2674 si
1242 2647 1389 2675 venero
1419 2633 1578 2683 iterum,
1610 2647 1691 2675 non
1722 2647 1898 2687 parcam.
1956 2637 1972 2658 3
2001 2625 2274 2674 An⁰t⁰³⁵t¹g²¹b¹¹‘

165 2687 487 2740 experimentum
508 2688 687 2742 quaeritis
703 2690 798 2737 eius,
819 2691 887 2744 qui
903 2691 943 2731 in
960 2705 1024 2732 me
1040 2691 1222 2745 loquitur
1237 2692 1431 2742 Christus,
1452 2692 1576 2746 quiin
1594 2692 1709 2733 vobis
1725 2706 1807 2734 non
1824 2692 2067 2741 infirmatur,

165 2746 235 2786 sed
252 2750 397 2799 potens
415 2752 476 2788 est
492 2747 532 2787 in
551 2747 692 2789 vobis?
736 2751 751 2773 4
770 2749 875 2790 Nam
893 2749 969 2791 etsi
986 2750 1201 2792 crucifixus
1219 2756 1280 2792 est
1296 2765 1346 2792 ex
1362 2751 1619 2792 infirmitate:
1639 2752 1708 2792 sed
1725 2751 1831 2792 vivit
1847 2765 1896 2792 ex
1914 2751 2067 2792 virtute

164 2803 251 2845 Dei.
276 2804 382 2845 Nam
403 2810 445 2846 et
463 2818 538 2846 nos
558 2805 707 2847 infirmi
728 2821 866 2849 sumus
887 2808 927 2849 in
948 2808 1034 2850 illo:
1058 2809 1128 2850 sed
1149 2809 1334 2851 vivemus
1355 2823 1447 2851 cum
1468 2823 1514 2851 eo
1535 2823 1584 2850 ex
1605 2809 1759 2850 virtute
1779 2809 1855 2850 Dei
1875 2809 1916 2864 in
1938 2809 2066 2851 vobis.

164 2864 179 2886 ⁵
194 2862 473 2917 Vosmetipsos
488 2869 647 2906 tentate
662 2865 693 2906 si
709 2866 803 2907 estis
818 2867 858 2907 in
874 2867 970 2908 fide:
987 2867 1062 2921 ipsi
1077 2881 1151 2909 vos
1165 2869 1348 2921 probate.
1365 2868 1429 2909 An
1444 2881 1526 2909 non
1542 2868 1783 2921 cognoscitis
1799 2868 2070 2923 vosmetipsos

167 2921 263 2974 quia
291 2921 472 2964 Christus
505 2923 614 2964 Iesus
644 2923 685 2964 in
716 2925 833 2967 vobis
863 2926 948 2967 est?
994 2926 1069 2967 nisi
1098 2926 1204 2968 forte
1234 2926 1393 2980 reprobi
1424 2927 1530 2968 estis.
1591 2928 1607 2951 ⁶
1635 2927 1761 2980 Spero
1790 2932 1928 2969 autem
1960 2927 2068 2981 quod

166 2980 427 3032 cognoscetis,
462 2981 558 3035 quia
587 2995 659 3024 nos
691 2997 773 3025 non
805 2998 943 3026 sumus
974 2985 1146 3039 reprobi.

272 3051 286 3073 ⁷
310 3049 483 3091 Oramus
506 3056 644 3092 autem
666 3052 800 3094 Deum
824 3059 871 3095 ut
892 3054 992 3095 nihil
1014 3054 1110 3095 mali
1133 3054 1303 3104 faciatis,
1328 3068 1411 3096 non
1434 3060 1481 3095 ut
1503 3067 1576 3095 nos
1599 3054 1762 3107 probati
1785 3068 2064 3109 appareamus.
2087 3060 2258 3085 emendatos

166 3108 234 3149 sed
257 3113 304 3148 ut
324 3121 396 3149 vos
419 3109 528 3162 quod
550 3110 703 3151 bonum
724 3117 786 3153 est
806 3111 983 3154 faciatis:
1006 3126 1079 3155 nos
1101 3119 1239 3155 autem
1261 3119 1308 3154 ut
1327 3113 1488 3166 reprobi
1509 3112 1645 3154 simus.
1697 3115 1713 3137 ⁸
1735 3114 1827 3155 Non
1849 3113 1955 3154 enim
1976 3127 2066 3166 pos·
2100 3102 2246 3161 Ἔζῗῄὲἕῃ

167 3179 306 3207 sumus
332 3165 486 3220 aliquid
512 3168 706 3210 adversus
733 3170 961 3221 veritatem,
989 3172 1060 3213 sed
1084 3185 1158 3225 pro
1183 3171 1368 3213 veritate.
1425 3174 1441 3196 ⁹
1466 3171 1701 3213 Gaudemus
1727 3172 1845 3218 enim,
1874 3171 2067 3226 quoniam

166 3238 240 3266 nos
260 3224 409 3266 infirmi
430 3239 580 3276 sumus,
604 3241 676 3268 vos
696 3234 835 3270 autem
855 3235 1044 3283 potentes
1065 3230 1172 3272 estis.
1197 3230 1285 3272 Hoc
1305 3235 1347 3271 et
1367 3243 1529 3271 oramus
1550 3235 1729 3272 vestram
1750 3230 2066 3272 consummatio-

167 3296 272 3325 nem.
319 3285 355 3308 ¹⁰
373 3283 470 3325 Ideo
487 3284 572 3326 haeo
590 3286 734 3328 absens
752 3287 894 3337 scribo,
915 3294 962 3329 ut
979 3302 1061 3330 non
1079 3302 1253 3342 praesens
1271 3289 1410 3330 durius
1428 3301 1546 3342 agam
1564 3290 1785 3330 secundum
1804 3293 2065 3342 potestatem,

169 3354 290 3394 quam
318 3342 518 3383 Dominus
546 3343 659 3385 dedit
684 3345 783 3386 mihi
810 3346 850 3387 in
878 3347 1201 3396 aedificationem,
1231 3352 1272 3388 et
1297 3361 1379 3389 non
1407 3347 1447 3388 in
1475 3347 1806 3389 destructionem.

302 3460 353 3502 13,
379 3463 397 3496 1
423 3462 492 3497 aDt
517 3463 568 3503 19,
595 3464 651 3505 153
677 3465 730 3498 Mt
755 3465 806 3506 18,
832 3466 888 3507 16;
916 3467 954 3500 Io
978 3467 1009 3508 8,
1036 3469 1091 3508 17;
1120 3467 1194 3500 Hbr
1219 3467 1270 3507 10,
1296 3468 1347 3502 28.
