2356 3760
134 95 187 127 14.
212 94 354 132 2545,
382 93 421 126 15
952 92 1217 128 sAefflN'rffl
1951 106 2029 147 615

135 189 167 211 ‘³⁵
188 196 228 227 et
263 187 402 228 omnia
435 188 650 228 commista
682 193 790 229 sunt.
826 186 1001 239 sanguis,
1046 186 1320 232 homicidium,
1357 188 1511 229 furtum
1546 196 1584 231 et
1620 192 1738 234 fictio.
1826 199 2027 251 corruptio

395 252 437 287 et
475 245 703 291 infidelitas,
745 244 928 285 turbatio
968 249 1009 285 et
1048 245 1278 297 periurium.
1389 247 1590 289 tumultus
1632 250 1840 300 bonorum,
1881 257 1916 279 2⁶
1954 257 2029 297 Dei

396 303 706 351 immemoratio,

187 362 415 403 animarum
447 361 688 415 inquinatio.
721 361 952 402 nativitatis
976 361 1222 403 immutatio.
1298 364 1533 416 nuptiarum
1563 366 1848 415 inconstantia,
1885 370 2030 412 inordi-

396 421 508 461 natio
538 419 722 460 moeehiae
750 424 792 460 et
820 419 1095 473 impudicitiae.

134 481 168 503 2⁷
189 480 456 520 Infandorum
482 478 588 519 enim
612 477 813 519 idolorum
843 478 1014 527 cultura,
1095 478 1224 519 omnis
1249 480 1344 520 mali
1369 493 1491 521 causa
1515 486 1586 525 est.
1614 488 1653 523 et
1678 484 1837 525 initium
1864 491 1903 526 et
1928 486 2029 528 finis.

134 540 169 562 '³²³
186 538 272 578 Aut
297 538 404 578 enim
432 538 529 577 dum
556 536 760 583 laetantur,
789 536 1017 577 insaniunt:
1058 542 1130 578 aut
1157 542 1263 578 certe
1290 538 1568 581 vaticinantur
1593 541 1705 582 falsa.
1788 548 1860 584 aut
1886 544 2033 585 vivunt

395 596 554 639 iniuste.
586 600 659 635 aut
686 595 872 648 peierant
899 595 992 636 cito.

134 656 170 678 *⁹
186 655 296 695 Dum
323 654 430 695 enim
456 653 669 695 confidunt
693 654 734 694 in
769 653 897 702 idoh‘s,
927 667 1017 707 quae
1042 654 1125 694 sine
1152 653 1290 695 anima
1314 660 1420 696 sunt.
1501 657 1606 697 male
1631 657 1808 699 iurantes
1835 661 1966 701 noceri
1992 675 2032 702 se

395 726 476 754 non
505 719 683 766 sperant.

133 773 171 795 ³⁰
188 772 374 825 Utraque
393 783 486 825 ergo
505 770 581 811 illis
601 771 792 812 evenient
810 771 940 825 digne.
1017 771 1210 824 quoniam
1229 771 1335 813 male
1354 778 1567 814 senserunt
1586 774 1635 814 de
1654 774 1753 817 Deo.
1776 777 2033 818 attendentes

394 829 523 878 idolis,
607 834 649 870 et
677 830 917 871 iuraverunt
945 830 1105 878 iniuste,
1137 830 1178 870 in
1207 830 1300 871 dolo
1330 836 1637 873 contemnentes
1666 833 1878 877 iustitiam.

133 891 165 913 ³³1
187 889 279 929 Non
316 888 423 929 enim
460 888 686 929 iuratorum
723 888 865 937 virtus,
956 889 1028 929 sed
1070 889 1329 942 peccantium
1376 903 1499 943 poena
1586 892 1844 944 perambulat
1880 906 2035 947 semper

394 947 639 989 iniustorum
667 947 1057 1001 praevaricationem.

137 1053 199 1095 15.
254 1055 267 1076 1
300 1052 360 1093 Tu
392 1056 531 1093 autem
562 1052 673 1093 Deus
705 1057 853 1099 noster,
887 1051 1023 1093 suavis
1055 1059 1096 1092 et
1127 1065 1244 1093 verus
1277 1066 1329 1100 33,
1414 1053 1585 1106 patiens,
1619 1059 1660 1095 et
1690 1055 1731 1095 in
1762 1054 2031 1097 misericordia

396 1111 613 1164 disponens
643 1110 790 1152 onmia.

155 1173 170 1193 '-'
187 1169 351 1210 Etenim
382 1169 414 1210 si
442 1169 756 1223 peccaverimus
789 1170 850 1210 tui
878 1183 1029 1216 sumus,
1055 1170 1226 1211 scientes
1255 1169 1578 1223 magnitudinem
1609 1174 1743 1211 tuam:
1826 1178 1866 1213 et
1894 1172 1926 1213 si
1955 1186 2035 1214 non

396 1228 710 1281 peccaverimus,
741 1228 890 1269 scimus
919 1228 1112 1281 quoniam
1142 1228 1253 1281 apud
1281 1233 1322 1269 te
1351 1240 1489 1268 sumus
1519 1230 1758 1282 computati.

154 1289 171 1311 ³
188 1288 315 1328 Nosse
340 1287 448 1328 enim
474 1292 526 1335 te,
548 1291 834 1328 consummata
858 1286 1015 1328 iustitia
1033 1291 1112 1327 est:
1192 1291 1234 1326 et
1258 1286 1356 1327 scire
1381 1285 1592 1336 iustitiam,
1620 1292 1662 1328 et
1687 1287 1881 1329 virtutem
1907 1294 2034 1333 1113111,

396 1345 514 1386 radix
542 1351 603 1386 est
631 1344 966 1386 immortalitatis.

160 1405 281 1446 ἓΝοη
305 1404 411 1445 enim
435 1405 477 1445 in
495 1416 669 1444 errorem
692 1403 858 1444 induxit
874 1416 947 1444 nos
969 1402 1181 1444 hominum
1206 1402 1323 1443 malae
1347 1403 1445 1444 artis
1469 1403 1727 1457 excogitatio,
1798 1418 1870 1445 nec
1893 1405 2038 1445 umbra

397 1463 566 1516 picturae
594 1462 710 1503 labor
739 1461 823 1502 sine
852 1461 1002 1510 fructu,
1086 1461 1237 1516 effigies
1267 1461 1428 1515 sculpta
1457 1474 1527 1515 per
1556 1462 1689 1503 varios
1720 1462 1882 1511 colores,

154 1522 300 1563 ⁵cuius
336 1525 525 1575 aspectus
559 1521 766 1561 insensato
802 1520 876 1561 dat
919 1520 1303 1573 concupiscentiam,
1408 1525 1449 1561 et
1483 1520 1614 1571 diligit
1647 1526 1819 1562 mortuae
1853 1521 2039 1575 imaginis

396 1579 570 1633 effigiem
600 1579 684 1620 sine
714 1579 862 1620 anima.

154 1642 169 1662 ἦ
187 1638 387 1680 Malorum
420 1643 634 1683 amatores,
669 1638 780 1691 digni
810 1642 908 1678 sunt
935 1638 1003 1691 qui
1034 1650 1148 1691 spem
1179 1637 1358 1679 habeant
1390 1638 1431 1678 in
1463 1637 1625 1685 talibus,
1711 1642 1752 1678 et
1783 1638 1851 1691 qui
1881 1638 2039 1679 faciunt

396 1697 495 1743 illos,
527 1702 570 1738 et
599 1696 668 1750 qui
697 1696 882 1749 diligunt,
915 1702 957 1737 et
986 1696 1055 1750 qui
1085 1695 1236 1739 colunt.

154 1805 168 1825 ⁷
185 1804 284 1844 used
307 1808 349 1843 et
371 1801 517 1856 figulus
540 1801 702 1842 mollem
726 1808 876 1842 terram
895 1814 1081 1855 premens
1156 1801 1353 1842 laboriose
1376 1800 1494 1854 fingit
1516 1801 1567 1842 ad
1592 1814 1686 1842 usus
1709 1807 1868 1842 nostros
1893 1814 2036 1842 unum-

397 1861 588 1914 quodque
617 1871 701 1909 vas,

187 1926 229 1961 et
255 1921 303 1961 de
332 1920 473 1960 eodem
510 1918 598 1959 luto
637 1918 755 1972 fingit
835 1931 925 1972 quae
950 1918 1106 1959 munda
1142 1923 1239 1958 sunt
1265 1918 1305 1958 in
1333 1930 1451 1958 usum
1479 1931 1588 1960 vasa.
1671 1922 1713 1958 et
1739 1918 1920 1959 similiter
1947 1931 2037 1972 quae

396 1978 458 2019 his
487 1982 584 2018 sunt
612 1977 834 2018 contraria:

186 2038 331 2078 horum
362 2041 501 2077 autem
530 2048 721 2076 vasorum
753 2036 841 2089 quis
870 2034 924 2076 sit
952 2048 1059 2080 usus,
1142 2035 1266 2075 iudex
1293 2040 1355 2075 331
1383 2034 1541 2088 figulus

155 2100 170 2120 ²⁴
187 2096 244 2138 Et
269 2109 362 2137 cum
388 2095 525 2136 labore
546 2107 652 2136 vano
680 2095 802 2135 deum
826 2094 944 2147 fingit
969 2094 1019 2134 de
1045 2093 1187 2134 eodem
1212 2092 1319 2134 luto:
1399 2092 1463 2133 ille
1491 2093 1559 2147 qui
1584 2092 1706 2147 paulo
1733 2098 1829 2134 ante
1855 2094 1904 2134 (13
1930 2098 2039 2134 terra

395 2154 529 2195 factus
558 2153 704 2196 fuerat.

187 2220 228 2254 et
264 2218 359 2268 post
396 2211 588 2267 pusillum
616 2211 775 2253 reducit
812 2224 852 2252 se
890 2211 998 2252 unde
1035 2214 1226 2265 acceptus
1264 2215 1336 2252 est.
1436 2210 1632 2263 repetitus
1671 2209 1816 2251 animae
1852 2210 2036 2251 debitum

398 2284 521 2326 quam
547 2271 742 2312 habebat.

154 2332 267 2373 ⁹Sed
294 2343 392 2372 cura
419 2336 480 2372 331
507 2329 574 2379 1111,
605 2343 687 2371 11011
712 2329 809 2383 quia
834 2328 1094 2370 laboraturus
1123 2332 1194 2373 est,
1279 2340 1352 2368 nec
1381 2327 1573 2381 quoniam
1603 2327 1734 2368 brevis
1763 2326 1817 2367 illi
1847 2327 1934 2367 vita
1961 2331 2033 2372 est,

187 2390 259 2431 sed
277 2394 537 2431 concertatur
558 2388 790 2430 aurificibus
817 2393 859 2429 et
882 2385 1137 2441 argentariis:
1204 2387 1274 2427 sed
1297 2391 1339 2427 31
1361 2385 1520 2427 aerarios
1541 2385 1738 2429 imitatur,
1809 2390 1850 2426 et
1867 2384 2033 2438 gloriam

396 2448 571 2502 praefert,
603 2447 797 2502 quoniam
825 2459 887 2487 res
917 2458 1189 2500 supervacuas
1218 2444 1346 2498 fingit.

137 2511 172 2533 Μ)
187 2507 295 2549 Cinis
313 2512 376 2548 331
393 2506 500 2547 3111111
520 2518 588 2548 cor
605 2505 700 2555 eius,
774 2510 816 2546 et
834 2511 942 2546 terra
959 2516 1215 2559 supervacua
1230 2517 1321 2557 spes
1339 2503 1455 2551 illius,
1528 2508 1569 2543 et
1586 2502 1673 2544 luto
1692 2501 1809 2543 vilior
1827 2502 1915 2542 vita
1932 2501 2032 2542 eius:

136 2569 167 2591 1¹
188 2566 382 2620 quoniam
407 2565 612 2620 ignoravit
638 2565 707 2618 qui
732 2577 773 2605 se
798 2564 929 2611 finxit.¹
1010 2568 1052 2605 et
1077 2563 1146 2617 qui
1177 2562 1392 2616 inspiravit
1416 2561 1471 2602 illi
1497 2561 1688 2605 animam,
1718 2574 1806 2614 quae
1832 2565 2032 2613 operatur.

397 2630 439 2666 et
468 2624 537 2678 qui
565 2623 793 2665 insufflavit
821 2624 856 2664 ei
884 2622 1073 2676 spiritum
1102 2621 1282 2662 vitalem.

136 2688 168 2709 ¹2
187 2685 265 2725 Sed
300 2690 343 2725 et
375 2683 685 2736 {estimaverunt
717 2681 852 2723 lusum
896 2695 981 2722 esse
1015 2681 1145 2722 vitam
1179 2684 1374 2727 nostram,
1478 2684 1519 2719 et
1553 2677 1899 2719 conversationem
1940 2676 2035 2717 vitae

396 2741 665 2796 compositam
696 2740 749 2782 ad
775 2740 945 2788 lucrum,
1042 2745 1083 2779 et
1123 2744 1309 2793 oportere
1350 2737 1633 2790 undecumque
1674 2736 1795 2776 etiam
1838 2748 1887 2775 ex
1927 2734 2033 2775 malo

398 2801 614 2854 acquirere.

136 2863 168 2885 ¹³
188 2860 266 2901 Hic
291 2859 399 2900 enim
425 2859 502 2900 scit
526 2872 566 2900 se
600 2871 721 2912 super
745 2871 884 2899 omnes
911 2857 1153 2910 delinquere.
1236 2856 1304 2909 qui
1330 2869 1379 2896 ex
1405 2860 1520 2895 terrae
1545 2852 1717 2893 materia
1741 2851 1899 2905 fragilia
1923 2865 2033 2894 vasa.

397 2922 439 2959 et
467 2917 671 2971 sculptilia
699 2916 827 2970 fingit.

137 2980 168 3002 ¹4
188 2978 338 3017 Omnes
360 2976 467 3017 enim
488 2976 736 3030 insipientes,
760 2980 801 3015 et
822 2975 999 3016 infelices
1021 2987 1144 3028 supra
1164 2973 1331 3015 modum
1355 2971 1499 3012 anima»
1520 2969 1692 3023 superbi.
1769 2973 1866 3009 sunt
1885 2968 2035 3009 inimici

397 3034 537 3089 populi
565 3034 638 3083 tui,
670 3039 712 3075 et
739 3034 987 3087 imperantes
1016 3033 1089 3073 illi:

136 3097 166 3119 15
188 3095 381 3148 quoniam
409 3093 547 3135 onmia
571 3093 680 3134 idola
705 3092 920 3134 nationum
953 3092 1048 3133 deos
1075 3090 1392 3132 aestimaverunt.
1478 3087 1644 3140 bquibus
1670 3099 1801 3140 neque
1828 3085 2035 3127 oculorum

397 3165 493 3194 usus
522 3156 584 3192 est
613 3151 665 3192 ad
693 3151 929 3199 videndum,

188 3225 318 3266 neque
349 3224 465 3252 nares
497 3211 549 3252 ad
579 3209 884 3264 percipiendum
915 3209 1114 3263 spiritum.
1200 3219 1330 3259 neque
1361 3217 1476 3246 aures
1507 3204 1559 3244 ad
1590 3203 1849 3245 audiendum.

188 3284 319 3324 neque
368 3269 485 3324 digiti
531 3281 730 3309 manuum
789 3269 841 3309 ad
898 3267 1174 3309 tractandum.
1278 3264 1347 3305 sed
1392 3268 1433 3303 et
1480 3263 1602 3316 pedes
1650 3274 1788 3302 eorum
1838 3260 1935 3314 pigri
1983 3258 2033 3298 ad

399 3327 707 3369 ambula-ndum.

272 3433 322 3473 15,
351 3434 366 3464 ἴ
393 3432 502 3465 aRom
527 3432 558 3471 9,
584 3433 634 3465 21.
664 3453 703 3455 ⁷—
729 3434 771 3466 15
796 3433 858 3466 st
884 3432 957 3465 113.
983 3432 1017 3469 ὃς
1046 3430 1119 3465 134.
1146 3428 1195 3461 16.

2077 1058 2199 1084 deiectio

2052 1094 2090 1118 ab
2106 1094 2223 1120 iustitia.

2102 1808 2178 1827 error

2047 1837 2234 1863 voluntarius.
