2356 3760
91 106 144 148 20,
169 105 289 147 3—20,
314 105 358 140 26
852 102 1257 136 PARALIPOMENON
1923 111 2000 151 383

195 202 211 225 ³
231 199 428 253 Iosaphat
446 203 585 239 autem
604 197 749 238 timore
767 195 1019 249 perterritus.
1040 200 1176 237 totum
1195 209 1236 236 se
1254 195 1429 237 contulit
1448 197 1499 236 ad
1517 198 1743 249 rogandum
1761 201 1996 251 Dominum,
2035 201 2175 241 ¹0⁸³P¹³³¹

93 264 134 300 et
152 258 394 312 praedieavit
411 257 605 298 ieiunium
624 254 813 295 universo
835 254 948 295 Iuda.
995 256 1011 278 4
1029 254 1387 307 Congregatusque
1406 259 1467 294 est
1488 254 1610 295 Iudas
1629 256 1681 296 ad
1700 257 1997 310 deprecandum
2027 237 2183 299 133333,„

93 318 338 359 Dominum:
359 317 429 358 sed
449 320 490 356 et
509 326 649 355 omnes
667 313 717 353 de
736 312 906 353 urbibus
925 313 1007 352 suis
1027 319 1228 354 venerunt
1247 314 1299 353 ad
1319 313 1614 354 obsecrandum
1634 326 1737 355 eum.
1786 318 1800 339 5
1820 317 2000 371 Cumque

94 376 276 418 stetisset
300 374 497 428 Iosaphat
518 372 559 412 in
582 371 715 412 medio
739 375 849 412 coetu
875 371 989 419 Iuda,
1015 376 1056 411 et
1080 371 1311 420 Ierusalem,
1336 371 1377 411 in
1399 371 1520 412 domo
1543 372 1710 412 Domini
1733 378 1828 414 ante
1852 376 1999 416 atrium

93 449 261 484 novum,
317 437 332 459 ⁶
355 433 431 474 ait:
456 430 632 472 Domine
655 430 766 471 Deus
790 434 956 483 patrum
980 435 1227 478 nostrorum,
1253 434 1298 470 tu
1323 442 1362 469 es
1386 430 1496 470 Deus
1520 430 1560 470 in
1585 430 1691 477 caelo,
1718 436 1759 472 et
1783 432 2002 473 dominaris

95 494 252 536 cunctis
276 491 409 545 regnis
433 489 641 537 Gentium,
669 488 711 529 in
735 502 860 529 manu
886 492 961 528 tua
985 493 1046 528 est
1070 488 1271 529 fortitudo
1298 493 1339 529 et
1363 489 1560 541 potentia,
1588 502 1661 529 nec
1687 490 1901 543 quisquam
1927 492 2001 532 tibi

95 558 232 608 potest
264 550 460 591 resistere.
526 550 541 572 ⁷
576 548 722 588 Nonne
756 552 802 588 tu
836 548 947 588 Deus
982 553 1120 588 noster
1153 546 1389 587 interfecisti
1427 560 1566 587 omnes
1600 547 1852 589 habitatores
1886 554 2003 590 terrae

94 612 214 653 huius
236 622 373 651 coram
395 606 547 662 populo
570 611 641 647 tuo
668 606 802 654 Israel,
828 610 869 647 et
891 606 1039 647 dedisti
1062 619 1151 646 eam
1175 605 1317 646 semini
1340 605 1548 645 Abraham
1573 606 1690 646 amici
1713 607 1773 647 tui
1795 608 1835 647 in
1859 608 2003 661 sempi-

94 668 282 711 ternum?
347 669 362 692 ⁸
396 666 785 718 Habitaveruntque
818 665 858 705 in
893 677 950 711 ea,
987 670 1028 706 et
1060 668 1333 705 extruxerunt
1366 664 1406 704 in
1440 663 1508 704 illa
1540 665 1817 705 sanemarium
1851 667 2003 707 nomini

95 733 181 775 tuo,
208 728 407 769 dicentes:
462 727 477 750 ⁹
501 725 543 766 Si
566 724 758 765 irruerint
781 736 902 777 super
925 736 997 764 nos
1022 723 1142 771 mala,
1169 723 1327 777 gladius
1352 722 1500 767 iudicii,
1526 722 1771 775 pestilentia,
1799 729 1839 764 et
1863 725 2001 770 fames,

96 787 300 828 stabimus
326 797 461 826 coram
488 784 610 824 domo
637 783 713 823 hac
738 783 780 823 in
807 787 1027 835 conspectu
1054 789 1139 828 tuo,
1168 782 1209 823 in
1237 794 1319 835 qua
1343 781 1581 822 invocatum
1607 786 1669 821 est
1694 794 1841 822 nomen
1868 787 2003 823 tuum:

96 851 138 887 et
172 844 439 886 clamabimus
473 843 525 883 ad
559 846 600 883 te
634 842 675 882 in
711 840 1046 882 tribulationibus
1079 841 1240 884 nostris.
1292 844 1333 880 et
1366 839 1569 881 exaudies
1621 839 1836 893 salvosque
1872 841 2003 881 facies.

97 907 134 929 ¹⁰
158 904 276 945 Nunc
299 903 424 956 igitur
447 914 537 942 6666
561 900 631 941 filii
655 901 845 945 Ammon,
872 905 913 940 et
937 901 1071 945 Moab,
1098 905 1140 940 et
1162 912 1280 940 mons
1304 899 1400 947 Seir,
1433 911 1521 951 aper
1546 911 1646 951 quos
1669 912 1750 939 non
1776 900 2006 939 concessisti

99 962 223 1003 Israel
252 968 300 1003 ut
328 961 551 1002 transirent
581 960 746 1013 quando
776 959 1090 1012 egrediebantur
1117 959 1167 999 de
1197 958 1389 1012 AEgypto,
1420 958 1490 998 sed
1520 957 1829 998 declinaverunt
1858 958 1909 998 ab
1938 958 2004 1003 eis,

98 1027 140 1063 et
155 1035 238 1063 non
254 1021 547 1062 interfecerunt
563 1018 669 1059 illos:
716 1020 747 1042 ¹¹
764 1018 991 1059 econtrario
1009 1023 1148 1071 agunt,
1169 1022 1209 1058 et
1225 1018 1416 1057 nituntur
1432 1016 1572 1056 eiicere
1588 1029 1660 1057 nos
1678 1017 1727 1057 de
1744 1016 2005 1069 possessione,

99 1094 223 1135 quam
252 1079 459 1121 tradidisti
486 1078 615 1119 nobis.
672 1079 704 1102 12
730 1077 842 1118 Deus
870 1082 1019 1123 noster,
1049 1089 1141 1130 ergo
1170 1090 1251 1117 non
1279 1075 1477 1116 iudicabis
1504 1075 1594 1115 eos?
1626 1075 1672 1115 In
1700 1075 1815 1116 nobis
1844 1075 2007 1129 quidem

98 1153 181 1181 non
210 1144 272 1180 est
300 1143 421 1179 tanta
447 1137 662 1181 fortitudo,
693 1140 741 1176 ut
768 1136 970 1189 possimus
998 1136 1091 1176 huic
1118 1135 1374 1176 multitudini
1402 1134 1597 1181 resistere,
1630 1147 1718 1187 quae
1746 1134 1863 1174 irruit
1890 1146 2009 1187 super

99 1211 184 1240 nos.
220 1198 299 1239 Sed
331 1210 423 1238 cum
455 1197 687 1249 ignoremus
720 1195 819 1248 quid
851 1207 967 1248 agere
999 1195 1233 1242 debeamus,
1267 1194 1343 1234 hoc
1375 1192 1505 1233 solum
1539 1192 1735 1232 habemus
1768 1193 1928 1239 residui,
1962 1197 2009 1233 ut

100 1257 239 1299 oculos
265 1261 426 1298 nostros
455 1255 677 1308 dirigamus
705 1254 756 1295 ad
785 1259 836 1295 te.
894 1256 926 1278 13
954 1253 1096 1295 01111113
1124 1266 1219 1293 vero
1250 1252 1354 1293 Iuda
1381 1251 1521 1291 stabat
1549 1263 1683 1291 coram
1712 1251 1888 1291 Domino
1917 1264 2008 1291 eum

100 1316 293 1370 parvulis.
326 1321 367 1356 et
395 1314 602 1358 uxoribus,
635 1318 676 1353 et
704 1312 838 1353 liberis
867 1312 960 1353 suis

206 1387 238 1410 ¹4
263 1385 364 1426 Erat
389 1389 526 1425 autem
554 1382 728 1424 Iahaziel
753 1382 858 1422 filius
882 1381 1097 1424 Zachariae,
1124 1381 1194 1422 filii
1221 1381 1397 1426 Banaiae,
1424 1380 1493 1420 filii
1520 1379 1654 1424 Iehiel,
1682 1379 1750 1420 filii
1776 1380 2007 1427 Mathaniae,
2054 1382 2179 1441 {2¹12ss3}

101 1445 264 1485 Levites
294 1444 343 1485 de
373 1443 462 1483 filiis
492 1441 644 1494 Asaph,
676 1453 798 1494 super
827 1453 947 1494 quem
977 1441 1111 1480 factus
1141 1445 1202 1481 est
1231 1440 1406 1493 Spiritus
1436 1439 1601 1480 Domini
1632 1439 1672 1479 in
1702 1439 1835 1479 medio
1866 1439 2007 1487 turbae,
2040 1432 2193 1477 victoriam

102 1505 134 1528 ¹⁵
162 1508 203 1543 et
232 1502 307 1542 ait:
338 1501 553 1542 Attendite
582 1500 713 1541 omnis
745 1499 858 1545 Iuda,
890 1504 932 1540 et
961 1499 1029 1553 qui
1057 1499 1257 1539 habitatis
1288 1497 1518 1542 Ierusalem,
1550 1504 1591 1538 et
1620 1503 1664 1538 tu
1694 1510 1763 1538 rex
1796 1497 2008 1551 Iosaphat:
2037 1488 2196 1553 ,‚,.¹,{¹,³,}'{¹,¹,¹},;

103 1561 200 1602 Haec
231 1561 330 1602 dicit
360 1560 561 1601 Dominus
592 1559 727 1600 vobis:
762 1557 896 1599 Nolite
928 1558 1081 1605 timere,
1115 1571 1188 1598 nec
1218 1558 1403 1611 paveatis
1434 1557 1540 1597 hanc
1570 1557 1896 1597 multitudinem:
1929 1570 2009 1597 non

102 1626 164 1661 est
192 1620 299 1660 eninr
329 1624 467 1660 vestra
494 1631 643 1673 pugna,
674 1618 744 1658 sed
772 1618 860 1658 Dei.
919 1619 953 1641 ¹⁶
981 1617 1078 1658 Cras
1106 1617 1358 1658 descendetis
1388 1623 1531 1657 contra
1559 1629 1643 1657 eos:
1674 1616 1877 1656 ascensuri
1906 1615 2012 1655 enim

102 1684 199 1720 sunt
217 1691 289 1733 per
307 1678 458 1719 clivum
477 1677 641 1718 nomine
660 1677 733 1726 Sis,
755 1680 797 1717 et
816 1676 1032 1717 invenietis
1050 1675 1139 1717 illos
1158 1677 1198 1717 in
1218 1676 1457 1716 summitate
1476 1675 1680 1722 torrentis,
1703 1674 1771 1728 qui
1791 1680 1851 1714 est
1871 1679 2014 1715 contra

103 1737 364 1779 solitudinem
390 1736 530 1778 Ieruel.
582 1738 616 1760 ¹⁷
641 1736 731 1777 Non
755 1736 866 1776 eritis
888 1748 961 1777 vos
984 1735 1052 1789 qui
1075 1735 1334 1783 dimicabitis,
1358 1735 1428 1775 sed
1450 1734 1739 1774 tantummodo
1763 1733 2014 1774 confidenter

105 1802 225 1847 state,
250 1802 291 1838 et
314 1796 506 1838 videbitis
529 1794 727 1836 auxilium
750 1794 916 1836 Domini
939 1807 1060 1848 super
1083 1807 1167 1843 vos,
1193 1807 1215 1835 0
1242 1794 1355 1836 Iuda.
1382 1799 1422 1834 et
1448 1792 1684 1834 Ierusalem:
1709 1792 1834 1833 nolite
1858 1792 2011 1840 timere,

104 1869 177 1897 nec
203 1856 408 1910 paveatis:
439 1868 526 1896 cras
555 1853 815 1907 egrediemini
844 1858 988 1894 contra
1015 1866 1093 1899 eos,
1125 1858 1166 1894 et
1193 1853 1395 1893 Dominus
1423 1851 1498 1892 erit
1528 1852 1750 1893 vobiscum.

208 1928 243 1951 ¹⁸
275 1926 472 1979 Iosaphat
502 1938 607 1975 ergo,
640 1930 681 1965 et
713 1925 826 1966 Iuda.
860 1928 901 1964 et
930 1936 1071 1964 omnes
1100 1923 1354 1964 habitatores
1388 1921 1603 1963 Ierusalem
1635 1922 1868 1962 ceciderunt
1897 1920 2012 1974 proni
2051 1924 2186 1984 “gffilffissss

103 1986 145 2027 in
174 1990 324 2026 terram
352 1998 489 2026 coram
517 1984 707 2029 Domino,
738 1988 779 2024 et
807 1983 1084 2023 adoraverunt
1113 1996 1217 2023 eum.
1276 1984 1310 2006 ¹⁹
1337 1982 1462 2023 Porro
1491 1981 1646 2022 Levitae
1673 1981 1722 2021 de
1750 1979 1840 2020 filiis
1868 1979 2010 2028 Caath,
2031 1990 2219 2020 gratiasagit.

105 2050 146 2086 et
171 2045 220 2085 de
245 2043 336 2084 filiis
361 2044 461 2085 Core
485 2042 713 2084 laudabant
739 2042 962 2082 Dominum
989 2042 1123 2082 Deum
1151 2040 1273 2081 Israel
1300 2054 1398 2081 voce
1423 2053 1583 2093 magna,
1611 2040 1651 2079 in
1677 2038 1891 2080 excelsum.

208 2117 245 2141 2⁰
267 2115 450 2166 Cumque
474 2125 594 2152 mane
618 2112 898 2159 surrexissent,
924 2111 1069 2163 egressi
1094 2116 1191 2151 sunt
1213 2124 1286 2164 per
1308 2111 1514 2151 desertum
1539 2110 1716 2150 Thecue:
1742 2109 2014 2162 profectisque
2072 2105 2168 2130 ¹¹0⁵t⁰⁵

105 2175 172 2223 eis,
192 2179 306 2215 stans
326 2171 522 2226 Iosaphat
538 2171 580 2212 in
597 2171 731 2211 medio
749 2183 901 2219 eorum,
922 2170 1044 2211 dixit:
1064 2170 1215 2210 Audite
1234 2183 1297 2210 me
1316 2170 1391 2210 viri
1412 2169 1525 2216 Iuda,
1546 2174 1587 2209 et
1605 2181 1743 2209 omnes
1761 2167 2014 2208 habitatores
2036 2141 2204 2205 mgistffffos

108 2233 344 2275 Ierusalem:
374 2231 526 2272 credite
552 2230 593 2271 in
620 2230 797 2270 Domino
826 2230 913 2270 Deo
941 2234 1090 2275 vestro,
1121 2234 1162 2269 et
1190 2229 1318 2269 securi
1345 2229 1473 2269 eritis:
1503 2228 1653 2269 credite
1680 2227 1888 2280 prophetis
1916 2227 2011 2275 eius,

106 2298 148 2334 et
177 2296 326 2333 cuncta
356 2290 546 2331 evenient
575 2302 779 2342 prospera.
839 2290 871 2313 21
901 2288 1109 2341 Deditque
1139 2287 1349 2328 consilium
1382 2286 1545 2341 populo,
1579 2292 1620 2327 et
1649 2285 1798 2327 statuit
1828 2290 2013 2326 cantores

106 2351 284 2399 Domini,
320 2355 368 2391 ut
398 2348 616 2390 laudarent
649 2361 741 2388 eum
774 2347 815 2388 in
849 2347 996 2388 turmis
1028 2347 1121 2395 suis,
1157 2351 1199 2387 et
1231 2346 1519 2388 antecederent
1552 2346 1787 2393 exercitum,
1838 2358 1884 2385 ac
1917 2357 2015 2385 voce

108 2423 287 2452 consona
317 2409 515 2450 dicerent:
552 2406 830 2448 bConfitemini
862 2406 1052 2455 Domino,
1087 2406 1280 2459 quoniam
1312 2406 1353 2446 in
1384 2409 1580 2446 aeternum
1612 2403 1886 2445 misericordia
1916 2404 2012 2444 eius.

108 2472 140 2494 22
165 2469 349 2522 Cumque
375 2466 594 2520 coepissent
617 2465 759 2507 laudes
784 2478 939 2514 canere,
966 2465 1092 2506 vertit
1115 2465 1317 2505 Dominus
1342 2464 1509 2505 insidias
1534 2476 1671 2504 eorum
1697 2463 1738 2504 in
1763 2462 2012 2515 semetipsos,

108 2528 283 2569 filiorum
305 2525 458 2568 scilicet
478 2525 668 2573 Ammon,
693 2529 734 2565 et
755 2525 890 2573 Moab,
915 2529 956 2565 et
978 2524 1130 2566 montis
1152 2524 1248 2572 Seir,
1275 2524 1343 2577 qui
1366 2523 1509 2577 egressi
1532 2522 1696 2563 fuerant
1717 2526 1764 2562 ut
1785 2526 2015 2575 pugnarent

109 2592 254 2629 contra
278 2586 436 2633 Iudam,
463 2589 504 2625 et
526 2583 705 2637 percussi
728 2587 835 2624 sunt.
888 2585 921 2608 2³
945 2583 1133 2637 Namque
1156 2582 1226 2623 filii
1250 2583 1440 2627 Ammon,
1466 2587 1507 2622 et
1530 2582 1651 2622 Moab
1676 2584 2016 2621 consurrexerunt

109 2647 326 2688 adversum
356 2643 610 2684 habitatores
640 2643 792 2683 montis
822 2642 919 2691 Seir,
953 2647 1001 2682 ut
1031 2641 1306 2683 interficerent
1336 2646 1377 2682 et
1408 2640 1588 2682 delerent
1618 2653 1702 2680 eos:
1736 2651 1908 2692 eumque
1939 2638 2015 2679 hoc

110 2717 229 2759 opere
267 2706 583 2758 perpetrassent,
640 2701 764 2742 etiam
804 2701 845 2742 in
885 2701 1124 2754 semetipsos
1164 2701 1280 2746 versi,
1322 2700 1476 2740 mutuis
1517 2699 1725 2740 concidere
1765 2696 2011 2738 vulneribus.

110 2766 141 2788 24
171 2764 296 2804 Porro
329 2762 433 2803 Iuda
461 2774 554 2802 cum
584 2760 762 2801 venisset
792 2760 844 2801 ad
873 2759 1092 2813 speculam,
1125 2773 1216 2813 quae
1244 2759 1408 2812 respicit
1437 2758 1708 2806 solitudinem,
1741 2756 1845 2797 vidit
1874 2754 2013 2809 procul

110 2835 272 2864 omnem
300 2820 383 2862 late
411 2820 616 2873 regionem
645 2818 808 2873 plenam
838 2819 1117 2867 cadaveribus,
1148 2831 1221 2859 nec
1254 2831 1459 2872 superesse
1490 2829 1748 2870 quemquam,
1775 2815 1843 2868 qui
1874 2827 2014 2854 necem

110 2881 312 2935 potuisset
340 2879 523 2920 evadere.

215 2953 247 2976 2⁵
269 2949 394 2991 Venit
415 2962 507 3003 ergo
532 2948 740 3002 Iosaphat,
765 2952 807 2989 et
829 2948 960 2989 omnis
981 2947 1157 3001 pepulus
1179 2961 1271 2988 cum
1295 2960 1340 2988 eo
1364 2948 1415 2988 ad
1438 2945 1691 2987 detrahenda
1712 2943 1841 2998 spolia
1862 2947 2016 2984 mortu·
2071 2947 2175 3006 {¹333ss

111 3023 245 3052 orum:
271 3010 599 3061 inveneruntque
623 3007 730 3048 inter
754 3007 956 3048 cadavera
979 3007 1137 3048 variam
1161 3005 1464 3060 supellectilem,
1492 3009 1624 3045 vestes
1651 3016 1824 3057 quoque,
1852 3007 1894 3042 et
1918 3014 2017 3042 vasa
2062 3012 2182 3041 potitur.

111 3067 414 3123 pretiosissima,
444 3072 486 3108 et
512 3066 769 3119 diripuerunt
794 3066 855 3106 ita
881 3070 929 3106 ut
956 3066 1094 3106 omnia
1119 3071 1283 3120 portare
1311 3078 1392 3105 non
1420 3068 1597 3118 possent,
1627 3075 1700 3103 nec
1726 3075 1798 3116 per
1825 3066 1906 3102 tres
1933 3060 2016 3100 dies

112 3127 241 3182 spolia
267 3126 424 3168 auferre
451 3138 534 3180 prae
560 3125 707 3180 praedae
733 3125 1026 3178 magnitudine.

216 3199 252 3222 2⁶
276 3197 352 3238 Die
379 3202 517 3237 autem
545 3200 691 3249 quarto
718 3195 951 3248 congregati
977 3199 1074 3235 sunt
1098 3195 1141 3235 in
1167 3194 1280 3236 Valle
1308 3192 1618 3235 benedictionis:
1646 3191 1794 3232 etenim
1824 3190 2016 3244 quoniam
2037 3183 2187 3245 bgssfflssff',

113 3256 168 3298 ibi
199 3256 493 3297 benedixerant
522 3254 713 3303 Domino,
746 3258 1000 3296 vocaverunt
1028 3253 1163 3295 10611111
1193 3253 1307 3294 11111111
1338 3251 1463 3294 Vallis
1494 3250 1787 3294 benedictionis
1818 3262 1944 3303 usque
1974 3249 2014 3289 in

113 3320 354 3369 praesentem
383 3314 502 3356 diem.

248 3440 301 3482 20,
338 3441 380 3474 10
405 3440 472 3474 aDt
497 3441 527 3481 2,
553 3442 582 3475 1.
609 3460 651 3465 -
674 3439 715 3474 21
741 3439 804 3473 st
830 3439 903 3475 135.
928 3440 958 3474 1.
