2356 3760
122 107 174 146 24,
203 106 343 145 lli—25,
370 105 390 137 5
874 100 1277 134 PARALIPOMENoN
1946 105 2021 146 387

122 201 281 253 Moyses
304 211 443 239 servus
467 197 543 238 Dei
565 208 685 249 super
708 206 868 235 omnem
897 193 1018 233 Israel
1042 194 1082 233 iu
1106 193 1277 234 deserto.
1332 196 1366 217 ¹⁰
1388 193 1615 246 Laetatique
1640 200 1734 235 sunt
1758 197 1889 237 cuncti
1915 197 2020 250 prin-

123 259 242 312 cipes,
269 262 310 298 et
335 257 464 298 omnis
488 254 681 309 populus:
709 257 749 293 et
773 252 939 305 ingressi
965 251 1227 292 contulerunt
1250 252 1291 292 in
1317 264 1452 292 arcam
1477 252 1653 296 Domini,
1681 257 1803 305 atque
1828 255 2023 295 miserunt

124 319 182 358 ita
211 322 258 357 ut
288 315 534 369 impleretur.
593 313 624 336 ¹¹
655 312 838 364 Cumque
869 315 1031 363 tempus
1061 315 1167 350 esset
1196 316 1241 350 ut
1273 311 1476 350 deferrent
1506 323 1640 350 arcam
1672 323 1806 350 coram
1837 325 1924 359 rege
1955 326 2023 365 per

123 389 269 417 manus
300 374 536 415 Levitarum
566 370 783 419 (videbant
813 369 919 410 enim
951 368 1123 408 multam
1155 369 1387 421 pecuniam)
1417 369 1720 422 ingrediebatur
1749 369 1880 409 scriba
1909 372 2021 417 regis,

124 440 166 477 et
203 447 322 488 quem
360 431 513 484 primus
549 428 736 470 sacerdos
775 427 1063 469 constituerat:
1102 427 1450 480 effundebantque
1486 428 1700 480 pecuniam
1739 440 1827 480 quae
1864 433 1950 467 erat
1986 429 2025 468 in

125 507 236 535 arca:
260 503 379 545 porro
403 501 539 529 arcam
563 487 831 540 reportabant
855 486 906 526 ad
929 485 1062 527 locum
1086 499 1223 525 suum:
1249 486 1384 538 sicque
1408 486 1615 525 faciebant
1637 498 1708 537 per
1730 485 1905 534 singulos
1930 486 2023 531 dies,

125 558 166 595 et
183 552 428 603 congregata
444 552 506 588 est
521 546 684 587 infinita
699 545 882 599 pecunia.
930 547 961 568 ¹2
979 545 1111 592 Quam
1130 544 1330 584 dederunt
1348 557 1416 584 rex
1435 548 1475 584 et
1495 544 1636 584 Ioiada
1652 543 1723 589 his,
1745 544 1812 597 qui
1830 549 2028 597 praeerant

125 609 312 664 operibus
343 607 487 648 domus
516 604 701 646 Domini:
734 610 778 645 at
808 603 862 644 illi
893 603 1179 644 conducebant
1209 615 1257 643 ex
1288 615 1334 642 ea
1364 615 1528 643 caesores
1558 601 1752 654 lapidum,
1784 607 1825 642 et
1855 603 2026 642 artifices

125 680 293 722 operum
321 665 570 719 singulorum
598 668 646 704 ut
673 663 949 703 instaurarent
977 662 1144 703 domum
1173 661 1357 702 Domini:
1386 661 1522 701 fabros
1552 673 1712 713 quoque
1740 660 1832 700 ferri
1860 666 1901 701 et
1927 661 2025 707 aeris,

124 732 172 768 ut
200 726 309 780 quod
336 725 477 765 cadere
504 727 696 775 coeperat,
726 721 946 762 fulciretur.
1004 723 1035 745 ¹³
1061 721 1325 773 Egeruntque
1353 719 1393 759 hi
1421 720 1489 772 qui
1517 719 1793 772 operabantur
1819 719 2026 764 industrie,

125 791 167 827 et
203 783 486 828 obducebatur
520 781 724 835 parietum
761 780 930 821 cicatrix
966 792 1037 832 per
1072 792 1217 819 manus
1254 791 1405 825 eorum,
1445 790 1490 818 ac
1527 777 1828 817 suscitaverunt
1864 777 2029 817 domum

126 843 291 886 Domini
308 842 349 882 in
367 846 523 882 statum
541 840 772 893 pristinum,
793 844 833 879 et
851 839 1020 879 firmiter
1037 851 1125 878 eam
1145 843 1252 878 stare
1270 837 1464 877 fecerunt.
1512 838 1542 860 ¹¹
1561 836 1743 888 Cumque
1762 835 2031 888 complessent

126 903 263 944 omnia
289 913 422 954 opera,
450 899 685 940 detulerunt
711 911 847 939 coram
874 910 976 947 rege,
1005 901 1046 937 et
1074 897 1214 937 Ioiada
1238 895 1435 949 reliquam
1462 900 1620 948 partem
1649 894 1846 947 pecuniae:
1875 894 1923 933 de
1950 906 2031 946 qua

126 963 238 1002 facta
261 965 357 1001 sunt
381 972 481 999 vasa
504 957 646 1011 templi
670 958 710 997 in
735 957 1017 1003 ministerium,
1045 961 1085 997 et
1110 956 1161 995 ad
1186 954 1436 1001 holocausta,
1463 953 1608 1007 phialae
1634 966 1806 1006 quoque,
1834 957 1874 993 et
1899 957 2032 993 cetera

127 1033 226 1061 vasa
248 1032 370 1060 aurea
392 1022 433 1058 et
455 1022 665 1070 argentea:
690 1020 731 1056 et
753 1016 1031 1057 offerebantur
1052 1014 1291 1055 holocausta
1313 1014 1352 1053 in
1376 1013 1496 1054 domo
1520 1012 1685 1053 Domini
1709 1012 1854 1063 iugiter
1876 1011 2031 1051 cunctis

125 1079 269 1120 diebus
300 1077 460 1118 Ioiadae.

232 1139 263 1162 15
281 1136 423 1177 Senuit
441 1139 579 1175 autem
600 1134 741 1175 Ioiada
759 1133 900 1187 plenus
918 1133 1086 1180 dierum,
1106 1137 1147 1173 et
1164 1136 1350 1173 mortuus
1369 1135 1430 1171 est
1448 1144 1539 1170 cum
1558 1134 1662 1169 esset
1680 1134 1843 1169 centum
1862 1128 2031 1182 triginta
2081 1126 2196 1186 lffossssffo

126 1209 339 1238 annorum.
394 1196 429 1219 ¹⁶
454 1192 779 1247 sepelieruntque
805 1206 897 1233 eum
923 1192 963 1232 in
990 1192 1158 1232 civitate
1183 1190 1320 1231 David
1347 1202 1438 1230 cum
1464 1189 1636 1241 reg-ibus,
1664 1201 1709 1228 eo
1738 1188 1845 1240 quod
1871 1187 2029 1227 fecisset
2089 1198 2190 1222 loiada

128 1257 281 1297 bonum
308 1267 399 1295 cum
429 1252 563 1299 Israel,
592 1257 633 1292 et
659 1265 750 1292 cum
778 1252 898 1292 domo
925 1251 1020 1291 eius.
1077 1252 1110 1274 ¹⁷
1137 1250 1363 1301 Postquam
1390 1252 1527 1288 autem
1556 1247 1657 1287 obiit
1686 1246 1837 1291 Ioiada,
1866 1245 2031 1298 ingressi

127 1320 224 1356 sunt
243 1313 445 1367 principes
468 1311 581 1355 Iuda,
605 1315 645 1351 et
666 1311 942 1351 adoraverunt
962 1321 1107 1358 regem,
1131 1308 1198 1361 qui
1221 1307 1411 1347 delinitus
1432 1305 1634 1359 obsequiis
1655 1318 1806 1351 eorum,
1829 1304 2034 1357 acquievit

127 1374 195 1414 eis.
262 1374 296 1397 ¹⁸
332 1372 387 1412 Et
423 1369 726 1422 dereliquerunt
762 1368 960 1421 templum
998 1367 1162 1407 Domini
1200 1366 1274 1406 Dei
1311 1371 1475 1418 patrum
1513 1377 1690 1411 suorum,
1729 1362 2035 1415 servieruntque

129 1432 227 1473 lucis
253 1436 295 1471 et
319 1428 586 1482 sculptilibus
615 1432 656 1467 et
679 1428 792 1467 facta
816 1432 878 1467 est
903 1427 962 1466 ira
987 1431 1130 1466 contra
1158 1425 1315 1468 Iudam.
1344 1431 1384 1464 et
1412 1423 1627 1464 ierusalem
1655 1428 1821 1476 propter
1844 1422 1920 1462 hoc
1946 1434 2035 1474 pec-

127 1496 279 1532 catum.
336 1490 370 1512 ¹⁹
396 1487 672 1539 Mittebatque
700 1485 754 1526 eis
782 1485 1002 1539 prophetas
1030 1490 1075 1525 ut
1103 1489 1404 1524 reverterentur
1431 1483 1482 1523 ad
1510 1482 1744 1527 Dominum,
1775 1494 1874 1534 quos
1902 1485 2034 1533 prote-

127 1554 297 1596 stantes
329 1546 383 1587 illi
414 1546 552 1587 audire
582 1544 788 1586 nolebant.

232 1609 269 1632 ²0
298 1606 471 1659 Spiritus
501 1605 641 1657 itaque
672 1604 747 1644 Dei
778 1603 913 1644 induit
943 1603 1181 1643 Zachariam
1212 1601 1340 1642 filium
1374 1601 1523 1642 Ioiadae
1552 1599 1816 1645 sacerdotem,
1849 1603 1890 1639 et
1920 1597 2036 1638 stetit
2057 1596 2226 1663 ξζὲξζζζῇξξζ

129 1668 169 1708 in
195 1670 414 1719 conspectu
441 1663 592 1717 populi,
621 1666 662 1703 et
687 1663 793 1703 dixit
817 1663 890 1703 eis:
920 1662 1017 1702 Haec
1042 1661 1141 1702 dicit
1166 1661 1366 1701 Dominus
1392 1660 1520 1700 Deus:
1549 1659 1682 1707 Quare
1708 1656 2035 1711 transgredimini
2080 1648 2202 1698 lamani,

130 1730 378 1779 praeceptum
407 1723 585 1766 Domini,
617 1722 726 1776 quod
755 1721 870 1763 vobis
899 1734 980 1762 non
1010 1720 1202 1774 proderit,
1234 1725 1274 1760 et
1303 1718 1572 1772 dereliquistis
1601 1717 1822 1758 Dominum
1854 1721 1900 1756 ut
1927 1716 2037 1755 dere—

130 1785 331 1838 linqueret
345 1785 441 1824 vos?
484 1784 516 1806 2¹
532 1781 609 1830 Qui
625 1780 857 1834 congregati
873 1781 1066 1821 adversus
1079 1792 1184 1828 eum,
1197 1778 1396 1818 miserunt
1408 1777 1561 1831 lapides
1576 1776 1694 1817 iuxta
1707 1775 1807 1829 regis
1823 1774 2036 1828 imperium

130 1845 170 1884 in
201 1843 304 1884 atrio
336 1842 480 1883 domus
511 1840 689 1881 Domini.
749 1842 780 1864 2²
811 1840 866 1880 Et
896 1852 976 1880 non
1008 1844 1069 1879 est
1098 1838 1334 1878 recordatus
1368 1837 1457 1877 Ioas
1488 1849 1557 1876 rex
1587 1834 1879 1882 misericordiae,
1913 1845 2035 1886 quam

130 1903 282 1943 fecerat
311 1901 453 1941 Ioiada
480 1904 598 1953 pater
625 1898 729 1939 illius
758 1911 906 1946 secum,
941 1898 1029 1938 ased
1058 1896 1263 1937 interfecit
1290 1895 1416 1936 filium
1446 1895 1541 1935 eius.
1574 1894 1650 1942 Qui
1679 1906 1769 1933 cum
1799 1896 2034 1936 moreretur,

130 1961 206 2002 ait:
236 1960 385 2001 Videat
412 1958 625 2005 Dominus,
656 1962 697 1998 et
724 1957 915 2011 requirat.

235 2022 267 2043 2³
286 2019 468 2071 Cumque
488 2016 677 2057 evolutus
696 2022 801 2057 esset
820 2029 962 2061 annuS,
985 2015 1167 2055 ascendit
1186 2020 1329 2055 contra
1347 2026 1439 2053 eum
1459 2012 1659 2053 exercitus
1678 2010 1821 2064 Syriae:
1843 2009 2036 2062 venitque
2050 2007 2236 2073 Opssmsfflssur

129 2079 170 2119 in
205 2078 350 2118 Iudam
383 2081 422 2116 et
458 2074 688 2121 Ierusalem,
723 2080 764 2115 et
795 2074 999 2115 interfecit
1031 2078 1198 2114 cunctos
1231 2072 1432 2125 principes
1463 2070 1614 2124 populi,
1649 2074 1773 2123 atque
1805 2069 2035 2109 universam
2057 2058 2228 2118 eta-{gius

130 2137 310 2191 praedam
330 2135 528 2176 miserunt
545 2134 627 2185 regi
646 2134 686 2174 in
705 2134 967 2174 Damascum.
1015 2135 1047 2157 2⁴
1066 2132 1121 2173 Et
1140 2136 1247 2172 certe
1266 2144 1357 2171 cum
1377 2130 1633 2183 permodicus
1652 2128 1829 2169 venisset
1847 2139 2037 2167 numerus
2067 2114 2219 2143 ⁰⁰⁰¹d¹‘⁰s’

130 2197 337 2250 Syrorum,
370 2193 543 2234 tradidit
572 2193 773 2234 Dominus
804 2193 844 2233 in
876 2192 1065 2232 manibus
1096 2203 1235 2232 eorum
1266 2190 1469 2230 infinitam
1500 2187 1820 2232 multitudinem,
1853 2199 1898 2227 eo
1931 2185 2039 2239 quod

130 2254 440 2308 dereliquissent
478 2252 701 2293 Dominum
742 2252 875 2292 Deum
915 2256 1080 2304 patrum
1120 2262 1304 2290 suorum:
1360 2249 1399 2289 in
1442 2248 1532 2289 Ioas
1572 2259 1733 2300 quoque
1772 2244 2039 2299 ignominiosa

132 2326 344 2355 exercuere
376 2311 536 2353 iudicia.
598 2313 630 2335 2⁵
663 2311 719 2351 Et
751 2311 948 2351 abeuntes
981 2309 1222 2350 dimiserunt
1255 2321 1346 2348 eum
1380 2307 1419 2347 in
1452 2306 1714 2358 languoribus
1747 2304 1921 2357 magnis:
1955 2315 2039 2343 sur-

131 2377 325 2414 rexerunt
351 2376 489 2411 autem
515 2374 659 2411 contra
682 2383 774 2410 eum
800 2369 904 2410 servi
930 2369 990 2409 sui
1016 2369 1056 2408 in
1082 2368 1279 2409 ultionem
1305 2366 1511 2419 sanguinis
1537 2364 1605 2405 filii
1633 2363 1781 2405 Ioiadae
1806 2361 2037 2407 sacerdotis,

131 2436 174 2473 et
201 2431 436 2472 occiderunt
462 2442 555 2469 eum
581 2429 622 2469 in
649 2428 797 2470 lectulo
824 2441 909 2477 suo,
939 2433 980 2468 et
1005 2433 1192 2468 mortuus
1219 2431 1298 2466 est:
1327 2424 1651 2478 sepelieruntque
1678 2435 1769 2463 eum
1797 2422 1836 2462 in
1864 2421 2040 2461 Civitate

131 2490 282 2539 David,
302 2489 371 2530 sed
389 2501 471 2529 non
489 2488 529 2528 in
548 2487 768 2541 sepulchris
786 2500 938 2541 regum.
985 2488 1020 2510 2⁶
1040 2485 1226 2526 Insidiati
1244 2498 1339 2525 vero
1358 2489 1455 2524 sunt
1471 2483 1506 2524 ei
1525 2482 1662 2523 Zabad
1681 2480 1785 2521 filius
1803 2478 2039 2521 Semmaath

133 2548 436 2593 Ammanitidis,
468 2552 509 2587 et
540 2546 718 2587 Iozabad
748 2545 852 2586 filius
881 2545 1085 2587 Semarith
1114 2544 1361 2585 Moabitidis

238 2609 272 2632 ²⁷
292 2608 416 2648 Porro
437 2605 505 2645 filii
525 2605 621 2651 eius,
643 2618 688 2646 ac
707 2618 869 2645 summa
886 2604 1079 2658 pecuniae,
1101 2616 1192 2657 quae
1210 2598 1394 2644 adunata
1412 2602 1546 2642 fuerat
1565 2600 1639 2640 sub
1659 2613 1716 2647 eo,
1738 2602 1779 2639 et
1796 2596 2039 2638 instauratio
2054 2596 2236 2660 ffsslss'ssfiffggss,

132 2668 280 2708 domus
304 2665 380 2706 Dei
404 2664 557 2718 scripta
580 2669 677 2704 sunt
701 2663 934 2717 diligentius
958 2663 998 2704 in
1024 2663 1144 2703 Libro
1169 2675 1327 2715 regum:
1353 2659 1541 2714 regnavit
1565 2664 1702 2700 autem
1727 2656 1911 2697 Amasias
1936 2655 2039 2695 filius

132 2739 219 2766 eius
247 2738 320 2779 pro
350 2737 407 2764 eo.

661 2792 699 2833 5.
730 2792 941 2832 Amasias
970 2803 1053 2832 rex
1082 2801 1249 2841 nonus,
1278 2790 1345 2840 25,
1365 2789 1510 2829 1—28.

239 2865 302 2908 25.
359 2867 371 2889 1
411 2864 749 2918 Vigintiquinque
793 2869 1013 2904 bannorum
1054 2867 1142 2903 erat
1179 2861 1367 2902 Amasias
1407 2873 1498 2901 cum
1538 2869 1704 2910 regnare
1744 2855 1943 2908 coepisset,
2001 2859 2042 2894 et
2084 2853 2208 2882 Tempu-³

135 2924 430 2978 vigintinovem
453 2924 569 2964 annis
591 2922 779 2976 regnavit
798 2922 840 2962 in
864 2920 1095 2969 Ierusalem,
1119 2934 1267 2962 nomen
1290 2918 1432 2960 matris
1454 2918 1537 2958 eius
1562 2915 1712 2957 Ioaden
1735 2914 1783 2955 de
1808 2912 2037 2954 Ierusalem.
2084 2894 2207 2917 “npeffl'

240 2985 255 3007 2
281 2983 314 3023 F
317 2982 476 3035 ecitque
504 2983 657 3023 bonum
684 2981 726 3021 in
754 2985 974 3034 conspectu
1001 2979 1186 3021 Domini:
1216 2982 1499 3020 verumtamen
1527 2988 1607 3016 non
1635 2974 1675 3014 in
1703 2973 1821 3014 eorde
1849 2972 2038 3025 perfecto.
2090 2969 2204 3032 '³322‘

240 3044 255 3066 3
283 3042 465 3094 Cumque
493 3041 732 3082 roboratum
760 3039 836 3080 sibi
864 3039 1021 3080 videret
1048 3038 1276 3092 imperium,
1306 3035 1507 3089 iugulavit
1534 3046 1682 3081 servos,
1713 3032 1782 3085 qui
1810 3031 2042 3073 occiderant
2092 3024 2197 3075 occisa,

135 3114 268 3154 regem
292 3104 452 3153 patrem
477 3112 609 3147 suum,
661 3101 677 3122 4
701 3098 771 3139 sed
796 3097 897 3140 filios
922 3111 1061 3139 eorum
1086 3111 1167 3139 non
1192 3095 1397 3137 interfecit
1420 3094 1525 3134 sicut
1549 3092 1746 3145 scriptum
1771 3095 1832 3130 est
1855 3090 1896 3130 in
1921 3089 2041 3130 Libro
2078 3087 2214 3146 affiliiin.

136 3159 230 3213 legis
252 3159 394 3212 Moysi,
419 3158 489 3199 ubi
510 3157 703 3211 praecepit
723 3157 937 3205 Dominus,
961 3157 1116 3197 dicens:
1147 3156 1256 3197 CNon
1279 3153 1514 3196 occidentur
1534 3156 1670 3205 patres
1692 3162 1764 3203 pro
1787 3148 1887 3193 filiis,
1911 3160 2042 3200 neque

136 3218 205 3259 filii
233 3231 304 3271 pro
333 3217 519 3270 patribus
547 3216 641 3265 suis,
671 3216 741 3256 sed
768 3216 1048 3269 unusquisque
1075 3215 1117 3255 in
1144 3228 1216 3255 suo
1245 3216 1412 3267 peccato
1441 3210 1647 3252 morietur.
2082 3259 2085 3262 Ι
2155 3256 2159 3260 ¹

239 3279 255 3301 ⁵
273 3275 546 3329 Congregavit
565 3275 689 3328 igitur
707 3274 892 3315 Amasias
916 3274 1073 3322 Iudam,
1096 3279 1137 3314 et
1157 3271 1373 3314 constituit
1392 3283 1458 3311 eos
1478 3282 1549 3323 per
1568 3267 1754 3315 familias
1777 3265 2040 3316 tribunosque
2060 3255 2229 3315 ‘'ffissfffe‘ss‘

134 3341 176 3376 et
205 3335 459 3376 centuriones
486 3334 528 3374 in
555 3334 743 3375 universo
774 3333 888 3378 Iuda,
918 3338 959 3373 et
986 3332 1219 3373 Beniamin:
1249 3336 1289 3370 et
1316 3329 1517 3370 recensuit
1544 3341 1568 3369 a
1595 3325 1737 3380 viginti
1766 3324 1880 3364 annis
1908 3333 2038 3373 supra,
2097 3327 2192 3349 tumor

2096 3358 2192 3387 Israel,

237 3413 481 3477 ψὲἷὲζκῇἶᾶ
505 3438 557 3472 35.
586 3459 625 3461 —
650 3437 703 3479 25,
729 3438 746 3471 1
774 3438 812 3470 b2
839 3437 891 3481 Rg
917 3438 968 3476 14,
994 3437 1023 3470 2.
1051 3457 1093 3460 -
1118 3436 1138 3468 4
1170 3435 1235 3468 th
1261 3435 1313 3473 24,
1339 3434 1395 3473 16;
1435 3433 1454 3466 2
1480 3432 1533 3475 Rg
1556 3432 1608 3467 14,
1635 3431 1669 3469 ss;
1708 3428 1756 3461 Ez
1781 3426 1832 3465 18,
1858 3425 1908 3458 20.

1760 3485 1833 3524 33*
