2356 3760
99 2034 198 2059 Daniel
213 2041 276 2059 000-

112 2071 177 2094 viva
199 2071 263 2100 Cyri

136 2209 243 2233 idolum

128 2244 174 2268 B··1
197 2251 253 2268 non

134 2280 244 2306 adurat,

116 3267 161 3290 νῆ
186 3267 283 3291 itan-l·—

109 3303 211 3326 *am—ml»
220 3306 288 3326 ιῑιιῐιι

143 3338 256 3361 ‹le-ruent

123 3374 262 3397 subm-stit

292 154 367 194 852
1116 150 1389 184 PROPHETIA
1920 151 1972 191 13,
1998 152 2139 191 47-14,
2165 151 2207 185 13

291 247 536 288 exclamavit
574 260 671 287 voce
705 259 871 297 magna:
908 245 1084 284 Mundus
1120 257 1191 294 ego
1226 257 1316 284 sum
1351 256 1374 284 a
1407 243 1602 297 sanguine
1636 243 1768 284 huius.
1829 245 1864 268 4⁷
1899 244 1955 286 Et
1987 257 2206 286 conversus

291 306 421 347 omnis
444 306 617 360 populus
639 306 691 345 ad
712 318 816 346 eum.
840 303 962 344 dixit:
986 302 1084 350 Quis
1105 308 1166 342 est
1187 302 1263 342 iste
1283 314 1427 351 sermo,
1451 315 1572 356 quem
1597 307 1643 343 tu
1662 301 1824 343 locutus
1845 302 1910 344 es?
1958 305 1994 328 48
2014 304 2092 353 Qui
2113 317 2207 345 cum

291 370 418 406 staret
442 365 481 405 in
506 365 637 406 medio
662 375 812 403 eorum.
839 362 914 401 ait:
938 361 1002 402 Sic
1026 360 1130 401 fatui
1154 360 1222 401 filii
1248 360 1383 409 Israel,
1408 374 1490 401 non
1512 361 1752 409 iudicantes,
1776 373 1908 415 neque
1932 362 2042 415 quod
2063 375 2207 404 verum

291 431 353 464 est.
384 432 683 475 cognoscentes.
718 419 1020 461 condemnastis
1054 419 1176 459 liliam
1212 418 1359 460 lsrael?
1418 422 1453 444 49
1486 419 1756 460 Revertimini
1787 419 1840 460 ad
1870 419 2078 470 iudicium,
2112 421 2208 475 quia

292 476 446 523 falsum
467 480 745 522 testiinonium
772 478 896 519 locuti
922 484 1017 519 sunt
1043 479 1239 518 adversus
1264 491 1366 519 eam.
1419 480 1456 502 ⁵⁰
1482 479 1684 520 Reversus
1709 483 1771 519 est
1795 491 1888 532 ergo
1912 479 2088 533 populus
2113 493 2207 521 0010

291 541 564 582 festinatione.
591 545 630 578 et
654 538 846 578 dixerunt
869 537 903 577 ei
927 550 1059 577 senes:
1085 537 1199 582 Veni,
1224 541 1266 577 et
1287 537 1382 577 sede
1404 537 1444 577 in
1468 537 1601 579 medio
1624 542 1824 582 nostrum,
1849 542 1891 579 et
1912 537 2049 579 indica
2070 538 2205 580 nobis:

292 600 387 653 qnia
413 599 484 639 tibi
508 599 618 638 Deus
642 596 754 637 dedit
778 596 974 637 honorem
997 595 1231 636 senectutis
1283 597 1315 620 5¹
1340 595 1395 636 Et
1418 595 1524 636 dixit
1546 596 1598 637 ad
1621 609 1688 637 eos
1711 595 1876 637 Daniel:
1900 597 2097 650 Separate
2119 597 2208 639 illos

291 659 342 698 ab
363 657 534 697 invieem
554 655 706 709 procul.
727 660 768 696 et
786 655 1019 696 diiudieabo
1038 668 1116 695 eos.
1163 656 1195 678 ⁵2
1213 654 1315 695 (ss'um
1334 667 1426 707 ergo
1445 654 1566 695 divisi
1583 661 1717 696 essent
1736 655 1839 696 alter
1856 655 1908 696 ab
1927 655 2066 703 altero,
2088 669 2207 698 voea-

292 716 349 756 vit
369 729 493 756 unum
511 715 560 756 de
576 715 643 758 eis.
662 720 703 755 et
719 714 822 755 dixit
841 714 892 754 ad
909 727 1020 754 eum:
1045 714 1275 754 inveterate
1292 713 1449 753 dierum
1464 712 1679 762 malorum,
1697 727 1806 755 nunc
1821 718 2024 755 venerunt
2038 720 2210 769 peccata

291 783 374 817 tua.
408 788 497 828 quae
527 773 760 827 operabaris
791 773 918 826 prius:
976 775 1008 797 ⁵⁵³
1040 772 1221 813 iudicans
1251 771 1401 812 iudicia
1429 771 1593 821 iniusta,
1625 772 1861 814 innocentes
1891 773 2136 827 opprimens,
2167 779 2209 815 et

290 834 502 874 dimittens
524 832 678 875 noxios.
703 832 863 873 (1100010
884 832 1080 873 1)01111110;
1109 831 1397 872 010000001010
1418 835 1460 871 01
1480 831 1634 871 iustum
1656 844 1738 872 1100
1758 832 1986 874 interficies.
2036 834 2069 857 54
2090 832 2209 874 Νο00

290 905 382 942 ergo
409 892 439 933 si
467 892 605 932 vidisti
632 905 734 934 eam.
763 891 826 931 (110
852 891 927 931 sub
955 904 1037 944 qua
1061 890 1204 931 arbore
1229 889 1378 931 videris
1404 903 1472 931 eos
1497 889 1775 943 colloquentes
1800 891 1888 933 sibi.
1916 891 1996 940 Qui
2021 891 2097 932 ait:
2123 891 2209 933 Sub

290 951 442 992 schino.
503 953 534 975 55
567 951 683 991 Dixit
716 955 854 990 0010111
886 949 1051 990 Daniel:
1102 950 1229 990 Recte
1261 949 1459 990 mentitus
1491 962 1531 989 es
1564 948 1605 989 in
1637 954 1763 1002 caput
1794 954 1931 991 tuum:
1965 950 2070 991 Ecce
2102 950 2209 991 enim

291 1010 467 1060 Angelus
495 1010 569 1050 Dei
595 1014 764 1062 accepta
791 1008 997 1049 sententia
1021 1010 1072 1049 ab
1099 1022 1158 1055 00,
1186 1008 1346 1049 scindet
1370 1014 1411 1049 te
1436 1008 1630 1049 medium.
1684 1009 1720 1033 ⁵⁶
1745 1008 1813 1056 Et,
1841 1015 1981 1051 amoto
2007 1022 2065 1058 eo,
2092 1009 2211 1050 iussit

291 1069 427 1110 venire
454 1069 591 1111 alium.
615 1074 654 1108 et
681 1068 785 1109 dixit
812 1067 865 1108 ei:
893 1068 1039 1108 Semen
1061 1067 1269 1113 Chanaan,
1294 1072 1336 1108 01
1360 1080 1443 1108 000
1470 1067 1585 1116 Ιο(10,
1608 1067 1760 1121 species
1787 1067 1949 1122 decepit
1974 1073 2026 1117 te,
2050 1073 2092 1109 et
2116 1081 2210 1110 con-

291 1128 541 1181 cupiscentia
570 1127 775 1168 subvertit
803 1140 871 1167 001·
899 1132 1037 1167 tuum:
1094 1128 1128 1151 ⁵⁷
1158 1126 1214 1167 310
1242 1126 1456 1167 faciebatis
1484 1126 1645 1167 filiabus
1677 1126 1812 1175 Israel,
1844 1131 1885 1168 et
1912 1126 1990 1168 illae
2018 1127 2211 1168 timentes

290 1186 566 1241 loquebantur
587 1186 722 1227 vobis:
746 1186 815 1227 sed
837 1185 920 1226 filia
943 1185 1047 1226 Iuda
1068 1199 1150 1227 11011
1172 1185 1369 1226 sustinuit
1389 1185 1653 1239 iniquitatem
1675 1190 1868 1227 vestram.
1918 1187 1954 1210 ⁵⁸
1977 1186 2096 1227 Nunc
2117 1199 2211 1240 ergo

290 1246 355 1286 dio
384 1246 494 1290 mihi.
525 1245 600 1286 sub
631 1258 712 1299 qua
740 1245 883 1285 arbore
912 1244 1266 1298 comprehenderis
1295 1257 1362 1286 eos
1390 1244 1604 1298 loquentes
1633 1244 1720 1286 sibi.
1753 1244 1831 1294 Qui
1860 1245 1936 1286 ait:
1966 1245 2050 1286 Sub
2079 1245 2208 1298 prino.

289 1307 325 1329 ⁵⁹
354 1305 471 1346 Dixit
502 1310 641 1346 autem
671 1305 705 1344 01
735 1303 900 1345 Daniel:
934 1304 1061 1345 Recte
1090 1304 1289 1345 mentitus
1320 1316 1360 1345 03
1391 1308 1432 1345 01
1461 1308 1507 1344 10
1537 1303 1578 1344 10
1609 1308 1735 1357 caput>
1764 1310 1902 1344 tuum:
1933 1308 2075 1344 manet
2104 1303 2212 1344 enim

289 1364 467 1417 Angelus
500 1363 674 1406 Domini.
703 1363 885 1417 gladium
912 1362 1080 1411 habens,
1110 1367 1157 1404 ut
1183 1368 1292 1404 secet
1319 1368 1360 1404 te
1386 1362 1580 1411 medium,
1610 1367 1651 1402 et
1677 1361 1899 1403 interficiat
1925 1375 2009 1403 vos,
2069 1362 2105 1386 ⁶⁰
2130 1361 2213 1403 Ex-

290 1422 487 1463 clamavit
505 1423 644 1476 itaque
664 1423 794 1463 01111113
813 1427 944 1463 003103
962 1435 1061 1464 voce
1080 1435 1241 1475 magna,
1262 1427 1304 1463 et
1322 1422 1621 1463 benedixerunt
1638 1422 1786 1469 Deum,
1808 1421 1877 1475 qui
1895 1420 2031 1462 salvat
2048 1433 2213 1475 speran-

291 1488 350 1522 tes
379 1482 420 1522 in
450 1495 502 1523 se.
564 1483 594 1506 ⁶¹
624 1482 680 1523 Et
709 1487 1053 1523 consurrexerunt
1083 1481 1278 1522 adversus
1307 1481 1409 1522 duos
1438 1481 1699 1534 presbyteros
1729 1480 1981 1531 (convicerat
2009 1480 2117 1521 enim
2145 1493 2212 1522 eos

291 1540 437 1581 Daniel
464 1555 512 1582 ex
540 1554 605 1582 ore
632 1554 704 1582 suo
730 1540 879 1581 falsum
907 1540 1055 1581 dixisse
1082 1540 1382 1591 testimonium)
1409 1540 1676 1593 feceruntque
1702 1539 1757 1580 eis
1783 1539 1890 1581 sicut
1914 1538 2020 1580 male
2047 1544 2215 1593 egerant

291 1600 486 1640 adversus
511 1600 756 1654 proximum.
814 1600 845 1623 ‘³2
875 1605 941 1642 but
963 1599 1146 1641 facerent
1170 1599 1395 1639 secundum
1419 1598 1549 1652 legem
1573 1598 1723 1652 Moysi:
1750 1603 1791 1639 et
1814 1598 2107 1640 interfecerunt
2132 1611 2211 1648 eos,

291 1665 331 1700 et
348 1658 532 1700 salvatus
548 1664 608 1699 est
626 1658 788 1712 sanguis
805 1657 995 1699 innoxius
1011 1657 1052 1698 in
1069 1658 1133 1698 die
1148 1657 1228 1699 illa.
1277 1659 1309 1683 53
1326 1657 1488 1698 Ηο10103
1505 1661 1645 1698 0010111
1661 1662 1703 1698 01
1718 1670 1822 1699 uxor
1836 1657 1921 1698 eius
1936 1657 2214 1698 laudaverunt

291 1718 425 1758 Deum
454 1731 526 1771 pro
556 1718 638 1759 filia
665 1730 739 1758 3110
766 1717 956 1759 Susanna
984 1730 1076 1758 011111
1108 1716 1267 1758 Ioakim
1294 1717 1443 1758 marito
1474 1716 1570 1764 0103,
1601 1721 1643 1757 01
1671 1716 1854 1770 cognatis
1884 1716 2086 1765 omnibus,
2117 1715 2215 1770 quia

292 1790 373 1818 non
394 1783 500 1818 esset.
520 1777 690 1818 inventa
710 1776 750 1817 in
772 1789 819 1817 ea
838 1789 900 1817 res
921 1776 1064 1829 turpis.
1118 1777 1151 1800 64
1170 1774 1318 1817 Daniel
1338 1781 1478 1816 autem
1498 1775 1633 1816 fact-us
1655 1780 1717 1816 est
1735 1788 1909 1829 magnus
1928 1775 1971 1815 in
1992 1779 2214 1829 conspectu

293 1836 436 1891 populi
466 1850 489 1876 0
518 1836 581 1878 die
612 1835 691 1884 illa,
723 1841 764 1876 et
793 1835 998 1889 deinceps,

600 1953 640 1991 2.
668 1951 736 1992 Ad
763 1951 804 2002 6,
823 1952 895 1991 28:
927 1951 982 1992 de
1013 1952 1256 1991 eversione
1287 1950 1533 2001 idolorum,
1561 1950 1629 2001 13,
1648 1950 1824 2001 65—14‚
1843 1951 1909 1991 42.

400 2035 431 2058 55
463 2034 519 2074 Ε1
550 2047 620 2074 rex
651 2033 853 2087 Astyages
886 2035 1100 2088 appositus
1132 2040 1194 2075 est
1225 2034 1277 2076 ad
1308 2039 1446 2088 patres
1479 2046 1584 2082 3003,
1633 2039 1674 2074 01
1705 2033 1885 2087 suscepit
1915 2033 2043 2087 Cyrus
2074 2034 2214 2075 Perses

294 2105 461 2141 regnum
492 2093 587 2134 eius.
643 2092 707 2135 14.
763 2095 775 2116 ¹
803 2093 905 2134 Erat
931 2098 1070 2134 autem
1096 2092 1244 2134 Daniel
1269 2093 1445 2134 conviva
1470 2092 1584 2146 regis,
1613 2097 1654 2133 et
1678 2092 1903 2134 honoratus
1929 2105 2050 2146 super
2075 2105 2214 2134 omnes

293 2151 443 2192 amieos
474 2152 569 2192 01113.

400 2213 414 2234 ²
448 2210 552 2251 Erat
584 2223 746 2264 quoque
777 2209 933 2252 idolum
968 2211 1079 2264 apud
1114 2209 1363 2264 Babylonios
1398 2210 1561 2251 nomine
1596 2209 1686 2251 Bel:
1722 2216 1763 2251 et
1795 2211 2143 2265 impendebantur
2173 2211 2215 2252 in

295 2282 340 2310 eo
361 2282 431 2322 per
450 2269 533 2310 dies
553 2269 731 2323 singulos
751 2269 891 2310 similae
911 2270 1066 2311 artaba}
1085 2269 1314 2317 duodecim,
1336 2275 1377 2310 et
1396 2282 1491 2310 oves
1513 2269 1799 2323 quadraginta,
1820 2269 1988 2323 vinique
2007 2270 2217 2324 amphorae

292 2341 373 2368 sex.
433 2331 448 2352 ³
481 2329 568 2369 Rex
600 2342 762 2382 quoque
793 2328 953 2370 colebat
984 2342 1088 2372 eum.
1122 2334 1164 2369 et
1193 2328 1281 2369 ibat
1310 2341 1382 2382 per
1412 2327 1590 2381 singulos
1621 2327 1705 2369 dies
1736 2329 1906 2369 adorare
1936 2341 2048 2369 eum:
2094 2341 2214 2382 porro

292 2386 437 2427 Daniel
470 2387 670 2428 adorabat
702 2388 835 2428 Deum
867 2401 998 2430 suum.
1059 2387 1259 2441 Dixitque
1290 2387 1324 2428 ei
1355 2400 1444 2428 rex:
1478 2387 1612 2436 Quare
1643 2400 1725 2428 non
1757 2388 1902 2429 adoras
1936 2386 2032 2428 Bel?
2091 2389 2107 2412 4
2137 2387 2216 2437 Qui

292 2447 552 2499 respondens.
578 2446 635 2487 ait
656 2446 708 2487 ei:
733 2446 836 2495 Quia
858 2459 939 2487 non
962 2445 1047 2488 0010
1069 2446 1179 2487 1ᾰοΙο
1198 2446 1451 2495 manufacta,
1475 2446 1546 2487 sed
1566 2445 1778 2487 viventem
1798 2446 1946 2496 Deum,
1971 2446 2040 2500 qui
2061 2446 2217 2488 creavit

294 2505 447 2547 caelum.
475 2511 515 2545 01
539 2513 701 2548 terram.
728 2512 767 2546 et
792 2506 917 2546 habet
940 2510 1193 2559 potestatem
1217 2505 1348 2547 omnis
1373 2505 1516 2547 carnis.
1568 2507 1583 2530 5
1607 2505 1663 2546 Ε1
1686 2505 1793 2547 dixit
1814 2519 1886 2546 rex
1909 2505 1962 2547 ad
1985 2518 2097 2546 eum:
2124 2505 2216 2547 Non

295 2564 458 2605 videtur
477 2564 552 2605 tibi
572 2578 655 2605 esse
677 2564 748 2605 Bel
768 2565 910 2605 vivens
930 2565 1066 2605 Deus?
1088 2565 1152 2605 An
1171 2578 1253 2606 non
1272 2564 1386 2605 vides
1408 2569 1566 2618 quanta
1585 2565 1786 2613 comedat,
1809 2569 1851 2606 et
1869 2564 1987 2606 bibat
2007 2563 2215 2619 quotidie?

298 2624 312 2646 5
334 2623 387 2663 Ε1
409 2623 465 2664 011
487 2623 631 2664 Daniel
654 2623 852 2665 arridens:
878 2624 936 2664 Ne
958 2619 1068 2665 erres'
1084 2637 1166 2665 rex.
1189 2624 1266 2665 iste
1287 2623 1394 2664 enim
1415 2623 1659 2664 intrinsecus
1679 2623 1815 2665 luteus
1836 2628 1909 2673 est,
1932 2627 1974 2665 01
1993 2623 2216 2665 forinsecus

295 2695 431 2724 aereus.
455 2696 585 2736 neque
606 2683 783 2723 eomedit
805 2682 1038 2737 aliquando.
1091 2684 1104 2706 ⁷
1126 2683 1182 2724 Et
1201 2683 1330 2724 iratus
1350 2695 1422 2723 rex
1442 2682 1610 2724 vocavit
1629 2683 1861 2724 sacerdotes
1881 2681 1978 2731 eius,
2001 2688 2043 2723 et
2062 2682 2122 2724 ait
2140 2682 2215 2724 eis:

299 2741 381 2781 Nisi
413 2741 595 2782 dixeritis
626 2742 737 2784 mihi.
772 2742 860 2796 quis
891 2747 952 2783 est
984 2742 1053 2796 qui
1084 2742 1274 2783 comedat
1304 2741 1508 2795 impensas
1538 2742 1625 2791 has,
1657 2741 1898 2783 moriemini.
1960 2743 1976 2766 ⁸
2005 2741 2047 2783 Si
2077 2746 2217 2783 autem

298 2800 566 2842 ostenderitis.
603 2801 794 2854 quoniam
833 2800 902 2841 Bel
935 2802 1124 2842 comedat
1156 2800 1253 2848 11030,
1287 2800 1485 2842 morietur
1516 2800 1675 2846 Daniel,
1712 2800 1808 2855 quia
1839 2800 2145 2855 blasphemavit
2175 2800 2217 2841 in

305 2858 381 2898 1301.
416 2859 468 2899 Et
499 2859 601 2900 dixit
632 2859 778 2900 Daniel
808 2860 907 2913 regi:
940 2860 1035 2900 Fiat
1063 2860 1181 2900 iuxta
1211 2860 1383 2900 verbum
1414 2865 1545 2901 tuum.
1607 2862 1622 2884 ⁹
1653 2860 1784 2900 Erant
1815 2864 1954 2901 autem
1984 2859 2217 2901 sacerdotes

318 2916 368 2955 {el
396 2919 667 2971 septuaginta.
695 2919 874 2972 exeeptis
900 2919 1107 2962 uxoribus.
1135 2924 1175 2959 et
1199 2918 1393 2972 parvulis,
1421 2924 1462 2960 et
1486 2919 1588 2960 filiis.
1616 2919 1671 2959 Et
1696 2919 1810 2960 venit
1834 2931 1905 2960 rex
1929 2931 2022 2959 0010
2046 2917 2217 2960 Daniele

302 2975 338 3014 in
370 2976 561 3028 templum
594 2977 673 3018 Bel.
730 2979 765 3001 ¹⁰
790 2978 844 3018 Et
871 2978 1064 3018 dixerunt
1089 2977 1320 3019 sacerdotes
1348 2977 1437 3018 Bel:
1466 2978 1570 3019 Ecce
1596 2991 1669 3019 nos
1696 2977 1925 3031 egredimur
1948 2977 2076 3019 foras:
2104 2981 2146 3018 et
2170 2982 2217 3018 tu

304 3046 370 3072 rex
396 3047 497 3086 pone
522 3049 641 3079 escas,
669 3044 707 3076 et
735 3037 871 3077 vinum
900 3037 1033 3079 misce.
1060 3042 1100 3077 et
1125 3036 1267 3077 claude
1292 3036 1454 3079 ostium.
1482 3042 1523 3078 et
1546 3037 1661 3091 signa
1685 3036 1836 3078 annulo
1860 3041 1952 3078 tuo:
2004 3038 2035 3061 ¹1
2060 3041 2101 3077 01
2124 3049 2217 3077 0010

303 3092 499 3134 ingressus
531 3094 649 3133 fueris
681 3108 810 3138 mane,
843 3096 918 3136 11131
949 3095 1150 3136 inveneris
1181 3095 1318 3136 omnia
1347 3101 1529 3137 comesta
1558 3109 1582 3137 a
1613 3095 1695 3140 Bel,
1727 3100 1859 3137 morte
1888 3095 2120 3144 moriemur,
2152 3093 2218 3135 vel

309 3150 445 3189 Daniel
471 3151 534 3204 qni
561 3153 753 3194 mentitus
777 3161 836 3194 est
860 3155 1077 3195 adversum
1100 3168 1184 3195 nos.
1237 3156 1268 3178 ¹2
1290 3155 1621 3196 (Jontemnebant
1643 3160 1795 3202 autem,
1821 3154 1918 3208 quia
1937 3154 2121 3195 fecerant
2141 3154 2217 3195 sub

306 3222 438 3248 mensa
460 3211 741 3251 absconditum
764 3213 988 3255 introitum.
1009 3218 1050 3254 et
1066 3226 1136 3266 per
1153 3212 1264 3254 illum
1283 3213 1619 3263 ingrediebantur
1635 3226 1805 3268 semper,
1824 3219 1866 3254 et
1882 3213 2140 3254 devorabant
2156 3225 2214 3254 ea.

411 3270 440 3290 ¹³
477 3268 641 3309 Factum
677 3276 735 3309 est
769 3272 890 3315 igitur
921 3279 1142 3326 postquam
1176 3272 1321 3321 egressi
1353 3278 1449 3313 sunt
1480 3272 1548 3316 illi.
1583 3286 1653 3313 rex
1686 3272 1823 3326 posuit
1854 3271 1964 3313 cibos
1996 3277 2093 3313 ante
2126 3271 2215 3312 Bel:

308 3326 495 3379 praa-epit
524 3327 660 3367 Daniel
688 3330 815 3380 pueris
840 3331 932 3372 suis.
958 3337 997 3371 01
1020 3331 1251 3372 0110101001
1273 3331 1459 3373 cinerem,
1485 3337 1525 3372 et
1548 3331 1743 3372 cribravit
1764 3344 1836 3385 per
1858 3335 1994 3372 totum
2017 3330 2218 3384 templum

306 3398 439 3425 coram
479 3399 584 3433 rege:
631 3392 669 3426 et
707 3389 847 3428 egressi
887 3389 1118 3430 clauserunt
1156 3390 1324 3431 ostium:
1369 3396 1410 3430 et
1445 3390 1652 3443 signantes
1689 3390 1840 3431 annulo
1876 3389 1978 3443 regis
2014 3389 2215 3430 abierunt.

440 3489 489 3524 13,
516 3489 557 3522 53
582 3489 653 3522 ³Ex
679 3492 730 3525 253.
758 3492 786 3523 ἶ.
828 3511 853 3515 a
878 3494 919 3524 (2⁴2
945 3493 1012 3526 ι>Ι)1
1038 3494 1089 3533 19,
1116 3493 1167 3528 18.
