2356 3760
297 162 374 202 826
1116 158 1390 193 PROPHETIA
1941 161 1994 202 40,
2020 162 2139 202 3—40‚
2164 162 2207 196 33

287 268 352 294 me
383 254 422 294 in
454 260 606 294 terrani
639 252 774 297 Israel,
808 258 850 292 et
880 251 1035 292 dimisit
1064 264 1130 292 me
1161 265 1281 305 super
1310 261 1494 293 montem
1527 252 1731 293 excelsum
1762 253 1900 294 nimis:
1933 268 2053 309 super
2085 269 2206 309 quem

288 319 375 353 erat
408 312 523 366 quasi
554 311 770 353 aedificiuni
802 310 982 350 civitatis
1014 310 1218 363 vergentis
1250 311 1303 351 ad
1333 311 1544 352 Austrum.
1603 313 1619 335 3
1650 311 1707 352 Εῖ
1736 311 1968 354 introduxit
1997 327 2062 355 me
2093 307 2205 355 illuc:

287 378 328 412 et
353 384 443 412 ecce
469 371 541 420 vir,
570 371 682 411 euius
708 374 796 409 erat
820 369 971 421 species
999 368 1113 422 quasi
1139 369 1290 422 speeies
1316 370 1414 418 aeris,
1443 375 1484 411 et
1508 369 1713 410 funiculus
1737 369 1866 411 lineus
1892 371 1933 411 in
1958 385 2082 413 manu
2108 373 2204 417 eius,

287 436 329 470 et
357 430 538 470 calamus
567 440 766 469 mensurae
795 427 834 467 in
864 440 989 467 manu
1019 427 1121 468 eius:
1153 428 1293 469 stabat
1322 434 1462 469 autem
1490 428 1531 469 in
1560 435 1691 481 porta.
1749 431 1764 453 ⁴
1793 429 1849 470 Et
1876 429 2037 471 locutus
2066 437 2125 472 est
2155 432 2208 472 ad

287 502 351 529 me
377 489 482 529 idem
511 488 588 527 vir:
615 486 690 526 Fili
716 486 891 526 hominis
916 486 1009 526 vide
1035 486 1159 527 oculis
1185 487 1277 535 tuis,
1305 493 1347 528 et
1371 487 1536 528 auribus
1562 487 1642 527 tuis
1668 487 1775 535 audi,
1803 493 1843 528 et
1867 501 1972 541 pone
1998 502 2065 530 cor
2089 495 2208 530 tuum

287 547 326 587 in
345 547 492 588 onmia.
513 559 603 599 quae.
619 558 690 597 ego
709 545 922 585 ostendam
941 544 1035 585 tibi:
1054 545 1151 598 quia
1165 551 1213 586 ut
1229 545 1502 587 ostendantur
1519 545 1593 586 tibi
1610 546 1814 586 adductus
1830 559 1870 587 es
1887 547 1984 587 huc:
2003 548 2209 589 annuncia

289 607 436 647 onmia.
469 618 559 658 <pue
588 610 633 644 tu
663 603 788 651 vides,
820 603 960 644 domui
991 603 1126 645 Israel.

99 675 255 728 ‘Offiffffiff
394 666 409 687 5
430 664 486 704 Et
507 676 596 704 ecce
618 676 757 703 murus
778 662 1000 703 forinsecus
1021 662 1063 703 in
1084 662 1255 704 circuitu
1277 663 1423 704 domus
1445 663 1637 716 undique,
1661 669 1702 704 et
1722 663 1763 703 111
1783 676 1909 704 manu
1931 664 2006 704 viri
2027 664 2208 705 calamus

176 722 183 727 “
244 722 264 730 μ’
291 735 488 762 inensurae
512 735 583 762 sex
607 722 852 766 cubitorum,
879 726 920 762 et
943 721 1098 775 palmo:
1125 727 1165 762 et
1190 734 1352 762 mensus
1378 728 1438 762 est
1462 721 1723 762 latitudinem
1749 722 1907 763 aedificii
1931 722 2087 765 calamo
2112 737 2206 772 uno,

288 781 548 821 altitudinem
582 794 744 834 quoque
774 779 931 821 calamo
962 793 1054 821 uno.

120 841 245 901 ‘³332‘
398 842 413 864 ⁶
434 840 489 880 Et
510 839 624 880 venit
646 839 698 880 ad
719 844 894 892 portam,
920 852 1009 892 quae
1030 839 1273 891 respiciebat
1294 839 1405 880 viam
1427 839 1678 888 orientalem,
1702 846 1744 880 et
1764 840 1948 881 aseendit
1968 853 2040 893 per
2058 841 2209 894 gradus

103 883 259 939 (donnas,
290 899 392 939 eius:
414 904 454 939 et
475 912 637 939 mensus
658 903 719 938 est
737 897 860 938 limen
880 903 1010 951 portae
1029 897 1186 939 calamo
1207 911 1287 939 uno
1307 897 1584 947 latitudinem,
1605 897 1647 938 id
1666 903 1738 940 est.
1759 898 1883 939 limen
1903 912 2031 939 unum
2051 898 2208 940 calamo

287 971 367 998 uno
391 957 430 997 111
453 957 691 997 latitudine:
745 958 758 980 ⁷
782 962 823 997 et
847 956 1074 997 thalamum
1098 970 1179 998 uno
1202 956 1359 997 calamo
1382 957 1423 997 in
1444 956 1623 1010 longum,
1648 962 1689 997 et
1711 970 1791 998 uno
1815 957 1971 998 calamo
1994 957 2035 998 in
2056 957 2207 999 latum:

286 1023 325 1056 et
359 1016 465 1056 inter
498 1015 713 1058 thalamos.
751 1015 931 1069 quinque
965 1015 1142 1056 cubitos:
1207 1017 1222 1039 s
1255 1020 1297 1056 et
1328 1015 1451 1056 limen
1483 1020 1613 1068 portae
1645 1015 1764 1056 iuxta
1795 1016 2047 1057 vestibulum
2080 1022 2210 1070 portae

287 1075 541 1123 intrinsecus,
574 1074 730 1115 calamo
761 1087 854 1115 11110.
916 1075 931 1098 ⁹
960 1074 1014 1115 Et
1044 1087 1208 1115 mensus
1238 1079 1300 1115 est
1328 1074 1579 1115 vestibulum
1609 1080 1738 1127 portae
1768 1081 1860 1116 octo
1891 1075 2136 1119 cubitorum.
2168 1081 2210 1116 et

285 1134 463 1174 frontem
492 1133 576 1174 eius
604 1133 764 1174 duobus
793 1132 959 1173 cubitis:
990 1133 1240 1173 vestibulum
1270 1138 1409 1174 autem
1437 1138 1567 1187 portae
1594 1139 1682 1174 erat
1709 1133 1963 1175 intrinsecus.
2021 1136 2057 1158 ¹⁰
2082 1134 2208 1175 Porro

286 1192 457 1233 thalami
489 1197 618 1245 portae
649 1192 701 1232 ad
732 1191 841 1232 viam
874 1191 1137 1241 Orientalem‚
1171 1198 1252 1233 tres
1282 1192 1377 1233 hinc
1407 1197 1449 1233 et
1479 1198 1560 1232 tres
1590 1192 1702 1233 inde:
1735 1206 1926 1233 mensura
1956 1206 2039 1233 una
2069 1192 2206 1241 trium,

285 1257 326 1292 et
351 1264 544 1292 mensura
567 1263 651 1292 una
673 1250 873 1292 frontium
898 1264 948 1291 ex
973 1255 1149 1304 utraque
1173 1256 1302 1304 parte.
1358 1253 1388 1275 11
1414 1250 1469 1292 Εῖ
1495 1264 1659 1292 mensus
1684 1256 1746 1292 est
1769 1251 2033 1292 latitudinem
2058 1251 2208 1292 liminis

286 1316 426 1364 portae,
467 1310 606 1351 decem
645 1310 896 1351 cubitorum:
937 1315 978 1350 et
1013 1309 1312 1363 longitudinem
1351 1315 1492 1363 portae,
1533 1309 1727 1351 tredecim
1766 1310 2018 1351 cubitorum:
2085 1312 2116 1334 12
2153 1310 2210 1351 Εῖ

286 1369 509 1422 marginem
546 1374 641 1409 ante
676 1368 880 1410 thalamos
915 1368 1042 1409 cubiti
1077 1369 1214 1410 unius:
1252 1375 1293 1409 et
1327 1368 1490 1409 cubitus
1524 1381 1630 1409 unus
1664 1368 1754 1409 finis
1789 1369 2000 1422 utrinque:
2037 1368 2209 1410 thalami

287 1434 438 1476 autem,
461 1441 531 1468 sex
551 1427 784 1468 cubitorum
805 1433 923 1469 erant
942 1427 1036 1468 111110
1055 1433 1097 1468 θῖ
1116 1427 1221 1469 inde.
1272 1430 1303 1452 13
1323 1427 1377 1468 Et
1397 1440 1561 1468 mensus
1582 1433 1644 1469 est
1662 1433 1826 1481 portam
1847 1441 1872 1468 a
1890 1433 2000 1469 tecto
2022 1427 2206 1470 thalami.

286 1500 414 1540 usque
435 1487 487 1527 ad
506 1492 663 1528 tectum
683 1486 779 1535 eius,
799 1486 1063 1527 latitudinem
1083 1486 1415 1540 vigintiquinque
1434 1486 1687 1527 cubitorum:
1708 1486 1860 1527 ostium
1880 1491 2025 1528 contra
2043 1486 2206 1528 ostium.

287 1548 317 1570 ¹⁴
342 1545 398 1586 Et
421 1545 518 1586 feeit
542 1546 697 1587 frontes
721 1558 793 1599 per
816 1545 1031 1598 sexaginta
1054 1545 1233 1586 cubitos:
1259 1552 1301 1586 et
1325 1546 1377 1586 ad
1400 1545 1579 1586 frontem
1604 1545 1755 1586 atrium
1779 1550 1910 1599 portae
1933 1545 2114 1599 undique
2138 1558 2210 1598 per

287 1604 515 1646 circuitum.
574 1606 605 1629 ¹⁵
634 1604 690 1644 Et
719 1609 814 1644 ante
844 1603 989 1644 faciem
1018 1609 1160 1657 portae,
1193 1617 1283 1657 quae
1312 1603 1574 1657 pertingebat
1602 1617 1730 1657 usque
1760 1604 1813 1644 ad
1840 1604 1987 1644 faciem
2015 1603 2210 1645 vestibuli

286 1668 415 1716 portae
438 1662 652 1711 interioris,
681 1662 983 1716 quinquaginta
1007 1662 1179 1704 cubitos.
1233 1664 1268 1687 16
1292 1662 1348 1703 Εῖ
1371 1662 1570 1703 fenestras
1595 1662 1782 1716 obliquas
1806 1662 1848 1703 in
1872 1662 2077 1712 thalamis,
2104 1667 2145 1704 et
2168 1662 2210 1703 in

285 1722 490 1763 frontibus
518 1735 669 1766 eorum,
701 1734 791 1775 quae
818 1727 935 1762 erant
961 1721 1071 1762 intra
1096 1726 1261 1775 portam
1288 1721 1469 1775 undique
1496 1734 1568 1775 per
1594 1721 1829 1762 circuitum:
1858 1721 2043 1762 similiter
2069 1726 2209 1762 autem

286 1786 403 1822 erant
429 1786 469 1821 et
496 1781 537 1821 in
563 1779 776 1821 vestibulis
801 1780 990 1821 fenestra?
1014 1793 1087 1834 per
1110 1793 1258 1834 gyrum
1284 1780 1538 1828 intrinsecus,
1567 1785 1609 1821 et
1635 1786 1730 1821 ante
1756 1780 1911 1821 frontes
1937 1781 2100 1833 pictura
2124 1779 2210 1834 pal-

285 1853 457 1881 marum.
1771 1882 1774 1885 .

117 1899 242 1958 3351?ss
393 1900 426 1923 1⁷
459 1899 514 1939 Et
547 1898 691 1939 eduxit
722 1911 786 1939 me
820 1898 872 1939 ad
904 1898 1055 1939 atrium
1088 1898 1278 1945 exterius,
1313 1905 1354 1939 et
1386 1911 1477 1939 ecee
1508 1897 1814 1952 gazophylacia,
1849 1904 1891 1939 et
1921 1898 2209 1951 pavimentum

95 1976 128 1994 ac
149 1953 263 2000 renqusse
288 1963 465 1998 stratum
488 1957 624 2011 lapide
648 1957 689 1998 in
713 1957 817 1998 atrio
841 1970 913 2011 per
936 1957 1170 1998 circuitum:
1196 1957 1368 2011 triginta
1388 1956 1684 2011 gazophylacia
1705 1957 1747 1997 in
1771 1956 1942 1998 circuitu
1966 1956 2206 2010 pavimenti.

90 2007 267 2036 W‘ae“¹¹¹*³
288 2018 321 2041 13
359 2017 414 2057 Εῖ
451 2017 737 2070 pavimentum
774 2016 815 2057 in
851 2016 986 2057 fronte
1022 2022 1237 2069 portarurn
1274 2016 1499 2057 secundum
1534 2015 1833 2069 longitudinem
1871 2021 2085 2069 portarum
2122 2020 2211 2056 erat

284 2076 463 2117 inferius.
519 2077 554 2100 1⁹
580 2075 638 2116 Et
663 2088 827 2116 mensus
854 2080 916 2116 est
941 2074 1206 2116 latitudinem
1234 2088 1259 2116 a
1283 2075 1386 2116 facie
1413 2079 1543 2128 portae
1568 2075 1768 2116 inferioris
1795 2088 1924 2128 usque
1951 2075 2004 2115 ad
2029 2074 2209 2116 frontem

284 2134 377 2175 atrii
393 2134 595 2175 interioris
610 2134 874 2182 extrinsecus,
893 2138 1059 2175 centum
1075 2134 1236 2175 cubitos
1252 2134 1305 2174 ad
1320 2134 1543 2183 Orientem,
1561 2139 1601 2175 et
1617 2134 1670 2174 ad
1684 2133 1943 2187 Aquilonem.
1988 2135 2025 2158 ²⁰
2037 2133 2208 2174 Portam

285 2206 458 2246 quoque.
489 2206 579 2246 quae
604 2193 848 2246 respiciebat
874 2192 984 2233 viam
1010 2192 1226 2246 Aquilonis
1253 2193 1345 2233 atrii
1372 2192 1595 2241 exterioris,
1624 2205 1788 2233 mensus
1814 2197 1877 2234 est
1902 2198 1989 2233 tam
2014 2192 2057 2233 in
2081 2192 2209 2246 longi—

284 2252 438 2294 tudine.
466 2265 588 2305 quam
612 2251 653 2292 in
675 2251 907 2292 latitudine.
959 2252 990 2275 ²¹
1014 2251 1069 2292 Et
1092 2251 1297 2293 thalamos
1320 2251 1404 2292 eius
1426 2256 1508 2292 tres
1531 2251 1636 2299 111110,
1662 2256 1703 2292 et
1726 2256 1807 2292 tres
1830 2251 1942 2292 inde:
1967 2256 2008 2292 et
2028 2251 2209 2292 frontem

283 2311 379 2354 eius.
401 2316 443 2351 et
460 2310 711 2351 vestibulum
730 2310 813 2350 eius
833 2310 1057 2350 secundum
1076 2323 1309 2351 mensuram
1328 2315 1459 2363 portae
1476 2310 1631 2363 prioris,
1653 2310 1957 2363 quinquaginta
1974 2310 2208 2351 cubitorum

282 2369 581 2423 longitudinem
609 2369 704 2415 eius,
734 2374 776 2410 et
800 2368 1065 2409 latitudinem
1092 2369 1239 2422 viginti
1267 2369 1448 2423 quinque
1475 2369 1721 2410 cubitorum.
1777 2370 1809 2393 ²²
1834 2368 1868 2409 F
1871 2374 2041 2409 enestrae
2067 2373 2208 2409 autem

282 2428 379 2475 eius,
418 2434 459 2469 et
495 2427 757 2475 vestibulum,
796 2432 838 2468 et
872 2427 1092 2481 sculpturae
1127 2428 1352 2469 secundum
1388 2440 1623 2468 mensuram
1658 2432 1799 2481 portae,
1839 2440 1930 2481 quae
1963 2427 2209 2480 respiciebat

283 2487 335 2528 ad
369 2487 598 2528 Orientem:
634 2492 675 2527 et
708 2492 865 2540 septem
899 2487 1102 2540 graduum
1136 2492 1223 2527 erat
1258 2500 1447 2527 aseensus
1481 2486 1577 2535 eius,
1614 2492 1656 2527 et
1688 2486 1939 2527 vestibulum
1974 2492 2069 2527 ante
2103 2498 2206 2527 eam.

283 2548 315 2571 23
349 2546 403 2586 Εῖ
436 2551 559 2599 porta
591 2546 685 2586 atrii
717 2545 920 2587 interioris
954 2551 1099 2586 contra
1130 2552 1294 2599 portam
1328 2545 1555 2599 Aquilonis,
1591 2552 1633 2586 et
1666 2545 1936 2586 Orientalem:
1971 2550 2013 2586 et
2045 2557 2209 2585 mensus

283 2611 345 2645 est
367 2618 391 2645 a
412 2610 533 2658 porta
555 2618 683 2658 usque
706 2605 758 2645 ad
780 2610 943 2657 portam
966 2610 1132 2645 centum
1155 2604 1328 2646 cubitos.
1379 2606 1411 2629 ²4
1433 2604 1489 2645 Et
1510 2604 1655 2645 eduxit
1675 2617 1740 2645 me
1762 2604 1815 2645 ad
1837 2603 1948 2644 viam
1970 2603 2206 2652 australem,

283 2670 323 2704 et
341 2676 431 2704 ecce
447 2669 579 2717 porta,
600 2676 690 2717 quae
706 2663 950 2717 respiciebat
966 2664 1018 2703 ad
1034 2663 1253 2704 Austrum:
1272 2669 1314 2704 et
1329 2676 1493 2704 mensus
1510 2669 1571 2704 est
1587 2663 1766 2704 frontem
1783 2663 1880 2711 eius,
1900 2667 1941 2703 et
1957 2662 2208 2703 vestibulum

283 2722 368 2763 eius
390 2722 509 2763 iuxta
531 2735 742 2763 mensuras
766 2722 1003 2775 superiores.
1057 2724 1088 2746 ²⁵
1112 2722 1168 2763 Et
1190 2723 1390 2763 fenestras
1413 2721 1510 2770 eius,
1536 2727 1578 2762 et
1600 2721 1806 2763 vestibula
1828 2721 1869 2762 in
1893 2721 2077 2765 circuitu.
2103 2721 2208 2761 sicut

282 2782 482 2822 fenestras
504 2787 677 2822 ceteras:
702 2780 1005 2835 quinquaginta
1025 2781 1259 2822 cubitorum
1280 2780 1548 2834 longitudine,
1573 2786 1614 2821 et
1634 2780 1855 2821 latitudine
1877 2780 2208 2833 vigintiquinque

284 2840 528 2881 cubitorum.
587 2842 622 2864 ²⁶
650 2840 706 2880 Et
733 2839 775 2880 in
802 2839 997 2894 gradibus
1026 2845 1183 2893 septem
1213 2839 1514 2880 ascendebatur
1541 2839 1594 2880 ad
1622 2851 1731 2880 eam:
1762 2844 1803 2880 et
1832 2838 2081 2879 vestibulum
2111 2844 2207 2879 ante

284 2899 388 2939 fores
416 2899 518 2939 eius:
547 2905 588 2939 et
614 2899 767 2940 caelatae
792 2898 940 2952 palmae
966 2904 1094 2941 erant.
1124 2911 1207 2939 una
1232 2898 1337 2940 hine.
1367 2904 1407 2939 et
1435 2898 1565 2939 altera
1589 2898 1684 2938 inde
1709 2898 1751 2938 in
1777 2898 1912 2939 fronte
1938 2897 2034 2938 eius.
2090 2898 2124 2921 ²⁷
2151 2897 2206 2937 Et

284 2964 404 3010 porta
433 2958 525 2998 atrii
554 2958 756 2998 interioris
786 2958 826 2998 in
858 2957 926 2997 via
955 2957 1141 2997 australi:
1174 2963 1214 2998 et
1243 2970 1407 2997 mensus
1438 2963 1499 2998 est
1529 2970 1553 2997 a
1581 2962 1701 3010 porta
1731 2969 1859 3009 usque
1889 2956 1942 2996 ad
1971 2961 2135 3009 portam
2164 2955 2206 2996 in

284 3016 351 3056 via
380 3016 561 3063 australi,
593 3021 760 3057 eentum
790 3016 963 3057 cubitos.

136 3078 223 3134 Dg't‘r'ff
391 3076 425 3098 ²⁸
455 3075 507 3116 Et
537 3075 768 3116 introduxit
797 3088 861 3115 me
890 3075 930 3115 in
960 3074 1110 3115 atrium
1140 3075 1308 3115 interius
1338 3075 1390 3116 ad
1418 3079 1583 3128 portam
1614 3074 1854 3115 australem:
1884 3078 1926 3115 et
1953 3086 2116 3114 mensus
2144 3078 2206 3113 est

103 3145 253 3174 interioris,
288 3139 447 3186 portam
465 3134 583 3174 iuxta
596 3146 807 3174 mensuras
823 3133 1058 3187 superiores
1104 3135 1139 3157 ²⁹
1156 3133 1401 3174 Thalamum
1417 3133 1513 3182 eius,
1532 3138 1573 3174 et
1587 3133 1766 3174 frontem
1782 3132 1878 3181 eius,
1897 3137 1938 3173 et
1953 3131 2203 3172 vestibulum

281 3192 365 3231 eius
388 3192 538 3232 eisdem
560 3193 776 3233 mensuris:
800 3198 841 3233 et
862 3193 1060 3233 fenestras
1082 3191 1178 3234 eius.
1204 3198 1243 3233 et
1266 3192 1518 3233 vestibulum
1539 3192 1623 3232 eius
1644 3191 1685 3232 111
1708 3191 1879 3231 circuitu
1904 3190 2207 3244 quinquaginta

282 3250 441 3291 cubitos
472 3250 748 3304 longitudinis,
781 3257 821 3291 et
850 3251 1081 3292 latitudinis
1112 3251 1442 3305 vigintiquinque
1472 3250 1644 3291 cubitos.
1702 3252 1740 3274 ³⁰
1767 3250 1824 3290 Et
1852 3248 2105 3290 vestibulum
2135 3261 2206 3302 per

279 3322 425 3362 gyrum
463 3309 716 3357 longitudine
754 3310 1083 3364 vigintiquinque
1120 3309 1364 3352 cubitorum.
1404 3315 1445 3350 et
1479 3309 1702 3350 latitudine
1739 3308 1919 3362 quinque
1955 3307 2203 3348 cubitorum.

278 3370 310 3392 31
336 3367 391 3408 Εῖ
416 3367 665 3408 vestibulum
691 3369 774 3409 eius
800 3369 851 3409 ad
877 3369 1026 3409 atrium
1052 3368 1242 3410 exterius.
1270 3374 1311 3409 et
1336 3368 1492 3421 palmas
1518 3368 1602 3408 eius
1626 3367 1668 3408 in
1692 3368 1846 3408 fronte:
1872 3371 1913 3407 et
1937 3371 2030 3407 octo
2053 3366 2205 3419 gradus

279 3431 408 3471 erant,
440 3426 587 3479 quibus
616 3427 915 3467 ascendebatur
944 3441 1013 3480 per
1039 3440 1141 3468 eam.
1197 3429 1229 3451 ³²
1258 3426 1311 3467 Et
1341 3427 1572 3468 introduxit
1599 3440 1663 3466 111θ
1691 3426 1731 3466 111
1760 3425 1910 3465 atrium
1939 3424 2110 3465 interius
2137 3436 2209 3477 per

281 3485 389 3525 viam
415 3485 672 3525 orientalem:
700 3491 739 3524 et
765 3499 927 3526 mensus
953 3494 1012 3526 est
1038 3492 1201 3539 portam
1227 3486 1448 3525 secundum
1476 3498 1686 3525 mensuras
1713 3484 1949 3537 superiores.
2003 3485 2036 3507 33
2062 3482 2208 3522 Thala-
