2356 3760
61 66 92 104 4,
118 64 215 104 3-4,
243 64 285 97 28
904 60 1124 93 DANIELIS
1877 60 1951 100 841

164 159 179 181 3
208 157 264 197 Εῖ
292 169 362 209 per
389 169 454 195 me
482 155 737 208 propositum
767 158 828 193 est
857 153 1065 194 decretum
1095 158 1142 193 ut
1170 152 1526 193 introducerentur
1554 152 1595 192 in
1625 158 1843 205 conspectu
1874 166 1963 194 meo
1998 157 2141 217 <stiffi-s

61 215 196 256 cuncti
231 215 433 268 sapientes
470 212 702 266 Babylonis,
740 216 781 251 et
814 217 862 252 ut
895 212 1138 252 solutionem
1173 211 1319 252 somnii
1352 211 1581 252 indicarent
1614 210 1724 251 mihi.
1802 213 1817 234 ⁴
1852 212 1963 252 Tunc
1978 199 2161 258 inteKipretari

59 273 392 327 ingrediebantur
412 272 536 321 arioli,
558 270 678 323 magi,
701 270 890 314 Chaldaei,
914 275 955 310 et
976 270 1190 323 aruspices,
1214 275 1254 310 et
1276 270 1478 311 somnium
1499 269 1662 310 narravi
1683 269 1723 309 in
1745 275 1963 322 conspectu
1997 264 2153 294 ¹¹‘³‘¹¹¹ffl¹¹¹“

60 345 218 373 eorum:
247 338 288 373 et
315 332 557 374 solutionem
586 328 668 369 eius
696 341 777 369 non
805 328 1093 369 indicaverunt
1120 328 1236 368 mihi:

163 410 178 432 5
207 408 334 449 donec
363 405 514 457 collega
541 403 741 457 ingressus
771 410 832 444 est
859 403 900 444 in
930 408 1150 457 conspectu
1179 415 1268 444 meo
1298 403 1455 447 Daniel,
1488 404 1550 444 cui
1579 417 1727 445 nomen
1758 403 1966 444 Baltassar
2010 407 2132 467 iffassssigssf,

60 467 283 507 secundum
307 476 455 505 nomen
478 462 555 503 Dei
577 462 667 507 mei,
695 462 762 515 qui
787 463 913 503 habet
936 462 1125 515 spiritum
1148 462 1317 502 deorum
1340 467 1575 503 sanctorum
1598 463 1639 503 in
1663 463 1899 516 semetipso:
1923 468 1965 502 et
2039 449 2055 472 g
2102 460 2110 466 “

61 525 264 567 somnium
295 535 430 563 coram
462 522 548 575 ipso
576 520 737 561 locutus
768 534 870 562 sum.
926 523 940 545 ⁶
965 521 1174 561 Baltassar
1199 520 1385 573 princeps
1416 520 1645 566 ariolorum,
1673 521 1865 574 quoniam
1893 534 1966 574 ego

60 585 141 625 scio
166 582 275 636 quod
296 581 485 635 spiritum
508 585 743 620 sanctorum
766 581 935 621 deorum
957 579 1109 620 habeas
1130 579 1171 619 in
1193 584 1246 624 te,
1275 584 1317 619 et
1339 592 1458 620 omne
1480 585 1782 620 sacramentum
1804 593 1885 621 non
1908 585 1969 620 est

58 640 308 695 impossibile
328 640 422 680 tibi:
445 639 619 679 visiones
639 639 889 679 somniorum
907 651 1103 687 meorum,
1123 650 1223 691 quas
1241 637 1337 681 vidi,
1355 642 1396 677 et
1414 638 1658 679 solutionem
1677 652 1813 678 earum
1834 651 1965 679 narra.

165 718 178 740 ⁷
206 716 315 757 Visio
343 714 487 768 capitis
514 713 593 753 mei
618 713 659 753 in
687 713 808 754 cubili
834 726 943 754 meo:
972 713 1184 758 Videbam,
1214 718 1255 753 et
1281 725 1370 753 ecce
1398 713 1517 754 arbor
1542 712 1582 752 in
1609 713 1742 754 medio
1770 718 1897 757 terrie,
1927 719 1968 754 et
1980 711 2175 772 ffissffisss'r‘ffgg

57 775 233 816 altitudo
256 774 339 814 eius
360 773 498 813 nimia.
551 774 566 795 ⁸
587 772 737 823 Magna
758 772 888 821 arbor,
913 779 954 812 ct
974 772 1110 812 fortis:
1134 778 1174 812 et
1196 772 1416 825 proceritas
1439 771 1522 812 eius
1545 771 1782 825 contingens
1805 772 1965 812 caelum:

58 838 246 888 aspectus
272 832 377 873 illius
405 836 493 872 erat
520 824 727 884 usquead
755 830 949 871 terminos
976 830 1176 871 universae
1203 836 1330 871 terrae.
1389 832 1404 854 ⁹
1431 830 1546 871 Folia
1572 830 1655 871 eius
1683 830 1966 884 pulcherrima,

56 898 98 934 et
118 893 276 932 fructus
298 890 381 931 eius
404 890 570 930 nimius:
595 895 636 930 et
657 903 748 930 esca
768 889 1050 930 universorum
1073 889 1113 929 in
1135 902 1193 930 ea.
1218 890 1359 930 subter
1380 902 1469 930 eam
1491 889 1740 930 habitabant
1762 889 1965 934 animalia,

56 956 98 992 et
119 950 270 999 bestiae,
295 954 336 991 ct
355 949 397 990 in
418 949 540 989 ramis
563 949 646 989 eius
669 948 1020 989 conversabantur
1040 948 1223 989 volucres
1247 948 1348 988 caeli:
1373 953 1413 988 et
1435 961 1484 988 ex
1506 961 1553 988 ea
1574 948 1816 989 vescebatur
1838 948 1968 989 omnis

57 1023 161 1051 caro.
222 1011 257 1034 ¹0
286 1008 485 1049 Videbam
516 1007 555 1048 in
588 1007 741 1048 visione
772 1007 916 1060 capitis
947 1007 1026 1047 mei
1056 1020 1176 1060 super
1206 1012 1383 1047 stratum
1414 1020 1562 1050 meum,
1595 1012 1637 1047 et
1666 1020 1755 1047 ecce
1787 1007 1894 1061 vigil,
1927 1012 1969 1048 et

56 1074 222 1109 sanctus
255 1068 304 1108 de
338 1067 432 1108 caelo
466 1066 687 1107 descendit.
750 1068 780 1090 11
813 1065 1018 1106 Clamavit
1051 1066 1222 1111 fortiter,
1258 1071 1299 1106 et
1331 1065 1386 1106 sic
1419 1066 1495 1106 ait:
1530 1066 1733 1106 Succidite
1767 1067 1964 1115 arborem,

56 1132 98 1167 et
129 1126 336 1180 praecidite
369 1138 504 1166 ramos
538 1125 640 1165 eius:
677 1125 856 1165 excutite
890 1124 987 1165 folia
1020 1125 1115 1169 eius,
1152 1130 1193 1165 θῖ
1227 1125 1444 1177 dispergite
1477 1125 1635 1165 fructus
1669 1125 1770 1165 eius:
1806 1125 1968 1178 fugiant

56 1185 208 1233 bestiae,
239 1198 329 1239 quae
354 1185 495 1225 subter
520 1197 610 1224 eam
636 1188 744 1232 sunt,
774 1188 815 1224 et
841 1183 1023 1224 volucres
1051 1184 1099 1224 de
1126 1183 1247 1223 ramis
1275 1183 1370 1224 eius.
1426 1185 1457 1207 ¹²
1485 1183 1777 1224 Verumtamen
1803 1196 1967 1237 germen

54 1244 238 1285 radicum
262 1243 345 1284 eius
368 1243 409 1283 in
434 1248 542 1283 terra
564 1242 695 1289 sinite,
721 1247 762 1283 et
786 1242 973 1296 alligetur
996 1241 1156 1282 vinculo
1181 1242 1308 1282 ferreo
1333 1247 1372 1281 et
1397 1254 1497 1282 aereo
1521 1241 1562 1282 in
1585 1242 1731 1285 herbis,
1759 1255 1849 1295 quae
1870 1242 1967 1282 foris

55 1308 163 1351 sunt,
193 1308 234 1343 et
258 1315 346 1343 rore
373 1301 457 1343 caeli
483 1301 679 1354 tingatur,
708 1307 749 1341 et
775 1314 866 1341 cum
893 1300 986 1340 feris
1013 1313 1105 1353 pars
1132 1300 1216 1340 eius
1242 1300 1281 1340 in
1310 1300 1436 1340 herba
1462 1306 1589 1341 terrae.
1646 1303 1677 1325 ¹³
1703 1300 1779 1341 Cor
1804 1301 1887 1341 eius
1915 1301 1966 1341 ab

54 1362 235 1402 humano
257 1365 544 1403 commutetur,
567 1365 609 1400 et
628 1372 695 1399 cor
714 1360 808 1399 ferae
828 1359 948 1399 detur
967 1359 1020 1398 ei:
1042 1364 1082 1399 et
1103 1364 1259 1411 septem
1281 1364 1468 1412 tempora
1487 1364 1701 1400 mutentur
1720 1372 1840 1413 super
1859 1372 1964 1400 eum.

55 1421 87 1444 ¹4
111 1419 159 1460 In
181 1418 387 1460 sententia
408 1417 575 1472 vigilum
599 1418 808 1458 decretum
832 1422 904 1466 est,
930 1423 971 1458 et
993 1430 1122 1458 sermo
1146 1422 1394 1465 sanctorum,
1419 1424 1460 1458 et
1482 1418 1645 1471 petitio:
1671 1419 1799 1459 donec
1822 1431 1967 1471 cogno-

54 1483 173 1519 scant
205 1477 390 1519 vivcntes
426 1476 619 1530 quoniam
654 1476 890 1517 dominatur
925 1476 1118 1517 Excelsus
1152 1476 1193 1516 in
1228 1489 1348 1529 regno
1384 1476 1615 1526 hominum;
1651 1482 1692 1518 et
1726 1477 1967 1530 cuicumque

55 1537 242 1585 voluerit,
260 1536 378 1577 dabit
391 1535 503 1584 illud,
521 1540 563 1576 et
577 1534 851 1576 humillimum
866 1535 1072 1576 hominem
1089 1535 1313 1576 constituet
1327 1549 1448 1589 super
1462 1549 1567 1577 eum.
1612 1538 1642 1560 1⁵
1660 1536 1748 1577 Hoc
1763 1536 1966 1577 somnium

54 1595 139 1637 vidi
165 1608 237 1649 ego
267 1594 645 1635 Nabuchodonosor
671 1607 759 1634 rex:
790 1599 835 1634 tu
862 1606 954 1645 ergo
984 1593 1193 1634 Baltassar
1219 1594 1600 1647 interpretationem
1628 1608 1749 1636 narra
1774 1595 1965 1635 festinus:

56 1654 152 1708 quia
182 1667 321 1695 omnes
352 1653 555 1707 sapientes
586 1653 697 1706 regni
728 1653 806 1693 mei
838 1666 918 1694 non
951 1658 1108 1706 queunt
1138 1652 1382 1694 solutionem
1414 1654 1568 1694 edicere
1598 1654 1715 1694 mihi:
1750 1660 1793 1694 tu
1826 1660 1965 1694 autem

55 1718 183 1767 potes,
215 1713 311 1766 quia
338 1712 503 1766 spiritus
532 1712 700 1753 deorum
729 1717 964 1753 sanctorum
993 1712 1033 1752 in
1064 1717 1103 1752 te
1132 1717 1204 1753 est.

160 1784 194 1806 ¹⁶
213 1783 326 1823 Tunc
344 1781 501 1826 Daniel,
524 1782 636 1822 cuius
654 1794 802 1822 nomen
824 1781 1043 1825 Baltassar,
1065 1781 1191 1835 coepit
1208 1782 1317 1822 intra
1335 1782 1599 1835 semetipsum
1619 1782 1769 1823 tacitus
1788 1782 1965 1836 cogitare
2012 1781 2129 1812 piusque

56 1841 171 1895 quasi
192 1854 275 1881 una
294 1840 412 1882 hora:
435 1846 476 1881 et
497 1840 763 1893 cogitationes
785 1840 868 1881 eius
891 1841 1198 1881 conturbabant
1218 1854 1322 1882 eum.
1349 1841 1614 1894 Respondens
1636 1847 1774 1882 autem
1796 1854 1865 1882 rex
1888 1841 1962 1882 ait:
1999 1818 2150 1892 &igi-1¹23}-

57 1900 276 1947 Baltassar,
305 1899 507 1940 somnium
535 1904 576 1939 et
600 1899 884 1952 interpretatio
912 1899 995 1939 eius
1022 1912 1103 1940 non
1130 1900 1378 1940 conturbent
1404 1905 1455 1940 te.
1487 1900 1715 1953 Respondit
1743 1900 1962 1947 Baltassar,
2022 1888 2116 1917 amm*

54 1964 97 1999 et
123 1958 246 1999 dixit:
274 1957 450 1998 Domine
476 1957 544 2005 mi,
574 1957 775 1998 somnium
805 1958 877 2007 his,
909 1958 976 2011 qui
1005 1963 1045 1998 te
1073 1958 1258 2003 oderunt,
1289 1963 1330 1999 et
1356 1958 1640 2012 interpretatio
1669 1959 1752 1999 eius
1780 1959 1966 2000 hostibus

54 2017 135 2058 tuis
170 2016 235 2058 sit.
300 2018 333 2041 ¹⁷
368 2016 578 2063 Arborem,
618 2029 740 2069 quam
778 2016 916 2057 vidisti
952 2016 1179 2064 sublimem,
1217 2022 1342 2070 atque
1377 2018 1602 2065 robustam,
1640 2018 1753 2058 cuius
1789 2018 1965 2059 altitudo

54 2075 250 2130 pertingit
268 2075 320 2116 ad
338 2074 492 2119 caelum,
513 2080 555 2124 et
573 2080 761 2127 aspectus
779 2074 884 2115 illius
902 2074 942 2115 in
962 2088 1123 2116 omnem
1143 2080 1312 2116 terram:
1360 2077 1394 2100 ¹⁸
1412 2081 1453 2116 et
1470 2076 1572 2116 rami
1590 2076 1674 2116 eius
1692 2076 1963 2130 pulcherrimi,

54 2140 96 2176 θῖ
121 2135 278 2175 fructus
305 2134 389 2174 eius
415 2134 575 2180 nimius,
605 2140 646 2174 et
673 2147 764 2174 esca
790 2133 971 2174 omnium
999 2134 1039 2174 in
1067 2147 1125 2179 ea,
1154 2135 1295 2175 subter
1321 2148 1410 2175 eam
1438 2135 1673 2176 habitantes
1702 2135 1842 2177 bestiae
1868 2135 1963 2189 agri,

54 2199 96 2234 et
112 2193 153 2234 in
170 2193 292 2234 ramis
311 2192 394 2233 eius
414 2197 712 2234 commorantes
731 2206 826 2232 aves
845 2192 947 2233 caeli:
995 2195 1028 2217 ¹⁹
1047 2193 1106 2233 Tu
1125 2206 1165 2233 es
1182 2206 1264 2237 rex,
1287 2194 1355 2247 qui
1373 2193 1658 2247 magnificatus
1677 2208 1729 2241 es,
1750 2200 1790 2235 et
1807 2194 1965 2235 invalu-

54 2252 139 2293 isti:
158 2257 199 2293 et
214 2252 455 2305 magnitudo
473 2257 547 2292 tua
563 2251 702 2296 crevit,
721 2258 761 2291 et
778 2251 965 2304 pervenit
981 2265 1108 2305 usque
1126 2252 1175 2292 ad
1195 2251 1348 2297 caelum,
1368 2258 1409 2293 et
1424 2258 1607 2306 potestas
1625 2258 1699 2294 tua
1713 2253 1753 2293 in
1771 2254 1965 2294 terminos

55 2311 253 2351 universae
275 2316 403 2351 terrae.
455 2312 491 2334 ‘2⁰
514 2311 633 2358 Quod
656 2315 795 2350 autem
819 2310 924 2350 vidit
946 2323 1017 2350 rex
1040 2310 1214 2364 vigilem,
1241 2316 1282 2351 et
1304 2316 1492 2351 sanctum
1517 2312 1758 2352 descendere
1782 2313 1831 2352 de
1855 2312 1962 2361 caelo,

54 2374 96 2410 et
122 2369 270 2410 dicere:
300 2369 503 2410 Succidite
531 2369 728 2414 arborem,
758 2374 799 2409 et
825 2369 1019 2422 dissipate
1046 2369 1169 2418 illam,
1200 2374 1385 2410 attamen
1411 2383 1575 2423 germen
1602 2370 1785 2411 radicum
1813 2371 1897 2411 eius
1924 2371 1964 2411 in

54 2433 164 2469 terra
187 2427 396 2475 dimittite,
424 2432 465 2468 et
488 2427 693 2468 vinciatur
716 2428 822 2468 ferro
846 2433 887 2468 et
912 2441 987 2468 aere
1012 2428 1052 2468 in
1077 2428 1211 2469 herbis
1236 2429 1344 2477 foris,
1372 2434 1413 2469 et
1436 2442 1523 2470 rore
1549 2429 1633 2469 caeli
1659 2435 1962 2483 conspergatur,

55 2492 96 2528 θῖ
115 2500 207 2528 cum
227 2486 320 2527 feris
340 2486 393 2527 sit
413 2486 609 2540 pabulum
631 2486 726 2533 eius,
749 2487 876 2527 donec
897 2492 1053 2540 septem
1075 2492 1262 2541 tempora
1280 2493 1495 2528 mutentur
1514 2501 1634 2541 super
1654 2501 1765 2528 eum:
1813 2490 1844 2513 ²1
1867 2489 1965 2529 Haec

54 2550 117 2586 est
140 2545 425 2599 interpretatio
452 2545 665 2586 sententiae
690 2545 900 2593 Altissimi,
938 2559 1028 2599 quae
1053 2546 1240 2599 pervenit
1265 2559 1386 2599 super
1411 2547 1623 2588 dominum
1650 2560 1785 2587 meum
1809 2560 1962 2601 regem:

54 2606 86 2628 ²2
110 2604 288 2645 Eiicient
312 2609 352 2645 te
378 2604 429 2644 ab
455 2604 700 2647 hominibus,
724 2609 766 2645 et
791 2617 882 2645 cum
910 2604 1048 2645 bestiis
1074 2604 1250 2658 ferisque
1276 2605 1352 2646 erit
1377 2605 1580 2646 habitatio
1608 2611 1692 2653 tua,
1718 2611 1760 2646 et
1786 2606 1962 2646 afoenum

55 2668 103 2704 ut
122 2663 194 2704 bos
216 2663 412 2707 comedes,
440 2668 480 2704 et
500 2676 587 2704 rore
609 2662 692 2704 caeli
714 2663 955 2704 infunderis:
981 2669 1137 2717 septem
1161 2677 1321 2718 quoque
1343 2670 1530 2718 tempora
1549 2665 1824 2705 mutabuntur
1844 2678 1964 2718 super

56 2727 107 2769 te,
139 2722 266 2763 donec
295 2721 396 2763 scias
427 2722 536 2775 quod
565 2721 798 2763 dominetur
826 2722 1020 2763 Excelsus
1050 2736 1170 2776 super
1197 2736 1367 2776 regnum
1395 2723 1620 2771 hominum,
1652 2729 1693 2764 et
1722 2723 1963 2777 cuicumque

55 2780 241 2829 voluerit,
266 2781 337 2821 det
357 2780 468 2821 illud.
519 2782 551 2805 2³
574 2781 692 2829 Quod
715 2786 853 2821 autem
875 2781 1069 2835 praecepit
1090 2786 1137 2821 ut
1158 2781 1453 2835 relinqueretur
1473 2795 1636 2836 germen
1658 2782 1841 2822 radicum
1864 2782 1960 2830 eius,

54 2839 96 2880 id
126 2844 187 2879 est
216 2839 387 2880 arboris:
418 2852 587 2893 regnum
617 2844 735 2880 tuum
766 2839 841 2880 tibi
870 2840 1054 2880 manebit
1083 2846 1303 2894 postquam
1334 2841 1568 2894 cognoveris
1598 2845 1847 2893 potestatem
1877 2854 1961 2881 esse

56 2897 268 2938 caelestem.
327 2899 359 2922 24
391 2898 523 2946 Quam
555 2898 606 2939 ob
638 2910 722 2938 rem
754 2911 824 2938 rex
856 2898 1067 2939 consilium
1098 2911 1234 2939 meum
1266 2899 1427 2952 placeat
1458 2899 1544 2943 tibi,
1597 2904 1658 2939 bet
1688 2904 1859 2952 peccata
1890 2904 1963 2940 tua

55 2955 319 3010 eleemosynis
347 2956 510 3005 redime,
541 2962 582 2997 et
608 2956 846 3009 iniquitates
876 2962 968 2997 tuas
997 2957 1278 2998 misericordiis
1307 2971 1552 3011 pauperum:
1581 2957 1753 2998 forsita-n
1780 2957 1963 3011 ignoscet

56 3014 212 3056 delictis
242 3015 334 3056 tuis.

158 3086 191 3109 '³5
212 3083 360 3125 Omnia
379 3083 465 3123 haec
485 3089 686 3125 venerunt
706 3097 826 3137 super
848 3085 1225 3127 Nabuchodonosor
1245 3099 1390 3139 regem.
1441 3087 1475 3109 ²⁶
1496 3086 1595 3126 Post
1616 3085 1737 3126 finem
1759 3086 1959 3126 mensium
1983 3093 2031 3111 fex
2055 3087 2082 3112 5¹¹
2106 3087 2146 3112 ἰη-

2009 3123 2118 3147 saniam

55 3143 281 3189 duodecim,
312 3142 353 3183 in
383 3141 477 3183 aula
506 3142 727 3196 Babylonis
757 3143 1062 3185 deambulabat.
1120 3146 1154 3168 2⁷
1186 3144 1495 3197 Responditque
1524 3157 1605 3193 rex,
1638 3148 1679 3185 et
1708 3145 1783 3185 ait:
1816 3145 1959 3185 Nonne
1992 3158 2142 3223 2οέἲὲιέξο-

54 3201 140 3242 haec
160 3207 222 3243 est
242 3200 429 3254 Babylon
449 3214 609 3254 magna,
634 3214 756 3255 quam
777 3215 848 3255 ego
870 3202 1067 3243 aedificaxd
1088 3203 1128 3243 in
1149 3203 1316 3243 domum
1337 3202 1459 3255 regni,
1482 3202 1522 3242 in
1543 3203 1686 3244 robore
1706 3203 1958 3244 fortitudinis
2018 3228 2117 3252 incidit

55 3273 166 3309 meae,
199 3265 240 3301 et
267 3260 308 3300 in
336 3259 463 3313 gloria
492 3259 645 3301 decoris
674 3260 776 3301 mci?
834 3262 869 3285 ²⁵³
899 3261 1081 3315 Cumque
1111 3274 1240 3302 sermo
1271 3261 1405 3301 adhuc
1434 3267 1538 3302 esset
1567 3261 1608 3302 in
1638 3275 1704 3303 ore
1734 3262 1847 3315 regis,
1879 3275 1960 3303 vox

188 3384 219 3425 4,
243 3384 286 3418 22
310 3385 385 3418 aIns
408 3386 440 3425 5,
465 3386 516 3419 21.
544 3407 585 3410 —
609 3386 651 3419 24
674 3386 746 3420 bSir
769 3388 800 3426 3,
825 3388 877 3421 33.
