2356 3760
118 87 172 127 21,
199 85 339 124 10—22,
365 84 407 117 18
847 81 1231 115 PROVERBIORUM
1935 88 2008 129 581

120 181 157 204 ¹⁰
173 179 322 220 Anima
350 177 464 231 impii
493 177 695 218 desiderat
723 176 889 223 malum,
974 188 1054 216 non
1083 175 1338 215 miserebitur
1365 175 1549 228 proximo
1579 189 1662 218 suo.

122 241 152 263 ¹¹
173 237 372 279 Mulctato
400 236 616 290 pestilente
642 233 864 288 sapientior
889 233 964 274 erit
991 233 1203 287 parvulus:
1286 240 1326 274 et
1353 234 1384 274 si
1411 239 1588 274 sectetur
1614 236 1847 287 sapientem.
1880 248 2011 280 sumet

384 295 606 337 scientiam.

122 358 154 381 ¹²
174 356 396 409 Excogitat
423 355 553 395 iustus
583 352 632 392 de
661 351 781 392 domo
812 351 935 404 impii.
1020 356 1066 391 ut
1096 351 1286 391 detrahat
1315 351 1459 404 impios
1489 364 1509 391 a
1540 352 1658 394 malo.

123 417 156 440 ¹³
176 415 254 464 Qui
285 415 453 456 obturat
485 424 622 451 aurem
655 422 770 450 suam
813 410 864 450 ad
896 409 1113 450 clamorem
1155 410 1354 462 pauperis,
1440 416 1479 450 et
1512 410 1595 463 ipse
1627 410 1830 454 clamabit.
1865 418 1903 452 et
1935 426 2014 453 non

385 470 636 511 exaudietur.

124 535 156 558 ¹⁴²
176 534 324 575 Munus
345 529 631 571 absconditum
651 528 854 581 extinguit
874 528 970 568 iras:
1038 532 1079 568 et
1099 527 1252 568 donum
1272 527 1312 567 in
1332 527 1420 567 sinu
1440 527 1761 580 indignationem
1781 529 2013 569 maximam.

124 594 156 617 ¹⁵
175 590 381 633 Gaudium
411 589 517 629 iusto
548 591 609 627 est
636 586 767 627 facere
797 587 1009 627 iudicium:
1093 591 1133 626 et
1162 599 1291 639 pavor
1319 586 1581 638 operantibus
1610 586 1880 639 iniquitatem.

124 650 256 694 1⁶Vir.
290 648 359 702 qui
388 646 581 688 erraverit
610 658 634 686 a
663 645 729 685 via
759 645 963 691 doctrinae,
1047 645 1088 685 in
1118 649 1227 685 coetu
1255 644 1466 697 gigantum
1497 645 1824 686 commorabitur.

125 710 158 733 ¹⁷
177 708 255 757 Qui
277 707 407 760 diligit
429 705 579 759 epulas,
603 704 644 744 in
667 710 846 757 egestate
868 704 961 745 erit:
1039 704 1107 757 qui
1129 708 1243 744 amat.
1263 703 1417 749 vinum,
1442 708 1483 743 et
1504 703 1679 756 pinguia.
1704 716 1785 744 non
1807 704 2016 745 ditabitur.

125 769 160 792 ¹⁸
176 768 254 808 Pro
285 767 390 808 iusto
421 765 544 805 datur
571 763 738 816 impius:
822 771 862 804 et
890 776 962 817 pro
992 764 1111 804 rectis
1139 763 1314 816 iniquus,

125 828 161 851 ¹⁹
179 826 339 867 aMelius
367 829 428 864 est
453 822 639 863 habitare
672 822 712 863 in
739 828 847 863 terra
873 823 1043 865 deserta.
1127 835 1250 875 quam
1277 834 1369 861 cum
1396 820 1561 861 muliere
1587 821 1720 861 rixosa
1747 826 1786 861 et
1812 821 2018 861 iracunda.

125 888 162 910 2⁰
179 885 407 926 Thesaurus
442 881 727 926 desiderabilis,
765 887 805 922 et
839 881 971 922 oleum
1015 881 1055 921 in
1089 880 1323 921 habitaculo
1357 880 1470 920 iusti:
1559 885 1599 920 et
1633 879 1866 933 imprudens
1899 879 2019 920 homo

388 941 601 994 dissipabit
631 940 741 982 illud.

126 1005 157 1028 21
179 1002 257 1052 Qui
279 1001 462 1055 sequitur
483 1000 683 1041 iustitiam
705 1006 745 1040 et
768 999 1094 1044 misericordiam,
1169 999 1349 1039 inveniet
1370 998 1512 1041 vitam.
1536 997 1748 1045 iustitiam,
1780 1003 1820 1038 et
1841 997 2021 1051 gloriam.

127 1064 160 1087 22
181 1062 402 1103 Civitatem
431 1060 600 1101 fortium
630 1059 812 1099 ascendit
842 1059 1012 1112 sapiens,
1097 1063 1138 1099 et
1167 1057 1369 1099 destruxit
1398 1057 1521 1098 robur
1549 1056 1705 1097 fiduciae
1735 1056 1829 1098 eius.

128 1123 161 1146 ²³
181 1120 259 1169 Qui
283 1119 463 1161 custodit
487 1132 530 1159 os
555 1132 685 1161 suum.
713 1124 754 1159 et
776 1118 957 1171 linguam
982 1131 1109 1166 suam,
1190 1116 1368 1157 custodit
1394 1116 1444 1156 ab
1471 1115 1666 1169 angustiis
1690 1115 1869 1155 animam
1895 1128 2021 1156 suam.

128 1182 160 1204 ²⁴¹
180 1179 387 1233 Superbus
418 1183 457 1218 et
488 1190 679 1231 arrogans
709 1182 882 1218 vocatur
909 1177 1109 1221 indoctus,
1195 1176 1264 1229 qui
1292 1176 1333 1216 in
1362 1175 1421 1215 ira
1450 1179 1642 1227 operatur
1670 1174 1911 1227 superbiam.

129 1241 161 1264 2⁵
180 1238 391 1280 Desideria
422 1237 613 1278 occidunt
644 1237 822 1290 pigrum:
908 1236 1125 1276 noluerunt
1157 1234 1263 1275 enim
1297 1234 1521 1287 quidquam
1552 1246 1697 1273 manus
1729 1232 1812 1272 eius
1850 1232 2023 1285 operari:

128 1300 164 1322 ²⁶
181 1303 272 1339 tota
291 1297 354 1338 die
374 1295 623 1349 concupiscit
644 1302 684 1336 et
704 1295 924 1336 desiderat:
1000 1294 1068 1347 qui
1089 1299 1227 1334 autem
1246 1293 1377 1333 iustus
1397 1297 1469 1334 est.
1492 1292 1656 1339 tribuet,
1679 1296 1719 1331 et
1738 1304 1819 1331 non
1839 1291 2023 1331 cessabit.

128 1359 163 1381 2⁷
183 1357 338 1398 Hostiae
366 1355 584 1409 impiorum
614 1353 917 1397 abominabiles,
1003 1353 1099 1405 quia
1127 1352 1354 1393 offeruntur
1382 1364 1431 1390 ex
1460 1350 1616 1391 scelere.

129 1418 165 1440 2⁸
182 1416 312 1456 Testis
341 1414 519 1455 mendax
546 1412 713 1465 peribit:
797 1412 859 1451 vir
887 1411 1077 1452 obediens
1106 1411 1297 1464 loquetur
1325 1409 1551 1450 victoriam.

129 1477 166 1500 ²⁹
182 1475 252 1514 Vir
278 1473 426 1526 impius
454 1471 678 1524 procaciter
705 1470 896 1511 obfirmat
924 1470 1085 1510 vultum
1114 1483 1251 1510 suum:
1335 1468 1402 1522 qui
1431 1474 1567 1509 autem
1604 1473 1737 1509 rectus
1765 1472 1836 1512 est,
1867 1466 2029 1521 corrigit

392 1544 501 1572 viam
531 1543 658 1571 suam.

129 1594 167 1618 ³⁰
184 1592 275 1633 Non
307 1596 367 1631 est
398 1589 610 1643 sapientia.
644 1602 725 1630 non
756 1594 816 1629 est
858 1589 1087 1642 prudentia,
1173 1601 1254 1628 non
1286 1595 1347 1628 est.
1378 1586 1587 1627 consilium
1619 1591 1762 1627 contra
1792 1585 2025 1626 Dominum.

129 1653 161 1676 ³¹
183 1651 324 1704 Equus
354 1655 524 1703 paratur
553 1648 604 1689 ad
633 1648 739 1689 diem
771 1647 880 1688 belli:
964 1647 1164 1689 Dominus
1194 1652 1333 1687 autem
1363 1646 1535 1686 salutem
1565 1645 1720 1686 tribuit.

130 1751 194 1794 22.
251 1753 263 1774 1
283 1749 424 1791 Melius
447 1754 527 1789 best
546 1761 694 1790 nomen
714 1748 878 1792 bonum,
901 1760 1024 1801 quarn
1043 1746 1197 1788 divitiae
1214 1746 1372 1787 multae:
1442 1758 1561 1799 super
1579 1750 1793 1798 argentum
1812 1749 1852 1784 et
1871 1756 2026 1791 aurum,
2052 1754 2213 1795 Aphousmi

391 1808 524 1862 gratia
553 1808 671 1849 bona.
2094 1796 2175 1815 ‘'²³¹''

152 1871 167 1894 2
183 1869 320 1916 Dives,
351 1874 392 1909 et
418 1880 574 1921 pauper
601 1866 874 1908 obviaverunt
901 1865 994 1906 sibi:
1077 1866 1289 1918 utriusque
1316 1869 1505 1917 operator
1531 1868 1592 1903 est
1619 1863 1829 1903 Dominus

151 1931 168 1954 ³
184 1927 361 1969 Callidus
375 1926 479 1967 vidit
494 1926 659 1974 malum,
675 1930 716 1966 et
729 1925 943 1965 abscondit
958 1937 1016 1965 se:
1073 1925 1264 1965 innocens
1280 1922 1525 1977 pertransiit,
1544 1927 1584 1962 et
1597 1921 1772 1962 afflictus
1788 1926 1848 1961 est
1864 1921 2025 1962 damno.

152 1986 295 2027 ⁴¹Finis
324 1985 534 2027 modestiae
562 1985 685 2025 timor
712 1984 889 2032 Domini,
974 1983 1128 2024 divitiae
1157 1988 1197 2024 et
1225 1982 1352 2036 gloria
1379 1988 1420 2022 et
1449 1981 1546 2022 vita.

153 2048 168 2070 ⁵
185 2046 312 2086 Arma
335 2050 377 2085 et
400 2044 524 2097 gladii
548 2044 588 2083 in
615 2043 683 2083 via
706 2042 901 2096 perversi:
965 2048 1100 2082 custos
1127 2046 1264 2082 autem
1291 2041 1436 2081 animae
1461 2053 1542 2080 suae
1566 2040 1682 2093 longe
1708 2039 1858 2080 recedit
1883 2039 1934 2079 ab
1960 2039 2025 2079 eis.

153 2106 169 2129 ⁶
185 2103 453 2145 Proverbium
474 2108 553 2143 est:
576 2101 820 2143 Adolescens
841 2102 959 2142 iuxta
979 2101 1088 2141 viam
1111 2114 1238 2144 suam.
1297 2100 1420 2140 etiam
1443 2112 1535 2140 cum
1556 2098 1744 2141 senuerit.
1767 2111 1848 2139 non
1869 2097 2029 2138 recedet

395 2162 446 2203 ab
476 2175 534 2202 ea.

154 2222 310 2264 ⁷Dives
346 2221 593 2275 pauperibus
628 2221 820 2274 imperat:
904 2225 945 2260 et
982 2219 1050 2273 qui
1086 2218 1234 2272 accipit
1268 2223 1471 2265 mutuum,
1510 2230 1648 2257 servus
1684 2222 1744 2256 est
1778 2215 2026 2256 foenerantis.

154 2284 170 2306 ⁸
187 2281 266 2331 Qui
294 2281 469 2322 seminat
496 2279 769 2333 iniquitatem,
801 2284 930 2319 metet
956 2278 1076 2323 mala,
1161 2282 1201 2318 et
1231 2277 1345 2330 virga
1372 2276 1440 2316 irae
1468 2289 1550 2316 suae
1577 2274 1937 2316 consummabitur.

155 2343 171 2366 ⁹
189 2340 285 2390 eQui
314 2353 465 2394 pronus
496 2344 557 2379 est
588 2339 640 2380 ad
669 2338 998 2385 misericordiam,
1030 2336 1308 2378 benedicetur:
1386 2336 1434 2376 de
1465 2335 1638 2388 panibus
1669 2334 1774 2374 enim
1805 2333 1886 2374 suis
1916 2333 2029 2373 dedit

396 2398 576 2452 pauperi.

188 2458 412 2500 Victoriam
457 2463 497 2497 et
534 2457 729 2498 honorem
767 2456 950 2510 acquiret
995 2455 1064 2509 qui
1101 2456 1175 2496 dat
1213 2466 1400 2495 munera:
1498 2452 1675 2493 animam
1718 2457 1855 2491 autem
1897 2451 2029 2491 aufert

399 2515 698 2569 accipientium.

136 2579 172 2602 ¹⁰
188 2576 298 2618 Eiice
320 2575 549 2621 derisorem,
573 2580 615 2615 et
636 2574 764 2615 exibit
785 2588 877 2615 cum
899 2587 945 2615 eo
966 2574 1152 2627 iurgium,
1229 2572 1527 2624 cessabuntque
1549 2583 1679 2611 causae
1701 2574 1741 2609 et
1762 2567 2025 2609 contumeliae.

137 2639 168 2661 ¹¹
189 2635 267 2685 Qui
305 2634 435 2689 diligit
472 2634 602 2675 cordis
638 2633 897 2682 munditiam,
998 2637 1165 2686 propter
1206 2631 1380 2685 gratiam
1424 2629 1624 2670 labiorum
1662 2641 1824 2668 suorum
1861 2625 2029 2667 habebit

398 2693 574 2734 amicum
602 2705 748 2746 regem.

137 2757 168 2780 12
188 2754 304 2796 Oculi
332 2753 498 2794 Domini
527 2751 765 2793 custodiunt
793 2752 1023 2792 scientiam:
1106 2755 1148 2791 et
1176 2749 1495 2803 supplantantur
1523 2747 1648 2787 verba
1675 2744 1812 2798 iniqui.

136 2816 169 2839 ¹³
188 2813 299 2854 Dicit
327 2813 455 2866 piger:
486 2812 566 2852 Leo
596 2817 657 2852 est
685 2810 793 2856 foris,
876 2810 917 2851 in
946 2810 1078 2851 medio
1108 2809 1338 2863 platearum
1367 2806 1609 2848 occidendus
1638 2817 1738 2845 sum.

137 2875 168 2897 1⁴²
188 2872 326 2914 Fovea
353 2871 567 2924 profunda,
598 2883 641 2911 os
671 2869 827 2911 alienae:
911 2869 974 2910 cui
1002 2869 1130 2910 iratus
1158 2873 1219 2908 est
1247 2866 1458 2909 Dominus.
1489 2864 1637 2905 incidet
1666 2863 1707 2903 in
1736 2875 1836 2903 eam.

138 2934 169 2956 ¹⁵
189 2930 376 2973 Stultitia
401 2929 590 2983 colligata
616 2934 678 2970 est
704 2929 745 2969 in
772 2929 890 2970 corde
917 2928 1042 2982 pueri,
1125 2932 1166 2968 et
1193 2926 1307 2980 virga
1333 2923 1552 2977 disciplina}
1578 2922 1737 2976 fugabit
1765 2934 1864 2962 eam.

138 2992 173 3015 ¹⁶
190 2990 267 3039 Qui
286 2988 559 3030 calumniatur
575 3001 808 3042 pauperem,
829 2993 876 3028 ut
894 2993 1042 3041 augeat
1061 2986 1225 3027 divitias
1244 2998 1347 3028 suas.
1421 2982 1537 3023 dabit
1554 2981 1638 3034 ipse
1657 2980 1803 3027 ditiori,
1825 2986 1866 3020 et
1884 2979 2027 3033 egebit.

492 3105 563 3155 ΙΙ.
603 3104 792 3156 Verba
831 3104 1199 3170 sapientium,
1237 3101 1321 3153 22.
1348 3101 1404 3150 17
1425 3098 1566 3158 -24,
1590 3097 1678 3149 34.

726 3190 765 3230 1.
795 3188 948 3230 Series
976 3200 1082 3239 una,
1111 3189 1176 3238 22,
1195 3185 1367 3236 17-24,
1386 3186 1451 3224 22.

138 3260 172 3283 ¹⁷
193 3257 347 3299 Inclina
364 3270 502 3297 aurem
519 3261 647 3304 tuam,
667 3260 707 3296 et
726 3255 821 3296 audi
839 3246 964 3296 verba
981 3254 1244 3308 sapientium:
1316 3262 1475 3303 appone
1493 3253 1630 3289 autem
1649 3261 1716 3289 cor
1734 3248 1785 3288 ad
1803 3247 2026 3288 doctrinam
2050 3243 2211 3269 5¹0¹d¹¹¹¹¹¹

399 3328 543 3356 meam.
576 3316 610 3339 ¹8
641 3327 730 3368 quae
758 3314 928 3367 pulchra
956 3314 1031 3354 erit
1060 3312 1146 3357 tibi.

270 3431 322 3472 21,
348 3431 389 3465 19
411 3431 486 3464 aInf
507 3432 560 3468 25,
583 3431 639 3469 24ς
663 3430 715 3464 Sir
735 3430 788 3470 25,
811 3430 861 3463 23.
890 3450 930 3453 —
956 3429 1009 3470 22,
1037 3430 1052 3461 1
1079 3427 1159 3460 bEcl
1185 3427 1215 3467 7,
1241 3426 1270 3459 2.
1297 3445 1338 3449 -
1362 3425 1383 3458 9
1411 3424 1479 3458 asir
1502 3424 1555 3465 31,
1581 3423 1632 3457 28.
