2356 3760
87 1122 248 1153 gratiarum

128 1158 206 1183 actio

116 1194 221 1218 usurae.

94 1408 241 1438 Principes

80 1443 255 1469 familiarum

107 1481 136 1504 et
157 1480 226 1504 socii

111 1522 220 1540 eorum.

87 2019 253 2044 {redeuntes

102 2055 139 2079 ιιιι
162 2055 233 2079 Thia

81 2097 255 2121 congregan-

139 2128 196 2153 tur,

82 2536 209 2560 ieiunant
228 2538 255 2560 et

122 2575 215 2597 orant.

103 2819 238 2843 cosmum

112 2855 228 2879 thesau-

88 2897 184 2915 rorum
206 2889 253 2914 cli-

111 2929 179 2956 gunt
188 2932 228 2949 ur.

83 3378 266 3410 [erosolymis

279 83 380 125 1216
1117 81 1261 115 LIBER
1286 81 1350 115 111.
1522 83 1526 86 ·
1944 82 1975 124 8,
2002 83 2120 124 ιιι-5,
2146 84 2188 117 ba

277 187 315 209 ea
339 185 414 219 quie
437 178 587 219 aguntur
608 174 796 208 secundum
825 174 972 207 ludaeam
996 178 1030 207 et
1059 174 1147 207 [erus
1151 175 1250 210 ilem
1274 174 1395 207 observ
1399 178 1495 208 antes
1518 174 1607 207 sicut
1630 174 1734 207 habes
1757 174 1788 207 in
1814 174 1884 219 lege
1907 176 2057 212 Domini
2105 178 2131 196 ¹⁴
2153 182 2187 210 et

278 224 389 256 ierant
409 232 551 255 muner-i
572 221 720 254 Domino
743 221 812 253 Deo
837 220 946 260 lsrael
968 234 978 253 ι
993 232 1043 254 uae
1064 222 1142 254 vovi
1162 233 1178 255 ι
1181 233 1222 265 ro
1241 225 1275 255 et
1294 221 1394 255 amici
1415 220 1610 255 Ie.rusale1n
1630 224 1664 254 et
1682 231 1783 254 omne
1802 232 1924 256 aurum
1943 227 1977 256 et
1996 229 2187 268 arge.ntun1

279 270 371 313 quod
392 269 572 302 inventum
594 269 695 301 fuerit
718 268 749 300 in
772 268 905 311 regione
926 268 975 301 Ba
1006 268 1126 301 vloniae
1148 269 1296 301 Domino
1318 269 1350 301 in
1374 268 1557 302 Ierusalem
1579 278 1655 301 cum
1676 268 1744 302 illo.
1789 269 1928 312 ¹³quod
1949 274 2000 304 est
2020 260 2186 304 donatum

279 328 338 361 pro
352 317 425 360 ipsa
439 320 539 360 gente
553 316 585 349 in
601 315 767 358 templum
783 314 921 348 Domini
935 326 1052 348 eorum
1067 315 1159 358 quod
1173 320 1223 349 est
1239 315 1271 349 ιιι
1289 315 1486 349 Ierusalem:
1502 319 1540 349 nt
1555 315 1734 359 colligatur
1747 315 1810 349 hoc
1823 327 1945 350 aurum
1960 321 1994 350 et
2007 321 2187 361 argentum

278 364 320 396 ad
337 367 464 397 tauros.
482 367 514 396 et
531 363 662 396 arietes.
679 365 713 394 et
729 372 844 405 agnos,
861 364 895 395 et
910 362 1041 400 hoedos,
1058 367 1091 395 et
1108 373 1183 406 qua:
1200 363 1249 395 his
1265 368 1346 396 sunt
1361 362 1594 406 congruentia.
1634 363 1663 381 ¹⁶
1679 365 1717 396 ut
1732 362 1879 397 offerant
1894 363 2024 398 hostias
2040 364 2187 398 Domino

277 421 378 454 super
393 410 500 444 altare
519 409 654 442 Domini
669 408 818 452 ipsorum
836 409 928 452 quod
944 412 994 442 est
1010 409 1042 442 in
1061 409 1254 443 Ierusalem.
1296 411 1321 429 ¹⁷
1339 409 1384 443 Et
1399 409 1514 442 omnia
1529 420 1754 453 quaecumque
1769 410 1916 443 volueris
1932 421 2008 444 cum
2024 411 2188 445 fratribus

278 458 345 491 tuis
364 458 473 491 facere
493 467 574 489 auro
594 460 627 489 et
647 461 799 499 argento,
820 456 941 500 perfice
962 467 1021 500 pro
1042 456 1222 490 voluntate
1242 461 1302 490 tua
1320 456 1508 490 secundum
1529 460 1736 501 prat-ceptum
1758 456 1897 490 Domini
1916 457 1979 491 Dei
1998 458 2064 492 tui:
2108 461 2136 477 ¹¹⁴
2155 461 2189 492 et

275 509 492 538 sacrosancta
514 514 606 540 vasa,
627 513 702 547 quac
721 503 803 536 data
822 506 904 536 sunt
923 503 985 536 tibi
1004 503 1047 537 ad
1067 514 1169 548 opera
1188 503 1310 537 domus
1334 503 1467 537 Domini
1488 503 1550 536 Dei
1569 503 1631 543 tui,
1652 514 1727 547 quae
1746 507 1796 537 est
1816 504 1849 537 in
1870 504 2068 538 Ierusalem:
2108 506 2137 525 ¹⁹
2155 509 2190 539 et

278 555 388 585 cetera
408 561 633 594 quaecumque
653 550 714 583 tibi
733 550 958 584 subvenerint
976 550 1019 583 ad
1039 561 1140 595 opera
1160 551 1279 594 templi
1301 550 1361 584 Dei
1381 550 1442 590 tui,
1463 550 1560 584 dabis
1579 550 1620 583 de
1640 550 1742 594 regali
1760 551 2020 595 gazophylacio:
2065 554 2093 573 ²⁰
2111 563 2187 586 cum

278 598 422 631 volueris
446 608 523 631 curn
548 597 711 630 fratribus
735 597 802 630 tuis
826 598 935 630 facere
959 608 1041 631 auro
1065 602 1099 631 et
1122 602 1274 641 argento,
1300 598 1421 642 perfice
1444 597 1632 631 secundum
1657 597 1873 632 voluntatem
1897 598 2047 633 Domini.
2094 601 2118 619 ²¹
2144 599 2190 633 Et

276 656 336 689 ego
362 644 501 688 quidem
526 655 584 677 rex
610 645 817 677 Artaxerxes
843 645 988 688 praecepi
1013 644 1212 678 custodibus
1239 645 1477 678 thesaurorum
1503 644 1608 688 Syriae
1634 648 1668 678 et
1694 645 1874 683 Phoenicis,
1901 649 1939 679 ut
1964 656 2190 690 quaecumque

276 692 448 735 scripserit
463 692 589 725 Esdras
603 691 771 730 sacerdos,
786 696 820 725 et
834 691 940 725 lector
954 692 1033 735 legis
1051 692 1199 729 Domini.
1214 691 1394 736 diligenter
1407 692 1509 725 detur
1522 692 1550 725 ci
1566 702 1673 735 usque
1687 692 1731 725 ad
1745 692 1877 736 argenti
1892 693 2024 727 talenta
2038 697 2188 727 centum.

275 739 430 772 similiter
449 742 484 772 et
504 739 591 772 auri:
638 741 663 757 ²²
683 743 717 772 et
737 748 844 782 usque
865 738 908 772 ad
928 739 1093 772 frumenti
1114 739 1245 772 modios
1266 743 1416 773 centum.
1438 744 1472 772 et
1495 739 1563 772 vini
1583 739 1766 783 amphoras
1788 747 1938 779 centum,
1959 743 1994 774 et
2013 740 2079 774 alia
2099 751 2189 784 quae-

276 796 422 829 cumque
448 785 629 819 abundant
653 785 724 818 sine
750 786 938 819 taxatione.
989 787 1014 804 ²³
1040 786 1162 819 Omnia
1188 786 1377 819 secundum
1402 786 1510 830 legem
1536 786 1598 819 Dei
1623 786 1709 819 fiant
1734 786 1806 820 Deo
1832 787 2009 827 altissimo,
2035 798 2076 820 ne
2101 788 2189 821 forte

275 838 420 877 exurgat
436 833 485 866 ira
502 833 536 866 in
555 844 655 877 regno
674 832 769 876 regis,
788 836 821 866 et
840 833 907 867 lilii.
927 836 960 866 et
978 833 1124 866 filiorum
1142 833 1223 867 eius.
1265 835 1291 853 ²⁴
1310 833 1413 866 Vobis
1431 836 1548 867 autem
1565 832 1701 870 dicitur,
1720 837 1759 867 ut
1776 834 1935 867 omnibus
1952 834 2188 868 sacerdotibus

276 884 311 914 et
329 880 468 919 Levitis,
487 885 521 913 et
538 880 640 913 sacris
659 880 867 919 cantoribus,
886 884 920 913 et
937 880 1041 913 servis
1060 880 1190 925 templi.
1209 886 1242 914 et
1260 880 1377 914 scribis
1395 880 1515 924 templi
1532 880 1643 920 huius,
1686 882 1711 899 ²⁶
1728 880 1861 914 nullum
1878 881 2061 921 tributum,
2079 893 2189 926 neque

275 927 343 961 ulla
363 927 429 960 alia
450 927 591 960 indictio
611 927 789 971 irrogetur,
812 938 873 960 nec
893 927 1021 960 habeat
1042 927 1225 971 quisquam
1247 931 1457 972 potestatem
1478 927 1622 961 obiicere
1643 927 1688 960 eis
1710 928 1906 971 quicquam.
1952 930 1980 947 ²⁵³
2001 928 2051 962 Tu
2072 932 2189 962 autem

274 974 384 1007 Esdra
403 974 591 1007 secundum
613 974 819 1018 sapientiam
841 974 903 1007 Dei
924 974 1095 1008 constitue
1116 974 1243 1008 iudices
1263 978 1298 1009 et
1317 975 1464 1008 arbitros
1485 975 1518 1008 in
1540 978 1613 1008 tota
1634 974 1743 1018 Syria,
1765 979 1799 1008 et
1820 975 1995 1009 Phoenice:
2018 979 2052 1009 et
2072 987 2189 1009 omnes

273 1022 331 1065 qui
354 1021 461 1065 legem
486 1021 548 1054 Dei
572 1022 622 1055 tui
645 1032 713 1054 non
736 1025 919 1061 noverunt,
944 1021 1041 1055 doce:
1080 1023 1107 1041 ²⁷
1124 1025 1162 1055 ut
1185 1025 1359 1066 quotquot
1383 1022 1583 1066 transgressi
1605 1022 1733 1055 fuerint
1756 1022 1875 1066 Iegem,
1899 1022 2079 1067 diligenter
2102 1023 2189 1067 plec-

274 1075 394 1102 tantur
417 1069 489 1101 sive
514 1073 635 1105 morte.
661 1069 732 1102 sive
758 1069 923 1109 cruciatu,
949 1069 1020 1102 sive
1046 1069 1150 1102 etiam
1178 1069 1328 1113 pecuniae
1354 1069 1580 1103 mulctatione
1606 1069 1659 1102 vel
1684 1069 1903 1104 abductione.

386 1123 413 1140 ²⁸
437 1121 483 1155 Et
506 1121 593 1154 dixit
618 1121 744 1155 Esdras
767 1121 893 1154 scriba:
918 1121 1127 1154 Benedictus
1151 1122 1242 1155 Deus
1267 1126 1406 1166 patrum
1429 1125 1636 1155 nostrorum.
1661 1122 1719 1165 qui
1742 1121 1837 1156 dedit
1859 1122 1948 1156 hanc
1972 1122 2189 1156 voluntatem

274 1169 308 1202 in
330 1179 387 1202 cor
409 1168 504 1213 regis.
528 1168 712 1202 clarificare
734 1168 876 1202 domum
898 1179 1008 1209 suam,
1031 1180 1107 1212 quae
1129 1172 1180 1202 est
1202 1169 1237 1202 in
1260 1169 1456 1207 Ierusalem,
1503 1171 1530 1188 ²⁹
1553 1177 1587 1202 et
1609 1180 1662 1202 me
1684 1169 1925 1203 honorificavit
1947 1169 1980 1203 iu
2003 1177 2188 1214 conspectu

274 1216 370 1259 regis,
392 1221 426 1249 et
446 1216 726 1253 consiliariorum.
747 1220 781 1249 et
800 1216 1000 1255 amicorum,
1020 1219 1054 1249 et
1075 1221 1345 1260 purpuratorum
1364 1217 1445 1250 eius.
1483 1219 1512 1236 ³⁰
1530 1219 1565 1249 et
1584 1227 1645 1260 ego
1665 1219 1826 1250 constans
1846 1217 1961 1250 animo
1980 1217 2093 1250 factus
2113 1228 2189 1250 sum

271 1263 461 1297 secundum
476 1263 741 1307 opitulationem
756 1263 896 1297 Domini
912 1263 975 1296 Dei
988 1263 1065 1303 mei,
1077 1266 1110 1297 et
1126 1264 1330 1308 congregavi
1345 1275 1385 1297 ex
1403 1263 1507 1297 Israel
1522 1263 1623 1302 viros,
1635 1266 1673 1297 ut
1689 1264 1789 1297 simul
1804 1263 2027 1298 ascenderent
2042 1275 2188 1298 mecum.

526 1345 561 1381 3.
590 1344 862 1379 Enumeratio
892 1344 1092 1380 comitum
1122 1343 1284 1388 Esdrae‚
1309 1342 1345 1388 8,
1365 1342 1506 1378 31—42
1536 1342 1604 1389 (cf.
1633 1343 1710 1379 Esr
1735 1343 1770 1389 8,
1789 1343 1937 1389 1—14).

385 1406 409 1424 ³¹
432 1404 477 1438 Et
498 1404 532 1436 hi
552 1406 633 1437 sunt
655 1402 828 1446 praepositi
848 1402 1037 1436 secundum
1058 1414 1136 1436 suas
1158 1402 1298 1446 patrias.
1320 1406 1355 1435 et
1375 1402 1587 1446 principatus
1610 1403 1817 1447 portionales
1838 1414 1955 1437 eorum
1976 1404 2035 1448 qui
2055 1414 2188 1438 mecum

273 1451 501 1485 ascenderunt
518 1451 559 1483 de
577 1450 769 1493 Babylonia
787 1450 820 1482 in
838 1460 940 1493 regno
958 1449 1169 1483 Artaxerxis.
1211 1451 1237 1468 ²³²
1255 1449 1299 1482 Et
1317 1460 1358 1482 ex
1375 1449 1450 1482 filiis
1469 1450 1606 1489 phares,
1625 1450 1823 1483 Gersomus:
1843 1462 1884 1483 ex
1902 1450 1976 1484 filiis
1993 1451 2188 1488 Siemarith.

273 1500 439 1532 Amenus:
464 1498 611 1531 filiorum
634 1496 759 1530 David.
783 1497 917 1530 Acchus
941 1497 1027 1530 filius
1050 1497 1212 1530 Sceciliae:
1260 1499 1286 1516 ³²⁵
1308 1507 1349 1529 ex
1372 1496 1446 1529 filiis
1471 1497 1608 1532 Phares.
1633 1497 1824 1536 Zacharias,
1848 1501 1881 1531 et
1904 1509 1980 1531 cum
2004 1509 2043 1531 eo
2066 1499 2191 1532 reversi

272 1549 353 1579 sunt
377 1546 439 1578 viri
463 1549 602 1579 centum
626 1544 894 1588 quinquaginta:
942 1545 968 1563 ³⁴
991 1555 1032 1577 ex
1056 1544 1131 1577 filiis
1154 1543 1306 1577 ductoris
1330 1543 1545 1577 Moabssionis
1570 1544 1685 1577 Zaraei.
1710 1548 1743 1577 et
1767 1555 1844 1578 cum
1868 1545 1940 1588 ipso
1965 1545 2027 1579 viri
2050 1546 2189 1580 ducenti

272 1593 540 1637 quinquaginta:
591 1593 617 1611 35
643 1602 684 1625 ex
710 1591 786 1624 filiis
813 1591 975 1631 Zachues,
1006 1591 1181 1625 Iechonias
1210 1591 1373 1629 Zecliolei,
1401 1595 1435 1624 et
1461 1602 1539 1624 cum
1565 1591 1638 1635 ipso
1665 1591 1727 1624 viri
1754 1592 1893 1625 ducenti
1919 1593 2187 1637 quinquaginta:

272 1643 300 1659 55
316 1652 357 1674 ex
372 1640 448 1673 filiis
464 1640 553 1679 Sala,
569 1638 717 1672 Maasias
734 1638 913 1672 Gotholiae.
931 1642 964 1672 et
980 1649 1058 1672 cum
1074 1639 1146 1683 ipso
1163 1638 1225 1671 viri
1241 1638 1477 1682 septuaginta:
1518 1640 1545 1658 '⁵⁷
1562 1650 1603 1672 ex
1619 1638 1693 1672 filiis
1709 1639 1895 1683 Saphatiae,
1913 1640 2026 1674 Zarias
2042 1640 2188 1680 Micheli,

271 1691 305 1721 et
329 1698 407 1722 cum
431 1687 504 1731 ipso
529 1686 593 1720 viri
617 1686 808 1730 octoginta:
857 1688 885 1705 ³⁸
910 1697 951 1719 ex
976 1686 1051 1719 filiis
1078 1686 1150 1722 Iob,
1176 1685 1306 1719 Abdias
1333 1685 1455 1721 leheli.
1481 1689 1515 1719 et
1539 1697 1617 1719 cum
1642 1686 1715 1730 ipso
1739 1686 1803 1719 viri
1826 1686 1967 1721 ducenti
1990 1687 2187 1722 duodecim:

271 1736 299 1754 ⁴⁰
321 1746 362 1768 ex
383 1734 459 1768 filiis
481 1734 609 1773 Baniae‚
629 1733 810 1769 Salimoth.
833 1732 920 1766 filius
944 1733 1123 1777 Iosaphiae,
1145 1736 1180 1767 et
1201 1744 1278 1766 cum
1300 1733 1373 1777 ipso
1396 1733 1459 1766 viri
1480 1737 1619 1766 centum
1641 1734 1835 1777 sexaginta:
1882 1736 1910 1754 ⁴⁰
1932 1745 1973 1767 ex
1994 1734 2070 1768 filiis
2091 1735 2188 1772 Beer.

272 1782 452 1815 Zacharias
474 1781 590 1817 Bebei,
613 1784 646 1814 et
669 1791 745 1814 cum
768 1780 841 1824 ipso
863 1781 926 1814 viri
948 1780 1088 1814 ducenti
1110 1785 1202 1814 octo:
1249 1782 1273 1799 ⁴¹
1296 1791 1337 1813 ex
1359 1780 1434 1813 filiis
1457 1780 1582 1820 Ezead,
1608 1781 1752 1814 Ioannes
1775 1781 1937 1817 Eccetan,
1960 1785 1995 1815 et
2014 1793 2093 1815 cum
2115 1782 2188 1827 ipso

272 1830 334 1862 viri
357 1832 494 1863 centum
517 1828 649 1862 decem:
695 1829 722 1847 ⁴²
743 1838 783 1860 ex
806 1827 880 1861 filiis
902 1827 1093 1861 Adonicam
1115 1828 1195 1872 ipsis
1218 1827 1409 1872 postremiS,
1432 1831 1465 1861 et
1487 1828 1558 1861 haec.
1578 1831 1659 1861 sunt
1681 1828 1821 1862 nomina
1842 1839 1969 1862 eorum.
1993 1829 2189 1874 Eliphalam

271 1876 359 1910 filius
384 1876 500 1915 Gebel,
525 1880 559 1910 et
583 1875 743 1914 Semeias,
769 1879 802 1908 et
827 1885 904 1908 cum
930 1875 1002 1919 ipso
1028 1875 1090 1908 viri
1114 1875 1345 1919 septuaginta.

560 1956 594 1992 4.
623 1956 972 2001 Praeparationes
1000 1955 1239 2001 reditionis,
1265 1955 1300 2001 8,
1319 1955 1457 1991 43-61
1491 1955 1558 2002 (cf.
1588 1955 1664 1992 Esr
1689 1955 1915 2002 8‚15—30).

386 2018 412 2035 ⁴³
428 2016 473 2049 Et
489 2015 691 2060 congregavi
707 2026 763 2048 eos
779 2015 822 2048 ad
837 2015 981 2048 fluvium
997 2015 1056 2058 qui
1071 2015 1197 2048 dicitur
1212 2015 1307 2051 Thia,
1324 2019 1359 2049 et
1373 2015 1495 2048 metati
1510 2015 1637 2049 fuimus
1652 2015 1719 2048 illic
1734 2015 1859 2055 triduo.
1876 2019 1910 2049 et
1924 2017 2105 2060 recognovi
2121 2028 2186 2051 eos.

275 2065 300 2082 ⁴⁴
322 2063 368 2096 Et
389 2074 430 2096 ex
451 2063 526 2096 filiis
547 2062 764 2095 sacerdotum
786 2066 820 2095 et
845 2062 1041 2095 Levitarum
1062 2073 1131 2095 non
1152 2062 1267 2095 invem'
1288 2062 1363 2096 illic.
1409 2064 1435 2081 ⁴⁵
1456 2062 1502 2096 Et
1523 2062 1598 2096 misi
1619 2062 1662 2096 ad
1684 2063 1898 2099 Eleazarum,
1920 2067 1954 2097 et
1975 2064 2132 2103 Eccelon,
2154 2068 2188 2098 et

276 2110 442 2144 Masman,
462 2114 495 2143 et
513 2109 686 2148 Maloban,
705 2114 739 2142 et
758 2109 954 2149 Enaaffian,
973 2115 1007 2142 et
1025 2110 1158 2149 samea,
1177 2113 1211 2142 et
1232 2109 1393 2144 [oribum.
1414 2109 1565 2145 Nathan,
1585 2109 1777 2153 Enuagam,
1797 2110 2007 2149 Zachariam,
2026 2114 2061 2145 et
2077 2111 2187 2145 Moso-

274 2157 403 2190 lamum
427 2157 517 2201 ipsos
542 2157 699 2189 ductores
724 2160 758 2189 et
782 2156 923 2200 peritos:
971 2158 1000 2175 ⁴⁶
1024 2160 1057 2189 et
1081 2156 1151 2189 dixi
1175 2157 1220 2188 eis
1245 2160 1283 2189 ut
1307 2157 1462 2190 venirent
1487 2156 1530 2189 ad
1555 2156 1744 2196 Loddeum,
1781 2157 1839 2201 qui
1863 2161 1935 2191 erat
1959 2158 2051 2202 apud
2075 2159 2186 2192 locum

272 2204 517 2248 gazophylacii.
564 2205 591 2223 ⁴⁷
616 2203 660 2237 Et
683 2203 847 2236 mandavi
869 2203 914 2236 eis
937 2209 975 2236 ut
998 2203 1150 2237 dicerent
1174 2203 1322 2238 Loddeo.
1346 2208 1379 2236 et
1401 2204 1565 2237 fratribus
1587 2204 1669 2239 eius.
1693 2207 1726 2238 et
1748 2204 1811 2238 illis
1834 2205 1893 2248 qui
1914 2209 2012 2239 erant
2033 2206 2068 2239 in
2089 2217 2187 2250 gazo-

273 2251 441 2295 phylacio.
469 2256 507 2284 ut
532 2251 711 2284 mitterent
736 2250 833 2283 nobis
859 2261 914 2283 eos
940 2250 998 2294 qui
1023 2250 1214 2284 sacerdotio
1239 2252 1463 2295 fungerentur
1487 2251 1522 2284 in
1546 2251 1649 2284 domo
1674 2251 1812 2285 Domini
1840 2252 1902 2285 Dei
1926 2253 2049 2286 nostri:
2099 2254 2127 2272 ⁴⁸
2153 2258 2186 2286 et

271 2298 491 2332 adduxerunt
518 2298 615 2331 nobis
641 2298 830 2331 secundum
856 2308 998 2330 manum
1027 2297 1176 2330 validam
1203 2298 1342 2331 Domini
1370 2298 1431 2331 Dei
1458 2298 1565 2331 nostri
1592 2298 1681 2331 viros
1709 2298 1850 2343 peritos:
1878 2310 1919 2332 ex
1946 2299 2020 2333 filiis
2047 2300 2186 2339 Moholi,

272 2346 329 2378 filii
353 2345 442 2384 Levi,
463 2345 519 2378 filii
542 2345 654 2381 Israel.
674 2345 854 2384 Sebebian,
874 2349 907 2378 et
926 2345 1011 2378 filios
1030 2350 1063 2377 et
1082 2346 1215 2384 fratres,
1235 2345 1293 2397 qui
1312 2350 1409 2378 erant
1428 2345 1545 2378 decem
1564 2349 1598 2379 et
1616 2351 1708 2378 octo:
1752 2347 1780 2364 ⁴⁹
1799 2346 1952 2385 Asbiam,
1971 2350 2005 2380 et
2024 2347 2127 2380 Amin
2145 2358 2185 2380 ex

273 2393 346 2425 tiliis
367 2393 513 2426 filiorum
534 2392 728 2428 Chananaei
750 2395 784 2425 et
804 2392 862 2425 filii
883 2402 999 2425 eorum
1021 2392 1083 2425 viri
1104 2392 1235 2436 viginti.
1281 2394 1310 2412 ⁵⁰
1330 2392 1375 2425 Et
1396 2403 1437 2425 ex
1457 2393 1507 2425 his
1528 2393 1587 2436 qui
1607 2392 1736 2436 templo
1756 2393 1964 2429 seiviebant
1986 2404 2071 2437 quos
2091 2394 2187 2428 dedit

278 2440 399 2476 David
419 2446 452 2473 et
472 2440 534 2483 ipsi
553 2440 748 2492 principem
740 2439 783 2472 ad
802 2439 1037 2491 operationem
1059 2439 1184 2472 Levitis
1204 2439 1333 2483 templo
1351 2439 1575 2473 servientium
1593 2439 1733 2473 ducenti
1752 2440 1883 2483 viginti
1905 2430 2028 2474 Omnia
2046 2441 2186 2474 nomina

273 2487 322 2527 sisr
304 2487 464 2531 ,gnificata
490 2493 570 2520 sunt
596 2487 628 2519 in
653 2487 840 2539 scripturis.

386 2536 410 2553 51
434 2534 480 2567 Et
504 2534 582 2567 vovi
604 2533 670 2567 illic
693 2533 856 2567 ieiunium
879 2533 1059 2567 iuvenibus
1082 2533 1115 2566 ιιι
1139 2538 1323 2577 conspectu
1348 2534 1420 2571 Dei.
1445 2537 1483 2567 ut
1505 2544 1691 2577 quaererem
1714 2534 1756 2567 ab
1779 2545 1817 2567 eo
1840 2534 1970 2568 bonum
1992 2535 2056 2568 iter
2076 2535 2185 2574 nobis,

276 2584 309 2615 et
327 2581 385 2625 qui
404 2581 582 2614 nobiscum
601 2585 710 2616 erant.
730 2584 763 2614 ct
782 2581 868 2617 filiis.
888 2584 922 2614 et
941 2581 1118 2624 pecoribus
1138 2586 1278 2625 propter
1295 2580 1444 2615 insidias.
1488 2583 1514 2600 ⁵²
1532 2581 1663 2614 Erubui
1682 2581 1771 2614 enim
1792 2585 1905 2625 petere
1924 2593 1942 2615 a
1961 2593 2036 2626 rege
2055 2582 2186 2626 pedites

275 2632 309 2661 et
331 2628 462 2672 equites
484 2628 518 2661 ιιι
540 2628 719 2667 comitatu,
743 2628 859 2661 tutelae
881 2628 991 2671 gratia
1013 2632 1133 2661 contra
1155 2628 1367 2661 adversarios
1389 2631 1533 2662 nostros.
1580 2630 1606 2647 ⁵³
1628 2628 1787 2661 Diximus
1809 2629 1898 2662 enim
1921 2629 1999 2673 regi,
2023 2629 2185 2673 quoniam

277 2676 384 2709 virtus
402 2675 540 2709 Domini
557 2675 619 2708 erit
637 2686 714 2708 cum
732 2675 777 2708 eis
795 2675 851 2718 qui
869 2675 1048 2718 inquirunt
1065 2686 1142 2708 eum
1160 2675 1193 2708 in
1211 2675 1303 2708 ouini
1320 2676 1456 2709 affectu.
1498 2677 1524 2694 ⁵⁴
1542 2675 1587 2708 Et
1604 2675 1728 2709 iterum
1745 2675 1919 2719 deprecati
1935 2687 2052 2710 sumus
2069 2676 2186 2710 Domi-

276 2734 356 2755 num
380 2722 490 2755 Deum
514 2726 668 2755 nostrum
691 2722 878 2755 secundum
901 2722 986 2755 haec:
1011 2733 1112 2765 quem
1135 2726 1168 2756 et
1191 2722 1377 2766 propitium
1400 2722 1594 2762 habuimus,
1617 2726 1652 2756 et
1673 2726 1848 2766 compotes
1870 2723 1953 2756 facti
1974 2734 2091 2757 sumus
2112 2723 2186 2757 Deo

277 2774 401 2803 nostro.

388 2818 413 2835 55
441 2817 485 2850 Et
512 2816 669 2860 separavi
696 2827 738 2849 ex
765 2816 870 2860 plebis
899 2816 1099 2860 praepositis,
1128 2820 1162 2850 et
1188 2816 1422 2850 sacerdotibus
1450 2816 1569 2861 templi
1596 2817 1686 2850 viros
1713 2816 1904 2854 duodecim,
1932 2820 1967 2850 et
1992 2816 2185 2855 Sedebiam,

277 2869 310 2895 ct
331 2864 516 2899 Asannam,
537 2868 570 2896 et
591 2874 668 2897 cum
689 2863 733 2897 eis
754 2874 795 2896 ex
815 2863 978 2897 fratribus
998 2874 1114 2896 eorum
1136 2863 1224 2897 viros
1244 2863 1376 2897 decem:
1421 2866 1450 2883 55
1469 2870 1502 2896 et
1522 2863 1671 2908 appendi
1691 2864 1736 2897 eis
1756 2875 1878 2897 aurum
1898 2867 1933 2897 et
1952 2868 2132 2909 argentum
2152 2870 2186 2898 et

279 2921 360 2943 vasa
381 2910 604 2944 sacerdotalia
627 2910 749 2944 domus
772 2910 834 2943 Dei
856 2911 974 2947 nostri,
998 2921 1073 2954 quae
1095 2910 1286 2944 donaverat
1308 2922 1376 2945 rex.
1400 2914 1433 2944 et
1456 2911 1636 2944 consiliarii
1658 2911 1739 2949 eius,
1762 2914 1797 2944 et
1818 2911 1997 2955 principes,
2019 2916 2053 2945 et
2076 2912 2184 2945 omnis

280 2957 391 2991 [srael.
441 2959 466 2975 ⁷¹⁷
497 2958 537 2990 Et
563 2968 639 2990 cum
666 2957 916 3001 appendissem,
942 2957 1068 2991 tradidi
1094 2958 1225 3002 argenti
1250 2958 1382 2991 talenta
1407 2964 1545 2991 centum
1570 2958 1832 3001 quinquaginta.
1858 2961 1892 2992 et
1917 2969 2000 2992 vasa
2024 2962 2183 3002 argentea

276 3004 484 3037 talentorum
505 3012 655 3039 eentum.
675 3010 710 3037 et
729 3005 801 3038 auri
822 3005 952 3038 talenta
973 3011 1122 3041 centum.
1166 3006 1194 3024 ³¹⁴
1214 3009 1247 3037 et
1268 3015 1427 3038 vasorum
1447 3015 1627 3038 aureorum
1647 3005 1771 3048 septies
1792 3005 1924 3049 viginti.
1944 3008 1978 3039 et
1998 3016 2080 3039 vasa
2098 3016 2183 3039 aerea

275 3051 315 3083 de
339 3051 429 3084 bono
452 3057 638 3083 aeramento
661 3052 887 3095 splendentia.
913 3052 1104 3087 duodecim.
1129 3052 1202 3085 auri
1225 3052 1371 3095 speciem
1396 3052 1584 3085 reddentia.
1632 3053 1660 3070 ⁵⁵⁴
1684 3057 1717 3085 et
1741 3051 1811 3085 dixi
1834 3052 1895 3085 eis:
1922 3052 1967 3086 Et
1992 3064 2050 3085 vos
2074 3052 2182 3086 sancti

275 3098 354 3131 estis
371 3098 529 3131 Domino.
545 3104 578 3130 et
595 3109 675 3131 vasa
689 3104 769 3132 sunt
785 3106 914 3132 sancta.
931 3103 964 3132 et
979 3110 1112 3135 aurum.
1128 3104 1161 3132 et
1176 3105 1356 3143 argentum
1372 3104 1493 3132 votum
1507 3103 1559 3132 est
1573 3099 1721 3132 Domino
1737 3099 1808 3132 Deo
1824 3104 1961 3143 patrum
1976 3105 2181 3133 nostrorum.

278 3148 306 3164 *⁵⁰
326 3145 468 3185 Vigilate
485 3153 517 3178 et
535 3145 715 3179 custodite.
733 3145 840 3179 donec
857 3146 1002 3179 tradatis
1018 3157 1058 3179 ex
1076 3146 1181 3190 plebis
1199 3146 1400 3189 praepositis,
1417 3151 1452 3179 et
1466 3145 1701 3179 sacerdotibus
1717 3150 1751 3179 et
1768 3146 1907 3183 Levitis,
1924 3151 1957 3180 et
1975 3146 2183 3191 principibus

276 3192 457 3225 civitatum
479 3192 577 3225 lsrael
597 3192 629 3224 in
648 3192 842 3229 Ierusalem.
858 3193 891 3226 in
908 3193 1130 3237 pastophorio
1147 3192 1268 3226 (lomus
1286 3193 1348 3226 Dei
1365 3193 1481 3227 nostri.
1525 3195 1548 3212 ‘³¹
1567 3193 1612 3226 Et
1628 3193 1662 3226 hi
1678 3193 1734 3236 qui
1752 3198 1975 3237 susceperunt
1990 3192 2183 3227 sacerdotes

275 3242 310 3272 et
336 3239 463 3272 Levita*
489 3250 608 3272 aurum
635 3245 667 3271 et
694 3245 872 3283 argentum
899 3244 933 3274 et
958 3251 1051 3277 vasa,
1077 3240 1268 3273 intulerunt
1292 3240 1325 3273 in
1353 3240 1536 3274 Ierusalem
1561 3240 1595 3273 in
1620 3240 1787 3284 templum
1813 3240 1961 3274 Domini.

479 3318 512 3354 5.
540 3319 621 3355 lter
648 3320 690 3355 et
717 3320 928 3355 adventus
957 3320 996 3356 in
1026 3319 1317 3365 Palaestinam,
1343 3320 1378 3365 8,
1397 3320 1538 3357 62—68
1567 3320 1634 3367 (cf.
1663 3321 1738 3357 Esr
1763 3320 1798 3366 8,
1816 3319 1986 3364 31-36).

281 3424 293 3458 [
392 3378 418 3457 ‘³¹²
448 3377 493 3411 Et
525 3378 757 3421 promovimus
783 3390 803 3411 a
827 3379 931 3413 fluvio
962 3379 1057 3419 Thia,
1089 3379 1142 3414 die
1172 3379 1375 3413 duodecima
1405 3380 1529 3413 mensis
1561 3380 1670 3424 primi,
1703 3391 1879 3424 usquequo
1908 3379 2125 3413 introivimus
2151 3380 2181 3413 in

297 3435 393 3458 erusa
409 3435 473 3458 em.
