2356 3760
116 149 168 187 11,
196 148 315 186 1-11,
342 146 384 179 33
879 145 1254 180 MACHABAEORUM
1932 154 2007 194 945

115 239 249 294 gestis,
282 239 323 279 in
354 236 517 291 hymnis
549 239 591 276 et
621 236 938 277 confessionibus
971 237 1266 279 benedicebant
1295 239 1529 289 Dominum,
1565 240 1632 293 qui
1663 255 1809 294 magna
1840 244 1933 285 fecit
1965 245 2004 284 in

119 297 252 345 Israel,
282 302 324 338 et
350 294 564 336 victoriam
592 294 706 334 dedit
732 293 819 334 illis.

222 356 284 420 131.
339 357 353 379 ¹
386 354 464 396 Sed
496 365 623 416 parvo
655 356 749 405 post
781 357 973 416 tempore,
1008 354 1149 407 Lysias
1180 360 1418 407 procurator
1448 356 1560 409 regis,
1596 361 1635 396 et
1666 358 1926 411 propinquus,
1962 373 2005 399 as·
2054 361 2166 391 Lysiam

116 420 372 468 negotlorum
408 415 661 465 praepOS1tus,
699 415 878 463 graV1ter
913 411 1043 451 ferens
1080 413 1129 452 de
1164 413 1237 461 his,
1278 426 1366 466 quae
1403 414 1643 461 acciderant,
1708 417 1722 439 2
1760 418 2006 469 congregatis
2047 403 2175 455 ‘'trss'fssiii*

117 472 327 526 octoginta
359 470 549 517 millibus,
586 474 627 509 et
661 468 847 521 equitatu
883 469 1082 517 universo,
1119 470 1311 511 veniebat
1344 472 1535 512 adversus
1572 472 1739 519 Iudaeos,
1776 467 2009 513 existimans

117 545 157 572 se
189 530 400 572 civitatem
433 528 596 582 quidem
629 532 792 580 captam
825 527 1024 568 Gentibus
1056 528 1335 569 habitaculum
1366 530 1582 578 facturum,
1641 534 1656 555 ³
1688 531 1883 584 templum
1917 545 2009 573 vero

117 590 157 630 in
188 588 369 642 pecuniae
402 591 614 641 quaestum,
649 585 754 626 sicut
784 590 919 626 cetera
949 585 1118 626 delubra
1147 586 1352 635 Gentium,
1386 587 1632 632 habiturum,
1667 595 1707 629 et
1737 602 1806 642 per
1836 589 2011 639 singulos

117 660 243 688 annos
279 645 433 687 vaenale
468 644 758 685 sacerdotium:
821 646 836 668 ⁴
871 657 1073 697 nusquam
1109 645 1333 697 recogitans
1368 646 1443 685 Dei
1478 651 1736 699 potestatem,
1773 648 1842 687 sed
1877 641 2013 687 niente

117 706 337 746 effrenatus
356 704 397 745 in
415 702 680 744 multitudine
698 703 895 755 peditum,
917 707 958 743 et
975 703 1015 743 in
1034 702 1210 743 millibus
1230 703 1425 756 equitum,
1447 709 1487 743 et
1504 704 1543 743 in
1564 705 1771 757 octoginta
1789 705 2012 757 elephantis

117 764 361 805 confidebat.
424 764 439 786 ⁵
475 761 681 814 Ingressus
716 765 853 801 autern
891 761 1083 809 Iudaeam,
1120 766 1161 801 et
1194 761 1438 814 appropians
1474 762 1693 805 Bethsurae,
1732 776 1819 814 quae
1853 770 1936 802 erat
1972 763 2010 802 in

118 827 294 876 angusto
317 821 417 869 loco,
444 820 495 860 ab
522 819 770 872 lerosolyma
791 819 1005 860 intervallo
1038 819 1216 873 quinque
1246 819 1482 865 stadiorum,
1512 819 1609 860 illud
1638 820 1865 872 praesidium
1891 833 2012 873 expu-

117 881 285 935 gnabat,
326 881 341 904 ⁶
359 879 418 920 Ut
439 883 577 919 autem
599 878 869 927 MachabaeuS,
889 883 930 918 et
953 878 1020 931 qui
1043 891 1134 918 cum
1157 891 1202 918 eo
1225 883 1351 925 erant,
1376 884 1653 930 cognoverunt
1675 878 1895 931 expugnari
1916 891 2013 930 prze—

117 939 231 987 sidia,
259 951 351 980 cum
376 937 475 977 fletu
502 941 542 977 et
566 936 754 990 lacrymis
779 936 981 989 rogabant
1005 936 1240 978 Dominum.
1268 941 1309 976 et
1334 936 1462 977 omnis
1488 936 1610 976 turba
1634 936 1763 984 simul,
1791 941 1838 976 ut
1862 936 2011 976 bonum

117 997 304 1051 angelum
328 996 512 1037 mitteret
535 996 586 1036 ad
609 995 781 1035 salutem
808 994 941 1035 Israel.
995 996 1008 1018 ⁷
1032 995 1088 1034 Et
1109 994 1193 1048 ipse
1216 994 1368 1047 primus
1390 994 1659 1039 Machabaeus,
1684 993 1856 1047 sumptis
1880 993 2011 1040 armis,

117 1061 271 1097 ceteros
289 1055 532 1096 adhortatus
550 1059 611 1094 est
627 1052 746 1094 simul
763 1066 898 1093 secum
916 1052 1138 1106 periculum
1155 1052 1300 1099 subire,
1320 1057 1361 1093 et
1377 1053 1477 1092 ferre
1495 1052 1688 1092 auxilium
1708 1052 1900 1092 fratribus
1918 1051 2009 1091 suis.

120 1117 135 1139 ⁸
169 1115 352 1168 Cumque
385 1113 536 1167 pariter
569 1117 759 1165 prompto
794 1111 928 1152 animo
962 1111 1236 1164 procederent,
1274 1110 1528 1163 Ierosolymis
1562 1110 1752 1163 apparuit
1784 1110 2011 1163 praecedens
2042 1104 2197 1170 afigssffgste

118 1187 184 1215 eos
215 1185 336 1226 eques
366 1172 407 1212 in
438 1176 551 1211 veste
582 1170 767 1217 candida,
800 1170 920 1210 armis
952 1169 1080 1210 aureis
1111 1170 1271 1209 hastam
1303 1169 1478 1209 vibrans.
1540 1170 1554 1192 ⁹
1585 1169 1697 1208 Tunc
1727 1181 1864 1208 omnes
1894 1167 2012 1207 simul
2161 1157 2167 1163 ⁴

119 1231 417 1273 benedixerunt
444 1229 741 1270 misericordem
771 1228 1006 1273 Dominum,
1038 1232 1079 1268 et
1107 1227 1402 1268 convaluerunt
1431 1226 1591 1266 animis:
1622 1239 1701 1267 non
1731 1225 1859 1266 solum
1889 1225 2014 1266 homi-

118 1303 200 1339 nes,
227 1290 295 1330 sed
321 1294 362 1329 et
385 1289 535 1329 bestias
559 1287 836 1331 ferocissimas,
864 1290 904 1326 et
927 1299 1063 1326 muros
1086 1286 1234 1326 ferreos
1258 1284 1392 1338 parati
1415 1289 1637 1337 penetrare.
1691 1286 1725 1307 ¹⁰
1751 1284 1872 1323 Ibant
1895 1283 2016 1333 igitur

118 1348 310 1403 prompti,
336 1348 385 1388 de
407 1346 501 1388 caelo
525 1347 721 1387 habentes
744 1345 984 1391 adiutorem,
1009 1349 1050 1384 et
1070 1344 1329 1383 miserantem
1354 1355 1472 1395 super
1494 1355 1559 1382 eos
1580 1341 1813 1382 Dominum.
1865 1343 1895 1365 ¹¹
1918 1341 2014 1380 Leo—

118 1421 217 1448 num
244 1412 383 1447 autem
409 1418 519 1446 more
544 1405 701 1457 impetu
727 1403 924 1443 irruentes
950 1402 990 1441 in
1016 1402 1164 1448 hostes,
1192 1405 1502 1453 prostraverunt
1527 1413 1575 1440 ex
1602 1399 1655 1439 eis
1682 1399 1867 1439 undecim
1893 1398 2017 1438 millia

118 1465 317 1520 peditum,
352 1469 394 1504 et
426 1463 611 1516 equitum
644 1461 751 1501 mille
784 1465 1013 1501 sexcentos:
1075 1461 1106 1483 ¹2
1139 1459 1346 1499 universos
1380 1463 1517 1499 autern
1549 1458 1589 1497 in
1622 1458 1758 1509 fugam
1793 1461 2014 1504 verterunt,

119 1524 252 1578 plures
280 1527 418 1563 autem
446 1535 495 1561 ex
522 1521 576 1561 eis
603 1519 807 1560 vulnerati
833 1518 931 1559 nudi
959 1522 1187 1558 evaserunt.
1216 1518 1295 1559 Sed
1321 1521 1362 1557 et
1387 1516 1471 1570 ipse
1497 1516 1638 1569 Lysias
1665 1509 1838 1568 turpiter
1863 1514 2017 1568 fugiens

120 1582 262 1624 evasit.

260 1657 299 1696 2.
329 1653 533 1706 Eupator
561 1652 723 1693 ludaeis
754 1650 959 1692 concedit
986 1650 1036 1689 ut
1063 1649 1245 1700 legibus
1275 1648 1371 1688 suis
1401 1646 1601 1697 utantur,
1635 1646 1701 1696 11,
1721 1645 1890 1686 13—38.

225 1729 257 1752 ¹3
283 1726 339 1767 Et
366 1724 461 1779 quia
486 1737 567 1764 non
594 1723 822 1763 insensatus
850 1726 947 1765 erat,
976 1734 1111 1761 secum
1138 1720 1222 1773 ipse
1248 1723 1453 1772 reputans,
1481 1718 1632 1758 facta-m
1660 1729 1753 1769 erga
1778 1729 1818 1756 se
1844 1715 2015 1756 diminu-
2077 1717 2163 1741 Iudas

121 1786 287 1835 tionem,
318 1789 359 1825 et
384 1782 611 1836 intelligens
638 1781 812 1822 invictos
841 1794 924 1821 esse
953 1780 1156 1824 Hebraeos,
1188 1776 1477 1831 omnipotentis
1504 1776 1580 1816 Dei
1608 1774 1755 1816 auxilio
1784 1773 2014 1818 innitentes,
2056 1753 2184 1818 pifffssiff

121 1845 233 1886 misit
259 1844 311 1884 ad
337 1856 421 1884 eos:
476 1843 508 1865 ¹⁴
534 1840 801 1894 promisitque
827 1852 867 1879 se
894 1850 1181 1880 consensurum
1210 1836 1408 1883 omnibus,
1438 1848 1526 1888 quae
1551 1833 1659 1874 iusta
1684 1837 1790 1877 sunt,
1819 1836 1860 1872 et
1884 1844 2016 1884 regem
2063 1823 2176 1851 ³¹¹¹¹¹¹³¹³

123 1902 427 1956 compulsuruni
444 1899 618 1940 amicum
635 1899 730 1940 fieri.
775 1900 806 1922 ¹5
821 1897 979 1938 Annuit
994 1901 1131 1937 autem
1147 1895 1403 1936 Machabaeus
1419 1893 1602 1947 precibus
1618 1891 1759 1945 Lysiae,
1776 1890 1816 1930 in
1833 1889 2018 1931 omnibus

124 1961 295 2003 utilitati
327 1958 556 2001 consulens:
591 1964 632 1998 et
664 1969 929 2010 quaecumque
960 1954 1218 1995 Machabaeus
1250 1952 1409 2006 scripsit
1439 1951 1570 2005 Lysiae
1601 1951 1649 1991 de
1683 1948 1838 1994 Iudaeis,
1873 1961 1919 1987 ea
1949 1960 2018 1987 rex

124 2019 332 2062 concessit.

228 2080 263 2102 ¹⁶
281 2078 387 2118 Nam
405 2080 521 2116 erant
539 2074 698 2128 scriptae
718 2073 862 2114 ludaeis
880 2072 1059 2126 epistolae
1077 2085 1100 2111 a
1116 2070 1239 2124 Lysia
1256 2069 1419 2123 quidem
1435 2068 1543 2108 hunc
1559 2067 1726 2107 modum
1745 2064 2014 2106 continentes:
2059 2063 2202 2122 1¹¹1gi‘ggaem

124 2136 314 2178 LYSIAS
343 2134 493 2189 populo
524 2133 753 2174 Iudaeorum
783 2131 967 2172 salutem.
1021 2132 1053 2154 ¹⁷
1086 2130 1267 2176 Ioannes,
1299 2132 1339 2167 et
1366 2125 1594 2173 Abesalom,
1625 2124 1693 2179 qui
1720 2123 1830 2163 missi
1857 2123 2018 2162 fuerant
2062 2105 2180 2161 slidaeos‘,

125 2210 149 2237 a
165 2195 292 2243 vobis,
312 2194 521 2235 tradentes
538 2192 700 2245 scripta,
720 2190 986 2244 postula-bant
1004 2194 1050 2229 ut
1067 2201 1124 2235 ea,
1145 2200 1233 2240 quae
1250 2199 1320 2240 per
1335 2185 1421 2226 illos
1439 2183 1782 2238 significabantur,
1800 2179 2019 2233 implerem.

126 2256 160 2279 ¹⁸
193 2254 468 2306 Quaecumque
500 2250 624 2305 igitur
655 2250 736 2303 regi
770 2252 991 2302 potuerunt
1025 2245 1201 2300 perferri,
1238 2243 1422 2297 exposui:
1458 2248 1498 2283 et
1532 2255 1619 2295 quae
1652 2254 1711 2280 res
1744 2238 2020 2292 permittebat,

126 2311 334 2355 concessit.
386 2312 420 2335 ¹⁹
441 2310 483 2351 Si
505 2309 627 2363 igitur
648 2308 688 2349 in
711 2307 880 2361 negotiis
903 2306 1023 2347 fidem
1046 2302 1392 2350 conservaveritis,
1418 2306 1458 2341 et
1480 2300 1666 2352 deinceps
1688 2299 1885 2338 bonorum
1909 2295 2023 2336 vobis

128 2384 250 2413 causa
272 2383 355 2411 esse
377 2369 559 2410 tentabo.
611 2369 647 2392 ²⁰
667 2368 728 2407 De
751 2365 891 2407 ceteris
915 2368 1051 2405 autern
1074 2375 1145 2416 per
1165 2360 1322 2414 singula
1344 2360 1465 2399 verbo
1488 2356 1682 2398 mandavi
1704 2361 1743 2396 et
1765 2354 1862 2399 istis,
1887 2358 1927 2393 et
1949 2353 2020 2399 his,

129 2430 197 2484 qui
220 2442 244 2469 a
265 2442 329 2469 me
351 2427 462 2468 missi
484 2431 591 2471 sunt,
617 2425 790 2478 colloqui
814 2423 1035 2465 vobiscum.
1087 2423 1117 2445 ²¹
1143 2421 1250 2460 Bene
1273 2418 1417 2459 valete.
1468 2417 1585 2457 Anno
1609 2413 1826 2455 centesimo
1851 2411 2021 2465 quadra-

127 2488 278 2543 gesimo
307 2491 454 2528 octavo
483 2484 630 2526 mensis
658 2483 853 2531 Dioscori,
885 2482 947 2523 die
977 2479 1171 2534 vigesima
1198 2483 1239 2519 et
1268 2481 1424 2530 quarta.
2085 2525 2089 2528 ι

232 2547 264 2570 22
288 2544 407 2599 Regis
430 2548 567 2584 autem
591 2542 762 2596 epistola
783 2541 864 2582 ista
883 2539 1137 2581 continebat:
1163 2536 1279 2577 REX
1301 2533 1525 2576 Antiochus
1547 2531 1677 2585 Lysiae
1697 2528 1811 2570 fratri
1834 2527 2017 2568 salutem.
2061 2525 2186 2590 Γξὲξξῐξξᾱ

129 2608 161 2630 23
182 2605 304 2646 Patre
326 2607 464 2645 nostro
487 2602 593 2643 inter
614 2602 709 2643 deos
731 2599 942 2645 translato,
967 2611 1038 2638 nos
1061 2596 1242 2637 volentes
1265 2607 1342 2642 eos,
1369 2593 1436 2646 qui
1458 2596 1553 2632 sunt
1574 2590 1614 2630 in
1636 2601 1755 2641 regno
1778 2591 1914 2627 nostro
1937 2585 2019 2624 sine
2063 2595 2185 2625 Lysiam,

130 2662 312 2705 tumultu
347 2674 474 2715 agere,
511 2666 552 2702 et
585 2661 705 2701 rebus
740 2659 820 2699 suis
856 2657 1046 2698 adhibere
1081 2653 1343 2707 diligentiam,
1420 2652 1452 2674 24
1487 2648 1715 2689 audivimus
1753 2645 1907 2685 Iudaeos
1942 2655 2021 2683 non

131 2721 376 2764 consensisse
398 2719 507 2774 patri
527 2732 618 2760 meo
641 2723 688 2759 ut
710 2717 1027 2758 transferrentur
1049 2714 1100 2754 ad
1122 2713 1246 2753 ritum
1269 2711 1510 2752 Graecorum,
1536 2706 1605 2747 sed
1627 2710 1761 2745 tenere
1784 2701 1884 2742 velle
1907 2714 2023 2741 suum

131 2780 381 2828 institutum,
410 2792 455 2819 ac
482 2782 698 2831 propterea
721 2775 928 2830 postulare
955 2787 979 2814 a
1004 2771 1118 2814 nobis
1146 2769 1311 2811 concedi
1336 2768 1410 2808 sibi
1435 2765 1615 2819 legitima
1641 2775 1723 2803 sua.
1778 2762 1809 2784 2⁵
1835 2758 2025 2822 Volentes

132 2839 254 2893 igitur
274 2838 380 2878 hanc
403 2850 564 2890 quoque
585 2840 748 2889 gentem
772 2834 953 2888 quietam
975 2844 1070 2879 esse,
1095 2832 1322 2870 statuentes
1345 2824 1623 2869 iudicavimus,
1648 2818 1845 2872 templum
1866 2822 2025 2879 restitui

132 2897 220 2945 illis,
244 2901 291 2937 ut
312 2900 478 2950 agerent
498 2894 722 2936 secundum
744 2905 909 2934 suorum
929 2890 1129 2931 maiorum
1151 2884 1496 2928 consuetudinem.
1546 2882 1580 2905 2⁶
1603 2880 1710 2919 Bene
1732 2877 1854 2930 igitur
1874 2875 2024 2938 feceris,

133 2955 165 2996 si
192 2954 345 2995 miseris
374 2955 426 2995 ad
453 2966 531 3002 eos,
562 2958 603 2994 et
630 2953 841 2993 dexteram
870 2949 1042 2991 dederis:
1074 2951 1120 2988 ut
1148 2944 1310 2998 cognita
1337 2946 1475 2983 nostra
1501 2938 1726 2984 voluntate,
1757 2935 1862 2975 bono
1892 2945 2024 2973 ammo

133 3014 226 3061 sint,
259 3017 300 3053 et
328 3011 576 3053 utilitatibus
605 3010 776 3064 propriis
806 3007 1048 3050 deserviant.
2090 3048 2094 3051 .

237 3073 271 3095 2⁷
289 3071 354 3111 Ad
374 3070 530 3111 Iudaeos
548 3083 642 3111 vero
660 3068 761 3123 regis
780 3066 952 3122 epistola
969 3064 1060 3106 talis
1079 3067 1182 3104 erat:
1231 3059 1346 3102 REX
1363 3055 1586 3098 Antiochus
1605 3051 1763 3094 senatui
1782 3050 2022 3090 Iudaeorum,
2066 3048 2190 3112 Γξὲξξῑῇ,

135 3135 176 3171 et
190 3129 332 3171 ceteris
350 3128 494 3169 Iudaeis
511 3128 696 3169 salutem.
740 3128 775 3151 2⁸
790 3126 831 3168 Si
847 3124 1002 3172 valetis,
1021 3123 1075 3163 sic
1092 3121 1185 3162 estis
1201 3124 1248 3160 ut
1262 3117 1466 3159 volumus:
1485 3114 1553 3154 sed
1569 3118 1609 3153 et
1624 3110 1699 3164 ipsi
1714 3110 1815 3150 bene
1831 3106 2022 3147 valemus.
2070 3118 2187 3144 Iudaeos,

135 3191 170 3213 ²⁹
194 3188 309 3229 Adiit
332 3200 404 3229 nos
429 3186 648 3235 Menelaus,
675 3185 810 3226 dicens
837 3183 938 3224 velle
963 3195 1034 3223 vos
1061 3178 1299 3221 descendere
1325 3175 1375 3215 ad
1400 3178 1567 3219 vestros,
1597 3169 1665 3224 qui
1689 3165 1918 3230 sunt-apud
1943 3176 2026 3204 nos.

135 3249 172 3272 ³⁰
200 3246 273 3288 His
302 3246 435 3300 igitur,
468 3245 536 3298 qui
564 3248 797 3286 commeant
824 3254 952 3296 usque
981 3240 1032 3281 ad
1060 3238 1166 3280 diem
1194 3233 1444 3289 trigesimum
1472 3228 1619 3271 mensis
1648 3225 1855 3271 Xanthioi,
1884 3223 2028 3287 damus

137 3306 301 3346 dextras
331 3303 572 3352 securitatis,
628 3305 661 3328 ³¹
689 3307 737 3343 ut
766 3300 892 3342 Iudaei
920 3302 1092 3340 utantur
1120 3294 1228 3341 cibis,
1260 3297 1301 3333 et
1327 3290 1480 3344 legibus
1509 3287 1602 3332 suis,
1633 3285 1737 3326 sicut
1765 3287 1805 3323 et
1832 3293 1958 3334 prlus:
1990 3282 2029 3318 et

137 3376 255 3404 nemo
277 3376 415 3404 eorum
437 3361 517 3403 ullo
538 3362 659 3402 modo
680 3359 909 3402 molestiam
930 3356 1114 3411 patiatur
1134 3354 1182 3394 de
1202 3351 1275 3399 his,
1300 3362 1388 3403 quae
1408 3360 1479 3401 per
1498 3342 1768 3399 ignorantiam
1789 3345 1902 3393 gesta
1921 3340 2025 3399 sunt.

136 3424 169 3446 ³²
198 3421 380 3462 Misimus
411 3425 549 3461 autem
579 3424 621 3460 et
647 3418 889 3465 Menelaum,
923 3415 991 3469 qui
1020 3426 1091 3454 vos
1122 3411 1363 3463 alloquatur.
1420 3408 1453 3431 3³
1482 3404 1634 3445 Valete.
1667 3401 1783 3441 Anno
1813 3402 2027 3437 centesnno

139 3479 447 3533 quadragesimo
477 3483 636 3526 octavo,
668 3475 865 3517 Xanthioi
893 3472 1040 3515 mensis
1070 3467 1373 3524 quintadecima
1400 3464 1474 3506 die.

211 3553 461 3582 Hetzenauer‚
485 3551 614 3583 Vulgata
633 3550 823 3575 clementina.
1777 3522 1827 3562 60
