2356 3760
126 99 178 137 16,
205 98 344 137 lo'vss,
371 97 410 129 17
998 99 1162 133 REGUM
1940 114 2017 154 329

124 194 165 230 et
198 189 395 230 libamina
429 203 586 231 eorum:
623 194 665 231 et
699 203 859 231 omnem
896 192 1132 244 sanguinem
1167 193 1404 242 holocausti,
1441 201 1482 236 et
1516 197 1747 239 universum
1783 204 2017 245 sanffuinem

124 248 301 289 victimae
319 262 439 302 super
457 249 556 289 illud
576 248 776 289 effundes:
797 248 924 289 altare
944 263 1038 291 vero
1057 263 1204 291 aereum
1224 252 1300 292 erit
1317 258 1507 305 paratum
1528 255 1580 295 ad
1598 236 2015 304 voluntatem‘inoffln.

124 308 159 330 ¹⁶
186 307 300 348 Fecit
327 307 450 361 igitur
478 307 594 348 Urias
624 307 808 347 sacerdos
837 307 954 348 iuxta
981 309 1128 356 omnia,
1160 323 1249 363 quae
1276 318 1523 364 praeceperat
1549 326 1618 353 rex
1645 315 1792 357 Achaz.
1850 320 1881 341 ¹⁷
1911 320 2018 360 Tulit

124 370 261 406 autem
291 379 361 407 rex
389 366 526 406 Achaz
556 365 717 405 caelatas
748 366 875 412 bases,
908 372 948 407 et
976 367 1160 417 luterem,
1193 369 1261 421 qui
1291 375 1378 410 erat
1407 371 1594 424 desuper:
1626 378 1667 413 et
1695 387 1803 415 mare
1834 376 2020 428 deposuit

123 425 172 465 de.
193 425 322 466 bobus
343 423 465 473 aereis,
489 423 557 477 qui
577 425 868 465 sustentabant
887 424 998 473 illud,
1022 431 1062 466 et
1081 427 1219 479 posuit
1238 441 1358 480 super
1376 429 1658 481 pavimentum
1680 437 1854 473 stratum
1874 433 2017 487 lapide.

124 484 158 507 ¹⁸
178 483 345 524 Musach
367 496 527 537 quoque
548 482 722 531 sabbati,
746 483 854 536 quod
875 484 1148 525 aedificaverat
1167 485 1208 525 in
1229 486 1399 539 templo:
1422 492 1462 527 et
1482 487 1704 541 ingressum
1724 491 1824 544 regis
1846 492 2020 533 exterius

123 542 326 583 convertit
354 541 395 581 in
425 541 624 594 templum
652 541 818 582 Domini
849 548 1014 596 propter
1042 556 1175 596 regem
1204 544 1473 597 Assyriorum.

230 613 263 636 ¹⁹
305 611 478 665 Reliqua
517 617 654 652 autem
695 612 910 653 verborum
952 613 1107 662 Achaz,
1159 627 1248 667 quae
1285 614 1400 661 fecit,
1445 628 1578 657 nonne
1617 616 1699 657 haec
1738 618 1888 672 scripta
1926 625 2021 661 sunt
2045 624 2205 664 ¹⁹¹Fq¹¹³.¹¹¹

123 670 163 710 in
201 670 322 711 Libro
360 683 591 711 sermonum
626 670 781 711 dierum
818 684 956 725 regum
994 672 1129 713 Iuda?
1196 674 1233 696 ²0
1265 673 1552 726 Dormivitque
1586 674 1722 715 Achaz
1765 690 1853 717 cum
1898 659 2226 731 pat1-i-1e212⁵'11‘3'{¹u³da.

123 729 197 770 bus
241 729 343 778 suis,
397 734 437 770 et
476 729 657 783 sepultus
698 734 758 770 est
798 743 889 770 cum
929 730 984 771 eis
1024 731 1065 771 in
1105 731 1282 772 Civitate
1320 732 1476 777 David,
1524 738 1565 773 et
1604 734 1789 786 regnavit
1830 736 2022 777 Ezechias

122 787 226 828 filius
262 788 345 829 eius
382 800 455 841 pro
491 801 548 829 eo.

476 905 576 956 ΙΙΙ.
615 905 899 955 Inter-itus
939 906 1107 971 regni
1147 907 1349 968 Israel,
1389 907 1669 969 17‚1—41.

608 996 647 1035 1.
679 994 798 1036 Osee
829 1007 911 1036 rex
941 995 1127 1036 ultimus
1158 997 1309 1048 lsrael,
1337 998 1403 1048 17,
1422 999 1541 1039 1-6.

228 1066 290 1110 17.
346 1069 358 1090 1
382 1067 501 1107 Anno
526 1066 765 1107 duodecimo
789 1066 926 1107 Achaz
949 1067 1050 1120 regis
1078 1067 1191 1114 Iuda,
1217 1068 1403 1121 regnavit
1426 1069 1527 1110 Osee
1551 1070 1654 1111 filius
1679 1070 1753 1111 Ela
1777 1070 1818 1111 in
1841 1071 2025 1111 Samaria
2066 1072 2191 1119 18111ῐῖ1111

122 1139 241 1178 super
270 1125 393 1166 lsrael
420 1138 568 1166 novem
596 1124 723 1166 annis.
2068 1115 2189 1138 llllpelll,

226 1198 241 1219 2
268 1195 463 1249 Fecitque
491 1195 644 1236 malum
674 1209 809 1237 coram
837 1196 1033 1237 Domino:
1065 1197 1135 1237 sed
1162 1210 1243 1237 non
1273 1197 1376 1238 sicut
1406 1210 1514 1250 reges
1546 1197 1678 1243 lsrael,
1711 1198 1778 1251 qui
1808 1204 1901 1239 ante
1930 1213 2021 1240 euin
2071 1200 2185 1266 ᾞὲἑίὶξῑῆ

121 1255 294 1295 fuerant.

225 1328 240 1350 ³
276 1325 448 1365 atfontra
478 1325 585 1365 hunc
617 1325 801 1366 ascendit
831 1325 1091 1366 Salmanasar
1122 1339 1190 1366 rex
1222 1326 1493 1379 Assyriorum.
1528 1331 1569 1367 et
1598 1327 1731 1367 factus
1764 1332 1826 1368 est
1857 1327 1891 1368 ei
1923 1328 2023 1368 Osee
2042 1328 2215 1386 1ζ111ῐ111ῗ111115

121 1397 272 1426 servus.
304 1384 583 1437 reddebatque
613 1383 668 1423 illi
698 1383 866 1425 tributa.
2056 1370 2089 1393 Δ
2111 1369 2202 1391 ‘mm'

225 1457 241 1479 4
283 1456 465 1507 Cumque
512 1453 845 1506 deprehendisset
890 1466 959 1493 rex
1007 1453 1264 1507 Assyriorum
1311 1454 1431 1501 Osee,
1482 1456 1591 1508 quod
1647 1455 1837 1495 rebellare
1891 1456 2023 1496 nitens
2047 1454 2212 1514 (ζζῐιῗζζξῇξῗ

121 1513 297 1554 misisset
336 1512 503 1553 nuncios
534 1513 586 1553 ad
615 1513 698 1553 Sua
732 1525 864 1565 regem
895 1512 1084 1565 AEgypfi,
1127 1526 1175 1553 ne
1213 1518 1426 1566 praestaret
1462 1514 1620 1554 tributa
1656 1514 1738 1567 regi
1766 1514 2023 1567 Assyriorum
2093 1532 2165 1549 rum-

121 1572 226 1613 sieut
262 1571 428 1625 singulis
467 1571 582 1611 annis
619 1571 760 1612 solitus
798 1576 905 1619 erat,
945 1571 1106 1612 obsedit
1141 1585 1254 1620 eum,
1296 1577 1337 1612 et
1365 1572 1549 1613 vinctum
1586 1573 1698 1613 misit
1733 1573 1775 1613 in
1811 1586 2022 1615 carcerem.

121 1633 136 1655 ⁵
175 1631 509 1683 Pervagatusque
554 1635 616 1670 est
659 1643 821 1671 omnem
865 1635 1033 1671 terram:
1085 1635 1127 1671 et
1173 1631 1392 1671 ascendens
1436 1631 1682 1676 Samariam,
1732 1632 1891 1672 obsedit
1935 1646 2024 1673 eam

122 1689 252 1731 tribus
282 1689 410 1730 annis.
470 1691 485 1713 ⁶
517 1690 655 1730 bAnno
685 1694 824 1730 autem
864 1702 971 1730 nono
1002 1689 1122 1738 Osee,
1164 1690 1272 1743 cepit
1309 1703 1378 1730 rex
1407 1690 1665 1744 Assyriorum
1695 1691 1941 1740 Samariam,
1984 1696 2025 1732 et

122 1749 334 1790 transtulit
366 1748 487 1789 Israel
516 1748 557 1788 in
587 1748 792 1801 Assyrios:
823 1748 1041 1801 posuitque
1071 1762 1137 1789 eos
1169 1748 1210 1788 in
1242 1749 1359 1795 Hala,
1395 1755 1436 1790 et
1465 1749 1505 1789 in
1536 1750 1678 1791 Habor
1705 1750 1822 1790 iuxta
1854 1750 2023 1791 fluvium

121 1808 272 1857 Gozan,
305 1807 347 1848 in
378 1807 616 1848 civitatibus
649 1808 873 1848 Medorum.

616 1924 654 1962 2.
686 1922 850 1963 Causae
881 1923 1090 1963 interitus
1121 1925 1268 1974 regni,
1296 1924 1362 1974 17,
1382 1925 1528 1964 7—23.

228 1997 242 2019 ⁷
266 1995 440 2035 Factum
465 1998 526 2034 est
550 1993 669 2043 enim,
696 2007 787 2034 cum
812 1998 1048 2046 peccassent
1072 1993 1141 2033 filii
1168 1994 1289 2034 lsrael
1312 1994 1488 2035 Domino
1514 1995 1599 2035 Deo
1624 2007 1708 2039 suo,
1736 1994 1804 2048 qui
1828 1995 2025 2035 eduxerat
2070 1997 2180 2057 (fustus

121 2067 187 2096 eos
218 2054 267 2095 de
297 2054 420 2094 Terra
449 2052 629 2106 AEgypti,
662 2053 711 2093 de
741 2065 865 2092 manu
896 2052 1120 2093 Pharaonis
1150 2052 1251 2105 regis
1282 2052 1461 2105 AEgyptL
1495 2053 1706 2094 coluerunt
1736 2054 1830 2094 deos
1861 2052 2022 2094 alienos.
2045 2039 2213 2098 augggffi„

124 2115 138 2136 ⁸
158 2112 214 2153 Et
233 2111 550 2153 ambulaverunt
568 2111 685 2152 iuxta
704 2110 828 2151 ritum
849 2110 1055 2159 Gentium,
1079 2124 1179 2164 quas
1199 2118 1507 2164 consumpserat
1525 2111 1725 2153 Dominus
1746 2111 1786 2151 in
1806 2117 2022 2165 conspectu

122 2171 294 2213 filiorum
331 2170 465 2216 lsrael,
501 2176 542 2211 et
574 2183 714 2224 regum
750 2169 891 2210 lsrael:
928 2170 1023 2223 quia
1056 2169 1240 2210 similiter
1272 2170 1463 2211 fecerant.
1528 2172 1543 2194 ⁹
1576 2171 1632 2211 Et
1665 2170 1923 2211 offenderunt
1956 2170 2025 2210 filii

128 2230 247 2271 lsrael
285 2230 418 2271 verbis
456 2242 538 2271 non
576 2229 695 2270 rectis
726 2228 949 2269 Dominum
981 2229 1114 2269 Deum
1153 2242 1289 2269 suum:
1330 2234 1371 2269 et
1409 2229 1715 2270 aedificaverunt
1754 2229 1829 2270 sibi
1869 2229 2025 2269 excelsa

121 2290 162 2330 in
193 2289 349 2330 cunctis
379 2288 546 2330 urbibus
577 2288 659 2329 suis
689 2301 712 2328 a
742 2288 866 2328 Turre
897 2288 1113 2328 custodum
1144 2288 1339 2341 usquead
1369 2287 1587 2328 Civitatem
1622 2287 1836 2328 munitam.
1893 2290 1928 2311 ¹⁰
1951 2288 2023 2328 Fe-

121 2354 345 2402 ceruntque
382 2347 458 2389 sibi
495 2352 676 2395 statuas,
717 2352 758 2387 et
785 2346 896 2388 lucos
926 2346 967 2386 in
997 2346 1106 2387 omni
1136 2346 1235 2387 colle
1264 2346 1446 2395 sublimi,
1485 2351 1526 2387 et
1554 2347 1694 2387 subter
1722 2360 1839 2387 omne
1867 2346 2021 2399 lignum

122 2420 406 2449 nemorosum:
475 2409 504 2430 ¹¹
548 2411 589 2447 et
630 2405 852 2447 adolebant
892 2405 947 2446 ibi
988 2405 1198 2446 incensum
1240 2419 1360 2458 super
1400 2418 1489 2446 aras
1535 2405 1575 2445 in
1622 2418 1775 2446 morem
1816 2404 2021 2453 Gentium,

124 2479 223 2520 quas
258 2465 526 2507 transtulerat
548 2465 750 2505 Dominus
782 2478 806 2505 a
836 2464 938 2505 facie
970 2478 1128 2505 eorum:
1161 2464 1425 2517 feceruntque
1454 2465 1580 2505 verba
1610 2464 1785 2518 pessima
1815 2463 2021 2504 irritantes

121 2525 358 2566 Dominum.
419 2526 451 2549 ¹2
482 2529 523 2565 et
554 2523 766 2565 coluerunt
803 2523 1105 2567 immunditias,
1147 2524 1196 2564 de
1235 2523 1380 2577 quibus
1420 2523 1612 2577 praecepit
1652 2523 1705 2563 eis
1736 2523 1935 2563 Dominus
1974 2535 2023 2562 ne

124 2585 306 2625 facerent
336 2584 507 2624 verbum
538 2583 626 2624 hoc.

227 2657 259 2680 ¹³
278 2655 334 2696 Et
352 2655 596 2696 testificatus
617 2659 678 2695 est
697 2653 898 2695 Dominus
917 2654 959 2694 in
981 2653 1105 2694 Israel
1124 2658 1165 2694 et
1183 2653 1225 2693 in
1248 2653 1351 2694 Iuda
1369 2666 1440 2706 per
1459 2666 1625 2693 manum
1647 2652 1828 2693 omnium
1848 2650 2023 2703 Prophe·
2036 2650 2220 2715 cgssgffigfflfl

122 2721 257 2755 tarum
292 2719 333 2755 et
366 2713 615 2761 Videntium,
653 2713 806 2754 dicens:
850 2712 1137 2753 cRevertimini
1171 2725 1195 2753 a
1228 2711 1303 2752 viis
1338 2711 1483 2752 vestris
1517 2710 1711 2765 pessimis,
1748 2715 1789 2750 et
1822 2709 2024 2750 custodite
2091 2726 2164 2749 rum,

121 2778 325 2826 praecepta
347 2786 450 2821 mea,
477 2777 519 2813 et
542 2771 788 2813 ceremonias
813 2771 929 2812 iuxta
954 2784 1115 2813 omnem
1139 2770 1280 2824 legem,
1308 2784 1431 2824 quam
1456 2769 1625 2824 praecepi
1649 2768 1833 2822 patribus
1858 2767 2021 2809 vestris:

121 2837 163 2873 et
178 2832 284 2873 sieut
299 2831 391 2872 misi
408 2832 460 2872 ad
477 2844 549 2872 vos
566 2831 608 2871 in
625 2844 749 2871 manu
768 2844 976 2871 servorum
993 2843 1176 2871 meorum
1194 2830 1504 2883 Prophetarum.
1552 2831 1582 2852 ¹4
1599 2828 1676 2876 Qui
1694 2840 1775 2868 non
1792 2826 2020 2868 audierunt.

120 2891 190 2931 sed
221 2890 519 2931 induraverunt
549 2889 745 2931 cervicem
777 2903 891 2930 suam
924 2889 1042 2930 iuxta
1072 2888 1269 2930 cervicem
1300 2893 1465 2941 patrum
1497 2900 1673 2935 suorum,
1708 2886 1777 2939 qui
1808 2885 2025 2927 noluerunt

121 2949 283 2990 obedire
305 2949 483 2990 Domino
506 2949 593 2990 Deo
617 2962 701 2990 suo.
754 2950 785 2973 ¹⁵
808 2948 864 2989 Et
887 2948 1122 2989 abiecerunt
1144 2947 1327 3001 legitima
1348 2947 1443 2995 eius,
1470 2951 1510 2987 et
1532 2950 1712 2999 pactum,
1739 2945 1849 2998 quod
1870 2943 2025 2998 pepigit

121 3021 212 3049 cum
238 3008 424 3061 patribus
451 3020 601 3056 eorum,
630 3012 671 3048 et
694 3006 1015 3055 testificationes,
1045 3007 1191 3060 quibus
1217 3010 1471 3048 contestatus
1498 3010 1559 3046 est
1584 3017 1668 3045 eos:
1696 3003 1903 3057 secutique
1929 3008 2024 3043 sunt

122 3067 340 3114 vanitates,
366 3072 407 3107 et
430 3080 534 3107 vane
558 3073 744 3119 egerunt:
769 3070 810 3107 et
832 3066 959 3107 secuti
983 3070 1080 3106 sunt
1102 3066 1264 3109 Gentes,
1292 3077 1381 3118 quae
1403 3069 1519 3104 erant
1541 3076 1611 3117 per
1634 3062 1848 3103 circuitum
1872 3074 2021 3103 eorum.

122 3138 242 3179 super
262 3125 408 3179 quibus
430 3130 677 3179 praeceperat
696 3124 897 3166 Dominus
919 3124 974 3165 eis
995 3129 1043 3165 ut
1062 3137 1144 3166 non
1164 3124 1345 3165 facerent
1366 3122 1470 3163 sicut
1490 3128 1530 3163 et
1550 3121 1628 3162 illae
1647 3121 1864 3162 faciebant.
1915 3121 1949 3144 ¹⁶
1969 3119 2025 3159 Et

120 3184 423 3238 dereliquerunt
453 3183 590 3226 omnia
618 3188 824 3237 praecepta
852 3183 1020 3224 Domini
1049 3183 1126 3223 Dei
1156 3182 1235 3223 sui:
1267 3183 1531 3234 feceruntque
1561 3180 1636 3221 sibi
1667 3178 1892 3221 conflatiles
1923 3179 2023 3219 duos

121 3242 284 3291 vitulos,
321 3247 362 3284 et
395 3243 518 3291 lucos,
555 3247 596 3283 et
630 3243 907 3283 adoraverunt
940 3242 1173 3283 universam
1207 3240 1395 3281 militiam
1431 3239 1532 3280 caeli:
1569 3239 1875 3291 servieruntque
1910 3235 2021 3283 Baal,

121 3303 154 3325 ¹⁷
171 3306 212 3342 et
226 3307 566 3343 consecraverunt
580 3301 681 3342 filios
697 3314 801 3349 suos,
819 3306 860 3342 et
874 3300 975 3341 filias
991 3314 1083 3341 suas
1098 3313 1169 3354 per
1182 3300 1334 3354 ignem:
1351 3304 1392 3339 et
1403 3298 1723 3339 divinationibus
1736 3295 2020 3340 inserviebant,

254 3440 305 3478 17,
332 3439 353 3472 3
379 3439 455 3472 alnf
481 3439 533 3480 18,
559 3440 595 3482 93
624 3440 696 3473 Tob
723 3442 753 3481 1,
780 3440 809 3473 2.
837 3460 877 3463 ——
902 3441 923 3474 6
948 3440 1025 3473 blnf
1050 3439 1102 3480 18,
1129 3439 1178 3472 10.
1207 3459 1248 3462 —
1272 3438 1315 3472 13
1342 3438 1393 3471 cIr
1419 3438 1472 3477 25,
1497 3437 1526 3471 5.
