2356 3760
316 169 392 209 570¹
1189 168 1336 203 LIBER
1957 174 2009 214 17,
2033 174 2154 215 5—18‚
2181 176 2221 208 12

337 263 352 285 ⁵
369 262 466 310 aQui
494 261 663 315 despicit
690 274 922 315 pauperem,
953 262 1174 314 exprobrat
1199 263 1344 303 factori
1372 262 1473 303 eius:
1547 268 1587 304 et
1615 263 1683 317 qui
1710 263 1827 304 ruina
1852 264 2015 307 laetatur
2041 267 2218 318 alterius,

579 334 658 361 non
689 320 763 360 erit
794 319 1031 372 impunitus.

337 380 528 420 ⁶(forona
556 393 696 419 senum
728 378 795 418 tilii
827 377 1018 419 filiorum:
1102 386 1143 420 et
1171 380 1298 433 gloria
1327 380 1499 421 tiliorum
1530 387 1666 435 patres
1696 394 1847 424 eorum.

336 438 350 461 ⁷
371 438 462 479 Non
488 439 633 479 decent
658 436 830 477 stultum
858 437 983 477 verba
1008 439 1252 491 composita:
1332 452 1405 480 nec
1431 440 1653 494 principem
1678 440 1833 482 labium
1858 443 2071 485 mentiens.

336 496 540 537 ⁸Gennna
568 495 810 547 gratissima.
843 497 1075 549 expectatio
1105 497 1396 550 praestolantis:
1473 512 1730 553 quocumque
1760 512 1801 540 se
1830 501 1966 547 vertit,
1998 503 2221 555 prudenter

579 554 778 605 intelligit.

337 615 446 662 9Qui
482 613 586 654 celat
620 613 826 661 delictum,
865 614 1009 667 quaerit
1044 615 1261 657 amicitias:
1378 616 1446 670 qui
1481 616 1607 658 altero
1643 630 1826 659 sermone
1860 619 2019 672 repetit,
2057 625 2222 673 separat

578 673 811 714 foederatos.

317 733 352 755 ¹⁰
368 731 463 772 Plus
491 732 652 785 proficit
679 731 878 785 correptio
908 733 1018 785 apud
1047 734 1301 786 prudentem,
1386 747 1509 788 quam
1539 740 1703 776 centum
1731 735 1860 789 plagae
1894 737 2004 790 apud
2032 737 2218 779 stultum.

317 792 346 814 ¹¹
367 790 534 844 Semper
565 791 694 841 iurgia
726 791 871 844 quaerit
902 792 1051 832 malus:
1138 792 1303 845 angelus
1343 798 1479 834 autem
1514 793 1685 834 crudelis
1717 794 1907 835 mittetur
1938 801 2082 837 contra
2112 809 2217 837 eum.

316 851 347 873 ¹2
368 849 549 903 Expedit
572 850 699 902 inagis
724 863 826 890 ursae
849 863 1055 891 occurrere
1080 851 1207 904 raptis
1230 852 1410 901 fretibus,
1491 865 1614 906 quam
1638 854 1753 894 fatuo
1778 854 1999 895 confidenti
2022 854 2063 895 in
2087 854 2220 896 stulti—

579 915 637 949 tia
665 922 749 950 sua.

316 969 346 991 ¹³
370 968 467 1016 bQui
498 967 631 1009 reddit
661 968 769 1008 mala
797 982 868 1021 pro
901 968 1026 1017 bonis,
1112 982 1192 1010 non
1222 971 1382 1011 recedet
1411 970 1564 1011 malum
1594 971 1644 1011 de
1673 971 1794 1012 domo
1824 972 1919 1013 eius.

315 1028 346 1050 ¹⁴
368 1027 444 1074 Qui
467 1026 642 1068 dimittit
664 1040 826 1080 aquam,
852 1032 978 1081 caput
999 1033 1061 1069 est
1082 1028 1322 1082 iurgiorum:
1398 1035 1440 1070 et
1462 1035 1686 1083 antequam
1708 1030 1893 1083 patiatur
1914 1030 2217 1075 contumeliam.

578 1086 770 1127 iudiciuin
801 1086 960 1127 deserit.

315 1146 345 1168 ¹⁵
373 1144 467 1193 cQui
498 1144 692 1186 iustificat
722 1145 905 1198 impium.
938 1151 979 1186 et
1009 1146 1078 1200 qui
1108 1148 1356 1188 condemnat
1384 1147 1550 1193 iustum,
1636 1148 1920 1190 abominabilis
1958 1154 2020 1190 est
2048 1155 2220 1203 uterque

576 1204 686 1258 apud
715 1204 860 1245 Deum.

313 1264 348 1286 ¹⁶
366 1262 473 1310 Quid
500 1264 667 1316 prodest
695 1263 821 1305 stulto
850 1264 1000 1305 habere
1028 1264 1204 1313 divitias,
1289 1279 1382 1306 cum
1410 1265 1654 1320 sapientiam
1683 1279 1814 1307 emere
1842 1280 1924 1308 non
1952 1267 2105 1320 possit?

366 1321 443 1370 Qui
478 1321 604 1363 altam
638 1323 738 1363 facit
771 1323 939 1364 domum
974 1336 1101 1371 suam,
1132 1324 1277 1378 quaerit
1310 1325 1489 1365 ruinam:
1565 1331 1605 1366 et
1634 1325 1702 1378 qui
1725 1325 1858 1366 evitat
1879 1325 2041 1375 discere,
2068 1325 2221 1366 incidet

574 1382 615 1422 in
645 1382 764 1423 mala.

312 1441 345 1464 ¹⁷
364 1439 486 1481 Omni
511 1446 693 1495 tempore
718 1441 848 1491 diligit
874 1442 942 1495 qui
967 1442 1120 1483 amicus
1145 1448 1223 1483 est:
1303 1448 1344 1484 et
1366 1444 1493 1484 frater
1516 1443 1557 1484 in
1582 1443 1779 1497 angustiis
1803 1443 2105 1497 comprobatur.

312 1501 346 1523 ¹⁸
364 1499 523 1540 Stultus
550 1500 671 1541 homo
699 1500 869 1553 plaudet
896 1501 1085 1541 manibus
1165 1515 1257 1542 cum
1284 1502 1550 1556 spoponderit
1576 1515 1648 1556 pro
1677 1502 1806 1543 amico
1834 1515 1919 1544 suo.

312 1560 347 1582 ¹⁹
365 1558 443 1607 Qui
467 1559 692 1599 meditatur
716 1559 948 1607 discordias,
976 1559 1107 1613 diligit
1130 1560 1256 1601 rixas:
1336 1567 1378 1602 et
1402 1562 1471 1615 qui
1496 1561 1653 1602 exaltat
1678 1561 1840 1610 ostium,
1876 1561 2021 1615 quaerit
2044 1561 2216 1602 ruinam.

312 1618 348 1642 2⁰
365 1617 443 1666 Qui
471 1618 648 1671 perversi
677 1618 807 1659 cordis
836 1624 908 1662 est,
940 1631 1021 1659 non
1049 1619 1231 1660 inveniet
1259 1619 1430 1661 bonum:
1517 1625 1559 1661 et
1587 1620 1656 1673 qui
1684 1620 1810 1661 vertit
1843 1620 2037 1674 linguam,
2068 1620 2221 1661 incidet

574 1677 615 1718 in
643 1677 811 1719 malum.

311 1738 342 1760 ²¹
364 1736 496 1777 Natus
522 1742 583 1778 est
608 1736 758 1778 stultus
783 1737 823 1778 in
848 1737 1113 1790 ignominiam
1138 1751 1272 1778 suam:
1351 1738 1422 1779 sed
1445 1751 1518 1779 nec
1542 1743 1660 1792 pater
1683 1738 1724 1779 in
1748 1738 1864 1779 fatuo
1888 1738 2107 1779 laetabitur.

311 1797 343 1820 22
363 1796 555 1837 dAnimus
584 1797 766 1850 gaudens
795 1802 961 1838 aetatem
991 1796 1177 1838 floridam
1206 1797 1324 1838 facit:
1408 1797 1573 1851 spiritus
1603 1797 1730 1838 tristis
1760 1797 1918 1838 exiccat
1946 1809 2048 1839 ossa.

310 1857 343 1880 2³
363 1855 534 1897 Munera
562 1856 611 1896 de
640 1855 729 1896 sinu
759 1855 907 1909 impius
938 1855 1096 1909 accipit,
1181 1862 1229 1897 ut
1257 1861 1468 1910 pervertat
1496 1856 1662 1897 semitas
1691 1856 1840 1898 iudicii.

311 1916 343 1938 ²⁴
362 1914 428 1955 eln
458 1915 561 1956 facie
591 1915 804 1969 prudentis
834 1915 943 1956 lucet
973 1915 1192 1969 sapientia:
1277 1915 1382 1957 oculi
1413 1915 1633 1957 stultorum
1664 1915 1704 1956 in
1734 1915 1884 1956 finibus
1915 1920 2041 1957 terrae.

311 1975 343 1997 2⁵
365 1973 432 2014 ha
460 1974 599 2027 patris,
632 1974 736 2015 filius
766 1974 935 2015 stultus:
1020 1980 1062 2015 et
1090 1974 1204 2016 dolor
1232 1974 1375 2016 matris
1407 1988 1497 2029 quae
1524 1974 1666 2029 genuit
1695 1988 1799 2016 eum.

310 2034 346 2056 2⁶
365 2033 457 2074 Non
487 2039 549 2074 est
578 2034 744 2082 bonum,
777 2034 974 2075 damnum
1004 2033 1150 2074 inferre
1179 2034 1305 2075 iusto:
1391 2048 1463 2075 nec
1492 2038 1702 2088 percutere
1731 2033 1967 2088 principem,
2009 2033 2078 2087 qui
2106 2037 2219 2074 recta

572 2093 738 2134 iudicat.

310 2152 344 2176 2⁷
368 2151 461 2201 rQui
493 2153 730 2194 moderatur
771 2165 975 2193 sermones
1008 2165 1112 2201 suos,
1148 2153 1293 2193 doctus
1325 2157 1367 2193 et
1398 2153 1576 2206 prudens
1616 2158 1694 2193 est:
1782 2157 1823 2193 et
1854 2151 2020 2206 pretiosi
2053 2151 2218 2205 spiritus

574 2211 636 2251 vir
665 2211 859 2253 eruditus.

310 2271 346 2295 ²⁸
363 2269 523 2311 Stultus
551 2284 713 2324 quoque
739 2270 771 2311 si
796 2271 982 2315 tacuerit,
1012 2270 1171 2325 sapiens
1207 2270 1484 2324 reputabitur:
1565 2277 1606 2311 et
1631 2270 1664 2312 si
1690 2270 1971 2324 compresserit
1996 2269 2106 2311 labia
2131 2282 2215 2318 sua,

574 2329 812 2379 intelligens.

125 2456 287 2496 Aphotifflni
314 2448 377 2491 18.
434 2450 445 2472 ¹
480 2448 721 2490 Occasiones
755 2449 899 2502 quaerit
933 2448 1002 2502 qui
1034 2447 1125 2489 vult
1155 2448 1339 2489 recedere
1372 2448 1424 2489 ab
1457 2448 1605 2490 amico:
1687 2447 1797 2489 omni
1829 2452 2012 2501 ternpore
2045 2447 2121 2488 erit
2152 2459 2219 2488 ex·

576 2507 829 2561 probrabilis.

331 2569 345 2591 2
364 2567 455 2608 Non
475 2567 618 2620 recipit
636 2566 786 2607 stultus
800 2567 926 2608 verba
944 2566 1189 2620 prudentiae:
1248 2566 1323 2607 nisi
1342 2580 1390 2607 ea
1407 2566 1555 2608 dixeris
1575 2579 1666 2620 quae
1684 2571 1901 2607 versantur
1918 2565 1959 2606 in
1978 2565 2098 2606 corde
2117 2564 2215 2606 eius.

330 2627 346 2651 ³
365 2625 531 2679 Impius,
561 2639 653 2667 cum
679 2626 720 2666 in
746 2626 996 2679 profundum
1023 2626 1181 2667 venerit
1206 2631 1482 2680 peccatorum,
1504 2625 1749 2667 contemnit:
1821 2624 1891 2665 sed
1916 2624 2100 2678 sequitur
2125 2636 2218 2665 eum

574 2685 796 2735 ignominia
823 2691 864 2726 et
893 2685 1170 2739 opprobrium.

331 2745 346 2768 ⁴
363 2744 484 2798 Aqua
511 2745 716 2798 profunda
743 2745 870 2785 verba
896 2757 947 2785 ex
973 2757 1040 2785 ore
1069 2744 1162 2784 viri:
1245 2750 1286 2785 et
1314 2749 1471 2786 torrens
1498 2744 1734 2785 redundans
1761 2744 1852 2784 fons
1879 2742 2100 2796 sapientiae.

331 2805 346 2827 ⁵
364 2803 556 2857 Accipere
584 2817 800 2857 personam
828 2803 943 2857 impii
971 2817 1052 2845 non
1081 2809 1142 2844 est
1172 2804 1336 2851 bonum,
1419 2808 1467 2844 ut
1495 2803 1668 2844 declines
1696 2816 1721 2843 a
1748 2802 1924 2843 veritate
1951 2801 2100 2842 iudicii.

334 2864 349 2886 ⁶
366 2863 496 2903 Labia
524 2862 639 2903 stulti
668 2862 841 2903 miscent
869 2876 910 2903 se
939 2863 1054 2903 rixis:
1138 2868 1180 2903 et
1208 2876 1251 2903 os
1281 2862 1364 2903 eius
1394 2862 1524 2915 iurgia
1551 2866 1762 2916 provocat.

331 2923 344 2944 ⁷
364 2921 418 2962 Os
448 2921 563 2962 stulti
594 2922 784 2963 contritio
814 2922 916 2962 eius:
1001 2927 1042 2962 et
1070 2921 1180 2963 labia
1208 2921 1344 2975 ipsius,
1376 2922 1495 2962 ruina
1523 2922 1669 2963 animae
1697 2921 1793 2962 eius.

333 2982 348 3003 ὃ
368 2980 501 3021 Verba
523 2981 723 3033 bilinguis,
755 2981 870 3034 quasi
893 2980 1108 3034 simplicia:
1167 2986 1208 3022 et
1230 2981 1319 3034 ipsa
1342 2980 1586 3034 perveniunt
1608 2993 1736 3033 usque
1760 2979 1812 3020 ad
1835 2978 2028 3020 interiora
2050 2977 2216 3019 ventris.

364 3039 528 3092 Pigrum
559 3040 695 3081 deiicit
724 3040 863 3081 timor:
949 3040 1094 3080 animae
1124 3046 1262 3081 autem
1292 3040 1621 3081 effeminatorum
1650 3038 1840 3080 esurient.

332 3099 347 3121 ‘³
365 3098 442 3146 Qui
468 3098 597 3139 mollis
624 3105 665 3139 et
689 3099 909 3140 dissolutus
935 3104 996 3139 est
1022 3099 1061 3139 in
1087 3112 1206 3152 opere
1230 3112 1315 3143 suo,
1396 3100 1522 3139 frater
1547 3104 1608 3139 est
1633 3111 1706 3139 sua
1730 3110 1854 3151 opera
1879 3095 2126 3150 dissipantis.

314 3158 348 3180 ¹0
365 3156 499 3197 Turris
535 3158 767 3207 fortissima,
806 3172 953 3199 nomen
990 3157 1174 3199 Domini:
1275 3159 1327 3199 ad
1361 3158 1496 3211 ipsum
1532 3157 1657 3199 currit
1692 3157 1834 3205 iustus,
1873 3161 1915 3197 et
1950 3155 2213 3196 exaltabitur.

313 3217 338 3238 11
364 3216 603 3257 Substantia
629 3217 767 3258 divitis
793 3218 888 3257 urbs
914 3217 1067 3257 roboris
1093 3217 1188 3260 eius.
1269 3222 1308 3257 et
1336 3217 1450 3270 quasi
1475 3230 1615 3258 murus
1642 3215 1801 3256 validus
1826 3215 2083 3256 circumdans
2109 3227 2214 3254 eum.

314 3276 343 3297 ¹²
360 3274 595 3327 Antequam
639 3282 886 3321 conteratur,
943 3276 1150 3316 exaltatur
1203 3289 1270 3317 cor
1312 3276 1505 3317 hominis:
1604 3282 1645 3316 et
1689 3280 1912 3328 antequam
1957 3272 2213 3327 glorificetur,

573 3335 822 3377 humiliatur.

445 3478 463 3510 5
483 3477 572 3520 3δυρ
595 3478 646 3509 14.
670 3479 720 3510 231.
803 3478 842 3511 13
861 3478 968 3511 bitom
990 3479 1041 3512 12.
1067 3479 1121 3511 17:
1147 3480 1162 3511 1
1188 3478 1274 3510 Thes
1296 3478 1327 3517 Γ),
1356 3477 1410 3517 15ς
1438 3480 1455 3510 1
1483 3477 1543 3510 Ptr
1566 3477 1598 3518 3,
1623 3477 1652 3510 9.
1680 3497 1720 3500 —
1746 3477 1787 3510 15
1809 3475 1858 3508 cIs
1883 3475 1914 3515 5,
1940 3474 1990 3507 23.
2012 3494 2051 3496 υ
2069 3473 2111 3506 22
2126 3472 2218 3516 dSup

312 3525 364 3563 15,
391 3524 442 3558 13.
466 3545 508 3548 —
533 3524 575 3557 :24
602 3524 678 3557 eEcl
706 3526 735 3563 2,
765 3526 818 3559 14:
848 3526 880 3566 8,
910 3527 937 3558 1.
966 3547 976 3548 ff
1003 3546 1005 3549 -
1032 3526 1073 3559 :37
1110 3525 1180 3558 flac
1210 3527 1239 3565 1,
1270 3525 1319 3558 19.
