<?xml version="1.0" encoding="UTF-8"?>
<!DOCTYPE html PUBLIC "-//W3C//DTD XHTML 1.0 Transitional//EN"
    "http://www.w3.org/TR/xhtml1/DTD/xhtml1-transitional.dtd">
<html xmlns="http://www.w3.org/1999/xhtml" xml:lang="en" lang="en">
 <head>
  <title>
</title>
<meta http-equiv="Content-Type" content="text/html;charset=utf-8" />
  <meta name='ocr-system' content='tesseract 3.04.00' />
  <meta name='ocr-capabilities' content='ocr_page ocr_carea ocr_par ocr_line ocrx_word'/>
</head>
<body>
  <div class='ocr_page' id='page_1' title='image "./bibliasacravulga00helzuoft_0010.png"; bbox 0 0 2356 3760; ppageno 0'>
   <div class='ocr_carea' id='block_1_1' title="bbox 146 1183 334 1460">
    <p class='ocr_par' dir='ltr' id='par_1_1' title="bbox 146 1183 334 1460">
     <span class='ocr_line' id='line_1_1' title="bbox 194 1183 287 1213; baseline 0 -6"><span class='ocrx_word' id='word_1_1' title='bbox 194 1183 287 1213; x_wconf 77' lang='lat' dir='ltr'>prima</span> 
     </span>
     <span class='ocr_line' id='line_1_2' title="bbox 193 1219 283 1243; baseline -0.022 0"><span class='ocrx_word' id='word_1_2' title='bbox 193 1219 283 1243; x_wconf 74' lang='lat' dir='ltr'>editio</span> 
     </span>
     <span class='ocr_line' id='line_1_3' title="bbox 149 1254 331 1278; baseline 0 0"><span class='ocrx_word' id='word_1_3' title='bbox 149 1254 331 1278; x_wconf 59' lang='lat' dir='ltr'>(uernentina</span> 
     </span>
     <span class='ocr_line' id='line_1_4' title="bbox 154 1290 326 1313; baseline 0 0"><span class='ocrx_word' id='word_1_4' title='bbox 154 1290 242 1313; x_wconf 69' lang='lat' dir='ltr'>niniixi</span> <span class='ocrx_word' id='word_1_5' title='bbox 261 1296 326 1313; x_wconf 84' lang='lat' dir='ltr'>curn</span> 
     </span>
     <span class='ocr_line' id='line_1_5' title="bbox 146 1325 334 1349; baseline 0 -2"><span class='ocrx_word' id='word_1_6' title='bbox 146 1325 199 1348; x_wconf 64' lang='lat' dir='ltr'>fest</span> <span class='ocrx_word' id='word_1_7' title='bbox 206 1325 334 1349; x_wconf 66' lang='lat' dir='ltr'>illatione</span> 
     </span>
     <span class='ocr_line' id='line_1_6' title="bbox 159 1361 321 1389; baseline 0.006 -6"><span class='ocrx_word' id='word_1_8' title='bbox 159 1361 321 1389; x_wconf 65' lang='lat' dir='ltr'>praeparata</span> 
     </span>
     <span class='ocr_line' id='line_1_7' title="bbox 148 1395 331 1425; baseline 0 -5"><span class='ocrx_word' id='word_1_9' title='bbox 148 1397 177 1420; x_wconf 82' lang='lat' dir='ltr'>et.</span> <span class='ocrx_word' id='word_1_10' title='bbox 193 1395 331 1425; x_wconf 80' lang='lat' dir='ltr'>impressa</span> 
     </span>
     <span class='ocr_line' id='line_1_8' title="bbox 211 1431 265 1460; baseline -0.019 -4"><span class='ocrx_word' id='word_1_11' title='bbox 211 1431 265 1460; x_wconf 77' lang='lat' dir='ltr'>est,</span> 
     </span>
    </p>
   </div>
   <div class='ocr_carea' id='block_1_2' title="bbox 340 112 1583 160">
    <p class='ocr_par' dir='ltr' id='par_1_2' title="bbox 340 112 1583 160">
     <span class='ocr_line' id='line_1_9' title="bbox 340 112 1583 160; baseline 0.004 -17"><span class='ocrx_word' id='word_1_12' title='bbox 340 117 398 160; x_wconf 75' lang='lat' dir='ltr'>VI</span> <span class='ocrx_word' id='word_1_13' title='bbox 1003 113 1145 147; x_wconf 86' lang='lat' dir='ltr'><strong>RATIO</strong></span> <span class='ocrx_word' id='word_1_14' title='bbox 1173 113 1316 148; x_wconf 87' lang='lat' dir='ltr'>HUIUS</span> <span class='ocrx_word' id='word_1_15' title='bbox 1342 112 1583 148; x_wconf 87' lang='lat' dir='ltr'>EDITIONIS</span> 
     </span>
    </p>
   </div>
   <div class='ocr_carea' id='block_1_3' title="bbox 341 205 2260 788">
    <p class='ocr_par' dir='ltr' id='par_1_3' title="bbox 341 205 2260 788">
     <span class='ocr_line' id='line_1_10' title="bbox 341 205 2260 259; baseline 0 -10"><span class='ocrx_word' id='word_1_16' title='bbox 341 209 596 250; x_wconf 70' lang='lat' dir='ltr'><strong>mansissent.</strong></span> <span class='ocrx_word' id='word_1_17' title='bbox 639 232 686 235; x_wconf 66' lang='lat'>—</span> <span class='ocrx_word' id='word_1_18' title='bbox 725 206 873 253; x_wconf 85' lang='lat' dir='ltr'>Tertio,</span> <span class='ocrx_word' id='word_1_19' title='bbox 920 206 961 246; x_wconf 91' lang='lat' dir='ltr'>in</span> <span class='ocrx_word' id='word_1_20' title='bbox 1000 206 1197 259; x_wconf 87' lang='lat' dir='ltr'>principio</span> <span class='ocrx_word' id='word_1_21' title='bbox 1236 205 1477 258; x_wconf 86' lang='lat' dir='ltr'>exemplaris</span> <span class='ocrx_word' id='word_1_22' title='bbox 1515 206 1646 246; x_wconf 79' lang='lat' dir='ltr'>tertiae</span> <span class='ocrx_word' id='word_1_23' title='bbox 1685 205 1886 254; x_wconf 82' lang='lat' dir='ltr'>editionis,</span> <span class='ocrx_word' id='word_1_24' title='bbox 1930 206 1970 246; x_wconf 93' lang='lat' dir='ltr'>in</span> <span class='ocrx_word' id='word_1_25' title='bbox 2010 205 2260 249; x_wconf 87' lang='lat' dir='ltr'>bibliotheca</span> 
     </span>
     <span class='ocr_line' id='line_1_11' title="bbox 341 264 2259 319; baseline -0.001 -11"><span class='ocrx_word' id='word_1_26' title='bbox 341 267 535 319; x_wconf 84' lang='lat' dir='ltr'>Angelica</span> <span class='ocrx_word' id='word_1_27' title='bbox 553 266 617 318; x_wconf 92' lang='lat' dir='ltr'>(B.</span> <span class='ocrx_word' id='word_1_28' title='bbox 642 265 701 306; x_wconf 83' lang='lat'>13.</span> <span class='ocrx_word' id='word_1_29' title='bbox 726 266 818 316; x_wconf 84' lang='lat'>10*)</span> <span class='ocrx_word' id='word_1_30' title='bbox 838 265 1080 313; x_wconf 84' lang='lat' dir='ltr'>conservati,</span> <span class='ocrx_word' id='word_1_31' title='bbox 1104 269 1303 317; x_wconf 80' lang='lat' dir='ltr'>quattuor</span> <span class='ocrx_word' id='word_1_32' title='bbox 1322 264 1479 317; x_wconf 62' lang='lat' dir='ltr'>paginae</span> <span class='ocrx_word' id='word_1_33' title='bbox 1499 264 1789 317; x_wconf 71' lang='lat' dir='ltr'>manuscriptae</span> <span class='ocrx_word' id='word_1_34' title='bbox 1809 264 2026 314; x_wconf 85' lang='lat' dir='ltr'>habentur,</span> <span class='ocrx_word' id='word_1_35' title='bbox 2049 265 2089 305; x_wconf 90' lang='lat' dir='ltr'>in</span> <span class='ocrx_word' id='word_1_36' title='bbox 2111 266 2259 319; x_wconf 90' lang='lat' dir='ltr'>quibus</span> 
     </span>
     <span class='ocr_line' id='line_1_12' title="bbox 342 322 2259 379; baseline -0.001 -13"><span class='ocrx_word' id='word_1_37' title='bbox 342 331 489 379; x_wconf 61' lang='lat' dir='ltr'>prietes</span> <span class='ocrx_word' id='word_1_38' title='bbox 507 325 587 365; x_wconf 81' lang='lat' dir='ltr'>alia</span> <span class='ocrx_word' id='word_1_39' title='bbox 604 324 791 377; x_wconf 87' lang='lat' dir='ltr'>legimus:</span> <span class='ocrx_word' id='word_1_40' title='bbox 813 323 1046 369; x_wconf 71' lang='lat' dir='ltr'>„peculiare</span> <span class='ocrx_word' id='word_1_41' title='bbox 1066 323 1141 376; x_wconf 91' lang='lat' dir='ltr'>ipsi</span> <span class='ocrx_word' id='word_1_42' title='bbox 1161 328 1221 363; x_wconf 90' lang='lat' dir='ltr'>est</span> <span class='ocrx_word' id='word_1_43' title='bbox 1242 322 1390 374; x_wconf 79' lang='lat' dir='ltr'>triplex</span> <span class='ocrx_word' id='word_1_44' title='bbox 1409 322 1720 370; x_wconf 77' lang='lat' dir='ltr'>Correctorium,</span> <span class='ocrx_word' id='word_1_45' title='bbox 1742 323 1853 375; x_wconf 92' lang='lat' dir='ltr'>quod</span> <span class='ocrx_word' id='word_1_46' title='bbox 1872 323 1911 363; x_wconf 91' lang='lat' dir='ltr'>in</span> <span class='ocrx_word' id='word_1_47' title='bbox 1932 323 2055 376; x_wconf 90' lang='lat' dir='ltr'>priori</span> <span class='ocrx_word' id='word_1_48' title='bbox 2075 324 2259 365; x_wconf 87' lang='lat' dir='ltr'>ternione</span> 
     </span>
     <span class='ocr_line' id='line_1_13' title="bbox 342 380 2259 437; baseline 0.001 -16"><span class='ocrx_word' id='word_1_49' title='bbox 342 390 436 437; x_wconf 87' lang='lat' dir='ltr'>post</span> <span class='ocrx_word' id='word_1_50' title='bbox 471 384 648 424; x_wconf 76' lang='lat' dir='ltr'>Litteras</span> <span class='ocrx_word' id='word_1_51' title='bbox 686 382 941 435; x_wconf 75' lang='lat' dir='ltr'>Apostolieas</span> <span class='ocrx_word' id='word_1_52' title='bbox 978 381 1196 421; x_wconf 82' lang='lat' dir='ltr'>Clementis</span> <span class='ocrx_word' id='word_1_53' title='bbox 1234 380 1349 421; x_wconf 78' lang='lat' dir='ltr'>VIII.</span> <span class='ocrx_word' id='word_1_54' title='bbox 1389 381 1630 433; x_wconf 88' lang='lat' dir='ltr'>impressum</span> <span class='ocrx_word' id='word_1_55' title='bbox 1666 380 1793 427; x_wconf 77' lang='lat' dir='ltr'>vides,</span> <span class='ocrx_word' id='word_1_56' title='bbox 1832 381 1883 421; x_wconf 89' lang='lat' dir='ltr'>ad</span> <span class='ocrx_word' id='word_1_57' title='bbox 1920 382 2036 434; x_wconf 89' lang='lat' dir='ltr'>cujus</span> <span class='ocrx_word' id='word_1_58' title='bbox 2072 394 2259 422; x_wconf 87' lang='lat' dir='ltr'>normam</span> 
     </span>
     <span class='ocr_line' id='line_1_14' title="bbox 343 438 2258 493; baseline -0.001 -10"><span class='ocrx_word' id='word_1_59' title='bbox 343 449 485 484; x_wconf 71' lang='lat' dir='ltr'>ceterae</span> <span class='ocrx_word' id='word_1_60' title='bbox 519 442 586 483; x_wconf 82' lang='lat' dir='ltr'>SS.</span> <span class='ocrx_word' id='word_1_61' title='bbox 625 440 849 481; x_wconf 89' lang='lat' dir='ltr'>Bibliorum</span> <span class='ocrx_word' id='word_1_62' title='bbox 887 440 1110 487; x_wconf 85' lang='lat' dir='ltr'>Editiones,</span> <span class='ocrx_word' id='word_1_63' title='bbox 1148 452 1228 492; x_wconf 85' lang='lat' dir='ltr'>quo</span> <span class='ocrx_word' id='word_1_64' title='bbox 1263 439 1473 479; x_wconf 87' lang='lat' dir='ltr'>Pontificis</span> <span class='ocrx_word' id='word_1_65' title='bbox 1508 438 1690 492; x_wconf 83' lang='lat' dir='ltr'>ejusdem</span> <span class='ocrx_word' id='word_1_66' title='bbox 1726 439 1901 480; x_wconf 90' lang='lat' dir='ltr'>Decreto</span> <span class='ocrx_word' id='word_1_67' title='bbox 1937 439 2258 493; x_wconf 83' lang='lat' dir='ltr'>obtemperetur,</span> 
     </span>
     <span class='ocr_line' id='line_1_15' title="bbox 343 497 2260 553; baseline -0.001 -12"><span class='ocrx_word' id='word_1_68' title='bbox 343 501 533 541; x_wconf 52' lang='lat' dir='ltr'>curanda*</span> <span class='ocrx_word' id='word_1_69' title='bbox 555 505 700 540; x_wconf 72' lang='lat' dir='ltr'>esstnt.</span> <span class='ocrx_word' id='word_1_70' title='bbox 751 500 850 547; x_wconf 77' lang='lat' dir='ltr'>Quae</span> <span class='ocrx_word' id='word_1_71' title='bbox 873 498 1140 538; x_wconf 82' lang='lat' dir='ltr'>correctiones</span> <span class='ocrx_word' id='word_1_72' title='bbox 1164 497 1328 551; x_wconf 85' lang='lat' dir='ltr'>quidem</span> <span class='ocrx_word' id='word_1_73' title='bbox 1351 497 1610 538; x_wconf 87' lang='lat' dir='ltr'>authenticas</span> <span class='ocrx_word' id='word_1_74' title='bbox 1634 510 1718 538; x_wconf 86' lang='lat' dir='ltr'>esse</span> <span class='ocrx_word' id='word_1_75' title='bbox 1740 497 1902 550; x_wconf 85' lang='lat' dir='ltr'>probat,</span> <span class='ocrx_word' id='word_1_76' title='bbox 1927 503 1968 539; x_wconf 89' lang='lat' dir='ltr'>et</span> <span class='ocrx_word' id='word_1_77' title='bbox 1990 511 2014 539; x_wconf 90' lang='lat' dir='ltr'>a</span> <span class='ocrx_word' id='word_1_78' title='bbox 2034 499 2079 540; x_wconf 90' lang='lat' dir='ltr'>P.</span> <span class='ocrx_word' id='word_1_79' title='bbox 2103 499 2260 553; x_wconf 87' lang='lat' dir='ltr'>Angelo</span> 
     </span>
     <span class='ocr_line' id='line_1_16' title="bbox 344 555 2260 611; baseline -0.001 -11"><span class='ocrx_word' id='word_1_80' title='bbox 344 560 481 600; x_wconf 80' lang='lat' dir='ltr'>Rocea</span> <span class='ocrx_word' id='word_1_81' title='bbox 511 559 606 599; x_wconf 82' lang='lat' dir='ltr'>Ord.</span> <span class='ocrx_word' id='word_1_82' title='bbox 640 560 677 599; x_wconf 76' lang='lat' dir='ltr'>S.</span> <span class='ocrx_word' id='word_1_83' title='bbox 711 557 942 611; x_wconf 73' lang='lat' dir='ltr'>Augustini,</span> <span class='ocrx_word' id='word_1_84' title='bbox 975 570 999 597; x_wconf 86' lang='lat' dir='ltr'>a</span> <span class='ocrx_word' id='word_1_85' title='bbox 1029 556 1200 597; x_wconf 81' lang='lat' dir='ltr'>Secretis</span> <span class='ocrx_word' id='word_1_86' title='bbox 1232 556 1564 609; x_wconf 84' lang='lat' dir='ltr'>Congregationis</span> <span class='ocrx_word' id='word_1_87' title='bbox 1596 568 1620 596; x_wconf 89' lang='lat' dir='ltr'>a</span> <span class='ocrx_word' id='word_1_88' title='bbox 1650 556 1842 609; x_wconf 84' lang='lat' dir='ltr'>Gregorio</span> <span class='ocrx_word' id='word_1_89' title='bbox 1874 555 1988 598; x_wconf 89' lang='lat' dir='ltr'>XIV.</span> <span class='ocrx_word' id='word_1_90' title='bbox 2021 569 2094 610; x_wconf 90' lang='lat' dir='ltr'>pro</span> <span class='ocrx_word' id='word_1_91' title='bbox 2126 571 2260 598; x_wconf 89' lang='lat' dir='ltr'>emen-</span> 
     </span>
     <span class='ocr_line' id='line_1_17' title="bbox 344 615 2260 669; baseline -0.001 -11"><span class='ocrx_word' id='word_1_92' title='bbox 344 618 509 658; x_wconf 76' lang='lat' dir='ltr'>datione</span> <span class='ocrx_word' id='word_1_93' title='bbox 535 618 601 658; x_wconf 76' lang='lat' dir='ltr'>SS.</span> <span class='ocrx_word' id='word_1_94' title='bbox 637 615 734 656; x_wconf 78' lang='lat' dir='ltr'>ssibl.</span> <span class='ocrx_word' id='word_1_95' title='bbox 765 615 926 666; x_wconf 72' lang='lat' dir='ltr'>Vulgat.</span> <span class='ocrx_word' id='word_1_96' title='bbox 959 615 1030 655; x_wconf 84' lang='lat' dir='ltr'>Ed.</span> <span class='ocrx_word' id='word_1_97' title='bbox 1059 615 1307 663; x_wconf 78' lang='lat' dir='ltr'>constitutae,</span> <span class='ocrx_word' id='word_1_98' title='bbox 1336 615 1512 667; x_wconf 85' lang='lat' dir='ltr'>primum</span> <span class='ocrx_word' id='word_1_99' title='bbox 1539 619 1760 655; x_wconf 88' lang='lat' dir='ltr'>annotatas</span> <span class='ocrx_word' id='word_1_100' title='bbox 1786 616 1927 667; x_wconf 88' lang='lat' dir='ltr'>(prout</span> <span class='ocrx_word' id='word_1_101' title='bbox 1953 628 2003 656; x_wconf 85' lang='lat' dir='ltr'>ex</span> <span class='ocrx_word' id='word_1_102' title='bbox 2029 615 2116 669; x_wconf 84' lang='lat' dir='ltr'>ejus</span> <span class='ocrx_word' id='word_1_103' title='bbox 2144 622 2260 657; x_wconf 87' lang='lat' dir='ltr'>auto-</span> 
     </span>
     <span class='ocr_line' id='line_1_18' title="bbox 342 672 2256 729; baseline -0.002 -13"><span class='ocrx_word' id='word_1_104' title='bbox 342 676 497 729; x_wconf 84' lang='lat' dir='ltr'>grapho</span> <span class='ocrx_word' id='word_1_105' title='bbox 524 676 564 716; x_wconf 92' lang='lat' dir='ltr'>in</span> <span class='ocrx_word' id='word_1_106' title='bbox 591 675 665 715; x_wconf 87' lang='lat' dir='ltr'>hac</span> <span class='ocrx_word' id='word_1_107' title='bbox 694 674 950 714; x_wconf 70' lang='lat' dir='ltr'>Bibliotheca</span> <span class='ocrx_word' id='word_1_108' title='bbox 975 679 1202 713; x_wconf 87' lang='lat' dir='ltr'>asserverto</span> <span class='ocrx_word' id='word_1_109' title='bbox 1229 672 1482 726; x_wconf 83' lang='lat' dir='ltr'>apertissime</span> <span class='ocrx_word' id='word_1_110' title='bbox 1509 674 1690 727; x_wconf 82' lang='lat' dir='ltr'>constat)</span> <span class='ocrx_word' id='word_1_111' title='bbox 1717 678 1758 714; x_wconf 89' lang='lat' dir='ltr'>et</span> <span class='ocrx_word' id='word_1_112' title='bbox 1785 673 1894 726; x_wconf 91' lang='lat' dir='ltr'>quod</span> <span class='ocrx_word' id='word_1_113' title='bbox 1920 673 2002 714; x_wconf 85' lang='lat' dir='ltr'>fere</span> <span class='ocrx_word' id='word_1_114' title='bbox 2028 673 2104 714; x_wconf 90' lang='lat' dir='ltr'>sub</span> <span class='ocrx_word' id='word_1_115' title='bbox 2132 674 2256 715; x_wconf 86' lang='lat' dir='ltr'>oculis</span> 
     </span>
     <span class='ocr_line' id='line_1_19' title="bbox 344 728 1503 788; baseline -0.003 -13"><span class='ocrx_word' id='word_1_116' title='bbox 344 728 526 788; x_wconf 87' lang='lat' dir='ltr'>ejusdem</span> <span class='ocrx_word' id='word_1_117' title='bbox 556 733 773 775; x_wconf 77' lang='lat' dir='ltr'>Clementis</span> <span class='ocrx_word' id='word_1_118' title='bbox 805 732 919 774; x_wconf 84' lang='lat' dir='ltr'><strong>VIII.</strong></span> <span class='ocrx_word' id='word_1_119' title='bbox 952 731 1164 785; x_wconf 62' lang='lat' dir='ltr'>descripta}</span> <span class='ocrx_word' id='word_1_120' title='bbox 1193 731 1370 772; x_wconf 87' lang='lat' dir='ltr'>fuerint“</span> <span class='ocrx_word' id='word_1_121' title='bbox 1400 731 1503 785; x_wconf 88' lang='lat' dir='ltr'>(sic).</span> 
     </span>
    </p>
   </div>
   <div class='ocr_carea' id='block_1_4' title="bbox 344 801 2261 917">
    <p class='ocr_par' dir='ltr' id='par_1_4' title="bbox 344 801 2261 917">
     <span class='ocr_line' id='line_1_20' title="bbox 449 801 2261 857; baseline -0.001 -13"><span class='ocrx_word' id='word_1_122' title='bbox 449 804 556 857; x_wconf 88' lang='lat' dir='ltr'>Ergo</span> <span class='ocrx_word' id='word_1_123' title='bbox 595 801 882 843; x_wconf 84' lang='lat' dir='ltr'>correctorium</span> <span class='ocrx_word' id='word_1_124' title='bbox 923 802 1156 842; x_wconf 85' lang='lat' dir='ltr'>Romanum</span> <span class='ocrx_word' id='word_1_125' title='bbox 1196 801 1444 842; x_wconf 88' lang='lat' dir='ltr'>auctoritate</span> <span class='ocrx_word' id='word_1_126' title='bbox 1482 801 1701 842; x_wconf 86' lang='lat' dir='ltr'>Clementis</span> <span class='ocrx_word' id='word_1_127' title='bbox 1740 801 1856 843; x_wconf 90' lang='lat' dir='ltr'>VIII.</span> <span class='ocrx_word' id='word_1_128' title='bbox 1899 801 2176 856; x_wconf 91' lang='lat' dir='ltr'>compositum</span> <span class='ocrx_word' id='word_1_129' title='bbox 2214 815 2261 843; x_wconf 89' lang='lat' dir='ltr'>ac</span> 
     </span>
     <span class='ocr_line' id='line_1_21' title="bbox 344 859 2047 917; baseline -0.001 -14"><span class='ocrx_word' id='word_1_130' title='bbox 344 862 599 917; x_wconf 88' lang='lat' dir='ltr'>publicatum</span> <span class='ocrx_word' id='word_1_131' title='bbox 631 867 703 907; x_wconf 77' lang='lat' dir='ltr'>est,</span> <span class='ocrx_word' id='word_1_132' title='bbox 737 861 907 913; x_wconf 88' lang='lat' dir='ltr'>ideoque</span> <span class='ocrx_word' id='word_1_133' title='bbox 938 860 1162 901; x_wconf 87' lang='lat' dir='ltr'>sententias</span> <span class='ocrx_word' id='word_1_134' title='bbox 1193 860 1277 901; x_wconf 91' lang='lat' dir='ltr'>eius</span> <span class='ocrx_word' id='word_1_135' title='bbox 1308 860 1474 901; x_wconf 89' lang='lat' dir='ltr'>ultimas</span> <span class='ocrx_word' id='word_1_136' title='bbox 1504 873 1574 901; x_wconf 94' lang='lat' dir='ltr'>seu</span> <span class='ocrx_word' id='word_1_137' title='bbox 1605 859 1838 901; x_wconf 89' lang='lat' dir='ltr'>definitivas</span> <span class='ocrx_word' id='word_1_138' title='bbox 1870 860 2047 902; x_wconf 84' lang='lat' dir='ltr'>exhibet.</span> 
     </span>
    </p>
   </div>
   <div class='ocr_carea' id='block_1_5' title="bbox 346 929 2261 1161">
    <p class='ocr_par' dir='ltr' id='par_1_5' title="bbox 346 929 2261 1161">
     <span class='ocr_line' id='line_1_22' title="bbox 451 929 2259 984; baseline -0.001 -12"><span class='ocrx_word' id='word_1_139' title='bbox 451 932 589 973; x_wconf 87' lang='lat' dir='ltr'>Etiam</span> <span class='ocrx_word' id='word_1_140' title='bbox 620 931 785 971; x_wconf 88' lang='lat' dir='ltr'>tertium</span> <span class='ocrx_word' id='word_1_141' title='bbox 817 930 1059 983; x_wconf 84' lang='lat' dir='ltr'>principium</span> <span class='ocrx_word' id='word_1_142' title='bbox 1090 929 1337 983; x_wconf 90' lang='lat' dir='ltr'>quibusdam</span> <span class='ocrx_word' id='word_1_143' title='bbox 1366 930 1462 970; x_wconf 87' lang='lat' dir='ltr'>viris</span> <span class='ocrx_word' id='word_1_144' title='bbox 1491 929 1622 971; x_wconf 88' lang='lat' dir='ltr'>doctis</span> <span class='ocrx_word' id='word_1_145' title='bbox 1650 942 1733 971; x_wconf 91' lang='lat' dir='ltr'>non</span> <span class='ocrx_word' id='word_1_146' title='bbox 1760 930 1928 983; x_wconf 76' lang='lat' dir='ltr'>placuit.</span> <span class='ocrx_word' id='word_1_147' title='bbox 1985 930 2065 971; x_wconf 86' lang='lat' dir='ltr'>Alii</span> <span class='ocrx_word' id='word_1_148' title='bbox 2093 935 2259 984; x_wconf 88' lang='lat' dir='ltr'>putant,</span> 
     </span>
     <span class='ocr_line' id='line_1_23' title="bbox 346 988 2261 1043; baseline -0.001 -11"><span class='ocrx_word' id='word_1_149' title='bbox 346 996 507 1031; x_wconf 84' lang='lat' dir='ltr'>textum</span> <span class='ocrx_word' id='word_1_150' title='bbox 538 990 678 1043; x_wconf 80' lang='lat' dir='ltr'>primae</span> <span class='ocrx_word' id='word_1_151' title='bbox 707 989 895 1030; x_wconf 82' lang='lat' dir='ltr'>editionis</span> <span class='ocrx_word' id='word_1_152' title='bbox 926 1001 998 1042; x_wconf 90' lang='lat' dir='ltr'>pro</span> <span class='ocrx_word' id='word_1_153' title='bbox 1029 1001 1124 1029; x_wconf 88' lang='lat' dir='ltr'>vero</span> <span class='ocrx_word' id='word_1_154' title='bbox 1153 988 1407 1030; x_wconf 88' lang='lat' dir='ltr'>Clementino</span> <span class='ocrx_word' id='word_1_155' title='bbox 1436 988 1672 1030; x_wconf 87' lang='lat' dir='ltr'>habendum</span> <span class='ocrx_word' id='word_1_156' title='bbox 1703 1001 1799 1039; x_wconf 89' lang='lat' dir='ltr'>esse,</span> <span class='ocrx_word' id='word_1_157' title='bbox 1832 989 2079 1043; x_wconf 91' lang='lat' dir='ltr'>ubicumque</span> <span class='ocrx_word' id='word_1_158' title='bbox 2109 1002 2261 1030; x_wconf 91' lang='lat' dir='ltr'>correc-</span> 
     </span>
     <span class='ocr_line' id='line_1_24' title="bbox 346 1046 2258 1095; baseline 0 -5"><span class='ocrx_word' id='word_1_159' title='bbox 346 1050 495 1090; x_wconf 89' lang='lat' dir='ltr'>torium</span> <span class='ocrx_word' id='word_1_160' title='bbox 524 1049 755 1089; x_wconf 83' lang='lat' dir='ltr'>Romanum</span> <span class='ocrx_word' id='word_1_161' title='bbox 783 1052 910 1095; x_wconf 88' lang='lat' dir='ltr'>tacet;</span> <span class='ocrx_word' id='word_1_162' title='bbox 937 1047 1004 1088; x_wconf 88' lang='lat' dir='ltr'>alii</span> <span class='ocrx_word' id='word_1_163' title='bbox 1029 1061 1048 1088; x_wconf 95' lang='lat' dir='ltr'>e</span> <span class='ocrx_word' id='word_1_164' title='bbox 1073 1047 1277 1089; x_wconf 86' lang='lat' dir='ltr'>contrario</span> <span class='ocrx_word' id='word_1_165' title='bbox 1303 1052 1465 1089; x_wconf 86' lang='lat' dir='ltr'>textum</span> <span class='ocrx_word' id='word_1_166' title='bbox 1491 1047 1622 1089; x_wconf 80' lang='lat' dir='ltr'>tertiae</span> <span class='ocrx_word' id='word_1_167' title='bbox 1647 1046 1836 1089; x_wconf 87' lang='lat' dir='ltr'>editionis</span> <span class='ocrx_word' id='word_1_168' title='bbox 1862 1060 1886 1089; x_wconf 86' lang='lat' dir='ltr'>a</span> <span class='ocrx_word' id='word_1_169' title='bbox 1908 1047 2116 1090; x_wconf 87' lang='lat' dir='ltr'>Clemente</span> <span class='ocrx_word' id='word_1_170' title='bbox 2140 1048 2258 1090; x_wconf 92' lang='lat' dir='ltr'>VIII.</span> 
     </span>
     <span class='ocr_line' id='line_1_25' title="bbox 346 1108 947 1161; baseline 0 -14"><span class='ocrx_word' id='word_1_171' title='bbox 346 1121 485 1161; x_wconf 83' lang='lat' dir='ltr'>reapse</span> <span class='ocrx_word' id='word_1_172' title='bbox 516 1108 720 1148; x_wconf 88' lang='lat' dir='ltr'>intentum</span> <span class='ocrx_word' id='word_1_173' title='bbox 751 1111 947 1147; x_wconf 87' lang='lat' dir='ltr'>asserunt.</span> 
     </span>
    </p>
   </div>
   <div class='ocr_carea' id='block_1_6' title="bbox 345 1175 2262 2056">
    <p class='ocr_par' dir='ltr' id='par_1_6' title="bbox 345 1175 2262 2056">
     <span class='ocr_line' id='line_1_26' title="bbox 451 1175 2261 1230; baseline 0.001 -13"><span class='ocrx_word' id='word_1_174' title='bbox 451 1177 585 1223; x_wconf 86' lang='lat' dir='ltr'>Miror,</span> <span class='ocrx_word' id='word_1_175' title='bbox 615 1176 724 1230; x_wconf 86' lang='lat' dir='ltr'>quod</span> <span class='ocrx_word' id='word_1_176' title='bbox 752 1176 827 1216; x_wconf 83' lang='lat' dir='ltr'>viri</span> <span class='ocrx_word' id='word_1_177' title='bbox 854 1176 964 1217; x_wconf 89' lang='lat' dir='ltr'>docti</span> <span class='ocrx_word' id='word_1_178' title='bbox 991 1175 1194 1217; x_wconf 85' lang='lat' dir='ltr'>affirmare</span> <span class='ocrx_word' id='word_1_179' title='bbox 1220 1177 1391 1230; x_wconf 88' lang='lat' dir='ltr'>possint,</span> <span class='ocrx_word' id='word_1_180' title='bbox 1419 1176 1460 1217; x_wconf 91' lang='lat' dir='ltr'>in</span> <span class='ocrx_word' id='word_1_181' title='bbox 1486 1177 1620 1230; x_wconf 90' lang='lat' dir='ltr'>prima</span> <span class='ocrx_word' id='word_1_182' title='bbox 1645 1177 1823 1218; x_wconf 86' lang='lat' dir='ltr'>editione</span> <span class='ocrx_word' id='word_1_183' title='bbox 1851 1182 2014 1218; x_wconf 84' lang='lat' dir='ltr'>textum</span> <span class='ocrx_word' id='word_1_184' title='bbox 2042 1176 2261 1229; x_wconf 78' lang='lat' dir='ltr'>aSummo</span> 
     </span>
     <span class='ocr_line' id='line_1_27' title="bbox 347 1235 2261 1289; baseline -0.001 -13"><span class='ocrx_word' id='word_1_185' title='bbox 347 1236 544 1276; x_wconf 88' lang='lat' dir='ltr'>Pontifice</span> <span class='ocrx_word' id='word_1_186' title='bbox 571 1249 611 1276; x_wconf 90' lang='lat' dir='ltr'>re</span> <span class='ocrx_word' id='word_1_187' title='bbox 639 1248 733 1276; x_wconf 81' lang='lat' dir='ltr'>vera</span> <span class='ocrx_word' id='word_1_188' title='bbox 761 1235 967 1276; x_wconf 87' lang='lat' dir='ltr'>intentum</span> <span class='ocrx_word' id='word_1_189' title='bbox 995 1235 1205 1277; x_wconf 80' lang='lat' dir='ltr'>contineri.</span> <span class='ocrx_word' id='word_1_190' title='bbox 1240 1236 1282 1277; x_wconf 83' lang='lat' dir='ltr'>Si</span> <span class='ocrx_word' id='word_1_191' title='bbox 1308 1235 1456 1276; x_wconf 91' lang='lat' dir='ltr'>nostris</span> <span class='ocrx_word' id='word_1_192' title='bbox 1484 1235 1737 1289; x_wconf 87' lang='lat' dir='ltr'>temporibus</span> <span class='ocrx_word' id='word_1_193' title='bbox 1763 1236 1871 1277; x_wconf 89' lang='lat' dir='ltr'>idern</span> <span class='ocrx_word' id='word_1_194' title='bbox 1900 1240 2044 1277; x_wconf 79' lang='lat' dir='ltr'>auctor</span> <span class='ocrx_word' id='word_1_195' title='bbox 2070 1240 2151 1276; x_wconf 90' lang='lat' dir='ltr'>tres</span> <span class='ocrx_word' id='word_1_196' title='bbox 2179 1235 2261 1276; x_wconf 90' lang='lat' dir='ltr'>edi-</span> 
     </span>
     <span class='ocr_line' id='line_1_28' title="bbox 348 1293 2260 1348; baseline -0.001 -13"><span class='ocrx_word' id='word_1_197' title='bbox 348 1295 477 1335; x_wconf 83' lang='lat' dir='ltr'>tiones</span> <span class='ocrx_word' id='word_1_198' title='bbox 509 1295 637 1348; x_wconf 90' lang='lat' dir='ltr'>operis</span> <span class='ocrx_word' id='word_1_199' title='bbox 668 1294 847 1335; x_wconf 88' lang='lat' dir='ltr'>eiusdem</span> <span class='ocrx_word' id='word_1_200' title='bbox 878 1293 1077 1347; x_wconf 84' lang='lat' dir='ltr'>divulgat,</span> <span class='ocrx_word' id='word_1_201' title='bbox 1108 1307 1227 1335; x_wconf 89' lang='lat' dir='ltr'>nemo</span> <span class='ocrx_word' id='word_1_202' title='bbox 1259 1294 1476 1348; x_wconf 89' lang='lat' dir='ltr'>quisquam</span> <span class='ocrx_word' id='word_1_203' title='bbox 1506 1295 1730 1336; x_wconf 89' lang='lat' dir='ltr'>sententias</span> <span class='ocrx_word' id='word_1_204' title='bbox 1760 1295 1926 1336; x_wconf 89' lang='lat' dir='ltr'>ultimas</span> <span class='ocrx_word' id='word_1_205' title='bbox 1956 1299 1998 1336; x_wconf 91' lang='lat' dir='ltr'>et</span> <span class='ocrx_word' id='word_1_206' title='bbox 2027 1293 2260 1335; x_wconf 88' lang='lat' dir='ltr'>definitivas</span> 
     </span>
     <span class='ocr_line' id='line_1_29' title="bbox 348 1352 2261 1408; baseline 0 -15"><span class='ocrx_word' id='word_1_207' title='bbox 348 1354 523 1394; x_wconf 89' lang='lat' dir='ltr'>auctoris</span> <span class='ocrx_word' id='word_1_208' title='bbox 547 1354 587 1394; x_wconf 91' lang='lat' dir='ltr'>in</span> <span class='ocrx_word' id='word_1_209' title='bbox 612 1353 743 1407; x_wconf 88' lang='lat' dir='ltr'>prima</span> <span class='ocrx_word' id='word_1_210' title='bbox 765 1352 942 1394; x_wconf 86' lang='lat' dir='ltr'>editione</span> <span class='ocrx_word' id='word_1_211' title='bbox 967 1353 1124 1406; x_wconf 84' lang='lat' dir='ltr'>quaerit,</span> <span class='ocrx_word' id='word_1_212' title='bbox 1149 1353 1373 1406; x_wconf 68' lang='lat' dir='ltr'>praesertim</span> <span class='ocrx_word' id='word_1_213' title='bbox 1397 1353 1429 1394; x_wconf 90' lang='lat' dir='ltr'>si</span> <span class='ocrx_word' id='word_1_214' title='bbox 1451 1352 1537 1394; x_wconf 84' lang='lat' dir='ltr'>haec</span> <span class='ocrx_word' id='word_1_215' title='bbox 1561 1353 1685 1394; x_wconf 89' lang='lat' dir='ltr'>editio</span> <span class='ocrx_word' id='word_1_216' title='bbox 1708 1367 1859 1408; x_wconf 84' lang='lat' dir='ltr'>magna</span> <span class='ocrx_word' id='word_1_217' title='bbox 1881 1367 1974 1395; x_wconf 93' lang='lat' dir='ltr'>cum</span> <span class='ocrx_word' id='word_1_218' title='bbox 1998 1352 2261 1394; x_wconf 85' lang='lat' dir='ltr'>festinatione</span> 
     </span>
     <span class='ocr_line' id='line_1_30' title="bbox 349 1411 2261 1466; baseline -0.001 -13"><span class='ocrx_word' id='word_1_219' title='bbox 349 1419 578 1465; x_wconf 74' lang='lat' dir='ltr'>praeparata</span> <span class='ocrx_word' id='word_1_220' title='bbox 603 1418 643 1453; x_wconf 90' lang='lat' dir='ltr'>et</span> <span class='ocrx_word' id='word_1_221' title='bbox 670 1412 865 1465; x_wconf 89' lang='lat' dir='ltr'>impressa</span> <span class='ocrx_word' id='word_1_222' title='bbox 890 1417 962 1453; x_wconf 90' lang='lat' dir='ltr'>est.</span> <span class='ocrx_word' id='word_1_223' title='bbox 1020 1412 1066 1452; x_wconf 92' lang='lat' dir='ltr'>In</span> <span class='ocrx_word' id='word_1_224' title='bbox 1094 1411 1217 1453; x_wconf 87' lang='lat' dir='ltr'>talem</span> <span class='ocrx_word' id='word_1_225' title='bbox 1244 1412 1350 1453; x_wconf 90' lang='lat' dir='ltr'>enim</span> <span class='ocrx_word' id='word_1_226' title='bbox 1378 1412 1599 1453; x_wconf 83' lang='lat' dir='ltr'>editionem</span> <span class='ocrx_word' id='word_1_227' title='bbox 1625 1426 1706 1453; x_wconf 92' lang='lat' dir='ltr'>non</span> <span class='ocrx_word' id='word_1_228' title='bbox 1732 1413 1863 1453; x_wconf 93' lang='lat' dir='ltr'>solum</span> <span class='ocrx_word' id='word_1_229' title='bbox 1890 1425 2041 1453; x_wconf 90' lang='lat' dir='ltr'>errores</span> <span class='ocrx_word' id='word_1_230' title='bbox 2067 1417 2261 1466; x_wconf 89' lang='lat' dir='ltr'>typogra-</span> 
     </span>
     <span class='ocr_line' id='line_1_31' title="bbox 349 1470 2260 1525; baseline 0 -14"><span class='ocrx_word' id='word_1_231' title='bbox 349 1471 467 1524; x_wconf 84' lang='lat' dir='ltr'>pliici,</span> <span class='ocrx_word' id='word_1_232' title='bbox 499 1485 639 1512; x_wconf 76' lang='lat' dir='ltr'>verum</span> <span class='ocrx_word' id='word_1_233' title='bbox 671 1471 793 1511; x_wconf 89' lang='lat' dir='ltr'>etiam</span> <span class='ocrx_word' id='word_1_234' title='bbox 825 1470 904 1511; x_wconf 88' lang='lat' dir='ltr'>alia</span> <span class='ocrx_word' id='word_1_235' title='bbox 932 1470 1082 1511; x_wconf 88' lang='lat' dir='ltr'>menda</span> <span class='ocrx_word' id='word_1_236' title='bbox 1111 1471 1283 1525; x_wconf 89' lang='lat' dir='ltr'>irrepere</span> <span class='ocrx_word' id='word_1_237' title='bbox 1313 1471 1457 1521; x_wconf 81' lang='lat' dir='ltr'>solent,</span> <span class='ocrx_word' id='word_1_238' title='bbox 1490 1484 1580 1525; x_wconf 84' lang='lat' dir='ltr'>quae</span> <span class='ocrx_word' id='word_1_239' title='bbox 1609 1476 1753 1512; x_wconf 88' lang='lat' dir='ltr'>auctor</span> <span class='ocrx_word' id='word_1_240' title='bbox 1781 1470 2062 1525; x_wconf 89' lang='lat' dir='ltr'>deprehendit,</span> <span class='ocrx_word' id='word_1_241' title='bbox 2095 1470 2260 1525; x_wconf 90' lang='lat' dir='ltr'>quando</span> 
     </span>
     <span class='ocr_line' id='line_1_32' title="bbox 346 1529 2261 1584; baseline -0.001 -14"><span class='ocrx_word' id='word_1_242' title='bbox 346 1530 518 1584; x_wconf 78' lang='lat' dir='ltr'>plagulae</span> <span class='ocrx_word' id='word_1_243' title='bbox 546 1531 625 1570; x_wconf 90' lang='lat' dir='ltr'>iam</span> <span class='ocrx_word' id='word_1_244' title='bbox 655 1530 764 1583; x_wconf 85' lang='lat' dir='ltr'>typis</span> <span class='ocrx_word' id='word_1_245' title='bbox 792 1529 1005 1583; x_wconf 63' lang='lat' dir='ltr'>descriptae</span> <span class='ocrx_word' id='word_1_246' title='bbox 1032 1535 1140 1571; x_wconf 90' lang='lat' dir='ltr'>sunt.</span> <span class='ocrx_word' id='word_1_247' title='bbox 1198 1529 1287 1571; x_wconf 88' lang='lat' dir='ltr'>Hac</span> <span class='ocrx_word' id='word_1_248' title='bbox 1316 1529 1365 1571; x_wconf 91' lang='lat' dir='ltr'>de</span> <span class='ocrx_word' id='word_1_249' title='bbox 1392 1543 1516 1571; x_wconf 90' lang='lat' dir='ltr'>causa</span> <span class='ocrx_word' id='word_1_250' title='bbox 1542 1529 1693 1571; x_wconf 90' lang='lat' dir='ltr'>indices</span> <span class='ocrx_word' id='word_1_251' title='bbox 1722 1543 1904 1571; x_wconf 89' lang='lat' dir='ltr'>errorum</span> <span class='ocrx_word' id='word_1_252' title='bbox 1932 1529 2261 1584; x_wconf 81' lang='lat' dir='ltr'>corrigendorum</span> 
     </span>
     <span class='ocr_line' id='line_1_33' title="bbox 347 1588 2260 1643; baseline -0.001 -14"><span class='ocrx_word' id='word_1_253' title='bbox 347 1589 627 1643; x_wconf 87' lang='lat' dir='ltr'>adiunguntur</span> <span class='ocrx_word' id='word_1_254' title='bbox 668 1594 792 1642; x_wconf 88' lang='lat' dir='ltr'>atque</span> <span class='ocrx_word' id='word_1_255' title='bbox 833 1588 1030 1630; x_wconf 86' lang='lat' dir='ltr'>editiones</span> <span class='ocrx_word' id='word_1_256' title='bbox 1071 1589 1352 1637; x_wconf 84' lang='lat' dir='ltr'>‚,emendatae“</span> <span class='ocrx_word' id='word_1_257' title='bbox 1393 1589 1653 1631; x_wconf 88' lang='lat' dir='ltr'>emittuntur.</span> <span class='ocrx_word' id='word_1_258' title='bbox 1701 1614 1746 1618; x_wconf 97' lang='lat'><strong>—</strong></span> <span class='ocrx_word' id='word_1_259' title='bbox 1785 1589 1914 1643; x_wconf 86' lang='lat' dir='ltr'>Atqui</span> <span class='ocrx_word' id='word_1_260' title='bbox 1954 1593 2091 1630; x_wconf 88' lang='lat' dir='ltr'>totum</span> <span class='ocrx_word' id='word_1_261' title='bbox 2132 1588 2260 1630; x_wconf 87' lang='lat' dir='ltr'>Vetus</span> 
     </span>
     <span class='ocr_line' id='line_1_34' title="bbox 347 1646 2262 1702; baseline -0.001 -13"><span class='ocrx_word' id='word_1_262' title='bbox 347 1653 388 1689; x_wconf 89' lang='lat' dir='ltr'>et</span> <span class='ocrx_word' id='word_1_263' title='bbox 418 1648 581 1688; x_wconf 79' lang='lat' dir='ltr'>Novum</span> <span class='ocrx_word' id='word_1_264' title='bbox 613 1648 922 1688; x_wconf 82' lang='lat' dir='ltr'>Testamentum</span> <span class='ocrx_word' id='word_1_265' title='bbox 959 1647 1115 1688; x_wconf 76' lang='lat' dir='ltr'>alahore</span> <span class='ocrx_word' id='word_1_266' title='bbox 1145 1647 1252 1688; x_wconf 88' lang='lat' dir='ltr'>XIX</span> <span class='ocrx_word' id='word_1_267' title='bbox 1285 1648 1441 1689; x_wconf 89' lang='lat' dir='ltr'>dierum</span> <span class='ocrx_word' id='word_1_268' title='bbox 1472 1648 1655 1702; x_wconf 84' lang='lat' dir='ltr'>Zagaroli</span> <span class='ocrx_word' id='word_1_269' title='bbox 1691 1653 1938 1690; x_wconf 88' lang='lat' dir='ltr'>bcorrectum</span> <span class='ocrx_word' id='word_1_270' title='bbox 1970 1652 2011 1690; x_wconf 88' lang='lat' dir='ltr'>et</span> <span class='ocrx_word' id='word_1_271' title='bbox 2049 1647 2173 1688; x_wconf 83' lang='lat' dir='ltr'>cinfra</span> <span class='ocrx_word' id='word_1_272' title='bbox 2204 1646 2262 1688; x_wconf 93' lang='lat' dir='ltr'>IV</span> 
     </span>
     <span class='ocr_line' id='line_1_35' title="bbox 346 1706 2259 1761; baseline -0.001 -13"><span class='ocrx_word' id='word_1_273' title='bbox 346 1719 502 1748; x_wconf 91' lang='lat' dir='ltr'>menses</span> <span class='ocrx_word' id='word_1_274' title='bbox 526 1707 766 1760; x_wconf 88' lang='lat' dir='ltr'>impressum</span> <span class='ocrx_word' id='word_1_275' title='bbox 791 1711 864 1753; x_wconf 86' lang='lat' dir='ltr'>est,</span> <span class='ocrx_word' id='word_1_276' title='bbox 890 1706 988 1747; x_wconf 92' lang='lat' dir='ltr'>dum</span> <span class='ocrx_word' id='word_1_277' title='bbox 1012 1712 1154 1748; x_wconf 88' lang='lat' dir='ltr'>nostra</span> <span class='ocrx_word' id='word_1_278' title='bbox 1175 1712 1298 1748; x_wconf 85' lang='lat' dir='ltr'>aetate</span> <span class='ocrx_word' id='word_1_279' title='bbox 1322 1707 1403 1748; x_wconf 93' lang='lat' dir='ltr'>duo</span> <span class='ocrx_word' id='word_1_280' title='bbox 1427 1706 1492 1749; x_wconf 92' lang='lat' dir='ltr'>vel</span> <span class='ocrx_word' id='word_1_281' title='bbox 1515 1707 1639 1748; x_wconf 87' lang='lat' dir='ltr'>etiam</span> <span class='ocrx_word' id='word_1_282' title='bbox 1664 1712 1745 1748; x_wconf 88' lang='lat' dir='ltr'>tres</span> <span class='ocrx_word' id='word_1_283' title='bbox 1769 1708 1866 1749; x_wconf 89' lang='lat' dir='ltr'>anni</span> <span class='ocrx_word' id='word_1_284' title='bbox 1888 1707 1930 1749; x_wconf 92' lang='lat' dir='ltr'>in</span> <span class='ocrx_word' id='word_1_285' title='bbox 1953 1706 2259 1761; x_wconf 88' lang='lat' dir='ltr'>impressionem</span> 
     </span>
     <span class='ocr_line' id='line_1_36' title="bbox 346 1765 2261 1820; baseline 0.001 -15"><span class='ocrx_word' id='word_1_286' title='bbox 346 1770 387 1805; x_wconf 91' lang='lat' dir='ltr'>et</span> <span class='ocrx_word' id='word_1_287' title='bbox 426 1766 716 1807; x_wconf 86' lang='lat' dir='ltr'>correctionem</span> <span class='ocrx_word' id='word_1_288' title='bbox 749 1765 975 1806; x_wconf 89' lang='lat' dir='ltr'>Bibliorum</span> <span class='ocrx_word' id='word_1_289' title='bbox 1014 1765 1328 1819; x_wconf 89' lang='lat' dir='ltr'>impenduntur;</span> <span class='ocrx_word' id='word_1_290' title='bbox 1368 1766 1534 1820; x_wconf 89' lang='lat' dir='ltr'>insuper</span> <span class='ocrx_word' id='word_1_291' title='bbox 1572 1766 1803 1820; x_wconf 81' lang='lat' dir='ltr'>typothetae</span> <span class='ocrx_word' id='word_1_292' title='bbox 1843 1780 1863 1808; x_wconf 90' lang='lat' dir='ltr'>e</span> <span class='ocrx_word' id='word_1_293' title='bbox 1904 1765 2031 1807; x_wconf 82' lang='lat' dir='ltr'>dfoliis</span> <span class='ocrx_word' id='word_1_294' title='bbox 2071 1765 2261 1807; x_wconf 79' lang='lat' dir='ltr'>editionis</span> 
     </span>
     <span class='ocr_line' id='line_1_37' title="bbox 345 1823 2260 1879; baseline 0.001 -15"><span class='ocrx_word' id='word_1_295' title='bbox 345 1824 527 1871; x_wconf 78' lang='lat' dir='ltr'>Sixtinae,</span> <span class='ocrx_word' id='word_1_296' title='bbox 559 1824 610 1865; x_wconf 88' lang='lat' dir='ltr'>ab</span> <span class='ocrx_word' id='word_1_297' title='bbox 635 1824 789 1878; x_wconf 87' lang='lat' dir='ltr'>Angelo</span> <span class='ocrx_word' id='word_1_298' title='bbox 818 1825 954 1865; x_wconf 85' lang='lat' dir='ltr'>Rocca</span> <span class='ocrx_word' id='word_1_299' title='bbox 984 1823 1245 1866; x_wconf 71' lang='lat' dir='ltr'>efestinanter</span> <span class='ocrx_word' id='word_1_300' title='bbox 1275 1825 1476 1875; x_wconf 89' lang='lat' dir='ltr'>correctis,</span> <span class='ocrx_word' id='word_1_301' title='bbox 1508 1825 1682 1879; x_wconf 89' lang='lat' dir='ltr'>primam</span> <span class='ocrx_word' id='word_1_302' title='bbox 1712 1825 1933 1867; x_wconf 89' lang='lat' dir='ltr'>editionem</span> <span class='ocrx_word' id='word_1_303' title='bbox 1963 1825 2260 1867; x_wconf 88' lang='lat' dir='ltr'>Clementinam</span> 
     </span>
     <span class='ocr_line' id='line_1_38' title="bbox 346 1883 2260 1939; baseline 0.001 -17"><span class='ocrx_word' id='word_1_304' title='bbox 346 1889 674 1936; x_wconf 88' lang='lat' dir='ltr'>composuerunt.</span> <span class='ocrx_word' id='word_1_305' title='bbox 742 1884 924 1932; x_wconf 88' lang='lat' dir='ltr'>Quarum</span> <span class='ocrx_word' id='word_1_306' title='bbox 962 1896 1097 1925; x_wconf 87' lang='lat' dir='ltr'>rerum</span> <span class='ocrx_word' id='word_1_307' title='bbox 1136 1884 1428 1939; x_wconf 82' lang='lat' dir='ltr'>consequent-ia</span> <span class='ocrx_word' id='word_1_308' title='bbox 1466 1884 1664 1925; x_wconf 89' lang='lat' dir='ltr'>naturalis</span> <span class='ocrx_word' id='word_1_309' title='bbox 1702 1884 1787 1926; x_wconf 78' lang='lat' dir='ltr'>haec</span> <span class='ocrx_word' id='word_1_310' title='bbox 1826 1885 1924 1926; x_wconf 79' lang='lat' dir='ltr'>fuit:</span> <span class='ocrx_word' id='word_1_311' title='bbox 1964 1884 2097 1938; x_wconf 88' lang='lat' dir='ltr'>prima</span> <span class='ocrx_word' id='word_1_312' title='bbox 2135 1883 2260 1925; x_wconf 89' lang='lat' dir='ltr'>editio</span> 
     </span>
     <span class='ocr_line' id='line_1_39' title="bbox 345 1941 2261 1997; baseline 0.001 -15"><span class='ocrx_word' id='word_1_313' title='bbox 345 1941 599 1982; x_wconf 80' lang='lat' dir='ltr'>Clementina</span> <span class='ocrx_word' id='word_1_314' title='bbox 627 1942 755 1995; x_wconf 84' lang='lat' dir='ltr'>magis</span> <span class='ocrx_word' id='word_1_315' title='bbox 785 1955 806 1983; x_wconf 92' lang='lat' dir='ltr'>e</span> <span class='ocrx_word' id='word_1_316' title='bbox 835 1941 997 1983; x_wconf 83' lang='lat' dir='ltr'>Sixtina</span> <span class='ocrx_word' id='word_1_317' title='bbox 1026 1942 1242 1996; x_wconf 87' lang='lat' dir='ltr'>dependet,</span> <span class='ocrx_word' id='word_1_318' title='bbox 1276 1956 1399 1996; x_wconf 87' lang='lat' dir='ltr'>quam</span> <span class='ocrx_word' id='word_1_319' title='bbox 1434 1943 1624 1997; x_wconf 74' lang='lat' dir='ltr'>fdelegati</span> <span class='ocrx_word' id='word_1_320' title='bbox 1652 1943 1863 1985; x_wconf 87' lang='lat' dir='ltr'>Pontificis</span> <span class='ocrx_word' id='word_1_321' title='bbox 1893 1943 2102 1993; x_wconf 88' lang='lat' dir='ltr'>volebant,</span> <span class='ocrx_word' id='word_1_322' title='bbox 2135 1947 2261 1997; x_wconf 85' lang='lat' dir='ltr'>atque</span> 
     </span>
     <span class='ocr_line' id='line_1_40' title="bbox 345 2000 2262 2056; baseline 0.001 -16"><span class='ocrx_word' id='word_1_323' title='bbox 345 2000 502 2041; x_wconf 91' lang='lat' dir='ltr'>mendis</span> <span class='ocrx_word' id='word_1_324' title='bbox 524 2000 683 2041; x_wconf 81' lang='lat' dir='ltr'>foedata</span> <span class='ocrx_word' id='word_1_325' title='bbox 704 2005 777 2047; x_wconf 86' lang='lat' dir='ltr'>est.</span> <span class='ocrx_word' id='word_1_326' title='bbox 803 2013 893 2054; x_wconf 85' lang='lat' dir='ltr'>quae</span> <span class='ocrx_word' id='word_1_327' title='bbox 915 2000 956 2041; x_wconf 91' lang='lat' dir='ltr'>in</span> <span class='ocrx_word' id='word_1_328' title='bbox 978 2001 1243 2055; x_wconf 88' lang='lat' dir='ltr'>sequentibus</span> <span class='ocrx_word' id='word_1_329' title='bbox 1267 2001 1514 2043; x_wconf 88' lang='lat' dir='ltr'>editionibus</span> <span class='ocrx_word' id='word_1_330' title='bbox 1537 2015 1619 2043; x_wconf 90' lang='lat' dir='ltr'>non</span> <span class='ocrx_word' id='word_1_331' title='bbox 1641 2002 1815 2056; x_wconf 87' lang='lat' dir='ltr'>amplius</span> <span class='ocrx_word' id='word_1_332' title='bbox 1839 2006 2051 2056; x_wconf 85' lang='lat' dir='ltr'>apparent.</span> <span class='ocrx_word' id='word_1_333' title='bbox 2103 2001 2262 2056; x_wconf 88' lang='lat' dir='ltr'>Regula</span> 
     </span>
    </p>
   </div>
   <div class='ocr_carea' id='block_1_7' title="bbox 344 2087 446 2090">
    <p class='ocr_par' dir='ltr' id='par_1_7' title="bbox 344 2087 446 2090">
     <span class='ocr_line' id='line_1_41' title="bbox 344 2087 446 2090; baseline 0 0"><span class='ocrx_word' id='word_1_334' title='bbox 344 2087 446 2090; x_wconf 95' lang='lat' dir='ltr'> </span> 
     </span>
    </p>
   </div>
   <div class='ocr_carea' id='block_1_8' title="bbox 447 2089 532 2092">
    <p class='ocr_par' dir='ltr' id='par_1_8' title="bbox 447 2089 532 2092">
     <span class='ocr_line' id='line_1_42' title="bbox 447 2089 532 2092; baseline 0 0"><span class='ocrx_word' id='word_1_335' title='bbox 447 2089 532 2092; x_wconf 95' lang='lat' dir='ltr'> </span> 
     </span>
    </p>
   </div>
   <div class='ocr_carea' id='block_1_9' title="bbox 434 2132 2260 2226">
    <p class='ocr_par' dir='ltr' id='par_1_9' title="bbox 434 2132 2260 2226">
     <span class='ocr_line' id='line_1_43' title="bbox 436 2132 1447 2178; baseline 0.003 -14"><span class='ocrx_word' id='word_1_336' title='bbox 436 2140 452 2158; x_wconf 65' lang='grc' dir='ltr'><strong>ὃ</strong></span> <span class='ocrx_word' id='word_1_337' title='bbox 477 2132 685 2171; x_wconf 84' lang='lat' dir='ltr'>Vercellone,</span> <span class='ocrx_word' id='word_1_338' title='bbox 714 2133 822 2166; x_wconf 78' lang='lat' dir='ltr'>Variae</span> <span class='ocrx_word' id='word_1_339' title='bbox 848 2132 1038 2173; x_wconf 80' lang='lat' dir='ltr'>Lectiones,</span> <span class='ocrx_word' id='word_1_340' title='bbox 1064 2136 1147 2167; x_wconf 90' lang='lat' dir='ltr'>tom.</span> <span class='ocrx_word' id='word_1_341' title='bbox 1177 2134 1216 2173; x_wconf 90' lang='lat' dir='ltr'>I.,</span> <span class='ocrx_word' id='word_1_342' title='bbox 1242 2145 1318 2178; x_wconf 95' lang='lat' dir='ltr'>pag.</span> <span class='ocrx_word' id='word_1_343' title='bbox 1346 2134 1408 2167; x_wconf 93' lang='lat' dir='ltr'>LX</span> <span class='ocrx_word' id='word_1_344' title='bbox 1422 2144 1447 2168; x_wconf 89' lang='lat' dir='ltr'>s.</span> 
     </span>
     <span class='ocr_line' id='line_1_44' title="bbox 434 2179 2260 2226; baseline 0.001 -14"><span class='ocrx_word' id='word_1_345' title='bbox 434 2180 451 2205; x_wconf 86' lang='lat' dir='ltr'>b</span> <span class='ocrx_word' id='word_1_346' title='bbox 476 2179 570 2212; x_wconf 87' lang='lat' dir='ltr'>Bene</span> <span class='ocrx_word' id='word_1_347' title='bbox 593 2180 712 2213; x_wconf 86' lang='lat' dir='ltr'>scribit</span> <span class='ocrx_word' id='word_1_348' title='bbox 738 2180 932 2214; x_wconf 88' lang='lat' dir='ltr'>Vercellone</span> <span class='ocrx_word' id='word_1_349' title='bbox 954 2181 1032 2224; x_wconf 83' lang='lat' dir='ltr'>(loc.</span> <span class='ocrx_word' id='word_1_350' title='bbox 1059 2181 1129 2221; x_wconf 87' lang='lat' dir='ltr'>cit.,</span> <span class='ocrx_word' id='word_1_351' title='bbox 1154 2192 1230 2225; x_wconf 85' lang='lat' dir='ltr'>pag.</span> <span class='ocrx_word' id='word_1_352' title='bbox 1256 2181 1349 2223; x_wconf 87' lang='lat' dir='ltr'>LX):</span> <span class='ocrx_word' id='word_1_353' title='bbox 1395 2181 1503 2225; x_wconf 80' lang='lat' dir='ltr'>„Quae</span> <span class='ocrx_word' id='word_1_354' title='bbox 1526 2192 1577 2216; x_wconf 91' lang='lat' dir='ltr'>res</span> <span class='ocrx_word' id='word_1_355' title='bbox 1601 2181 1741 2226; x_wconf 86' lang='lat' dir='ltr'>quidem</span> <span class='ocrx_word' id='word_1_356' title='bbox 1764 2192 1834 2216; x_wconf 90' lang='lat' dir='ltr'>non</span> <span class='ocrx_word' id='word_1_357' title='bbox 1856 2181 1992 2215; x_wconf 86' lang='lat' dir='ltr'>levioris</span> <span class='ocrx_word' id='word_1_358' title='bbox 2016 2183 2069 2215; x_wconf 88' lang='lat' dir='ltr'>est</span> <span class='ocrx_word' id='word_1_359' title='bbox 2092 2181 2260 2214; x_wconf 83' lang='lat' dir='ltr'>momenti</span> 
     </span>
    </p>
   </div>
   <div class='ocr_carea' id='block_1_10' title="bbox 346 2225 2260 3493">
    <p class='ocr_par' dir='ltr' id='par_1_10' title="bbox 346 2225 2258 2306">
     <span class='ocr_line' id='line_1_45' title="bbox 346 2225 2258 2274; baseline 0.001 -16"><span class='ocrx_word' id='word_1_360' title='bbox 346 2225 427 2258; x_wconf 91' lang='lat' dir='ltr'>dum</span> <span class='ocrx_word' id='word_1_361' title='bbox 446 2226 560 2260; x_wconf 89' lang='lat' dir='ltr'>animo</span> <span class='ocrx_word' id='word_1_362' title='bbox 579 2227 653 2270; x_wconf 88' lang='lat' dir='ltr'>quis</span> <span class='ocrx_word' id='word_1_363' title='bbox 671 2230 821 2271; x_wconf 89' lang='lat' dir='ltr'>reputat,</span> <span class='ocrx_word' id='word_1_364' title='bbox 840 2227 979 2261; x_wconf 88' lang='lat' dir='ltr'>alterius</span> <span class='ocrx_word' id='word_1_365' title='bbox 998 2227 1099 2272; x_wconf 85' lang='lat' dir='ltr'>pretii</span> <span class='ocrx_word' id='word_1_366' title='bbox 1115 2228 1278 2262; x_wconf 73' lang='lat' dir='ltr'>aestimari</span> <span class='ocrx_word' id='word_1_367' title='bbox 1294 2228 1416 2262; x_wconf 88' lang='lat' dir='ltr'>debere</span> <span class='ocrx_word' id='word_1_368' title='bbox 1432 2239 1491 2262; x_wconf 84' lang='lat' dir='ltr'>sex</span> <span class='ocrx_word' id='word_1_369' title='bbox 1508 2229 1676 2262; x_wconf 87' lang='lat' dir='ltr'>mensium</span> <span class='ocrx_word' id='word_1_370' title='bbox 1694 2240 1791 2274; x_wconf 91' lang='lat' dir='ltr'>opus,</span> <span class='ocrx_word' id='word_1_371' title='bbox 1809 2239 1877 2273; x_wconf 82' lang='lat' dir='ltr'>prae</span> <span class='ocrx_word' id='word_1_372' title='bbox 1894 2228 1960 2262; x_wconf 90' lang='lat' dir='ltr'>alio</span> <span class='ocrx_word' id='word_1_373' title='bbox 1978 2227 2112 2261; x_wconf 91' lang='lat' dir='ltr'>dierum</span> <span class='ocrx_word' id='word_1_374' title='bbox 2130 2238 2258 2261; x_wconf 89' lang='lat' dir='ltr'>noven-</span> 
     </span>
     <span class='ocr_line' id='line_1_46' title="bbox 347 2272 655 2306; baseline 0 0"><span class='ocrx_word' id='word_1_375' title='bbox 347 2272 456 2306; x_wconf 89' lang='lat' dir='ltr'>decim</span> <span class='ocrx_word' id='word_1_376' title='bbox 483 2276 655 2306; x_wconf 75' lang='lat' dir='ltr'>tant11m“.</span> 
     </span>
    </p>

    <p class='ocr_par' dir='ltr' id='par_1_11' title="bbox 437 2320 1476 2365">
     <span class='ocr_line' id='line_1_47' title="bbox 437 2320 1476 2365; baseline 0.003 -13"><span class='ocrx_word' id='word_1_377' title='bbox 437 2328 451 2344; x_wconf 79' lang='lat'>0</span> <span class='ocrx_word' id='word_1_378' title='bbox 476 2320 682 2359; x_wconf 78' lang='lat' dir='ltr'>Vercellone,</span> <span class='ocrx_word' id='word_1_379' title='bbox 708 2320 769 2354; x_wconf 86' lang='lat' dir='ltr'>loc.</span> <span class='ocrx_word' id='word_1_380' title='bbox 797 2320 867 2359; x_wconf 80' lang='lat' dir='ltr'>eit..</span> <span class='ocrx_word' id='word_1_381' title='bbox 894 2331 969 2365; x_wconf 91' lang='lat' dir='ltr'>pag.</span> <span class='ocrx_word' id='word_1_382' title='bbox 997 2320 1143 2361; x_wconf 62' lang='lat' dir='ltr'>LXIII„</span> <span class='ocrx_word' id='word_1_383' title='bbox 1168 2321 1287 2359; x_wconf 77' lang='lat' dir='ltr'>LXV..</span> <span class='ocrx_word' id='word_1_384' title='bbox 1313 2321 1476 2355; x_wconf 93' lang='lat' dir='ltr'>LXVIII.</span> 
     </span>
    </p>

    <p class='ocr_par' dir='ltr' id='par_1_12' title="bbox 347 2366 2260 2930">
     <span class='ocr_line' id='line_1_48' title="bbox 433 2366 2258 2414; baseline 0.001 -15"><span class='ocrx_word' id='word_1_385' title='bbox 433 2367 451 2392; x_wconf 82' lang='lat' dir='ltr'>d</span> <span class='ocrx_word' id='word_1_386' title='bbox 476 2366 689 2411; x_wconf 83' lang='lat' dir='ltr'>Typothetas</span> <span class='ocrx_word' id='word_1_387' title='bbox 712 2367 768 2401; x_wconf 87' lang='lat' dir='ltr'>illa</span> <span class='ocrx_word' id='word_1_388' title='bbox 792 2367 873 2401; x_wconf 81' lang='lat' dir='ltr'>folia</span> <span class='ocrx_word' id='word_1_389' title='bbox 895 2368 1038 2402; x_wconf 86' lang='lat' dir='ltr'>Sixtinae</span> <span class='ocrx_word' id='word_1_390' title='bbox 1059 2368 1096 2402; x_wconf 91' lang='lat' dir='ltr'>in</span> <span class='ocrx_word' id='word_1_391' title='bbox 1117 2369 1276 2402; x_wconf 88' lang='lat' dir='ltr'>manibus</span> <span class='ocrx_word' id='word_1_392' title='bbox 1299 2369 1470 2409; x_wconf 83' lang='lat' dir='ltr'>habuisse,</span> <span class='ocrx_word' id='word_1_393' title='bbox 1493 2379 1569 2414; x_wconf 85' lang='lat' dir='ltr'>quae</span> <span class='ocrx_word' id='word_1_394' title='bbox 1591 2369 1626 2403; x_wconf 91' lang='lat' dir='ltr'>in</span> <span class='ocrx_word' id='word_1_395' title='bbox 1647 2369 1857 2404; x_wconf 83' lang='lat' dir='ltr'>bibliotheca</span> <span class='ocrx_word' id='word_1_396' title='bbox 1879 2368 2043 2413; x_wconf 86' lang='lat' dir='ltr'>Angelica</span> <span class='ocrx_word' id='word_1_397' title='bbox 2065 2368 2121 2412; x_wconf 87' lang='lat' dir='ltr'>(B.</span> <span class='ocrx_word' id='word_1_398' title='bbox 2147 2367 2199 2401; x_wconf 89' lang='grc'>18.</span> <span class='ocrx_word' id='word_1_399' title='bbox 2223 2367 2258 2409; x_wconf 87' lang='lat'>3)</span> 
     </span>
     <span class='ocr_line' id='line_1_49' title="bbox 347 2414 2260 2461; baseline 0.001 -15"><span class='ocrx_word' id='word_1_400' title='bbox 347 2418 603 2453; x_wconf 84' lang='lat' dir='ltr'>conservantur,</span> <span class='ocrx_word' id='word_1_401' title='bbox 619 2414 687 2448; x_wconf 89' lang='lat' dir='ltr'>iam</span> <span class='ocrx_word' id='word_1_402' title='bbox 702 2414 897 2448; x_wconf 86' lang='lat' dir='ltr'>Vercellone</span> <span class='ocrx_word' id='word_1_403' title='bbox 911 2415 985 2448; x_wconf 91' lang='lat' dir='ltr'>loco</span> <span class='ocrx_word' id='word_1_404' title='bbox 1000 2415 1107 2449; x_wconf 88' lang='lat' dir='ltr'>citato</span> <span class='ocrx_word' id='word_1_405' title='bbox 1121 2415 1320 2450; x_wconf 81' lang='lat' dir='ltr'>affirmavit.</span> <span class='ocrx_word' id='word_1_406' title='bbox 1359 2416 1512 2459; x_wconf 81' lang='lat' dir='ltr'>Quilibet</span> <span class='ocrx_word' id='word_1_407' title='bbox 1525 2416 1640 2450; x_wconf 89' lang='lat' dir='ltr'>videre</span> <span class='ocrx_word' id='word_1_408' title='bbox 1654 2419 1780 2461; x_wconf 84' lang='lat' dir='ltr'>potest,</span> <span class='ocrx_word' id='word_1_409' title='bbox 1794 2416 1854 2450; x_wconf 92' lang='lat' dir='ltr'>illa</span> <span class='ocrx_word' id='word_1_410' title='bbox 1867 2415 1949 2449; x_wconf 77' lang='lat' dir='ltr'>folia</span> <span class='ocrx_word' id='word_1_411' title='bbox 1962 2415 2067 2449; x_wconf 78' lang='lat' dir='ltr'>fuisse</span> <span class='ocrx_word' id='word_1_412' title='bbox 2083 2415 2260 2449; x_wconf 80' lang='lat' dir='ltr'>disiuncta</span> 
     </span>
     <span class='ocr_line' id='line_1_50' title="bbox 347 2461 2259 2503; baseline 0.002 -10"><span class='ocrx_word' id='word_1_413' title='bbox 347 2463 380 2493; x_wconf 87' lang='lat' dir='ltr'>et</span> <span class='ocrx_word' id='word_1_414' title='bbox 402 2464 518 2503; x_wconf 87' lang='lat' dir='ltr'>postea</span> <span class='ocrx_word' id='word_1_415' title='bbox 538 2461 662 2494; x_wconf 81' lang='lat' dir='ltr'>iterum</span> <span class='ocrx_word' id='word_1_416' title='bbox 682 2461 717 2495; x_wconf 91' lang='lat' dir='ltr'>in</span> <span class='ocrx_word' id='word_1_417' title='bbox 734 2461 860 2495; x_wconf 91' lang='lat' dir='ltr'>librum</span> <span class='ocrx_word' id='word_1_418' title='bbox 880 2461 1078 2503; x_wconf 84' lang='lat' dir='ltr'>coniuncta;</span> <span class='ocrx_word' id='word_1_419' title='bbox 1099 2473 1139 2496; x_wconf 91' lang='lat' dir='ltr'>ea</span> <span class='ocrx_word' id='word_1_420' title='bbox 1158 2463 1278 2496; x_wconf 86' lang='lat' dir='ltr'>titulos</span> <span class='ocrx_word' id='word_1_421' title='bbox 1296 2462 1472 2503; x_wconf 89' lang='lat' dir='ltr'>librorum,</span> <span class='ocrx_word' id='word_1_422' title='bbox 1493 2473 1610 2497; x_wconf 88' lang='lat' dir='ltr'>versus</span> <span class='ocrx_word' id='word_1_423' title='bbox 1630 2463 1862 2502; x_wconf 86' lang='lat' dir='ltr'>Clementinae,</span> <span class='ocrx_word' id='word_1_424' title='bbox 1882 2462 2110 2497; x_wconf 84' lang='lat' dir='ltr'>correctiones</span> <span class='ocrx_word' id='word_1_425' title='bbox 2131 2473 2152 2496; x_wconf 88' lang='lat' dir='ltr'>a</span> <span class='ocrx_word' id='word_1_426' title='bbox 2171 2461 2259 2496; x_wconf 89' lang='lat' dir='ltr'>Con-</span> 
     </span>
     <span class='ocr_line' id='line_1_51' title="bbox 347 2508 2257 2555; baseline 0.001 -15"><span class='ocrx_word' id='word_1_427' title='bbox 347 2508 541 2548; x_wconf 70' lang='lat' dir='ltr'>gregatione</span> <span class='ocrx_word' id='word_1_428' title='bbox 561 2508 768 2552; x_wconf 83' lang='lat' dir='ltr'>Gregoriana</span> <span class='ocrx_word' id='word_1_429' title='bbox 787 2512 821 2542; x_wconf 87' lang='lat' dir='ltr'>et</span> <span class='ocrx_word' id='word_1_430' title='bbox 840 2508 867 2541; x_wconf 89' lang='lat' dir='ltr'><strong>F</strong></span> <span class='ocrx_word' id='word_1_431' title='bbox 869 2509 1021 2543; x_wconf 88' lang='lat' dir='ltr'>rancisco</span> <span class='ocrx_word' id='word_1_432' title='bbox 1040 2509 1159 2543; x_wconf 88' lang='lat' dir='ltr'>Toleto</span> <span class='ocrx_word' id='word_1_433' title='bbox 1179 2510 1371 2554; x_wconf 86' lang='lat' dir='ltr'>propositas</span> <span class='ocrx_word' id='word_1_434' title='bbox 1390 2510 1578 2549; x_wconf 77' lang='lat' dir='ltr'>continere:</span> <span class='ocrx_word' id='word_1_435' title='bbox 1599 2521 1639 2544; x_wconf 89' lang='lat' dir='ltr'>ea</span> <span class='ocrx_word' id='word_1_436' title='bbox 1656 2511 1730 2544; x_wconf 91' lang='lat' dir='ltr'>istis</span> <span class='ocrx_word' id='word_1_437' title='bbox 1749 2510 1892 2544; x_wconf 89' lang='lat' dir='ltr'>maculis</span> <span class='ocrx_word' id='word_1_438' title='bbox 1910 2510 2047 2555; x_wconf 87' lang='lat' dir='ltr'>signata</span> <span class='ocrx_word' id='word_1_439' title='bbox 2065 2519 2148 2548; x_wconf 87' lang='lat' dir='ltr'>esse,</span> <span class='ocrx_word' id='word_1_440' title='bbox 2171 2518 2257 2552; x_wconf 87' lang='lat' dir='ltr'>quas</span> 
     </span>
     <span class='ocr_line' id='line_1_52' title="bbox 347 2554 2257 2602; baseline 0.001 -16"><span class='ocrx_word' id='word_1_441' title='bbox 347 2554 539 2597; x_wconf 67' lang='lat' dir='ltr'>typothetae</span> <span class='ocrx_word' id='word_1_442' title='bbox 560 2555 660 2589; x_wconf 88' lang='lat' dir='ltr'>hodie</span> <span class='ocrx_word' id='word_1_443' title='bbox 682 2566 818 2599; x_wconf 90' lang='lat' dir='ltr'>quoque</span> <span class='ocrx_word' id='word_1_444' title='bbox 840 2556 1083 2600; x_wconf 86' lang='lat' dir='ltr'>manuscriptis</span> <span class='ocrx_word' id='word_1_445' title='bbox 1103 2556 1317 2601; x_wconf 87' lang='lat' dir='ltr'>imprimunt.</span> <span class='ocrx_word' id='word_1_446' title='bbox 1363 2557 1520 2602; x_wconf 89' lang='lat' dir='ltr'>Denique</span> <span class='ocrx_word' id='word_1_447' title='bbox 1541 2560 1631 2591; x_wconf 85' lang='lat' dir='ltr'>notae</span> <span class='ocrx_word' id='word_1_448' title='bbox 1652 2558 1836 2597; x_wconf 88' lang='lat' dir='ltr'>nonnullae,</span> <span class='ocrx_word' id='word_1_449' title='bbox 1858 2567 1934 2601; x_wconf 88' lang='lat' dir='ltr'>quae</span> <span class='ocrx_word' id='word_1_450' title='bbox 1954 2557 1990 2591; x_wconf 88' lang='lat' dir='ltr'>in</span> <span class='ocrx_word' id='word_1_451' title='bbox 2011 2555 2257 2599; x_wconf 80' lang='lat' dir='ltr'>manuscriptis</span> 
     </span>
     <span class='ocr_line' id='line_1_53' title="bbox 348 2602 2260 2649; baseline 0.001 -16"><span class='ocrx_word' id='word_1_452' title='bbox 348 2602 564 2645; x_wconf 73' lang='lat' dir='ltr'>typographo</span> <span class='ocrx_word' id='word_1_453' title='bbox 583 2602 719 2636; x_wconf 88' lang='lat' dir='ltr'>traditis</span> <span class='ocrx_word' id='word_1_454' title='bbox 739 2602 926 2636; x_wconf 85' lang='lat' dir='ltr'>dumtaxat</span> <span class='ocrx_word' id='word_1_455' title='bbox 943 2603 1177 2643; x_wconf 87' lang='lat' dir='ltr'>inveniuntur,</span> <span class='ocrx_word' id='word_1_456' title='bbox 1196 2615 1334 2638; x_wconf 89' lang='lat' dir='ltr'>omnem</span> <span class='ocrx_word' id='word_1_457' title='bbox 1351 2604 1606 2638; x_wconf 87' lang='lat' dir='ltr'>dubitationem</span> <span class='ocrx_word' id='word_1_458' title='bbox 1624 2605 1763 2644; x_wconf 85' lang='lat' dir='ltr'>tollunt,</span> <span class='ocrx_word' id='word_1_459' title='bbox 1783 2615 1809 2638; x_wconf 89' lang='lat' dir='ltr'>e.</span> <span class='ocrx_word' id='word_1_460' title='bbox 1830 2615 1877 2649; x_wconf 86' lang='lat' dir='ltr'>gr.</span> <span class='ocrx_word' id='word_1_461' title='bbox 1898 2614 1975 2648; x_wconf 86' lang='lat' dir='ltr'>pag.</span> <span class='ocrx_word' id='word_1_462' title='bbox 1995 2603 2074 2637; x_wconf 82' lang='lat'>603:</span> <span class='ocrx_word' id='word_1_463' title='bbox 2105 2602 2260 2644; x_wconf 86' lang='lat' dir='ltr'>„Vedasi</span> 
     </span>
     <span class='ocr_line' id='line_1_54' title="bbox 347 2648 2254 2696; baseline 0.002 -17"><span class='ocrx_word' id='word_1_464' title='bbox 347 2658 382 2679; x_wconf 83' lang='lat' dir='ltr'>se</span> <span class='ocrx_word' id='word_1_465' title='bbox 400 2648 426 2680; x_wconf 78' lang='lat' dir='ltr'>si</span> <span class='ocrx_word' id='word_1_466' title='bbox 446 2648 531 2681; x_wconf 88' lang='lat' dir='ltr'>deve</span> <span class='ocrx_word' id='word_1_467' title='bbox 549 2648 620 2682; x_wconf 79' lang='lat' dir='ltr'>fare</span> <span class='ocrx_word' id='word_1_468' title='bbox 651 2660 671 2682; x_wconf 92' lang='lat' dir='ltr'>a</span> <span class='ocrx_word' id='word_1_469' title='bbox 684 2660 704 2693; x_wconf 89' lang='lat' dir='ltr'>g</span> <span class='ocrx_word' id='word_1_470' title='bbox 720 2650 728 2682; x_wconf 96' lang='lat' dir='ltr'>i</span> <span class='ocrx_word' id='word_1_471' title='bbox 744 2649 808 2683; x_wconf 92' lang='lat' dir='ltr'>lit</span> <span class='ocrx_word' id='word_1_472' title='bbox 822 2660 841 2683; x_wconf 88' lang='lat' dir='ltr'>a</span> <span class='ocrx_word' id='word_1_473' title='bbox 856 2654 870 2682; x_wconf 88' lang='lat' dir='ltr'>t</span> <span class='ocrx_word' id='word_1_474' title='bbox 885 2661 912 2686; x_wconf 87' lang='lat' dir='ltr'>e.</span> <span class='ocrx_word' id='word_1_475' title='bbox 944 2661 1071 2683; x_wconf 87' lang='lat' dir='ltr'>ovvero</span> <span class='ocrx_word' id='word_1_476' title='bbox 1100 2661 1128 2684; x_wconf 84' lang='lat' dir='ltr'><strong>ae</strong></span> <span class='ocrx_word' id='word_1_477' title='bbox 1143 2661 1164 2694; x_wconf 95' lang='lat' dir='ltr'><strong>q</strong></span> <span class='ocrx_word' id='word_1_478' title='bbox 1180 2661 1201 2684; x_wconf 93' lang='lat' dir='ltr'>u</span> <span class='ocrx_word' id='word_1_479' title='bbox 1217 2651 1227 2684; x_wconf 94' lang='lat' dir='ltr'>i</span> <span class='ocrx_word' id='word_1_480' title='bbox 1241 2654 1256 2685; x_wconf 89' lang='lat' dir='ltr'>t</span> <span class='ocrx_word' id='word_1_481' title='bbox 1270 2662 1291 2685; x_wconf 89' lang='lat' dir='ltr'>a</span> <span class='ocrx_word' id='word_1_482' title='bbox 1304 2653 1320 2685; x_wconf 90' lang='lat' dir='ltr'>t</span> <span class='ocrx_word' id='word_1_483' title='bbox 1333 2661 1360 2685; x_wconf 90' lang='lat' dir='ltr'>e.</span> <span class='ocrx_word' id='word_1_484' title='bbox 1403 2651 1516 2695; x_wconf 89' lang='lat' dir='ltr'>Hoggi</span> <span class='ocrx_word' id='word_1_485' title='bbox 1533 2662 1602 2685; x_wconf 92' lang='lat' dir='ltr'>non</span> <span class='ocrx_word' id='word_1_486' title='bbox 1620 2651 1647 2685; x_wconf 90' lang='lat' dir='ltr'>si</span> <span class='ocrx_word' id='word_1_487' title='bbox 1666 2652 1682 2684; x_wconf 81' lang='lat' dir='ltr'>e</span> <span class='ocrx_word' id='word_1_488' title='bbox 1701 2654 1825 2696; x_wconf 89' lang='lat' dir='ltr'>potuto</span> <span class='ocrx_word' id='word_1_489' title='bbox 1842 2650 2055 2696; x_wconf 87' lang='lat' dir='ltr'>stampare“;</span> <span class='ocrx_word' id='word_1_490' title='bbox 2075 2661 2151 2694; x_wconf 87' lang='lat' dir='ltr'>pag.</span> <span class='ocrx_word' id='word_1_491' title='bbox 2173 2649 2254 2683; x_wconf 85' lang='lat'>635:</span> 
     </span>
     <span class='ocr_line' id='line_1_55' title="bbox 347 2694 2257 2743; baseline 0 -14"><span class='ocrx_word' id='word_1_492' title='bbox 347 2694 494 2729; x_wconf 74' lang='lat' dir='ltr'>..Vedasi</span> <span class='ocrx_word' id='word_1_493' title='bbox 515 2706 609 2728; x_wconf 85' lang='lat' dir='ltr'>come</span> <span class='ocrx_word' id='word_1_494' title='bbox 628 2696 656 2728; x_wconf 89' lang='lat' dir='ltr'>si</span> <span class='ocrx_word' id='word_1_495' title='bbox 675 2696 760 2729; x_wconf 72' lang='lat' dir='ltr'>deve</span> <span class='ocrx_word' id='word_1_496' title='bbox 780 2697 871 2729; x_wconf 65' lang='lat' dir='ltr'>fare²⁴</span> <span class='ocrx_word' id='word_1_497' title='bbox 892 2697 976 2741; x_wconf 90' lang='lat' dir='ltr'>(scil.</span> <span class='ocrx_word' id='word_1_498' title='bbox 997 2700 1101 2737; x_wconf 82' lang='lat' dir='ltr'>„ante</span> <span class='ocrx_word' id='word_1_499' title='bbox 1119 2698 1278 2742; x_wconf 84' lang='lat' dir='ltr'>tempus“</span> <span class='ocrx_word' id='word_1_500' title='bbox 1298 2698 1353 2731; x_wconf 87' lang='lat' dir='ltr'>vel</span> <span class='ocrx_word' id='word_1_501' title='bbox 1370 2701 1475 2739; x_wconf 85' lang='lat' dir='ltr'>„ante</span> <span class='ocrx_word' id='word_1_502' title='bbox 1495 2698 1716 2743; x_wconf 80' lang='lat' dir='ltr'>templum“);</span> <span class='ocrx_word' id='word_1_503' title='bbox 1738 2709 1813 2743; x_wconf 90' lang='lat' dir='ltr'>pag.</span> <span class='ocrx_word' id='word_1_504' title='bbox 1834 2698 1913 2731; x_wconf 82' lang='lat'>805:</span> <span class='ocrx_word' id='word_1_505' title='bbox 1933 2697 2031 2739; x_wconf 85' lang='lat' dir='ltr'>„s&#39;ha</span> <span class='ocrx_word' id='word_1_506' title='bbox 2050 2697 2095 2731; x_wconf 88' lang='lat' dir='ltr'>da</span> <span class='ocrx_word' id='word_1_507' title='bbox 2115 2696 2257 2741; x_wconf 85' lang='lat' dir='ltr'>pigliare</span> 
     </span>
     <span class='ocr_line' id='line_1_56' title="bbox 349 2742 2256 2790; baseline 0.002 -17"><span class='ocrx_word' id='word_1_508' title='bbox 349 2742 413 2773; x_wconf 86' lang='lat' dir='ltr'>due</span> <span class='ocrx_word' id='word_1_509' title='bbox 431 2742 544 2785; x_wconf 85' lang='lat' dir='ltr'>parole</span> <span class='ocrx_word' id='word_1_510' title='bbox 561 2742 614 2775; x_wconf 89' lang='lat' dir='ltr'>del</span> <span class='ocrx_word' id='word_1_511' title='bbox 632 2743 734 2787; x_wconf 79' lang='lat' dir='ltr'>foglio</span> <span class='ocrx_word' id='word_1_512' title='bbox 753 2743 924 2786; x_wconf 84' lang='lat' dir='ltr'>preced.“;</span> <span class='ocrx_word' id='word_1_513' title='bbox 943 2754 1018 2788; x_wconf 86' lang='lat' dir='ltr'>pag.</span> <span class='ocrx_word' id='word_1_514' title='bbox 1037 2744 1115 2777; x_wconf 83' lang='lat'>807:</span> <span class='ocrx_word' id='word_1_515' title='bbox 1134 2744 1284 2784; x_wconf 84' lang='lat' dir='ltr'>„d&#39;altra</span> <span class='ocrx_word' id='word_1_516' title='bbox 1298 2745 1443 2778; x_wconf 82' lang='lat' dir='ltr'>lettera“</span> <span class='ocrx_word' id='word_1_517' title='bbox 1460 2745 1545 2789; x_wconf 88' lang='lat' dir='ltr'>(scil.</span> <span class='ocrx_word' id='word_1_518' title='bbox 1564 2745 1727 2789; x_wconf 85' lang='lat' dir='ltr'>cursiva);</span> <span class='ocrx_word' id='word_1_519' title='bbox 1746 2756 1822 2790; x_wconf 85' lang='lat' dir='ltr'>pag.</span> <span class='ocrx_word' id='word_1_520' title='bbox 1840 2745 1920 2778; x_wconf 81' lang='lat'>853:</span> <span class='ocrx_word' id='word_1_521' title='bbox 1939 2744 2037 2785; x_wconf 82' lang='lat' dir='ltr'>„s&#39;ha</span> <span class='ocrx_word' id='word_1_522' title='bbox 2053 2743 2099 2777; x_wconf 90' lang='lat' dir='ltr'>da</span> <span class='ocrx_word' id='word_1_523' title='bbox 2115 2743 2256 2788; x_wconf 89' lang='lat' dir='ltr'>pigliare</span> 
     </span>
     <span class='ocr_line' id='line_1_57' title="bbox 349 2788 2257 2836; baseline 0.002 -16"><span class='ocrx_word' id='word_1_524' title='bbox 349 2799 414 2820; x_wconf 82' lang='lat' dir='ltr'>nna</span> <span class='ocrx_word' id='word_1_525' title='bbox 434 2788 536 2832; x_wconf 49' lang='lat' dir='ltr'>riga&amp;</span> <span class='ocrx_word' id='word_1_526' title='bbox 578 2789 701 2823; x_wconf 76' lang='lat' dir='ltr'>Videas</span> <span class='ocrx_word' id='word_1_527' title='bbox 719 2801 794 2834; x_wconf 87' lang='lat' dir='ltr'>pag.</span> <span class='ocrx_word' id='word_1_528' title='bbox 813 2790 887 2823; x_wconf 74' lang='lat'>871.</span> <span class='ocrx_word' id='word_1_529' title='bbox 928 2790 1002 2824; x_wconf 77' lang='lat'>895.</span> <span class='ocrx_word' id='word_1_530' title='bbox 1043 2791 1107 2824; x_wconf 83' lang='lat'>969</span> <span class='ocrx_word' id='word_1_531' title='bbox 1129 2802 1275 2835; x_wconf 88' lang='lat' dir='ltr'>quoque.</span> <span class='ocrx_word' id='word_1_532' title='bbox 1317 2792 1417 2835; x_wconf 83' lang='lat' dir='ltr'>Quod</span> <span class='ocrx_word' id='word_1_533' title='bbox 1434 2792 1461 2825; x_wconf 93' lang='lat' dir='ltr'>si</span> <span class='ocrx_word' id='word_1_534' title='bbox 1479 2792 1588 2836; x_wconf 92' lang='lat' dir='ltr'>prima</span> <span class='ocrx_word' id='word_1_535' title='bbox 1605 2791 1709 2826; x_wconf 88' lang='lat' dir='ltr'>editio</span> <span class='ocrx_word' id='word_1_536' title='bbox 1727 2792 1942 2826; x_wconf 87' lang='lat' dir='ltr'>Clementina</span> <span class='ocrx_word' id='word_1_537' title='bbox 1958 2801 2027 2825; x_wconf 90' lang='lat' dir='ltr'>non</span> <span class='ocrx_word' id='word_1_538' title='bbox 2044 2791 2080 2824; x_wconf 88' lang='lat' dir='ltr'>in</span> <span class='ocrx_word' id='word_1_539' title='bbox 2096 2790 2257 2824; x_wconf 90' lang='lat' dir='ltr'>omnibus</span> 
     </span>
     <span class='ocr_line' id='line_1_58' title="bbox 348 2835 2258 2883; baseline 0.002 -16"><span class='ocrx_word' id='word_1_540' title='bbox 348 2845 425 2868; x_wconf 81' lang='lat' dir='ltr'>cum</span> <span class='ocrx_word' id='word_1_541' title='bbox 450 2835 515 2868; x_wconf 85' lang='lat' dir='ltr'>illis</span> <span class='ocrx_word' id='word_1_542' title='bbox 542 2836 629 2869; x_wconf 82' lang='lat' dir='ltr'>foliis</span> <span class='ocrx_word' id='word_1_543' title='bbox 656 2837 827 2871; x_wconf 76' lang='lat' dir='ltr'>convenit.</span> <span class='ocrx_word' id='word_1_544' title='bbox 855 2848 971 2870; x_wconf 89' lang='lat' dir='ltr'>omnes</span> <span class='ocrx_word' id='word_1_545' title='bbox 997 2841 1153 2872; x_wconf 88' lang='lat' dir='ltr'>auctores</span> <span class='ocrx_word' id='word_1_546' title='bbox 1179 2839 1303 2877; x_wconf 86' lang='lat' dir='ltr'>sciunt,</span> <span class='ocrx_word' id='word_1_547' title='bbox 1330 2839 1419 2872; x_wconf 90' lang='lat' dir='ltr'>inter</span> <span class='ocrx_word' id='word_1_548' title='bbox 1444 2839 1701 2883; x_wconf 88' lang='lat' dir='ltr'>impressionem</span> <span class='ocrx_word' id='word_1_549' title='bbox 1728 2840 1837 2883; x_wconf 85' lang='lat' dir='ltr'>operis</span> <span class='ocrx_word' id='word_1_550' title='bbox 1863 2841 2000 2873; x_wconf 85' lang='lat' dir='ltr'>textum</span> <span class='ocrx_word' id='word_1_551' title='bbox 2026 2837 2258 2882; x_wconf 88' lang='lat' dir='ltr'>manuscripti</span> 
     </span>
     <span class='ocr_line' id='line_1_59' title="bbox 348 2882 1612 2930; baseline 0.005 -16"><span class='ocrx_word' id='word_1_552' title='bbox 348 2882 470 2925; x_wconf 79' lang='lat' dir='ltr'>saepius</span> <span class='ocrx_word' id='word_1_553' title='bbox 496 2883 632 2922; x_wconf 89' lang='lat' dir='ltr'>mutari,</span> <span class='ocrx_word' id='word_1_554' title='bbox 658 2884 741 2926; x_wconf 91' lang='lat' dir='ltr'>quin</span> <span class='ocrx_word' id='word_1_555' title='bbox 765 2884 816 2917; x_wconf 82' lang='lat' dir='ltr'>hae</span> <span class='ocrx_word' id='word_1_556' title='bbox 840 2885 1050 2918; x_wconf 88' lang='lat' dir='ltr'>mutationes</span> <span class='ocrx_word' id='word_1_557' title='bbox 1074 2885 1109 2918; x_wconf 90' lang='lat' dir='ltr'>in</span> <span class='ocrx_word' id='word_1_558' title='bbox 1132 2886 1367 2930; x_wconf 89' lang='lat' dir='ltr'>manuscripto</span> <span class='ocrx_word' id='word_1_559' title='bbox 1391 2890 1612 2920; x_wconf 86' lang='lat' dir='ltr'>annotentur.</span> 
     </span>
    </p>

    <p class='ocr_par' dir='ltr' id='par_1_13' title="bbox 439 2929 1589 2977">
     <span class='ocr_line' id='line_1_60' title="bbox 439 2929 1589 2977; baseline 0.005 -17"><span class='ocrx_word' id='word_1_560' title='bbox 439 2938 452 2952; x_wconf 73' lang='lat'>*²</span> <span class='ocrx_word' id='word_1_561' title='bbox 479 2929 601 2962; x_wconf 71' lang='lat' dir='ltr'>Videas</span> <span class='ocrx_word' id='word_1_562' title='bbox 627 2930 832 2969; x_wconf 79' lang='lat' dir='ltr'>Vercellone,</span> <span class='ocrx_word' id='word_1_563' title='bbox 860 2931 968 2964; x_wconf 88' lang='lat' dir='ltr'>Variae</span> <span class='ocrx_word' id='word_1_564' title='bbox 993 2931 1181 2972; x_wconf 87' lang='lat' dir='ltr'>Lectiones,</span> <span class='ocrx_word' id='word_1_565' title='bbox 1207 2936 1289 2966; x_wconf 90' lang='lat' dir='ltr'>tom.</span> <span class='ocrx_word' id='word_1_566' title='bbox 1318 2933 1356 2972; x_wconf 91' lang='lat' dir='ltr'>I.,</span> <span class='ocrx_word' id='word_1_567' title='bbox 1382 2944 1458 2977; x_wconf 89' lang='lat' dir='ltr'>pag.</span> <span class='ocrx_word' id='word_1_568' title='bbox 1484 2933 1589 2966; x_wconf 87' lang='lat' dir='ltr'>LXV.</span> 
     </span>
    </p>

    <p class='ocr_par' dir='ltr' id='par_1_14' title="bbox 346 2976 2255 3493">
     <span class='ocr_line' id='line_1_61' title="bbox 444 2976 2254 3023; baseline 0.002 -16"><span class='ocrx_word' id='word_1_569' title='bbox 444 2977 454 3000; x_wconf 80' lang='lat' dir='ltr'>f</span> <span class='ocrx_word' id='word_1_570' title='bbox 478 2976 630 3009; x_wconf 63' lang='lat' dir='ltr'>Clemens</span> <span class='ocrx_word' id='word_1_571' title='bbox 660 2977 758 3010; x_wconf 83' lang='lat' dir='ltr'>VIII.</span> <span class='ocrx_word' id='word_1_572' title='bbox 786 2978 971 3011; x_wconf 86' lang='lat' dir='ltr'>editionem</span> <span class='ocrx_word' id='word_1_573' title='bbox 1000 2978 1156 3022; x_wconf 81' lang='lat' dir='ltr'>Vulgatae</span> <span class='ocrx_word' id='word_1_574' title='bbox 1184 2990 1203 3012; x_wconf 89' lang='lat' dir='ltr'>a</span> <span class='ocrx_word' id='word_1_575' title='bbox 1230 2980 1500 3023; x_wconf 85' lang='lat' dir='ltr'>Congregatione</span> <span class='ocrx_word' id='word_1_576' title='bbox 1528 2982 1686 3013; x_wconf 70' lang='lat' dir='ltr'>correctae</span> <span class='ocrx_word' id='word_1_577' title='bbox 1714 2979 1848 3013; x_wconf 89' lang='lat' dir='ltr'>duobus</span> <span class='ocrx_word' id='word_1_578' title='bbox 1876 2978 2115 3013; x_wconf 86' lang='lat' dir='ltr'>Cardinalibus</span> <span class='ocrx_word' id='word_1_579' title='bbox 2143 2977 2254 3011; x_wconf 89' lang='lat' dir='ltr'>doctis</span> 
     </span>
     <span class='ocr_line' id='line_1_62' title="bbox 347 3022 2254 3070; baseline 0.002 -17"><span class='ocrx_word' id='word_1_580' title='bbox 347 3022 528 3056; x_wconf 79' lang='lat' dir='ltr'>commisit.</span> <span class='ocrx_word' id='word_1_581' title='bbox 548 3023 618 3058; x_wconf 76' lang='lat' dir='ltr'>scil.</span> <span class='ocrx_word' id='word_1_582' title='bbox 639 3024 831 3067; x_wconf 79' lang='lat' dir='ltr'>Augustino</span> <span class='ocrx_word' id='word_1_583' title='bbox 852 3025 984 3058; x_wconf 84' lang='lat' dir='ltr'>Valerio</span> <span class='ocrx_word' id='word_1_584' title='bbox 1002 3028 1037 3058; x_wconf 88' lang='lat' dir='ltr'>et</span> <span class='ocrx_word' id='word_1_585' title='bbox 1056 3025 1225 3059; x_wconf 85' lang='lat' dir='ltr'>Fn&#39;derico</span> <span class='ocrx_word' id='word_1_586' title='bbox 1243 3026 1439 3065; x_wconf 81' lang='lat' dir='ltr'>Borromeo,</span> <span class='ocrx_word' id='word_1_587' title='bbox 1459 3026 1583 3070; x_wconf 90' lang='lat' dir='ltr'>quibus</span> <span class='ocrx_word' id='word_1_588' title='bbox 1603 3026 1821 3060; x_wconf 88' lang='lat' dir='ltr'>Franciscum</span> <span class='ocrx_word' id='word_1_589' title='bbox 1840 3026 1999 3060; x_wconf 90' lang='lat' dir='ltr'>Toletum</span> <span class='ocrx_word' id='word_1_590' title='bbox 2017 3025 2254 3059; x_wconf 88' lang='lat' dir='ltr'>coadiutorem</span> 
     </span>
     <span class='ocr_line' id='line_1_63' title="bbox 348 3069 2254 3117; baseline 0.002 -16"><span class='ocrx_word' id='word_1_591' title='bbox 348 3069 505 3101; x_wconf 79' lang='lat' dir='ltr'>adiunxit</span> <span class='ocrx_word' id='word_1_592' title='bbox 527 3072 584 3107; x_wconf 78' lang='lat' dir='ltr'>(ct.</span> <span class='ocrx_word' id='word_1_593' title='bbox 612 3070 812 3105; x_wconf 77' lang='lat' dir='ltr'>Vercellone.</span> <span class='ocrx_word' id='word_1_594' title='bbox 836 3072 897 3105; x_wconf 85' lang='lat' dir='ltr'>loc.</span> <span class='ocrx_word' id='word_1_595' title='bbox 921 3072 991 3109; x_wconf 66' lang='lat' dir='ltr'>cit..</span> <span class='ocrx_word' id='word_1_596' title='bbox 1015 3083 1090 3116; x_wconf 85' lang='lat' dir='ltr'>pag.</span> <span class='ocrx_word' id='word_1_597' title='bbox 1115 3072 1246 3115; x_wconf 80' lang='lat' dir='ltr'>LX11);</span> <span class='ocrx_word' id='word_1_598' title='bbox 1270 3073 1547 3107; x_wconf 85' lang='lat' dir='ltr'>emendationem</span> <span class='ocrx_word' id='word_1_599' title='bbox 1568 3084 1648 3107; x_wconf 90' lang='lat' dir='ltr'>vero</span> <span class='ocrx_word' id='word_1_600' title='bbox 1670 3073 1956 3117; x_wconf 79' lang='lat' dir='ltr'>typographicam</span> <span class='ocrx_word' id='word_1_601' title='bbox 1978 3072 2108 3117; x_wconf 88' lang='lat' dir='ltr'>Angelo</span> <span class='ocrx_word' id='word_1_602' title='bbox 2132 3071 2254 3105; x_wconf 82' lang='lat' dir='ltr'>Roccae</span> 
     </span>
     <span class='ocr_line' id='line_1_64' title="bbox 347 3116 2254 3164; baseline 0.002 -17"><span class='ocrx_word' id='word_1_603' title='bbox 347 3116 582 3149; x_wconf 82' lang='lat' dir='ltr'>demandavit.</span> <span class='ocrx_word' id='word_1_604' title='bbox 631 3117 892 3162; x_wconf 76' lang='lat' dir='ltr'>Autographum</span> <span class='ocrx_word' id='word_1_605' title='bbox 917 3119 1029 3162; x_wconf 82' lang='lat' dir='ltr'>Papae,</span> <span class='ocrx_word' id='word_1_606' title='bbox 1054 3119 1146 3162; x_wconf 87' lang='lat' dir='ltr'>quod</span> <span class='ocrx_word' id='word_1_607' title='bbox 1167 3119 1203 3153; x_wconf 93' lang='lat' dir='ltr'>in</span> <span class='ocrx_word' id='word_1_608' title='bbox 1226 3120 1412 3164; x_wconf 85' lang='lat' dir='ltr'>exemplari</span> <span class='ocrx_word' id='word_1_609' title='bbox 1433 3120 1591 3153; x_wconf 85' lang='lat' dir='ltr'>secundae</span> <span class='ocrx_word' id='word_1_610' title='bbox 1613 3120 1771 3154; x_wconf 83' lang='lat' dir='ltr'>editionis</span> <span class='ocrx_word' id='word_1_611' title='bbox 1794 3120 1829 3153; x_wconf 90' lang='lat' dir='ltr'>in</span> <span class='ocrx_word' id='word_1_612' title='bbox 1851 3120 2060 3153; x_wconf 88' lang='lat' dir='ltr'>bibliotheca</span> <span class='ocrx_word' id='word_1_613' title='bbox 2082 3118 2254 3152; x_wconf 78' lang='lat' dir='ltr'>VatIcana</span> 
     </span>
     <span class='ocr_line' id='line_1_65' title="bbox 347 3163 2254 3210; baseline 0.001 -15"><span class='ocrx_word' id='word_1_614' title='bbox 347 3166 524 3196; x_wconf 84' lang='lat' dir='ltr'>asservato</span> <span class='ocrx_word' id='word_1_615' title='bbox 543 3163 699 3201; x_wconf 81' lang='lat' dir='ltr'>habetur,</span> <span class='ocrx_word' id='word_1_616' title='bbox 719 3165 786 3197; x_wconf 83' lang='lat' dir='ltr'>tale</span> <span class='ocrx_word' id='word_1_617' title='bbox 804 3169 869 3198; x_wconf 80' lang='lat' dir='ltr'>est:</span> <span class='ocrx_word' id='word_1_618' title='bbox 911 3165 1088 3205; x_wconf 82' lang='lat' dir='ltr'>„Clemens</span> <span class='ocrx_word' id='word_1_619' title='bbox 1108 3166 1203 3210; x_wconf 89' lang='lat' dir='ltr'>Papa</span> <span class='ocrx_word' id='word_1_620' title='bbox 1220 3166 1317 3200; x_wconf 91' lang='lat' dir='ltr'>VIII.</span> <span class='ocrx_word' id='word_1_621' title='bbox 1362 3166 1460 3200; x_wconf 90' lang='lat' dir='ltr'>Hanc</span> <span class='ocrx_word' id='word_1_622' title='bbox 1479 3166 1669 3200; x_wconf 86' lang='lat' dir='ltr'>Bibliorum</span> <span class='ocrx_word' id='word_1_623' title='bbox 1687 3167 1873 3201; x_wconf 86' lang='lat' dir='ltr'>editionem</span> <span class='ocrx_word' id='word_1_624' title='bbox 1890 3167 1990 3201; x_wconf 87' lang='lat' dir='ltr'>iuxta</span> <span class='ocrx_word' id='word_1_625' title='bbox 2007 3165 2254 3200; x_wconf 87' lang='lat' dir='ltr'>correctionem</span> 
     </span>
     <span class='ocr_line' id='line_1_66' title="bbox 347 3210 2255 3258; baseline 0.002 -16"><span class='ocrx_word' id='word_1_626' title='bbox 347 3220 367 3242; x_wconf 89' lang='lat' dir='ltr'>a</span> <span class='ocrx_word' id='word_1_627' title='bbox 391 3210 660 3253; x_wconf 74' lang='lat' dir='ltr'>I&#39;ongregatione</span> <span class='ocrx_word' id='word_1_628' title='bbox 687 3212 886 3254; x_wconf 76' lang='lat' dir='ltr'>praestitam.</span> <span class='ocrx_word' id='word_1_629' title='bbox 912 3212 1176 3256; x_wconf 84' lang='lat' dir='ltr'>imprimendam</span> <span class='ocrx_word' id='word_1_630' title='bbox 1201 3213 1421 3247; x_wconf 85' lang='lat' dir='ltr'>mandamus:</span> <span class='ocrx_word' id='word_1_631' title='bbox 1448 3216 1482 3247; x_wconf 89' lang='lat' dir='ltr'>et</span> <span class='ocrx_word' id='word_1_632' title='bbox 1506 3213 1630 3247; x_wconf 90' lang='lat' dir='ltr'>iudicio</span> <span class='ocrx_word' id='word_1_633' title='bbox 1655 3225 1686 3258; x_wconf 90' lang='lat' dir='ltr'>p.</span> <span class='ocrx_word' id='word_1_634' title='bbox 1714 3213 1885 3247; x_wconf 88' lang='lat' dir='ltr'>Francisci</span> <span class='ocrx_word' id='word_1_635' title='bbox 1909 3213 2019 3247; x_wconf 89' lang='lat' dir='ltr'>Toleti</span> <span class='ocrx_word' id='word_1_636' title='bbox 2043 3222 2060 3246; x_wconf 87' lang='lat' dir='ltr'>e</span> <span class='ocrx_word' id='word_1_637' title='bbox 2085 3212 2255 3245; x_wconf 84' lang='lat' dir='ltr'>societate</span> 
     </span>
     <span class='ocr_line' id='line_1_67' title="bbox 349 3256 2255 3304; baseline 0.002 -16"><span class='ocrx_word' id='word_1_638' title='bbox 349 3256 424 3288; x_wconf 80' lang='lat' dir='ltr'>Iesu</span> <span class='ocrx_word' id='word_1_639' title='bbox 449 3257 708 3292; x_wconf 80' lang='lat' dir='ltr'>committimus,</span> <span class='ocrx_word' id='word_1_640' title='bbox 733 3259 830 3302; x_wconf 79' lang='lat' dir='ltr'>eique</span> <span class='ocrx_word' id='word_1_641' title='bbox 854 3263 1006 3292; x_wconf 80' lang='lat' dir='ltr'>nostram</span> <span class='ocrx_word' id='word_1_642' title='bbox 1030 3259 1093 3292; x_wconf 88' lang='lat' dir='ltr'>hac</span> <span class='ocrx_word' id='word_1_643' title='bbox 1115 3260 1149 3292; x_wconf 91' lang='lat' dir='ltr'>in</span> <span class='ocrx_word' id='word_1_644' title='bbox 1172 3271 1206 3293; x_wconf 93' lang='lat' dir='ltr'>re</span> <span class='ocrx_word' id='word_1_645' title='bbox 1228 3260 1471 3294; x_wconf 84' lang='lat' dir='ltr'>auctoritatem</span> <span class='ocrx_word' id='word_1_646' title='bbox 1494 3260 1723 3304; x_wconf 88' lang='lat' dir='ltr'>impertimur:</span> <span class='ocrx_word' id='word_1_647' title='bbox 1748 3260 2025 3294; x_wconf 84' lang='lat' dir='ltr'>emendationem</span> <span class='ocrx_word' id='word_1_648' title='bbox 2048 3269 2129 3292; x_wconf 91' lang='lat' dir='ltr'>vero</span> <span class='ocrx_word' id='word_1_649' title='bbox 2153 3262 2255 3303; x_wconf 83' lang='lat' dir='ltr'>typo-</span> 
     </span>
     <span class='ocr_line' id='line_1_68' title="bbox 347 3303 2252 3349; baseline 0.002 -14"><span class='ocrx_word' id='word_1_650' title='bbox 347 3303 547 3346; x_wconf 77' lang='lat' dir='ltr'>graphicam</span> <span class='ocrx_word' id='word_1_651' title='bbox 567 3304 681 3337; x_wconf 74' lang='lat' dir='ltr'>fratris</span> <span class='ocrx_word' id='word_1_652' title='bbox 704 3305 822 3349; x_wconf 81' lang='lat' dir='ltr'>Angeli</span> <span class='ocrx_word' id='word_1_653' title='bbox 845 3305 1050 3339; x_wconf 89' lang='lat' dir='ltr'>Rocchensis</span> <span class='ocrx_word' id='word_1_654' title='bbox 1070 3307 1302 3349; x_wconf 84' lang='lat' dir='ltr'>augustiniani</span> <span class='ocrx_word' id='word_1_655' title='bbox 1323 3318 1342 3341; x_wconf 89' lang='lat' dir='ltr'>a</span> <span class='ocrx_word' id='word_1_656' title='bbox 1362 3307 1540 3341; x_wconf 83' lang='lat' dir='ltr'>Camerino</span> <span class='ocrx_word' id='word_1_657' title='bbox 1561 3307 1719 3341; x_wconf 83' lang='lat' dir='ltr'>fidelitati</span> <span class='ocrx_word' id='word_1_658' title='bbox 1739 3310 1774 3341; x_wconf 89' lang='lat' dir='ltr'>et</span> <span class='ocrx_word' id='word_1_659' title='bbox 1793 3307 1969 3341; x_wconf 82' lang='lat' dir='ltr'>industriae</span> <span class='ocrx_word' id='word_1_660' title='bbox 1989 3305 2252 3339; x_wconf 88' lang='lat' dir='ltr'>demandamus.</span> 
     </span>
     <span class='ocr_line' id='line_1_69' title="bbox 347 3350 2253 3398; baseline 0.002 -17"><span class='ocrx_word' id='word_1_661' title='bbox 347 3350 502 3383; x_wconf 65' lang='lat' dir='ltr'>Clemens</span> <span class='ocrx_word' id='word_1_662' title='bbox 526 3350 620 3393; x_wconf 83' lang='lat' dir='ltr'>Papa</span> <span class='ocrx_word' id='word_1_663' title='bbox 643 3351 760 3384; x_wconf 53' lang='lat' dir='ltr'>VIII*</span> <span class='ocrx_word' id='word_1_664' title='bbox 807 3353 1019 3386; x_wconf 83' lang='lat' dir='ltr'>Potestatem</span> <span class='ocrx_word' id='word_1_665' title='bbox 1042 3353 1150 3386; x_wconf 73' lang='lat' dir='ltr'>&#39;l&#39;oleti</span> <span class='ocrx_word' id='word_1_666' title='bbox 1172 3358 1206 3387; x_wconf 89' lang='lat' dir='ltr'>et</span> <span class='ocrx_word' id='word_1_667' title='bbox 1229 3354 1348 3387; x_wconf 78' lang='lat' dir='ltr'>Roccae</span> <span class='ocrx_word' id='word_1_668' title='bbox 1369 3354 1577 3387; x_wconf 83' lang='lat' dir='ltr'>auctoritate</span> <span class='ocrx_word' id='word_1_669' title='bbox 1598 3354 1701 3398; x_wconf 87' lang='lat' dir='ltr'>ipsius</span> <span class='ocrx_word' id='word_1_670' title='bbox 1724 3355 1825 3398; x_wconf 87' lang='lat' dir='ltr'>Papae</span> <span class='ocrx_word' id='word_1_671' title='bbox 1846 3356 1881 3388; x_wconf 84' lang='lat' dir='ltr'>et</span> <span class='ocrx_word' id='word_1_672' title='bbox 1902 3353 2126 3398; x_wconf 83' lang='lat' dir='ltr'>probabiliter</span> <span class='ocrx_word' id='word_1_673' title='bbox 2148 3352 2253 3386; x_wconf 88' lang='lat' dir='ltr'>etiam</span> 
     </span>
     <span class='ocr_line' id='line_1_70' title="bbox 346 3397 2253 3445; baseline 0.002 -16"><span class='ocrx_word' id='word_1_674' title='bbox 346 3397 492 3429; x_wconf 88' lang='lat' dir='ltr'>duorum</span> <span class='ocrx_word' id='word_1_675' title='bbox 512 3397 647 3430; x_wconf 89' lang='lat' dir='ltr'>illorum</span> <span class='ocrx_word' id='word_1_676' title='bbox 667 3398 898 3432; x_wconf 60' lang='lat' dir='ltr'>Cardinaliuni</span> <span class='ocrx_word' id='word_1_677' title='bbox 918 3400 1020 3433; x_wconf 79' lang='lat' dir='ltr'>fuisse</span> <span class='ocrx_word' id='word_1_678' title='bbox 1039 3400 1235 3439; x_wconf 81' lang='lat' dir='ltr'>limitatam,</span> <span class='ocrx_word' id='word_1_679' title='bbox 1254 3412 1295 3434; x_wconf 85' lang='lat' dir='ltr'>ex</span> <span class='ocrx_word' id='word_1_680' title='bbox 1314 3401 1501 3445; x_wconf 88' lang='lat' dir='ltr'>appendice</span> <span class='ocrx_word' id='word_1_681' title='bbox 1519 3404 1637 3435; x_wconf 88' lang='lat' dir='ltr'>nostra</span> <span class='ocrx_word' id='word_1_682' title='bbox 1655 3401 1772 3435; x_wconf 89' lang='lat' dir='ltr'>critica</span> <span class='ocrx_word' id='word_1_683' title='bbox 1789 3401 1909 3434; x_wconf 87' lang='lat' dir='ltr'>elucet.</span> <span class='ocrx_word' id='word_1_684' title='bbox 1952 3399 2131 3434; x_wconf 87' lang='lat' dir='ltr'>Lectiones</span> <span class='ocrx_word' id='word_1_685' title='bbox 2151 3399 2253 3438; x_wconf 87' lang='lat' dir='ltr'>enim,</span> 
     </span>
     <span class='ocr_line' id='line_1_71' title="bbox 346 3444 2026 3493; baseline 0.002 -17"><span class='ocrx_word' id='word_1_686' title='bbox 346 3454 431 3487; x_wconf 72' lang='lat' dir='ltr'>quas</span> <span class='ocrx_word' id='word_1_687' title='bbox 457 3444 610 3477; x_wconf 91' lang='lat' dir='ltr'>omnium</span> <span class='ocrx_word' id='word_1_688' title='bbox 638 3445 760 3478; x_wconf 76' lang='lat' dir='ltr'>virium</span> <span class='ocrx_word' id='word_1_689' title='bbox 786 3447 1005 3480; x_wconf 82' lang='lat' dir='ltr'>contentione</span> <span class='ocrx_word' id='word_1_690' title='bbox 1030 3447 1188 3482; x_wconf 88' lang='lat' dir='ltr'>inducere</span> <span class='ocrx_word' id='word_1_691' title='bbox 1214 3448 1388 3489; x_wconf 86' lang='lat' dir='ltr'>volebant,</span> <span class='ocrx_word' id='word_1_692' title='bbox 1415 3459 1482 3482; x_wconf 90' lang='lat' dir='ltr'>non</span> <span class='ocrx_word' id='word_1_693' title='bbox 1506 3451 1588 3482; x_wconf 88' lang='lat' dir='ltr'>sunt</span> <span class='ocrx_word' id='word_1_694' title='bbox 1611 3448 1760 3482; x_wconf 85' lang='lat' dir='ltr'>inductae</span> <span class='ocrx_word' id='word_1_695' title='bbox 1784 3448 1841 3493; x_wconf 79' lang='lat' dir='ltr'>(cf.</span> <span class='ocrx_word' id='word_1_696' title='bbox 1868 3458 1943 3492; x_wconf 83' lang='lat' dir='ltr'>pag.</span> <span class='ocrx_word' id='word_1_697' title='bbox 1972 3447 2026 3490; x_wconf 85' lang='lat' dir='ltr'>V).</span> 
     </span>
    </p>
   </div>
  </div>
 </body>
</html>
