2356 3760
92 102 124 141 9,
150 102 292 140 31—11,
317 100 337 133 9
956 99 1144 133 ESTHER
1920 108 1996 148 453

93 194 257 235 Assueri
280 194 563 241 versabantur,
589 197 637 233 ut
658 191 858 232 haberent
880 204 1034 244 pacem.
1061 196 1103 231 et
1125 191 1376 244 susciperent
1398 192 1628 239 veritatem,
1679 198 1710 220 ³1
1735 198 1996 239 observantes

94 253 190 294 Dies
202 252 384 297 sortium,
400 258 441 293 et
452 265 524 292 suo
536 256 719 303 tempore
734 262 826 290 curn
840 250 989 302 gaudio
1005 249 1272 289 celebrarent:
1290 250 1395 290 sicut
1409 251 1707 293 constituerant
1721 254 1997 297 Mardochaeus

95 317 136 352 et
158 311 318 359 Esther,
343 317 383 351 et
405 310 461 350 illi
483 308 741 350 observanda
761 313 1027 360 susceperunt
1049 320 1073 347 a
1094 320 1145 350 se.
1171 313 1212 348 et
1234 320 1258 348 a
1278 308 1429 349 semine
1452 322 1523 350 suo
1545 310 1705 359 ieiunia,
1730 318 1771 352 et
1792 313 1995 363 clamores,

96 375 137 411 et
164 370 345 411 Sortium
374 369 468 415 dies,
525 369 557 392 32
585 372 626 407 et
653 367 801 413 omnia,
833 379 922 420 quae
948 365 1039 406 libri
1067 366 1197 412 huius,
1229 366 1298 419 qui
1325 372 1498 408 vocatur
1524 368 1683 417 Esther,
1713 370 1882 411 historia
1908 385 1998 412 eon-

94 428 289 470 tinentur.

526 485 565 524 8.
596 482 783 524 Summa
812 482 1015 534 dignitas
1050 481 1339 532 Mardochaei,
1367 484 1433 533 10,
1452 484 1577 524 1—3.

201 557 264 599 10.
319 558 333 580 ¹
358 556 447 596 Rex
470 567 564 595 vero
587 554 785 594 Assuerus
809 566 971 594 omnem
994 558 1157 600 terram,
1183 556 1224 592 et
1247 557 1415 593 cunctas
1438 554 1559 594 maris
1582 554 1732 595 insulas
1754 556 1851 596 feeit
1874 556 2000 596 tribu·
2031 558 2177 602 S'Qwffl

96 616 238 656 tarias:
291 616 306 638 2
330 614 443 655 cuius
467 612 667 654 fortitudo
693 617 733 653 et
757 611 984 665 imperium,
1012 616 1052 651 et
1077 610 1253 664 dignitas
1279 615 1403 664 atque
1428 612 1668 659 sublimitas,
1697 627 1778 666 qua
1801 614 2002 655 exaltavit
2049 599 2065 616 a
2087 598 2158 623 κω

96 674 411 721 Mardochaeum,
446 672 598 725 scripta
628 676 725 712 sunt
756 671 797 711 in
828 670 939 711 libris
971 670 1195 715 Medorum,
1231 674 1355 722 atque
1387 670 1620 711 Persarum:
1680 674 1695 695 ³
1726 677 1767 712 et
1799 674 2002 725 quomodo

96 733 376 773 Mardochaeus
397 730 552 772 Iudaici
569 730 724 784 generis
744 729 944 770 secundus
964 742 987 769 a
1005 741 1095 777 rege
1114 728 1287 768 Assuero
1307 728 1447 768 fuerit:
1469 734 1509 769 et
1527 742 1698 782 magnus
1718 731 1827 783 apud
1848 731 2003 771 Iudaeos

97 797 138 832 et
171 790 431 844 acceptabilis
462 789 570 843 plebi
601 789 776 829 fratrum
808 800 985 832 suorum,
1021 800 1203 840 quaerens
1236 787 1343 828 bona
1373 787 1523 841 populo
1556 801 1639 837 suo,
1673 793 1715 829 et
1744 788 1912 842 loquens
1944 802 2001 838 ea,

98 863 187 904 quae
217 850 269 890 ad
297 862 439 903 pacem
470 848 631 889 seminis
662 848 723 888 sui
751 847 1012 901 pertinerent.

745 973 965 1026 PARS
1006 973 1367 1026 ALTERA.

232 1064 722 1131 Supplementa
761 1061 1391 1126 deuterocanonica,
1430 1061 1518 1126 10,
1546 1061 1745 1127 4ᾼ16,
1772 1061 1875 1114 24.

948 1160 952 1161 ⁷
982 1160 986 1161 ⁷
1019 1152 1087 1168 u„
1115 1159 1128 1160 r

729 1206 768 1245 1.
798 1205 917 1245 Finis
948 1205 1063 1255 libri,
1092 1205 1158 1255 10,
1179 1205 1382 1255 4—11‚1.

204 1280 300 1330 Quoe
318 1278 506 1319 habentur
524 1277 570 1318 in
588 1276 762 1325 Hebraeo,
785 1276 901 1327 plena
918 1276 1000 1327 felde
1018 1275 1206 1327 expressi.
1229 1275 1326 1315 Hcec
1345 1279 1484 1320 (cutem,
1506 1288 1591 1326 quoe
1612 1280 1835 1327 sequuntur,
1860 1276 2006 1327 scripta

98 1338 225 1391 repert
254 1338 300 1379 tn
330 1337 496 1378 edsttt'one
529 1336 692 1389 vulqata,
726 1349 812 1387 quoe
842 1334 1064 1375 Graeeorwn
1094 1334 1232 1386 linqua
1262 1339 1294 1373 et
1324 1333 1464 1373 Ztttert's
1495 1333 1754 1374 eontinentur:
1787 1339 1819 1374 et
1849 1334 2007 1375 interttn

98 1402 186 1450 post
217 1398 336 1449 finem
365 1396 456 1436 lz'brz:
484 1396 552 1436 hoc
581 1394 801 1446 capitutum
828 1393 1034 1444 serebatur:
1067 1392 1168 1445 quod
1196 1392 1308 1433 ‘t'uoetct
1337 1392 1658 1433 consuetudinem
1687 1397 1863 1433 nostram
1891 1393 2004 1441 obelo,

97 1456 140 1497 z'd
168 1461 223 1497 est
251 1469 342 1496 veru
371 1453 690 1506 memoravimus.

203 1529 217 1551 ⁴
247 1525 444 1578 Dixitque
474 1523 771 1565 Mardochaeus:
803 1523 838 1562 A
868 1523 954 1563 Deo
984 1523 1096 1563 facta
1124 1527 1221 1562 sunt
1250 1522 1339 1563 ista.
1398 1524 1413 1546 ⁵
1444 1522 1698 1562 Recordatus
1728 1535 1817 1562 sum
1847 1522 2003 1565 somnii.
2026 1523 2195 1582 xsss’¹ff¹1¹7³},¹¹,¹¹.

100 1586 210 1640 quod
227 1585 421 1631 videram,
442 1583 526 1623 haec
544 1583 686 1623 eadem
705 1581 988 1635 significantis:
1008 1594 1080 1622 nec
1098 1594 1237 1621 eorum
1257 1581 1482 1634 quidquam
1501 1580 1659 1621 irritum
1678 1580 1767 1621 fuit.
1818 1582 1832 1604 θ
1850 1581 2006 1622 Parvus
2025 1564 2201 1623 ὲὲᾞῖὶῑᾎὲξιῗέ,

98 1646 201 1691 fons,
223 1644 292 1698 qui
309 1643 437 1684 crevit
455 1642 495 1682 in
515 1642 699 1687 fluvium,
720 1647 761 1681 et
778 1641 819 1681 in
835 1640 978 1687 lucem,
999 1640 1206 1693 solemque
1224 1653 1441 1680 conversus
1459 1645 1531 1685 est,
1552 1645 1592 1680 et
1609 1640 1650 1679 in
1668 1653 1794 1693 aquas
1812 1639 2006 1693 plurimas

98 1703 364 1745 redundavit:
392 1701 541 1742 Esther
564 1706 636 1749 est,
666 1713 787 1754 quam
814 1713 884 1740 rex
909 1699 1066 1752 accepit
1091 1712 1270 1745 uxorem,
1298 1704 1339 1739 et
1364 1698 1494 1739 voluit
1519 1712 1602 1739 esse
1626 1699 1818 1751 reginam.
1874 1700 1888 1722 ⁷
1913 1699 2005 1739 Duo

99 1768 238 1804 autem
257 1763 469 1803 dracones:
490 1773 561 1813 ego
580 1773 682 1807 sum,
703 1764 744 1800 et
761 1759 907 1800 Aman.
957 1760 972 1782 ²³
990 1759 1152 1807 Gentes,
1175 1771 1265 1811 quae
1282 1763 1576 1798 convenerant:
1596 1757 1638 1798 hi
1655 1763 1762 1805 sunt,
1784 1757 1853 1811 qni
1871 1757 2007 1798 conati

99 1827 195 1863 sunt
224 1821 354 1862 delere
383 1833 532 1861 nomen
563 1819 805 1860 Iudaeorum.
867 1820 881 1842 ⁹
910 1818 1017 1859 Gens
1047 1823 1185 1858 autem
1215 1830 1323 1857 mea:
1358 1816 1479 1857 lsrael
1509 1821 1580 1863 est,
1614 1830 1703 1870 quae
1732 1816 1926 1857 clamavit
1956 1816 2007 1856 ad

98 1881 335 1927 Dominum,
363 1886 404 1920 et
429 1878 589 1920 salvum
614 1877 710 1918 fecit
734 1877 935 1918 Dominus
961 1876 1158 1930 populum
1184 1889 1321 1916 suum:
1348 1875 1619 1928 liberavitque
1644 1889 1716 1916 nos
1742 1876 1793 1915 ab
1819 1875 2006 1916 omnibus

99 1940 227 1988 malis,
259 1944 300 1980 et
327 1939 424 1980 fecit
452 1938 567 1991 signa
593 1950 744 1990 magna
772 1941 897 1989 atque
924 1941 1118 1989 portenta
1146 1935 1251 1975 inter
1278 1935 1448 1975 Gentes:
1506 1936 1541 1958 ¹⁰
1568 1940 1610 1974 et
1637 1935 1738 1975 duas
1767 1939 1894 1975 sortes
1923 1946 2007 1974 esse

99 1998 302 2053 praecepit,
330 2010 454 2038 unam
479 1995 626 2049 Populi
649 1996 737 2044 Dei,
764 2000 805 2035 et
830 1995 1000 2035 alteram
1026 2000 1267 2035 cunctarum
1291 1994 1497 2034 Gentium.
1552 1995 1582 2017 1¹
1608 1993 1810 2046 Venitque
1835 1997 2008 2045 utraque

99 2071 183 2100 sors
211 2058 252 2098 in
279 2062 487 2098 statutum
514 2068 564 2096 ex
591 2054 657 2095 illo
686 2054 767 2095 iam
797 2060 979 2107 tempore
1007 2053 1113 2094 diem
1142 2065 1278 2094 coram
1306 2053 1392 2093 Deo
1422 2051 1618 2092 universis
1645 2051 1852 2105 gentibus:
1909 2052 1940 2075 ¹2
1968 2056 2009 2091 et

99 2117 335 2158 recordatus
362 2121 423 2156 est
448 2114 650 2156 Dominus
676 2112 816 2167 populi
843 2112 916 2161 sui,
946 2126 991 2153 ac
1018 2112 1207 2152 misertus
1235 2116 1296 2151 est
1322 2111 1560 2151 hereditatis
1587 2124 1680 2151 suae.
1736 2112 1768 2135 ¹³
1794 2110 1849 2151 Et
1876 2110 2008 2151 obser-

100 2177 311 2217 vabuntur
345 2174 428 2216 dies
462 2173 530 2214 isti
564 2173 605 2214 in
640 2186 777 2213 mense
811 2172 924 2212 Adar
958 2170 1278 2225 quartadecima,
1317 2175 1358 2210 et
1393 2169 1698 2223 quintadecima
1731 2169 1795 2210 die
1829 2169 2009 2210 eiusdem

100 2235 260 2283 mensis,
288 2248 380 2275 cum
405 2233 516 2274 omni
539 2232 687 2279 studio,
715 2237 755 2272 et
778 2231 926 2284 gaudio
951 2231 993 2271 in
1017 2243 1145 2271 unum
1169 2235 1323 2270 coetum
1347 2228 1487 2282 populi
1511 2228 1754 2282 congregati,
1774 2228 1816 2268 in
1840 2232 2007 2269 cunctas

100 2295 288 2347 deinceps
313 2292 593 2347 generationes
619 2290 759 2345 populi
788 2289 920 2331 Israel.

205 2365 269 2408 11.
324 2366 338 2388 1
357 2364 476 2404 Anno
497 2366 644 2416 quarto
663 2360 928 2415 regnantibus
948 2359 1180 2408 Ptolemaeo,
1203 2363 1244 2399 et
1263 2358 1490 2412 Cleopatra,
1513 2357 1742 2398 attulerunt
1760 2356 2004 2404 Dosithaeus‚
2017 2359 2090 2419 ,1ῑῦῙῆ
2102 2359 2205 2384 Εῆὓθῑ

102 2424 171 2478 qui
186 2437 226 2465 se
243 2423 516 2470 Sacerdotem,
535 2426 576 2462 et
591 2420 763 2462 Levitici
777 2419 933 2473 generis
948 2419 1118 2467 ferebat,
1137 2423 1178 2459 et
1193 2417 1437 2458 Ptolemaeus
1453 2416 1557 2457 filius
1574 2417 1656 2457 eius
1672 2416 1778 2456 hanc
1793 2414 2007 2469 epistolam
2016 2402 2045 2419 ¹¹¹
2062 2395 2212 2455 fgiiffri'rium

100 2483 275 2537 phurim,
305 2494 429 2536 quam
456 2481 648 2522 dixerunt
672 2479 991 2532 interpretatum
1017 2491 1101 2518 esse
1127 2477 1418 2531 Lysimachum
1444 2475 1653 2517 Ptolemaei
1679 2474 1806 2515 filium
1832 2474 1873 2515 in
1900 2474 2008 2515 Ieru-

101 2542 238 2583 salem'
693 2598 732 2637 2.
763 2596 938 2637 mitium
970 2596 1085 2645 libri,
1113 2595 1180 2646 11,
1199 2595 1347 2645 2—12,
1367 2594 1427 2634 62.

208 2671 292 2712 Hoc
317 2683 464 2723 quoque
489 2668 737 2722 principium
762 2671 841 2708 erat
866 2667 912 2708 ‘tn
936 2666 1103 2707 editione
1126 2666 1293 2720 vulqata,
1321 2665 1423 2718 quod
1446 2679 1514 2706 nee
1538 2665 1584 2706 in
1608 2664 1782 2711 Hebraeo,
1810 2676 1878 2704 nec
1903 2661 2011 2714 apud

102 2730 228 2771 ¹ullum
252 2730 373 2782 fertur
398 2729 663 2781 interpretum.

207 2802 222 2824 2
248 2801 367 2841 Anno
395 2799 584 2847 secundo,
613 2802 808 2851 regnante
834 2797 1062 2837 Artaxerxe
1089 2795 1281 2843 maximo,
1311 2795 1444 2848 prima
1470 2794 1533 2834 die
1560 2792 1707 2834 mensis
1736 2792 1874 2839 Nisan,
1905 2790 2009 2832 vidit
2026 2791 2198 2851 ,ssfl‘ssssfflsslflgi

103 2859 306 2900 somnium
330 2858 609 2899 Mardochaeus
632 2856 737 2897 filius
764 2855 869 2903 lairi,
895 2854 965 2895 filii
989 2854 1132 2903 Semei,
1158 2854 1229 2895 filii
1252 2853 1327 2902 Cis,
1354 2854 1404 2894 de
1428 2853 1537 2893 tribu
1564 2851 1795 2892 Beniamin:
1847 2853 1862 2875 3
1885 2850 2006 2891 homo
2026 2842 2181 2890 *n‘a'rratun

106 2918 277 2967 Iudaeus,
299 2917 368 2971 qui
383 2917 603 2958 habitabat
618 2916 660 2956 in
675 2916 775 2956 urbe
791 2914 913 2963 Susis,
933 2914 995 2954 Vir
1011 2927 1194 2966 magnus,
1214 2918 1256 2954 et
1271 2913 1377 2953 inter
1393 2912 1544 2965 primos
1562 2910 1664 2951 aulae
1679 2910 1806 2963 regiae.
1852 2912 1867 2933 4
1887 2909 2010 2949 aErat

104 2982 242 3018 autem
263 2977 313 3017 de
334 2990 379 3017 eo
401 2988 568 3016 numero
591 2975 861 3028 captivorum,
886 2986 986 3027 quos
1008 2971 1276 3013 transtulerat
1297 2971 1675 3012 Nabuchodonosor
1694 2982 1765 3009 rex
1787 2967 2009 3021 Babylonis

104 3036 152 3076 de
183 3035 400 3077 Ierusalem
429 3048 521 3075 cum
551 3033 713 3075 Ieconia
739 3046 829 3086 rege
860 3032 980 3073 Iuda:
1035 3033 1051 3055 5
1079 3036 1119 3071 et
1146 3031 1222 3072 hoc
1250 3030 1333 3070 eius
1362 3029 1564 3070 somnium
1592 3027 1689 3068 fuit:
1718 3028 2009 3081 Apparuerunt

104 3108 234 3144 voces,
261 3100 302 3135 et
326 3093 540 3142 tumultus,
568 3097 609 3133 et
631 3092 827 3137 tonitrua,
854 3096 896 3132 et
919 3095 1186 3137 terraemotus,
1213 3095 1255 3130 et
1278 3087 1538 3130 conturbatio
1563 3099 1683 3140 super
1706 3091 1875 3126 terram:
1930 3086 1945 3108 ⁶
1969 3089 2009 3124 et

104 3166 194 3194 ecce
215 3154 295 3195 duo
318 3154 511 3194 dracones
532 3152 681 3205 magni,
704 3150 920 3204 paratique
942 3154 1086 3190 contra
1105 3162 1146 3189 se
1166 3148 1207 3188 in
1228 3147 1423 3201 praelium.
1476 3148 1489 3169 ⁷
1511 3146 1576 3186 Ad
1598 3158 1770 3199 quorum
1792 3144 2008 3184 clamorem

105 3218 262 3253 cunctae
283 3212 499 3254 concitatae
520 3216 616 3251 sunt
637 3210 835 3258 nationes,
860 3214 908 3249 ut
928 3212 1160 3261 pugnarent
1181 3212 1325 3248 contra
1344 3211 1507 3259 gentem
1530 3205 1742 3246 iustorum.
1796 3204 1810 3226 8
1832 3201 2008 3254 Fuitque

105 3271 189 3312 dics
220 3271 288 3312 illa
318 3271 580 3312 tenebrarum
611 3275 653 3311 et
683 3267 935 3313 discriminis,
970 3265 1246 3307 tribulationis
1278 3270 1319 3305 et
1351 3263 1558 3317 angustiae,
1593 3268 1634 3304 et
1665 3263 1803 3315 ingens
1835 3259 2006 3301 formido

105 3343 225 3383 super
253 3336 415 3371 terram.
475 3331 490 3353 ⁹
518 3328 856 3381 Conturbataque
884 3331 946 3367 est
972 3339 1070 3379 gens
1097 3325 1298 3365 iustorum
1327 3322 1561 3364 timentium
1590 3321 1700 3362 mala
1727 3333 1809 3362 sua
1841 3324 1881 3358 et
1909 3329 2006 3370 prae-

240 3445 291 3486 11,
316 3445 336 3477 4
361 3445 399 3477 ἢ2
426 3444 478 3488 Rg
503 3445 556 3484 24,
582 3444 638 3482 153
664 3442 735 3486 Sup
760 3443 791 3483 2,
816 3442 845 3475 6.
