2356 3760
113 128 142 166 4,
167 127 287 166 34-5,
314 128 355 160 10
874 129 1250 164 MACHAI-JAEORUM
1927 139 2001 180 937

215 222 248 243 34
281 220 397 261 [sude
428 220 633 261 Menelaus
665 221 858 261 accedens
890 222 941 262 ad
972 222 1261 269 Andronicum,
1295 225 1466 277 rogabat
1496 230 1543 265 ut
1573 226 1718 266 Oniam
1749 229 2000 273 interficeret.
2083 237 2131 261 1³8¹
2158 266 2162 270 .

112 277 303 326 Quicum
328 279 506 320 venisset
534 280 585 319 ad
608 279 767 326 Oniam,
801 284 841 319 et
871 279 977 320 datis
1009 281 1161 321 dextris
1192 295 1283 322 cum
1314 283 1570 325 iureiurando
1603 286 1804 337 (quamvis
1835 295 1938 329 esset
1968 289 2001 330 ei
2038 266 2176 325 ’ῃῖῗῖιᾞῃμ

112 340 339 389 suspectus)
363 338 554 378 suasisset
575 338 624 377 de
647 336 758 390 asylo
780 338 1007 390 procedere,
1032 340 1172 380 statim
1195 353 1286 380 enm
1309 342 1491 394 peremit,
1516 356 1595 383 non
1618 344 1770 383 veritus
1793 344 1999 388 iustitiam.
2040 336 2175 399 ‘'ri{}{1¹,¹,¹,¹,¹¹

111 396 143 419 ³⁵
173 394 236 435 Ob
268 408 390 448 quam
420 409 584 437 causam
614 408 695 435 non
725 394 854 435 solum
887 396 1023 445 Iudaei,
1056 398 1125 437 sed
1155 398 1242 439 aliae
1273 413 1433 452 quoque
1462 400 1645 441 nationes
1675 400 2002 454 indignabantur,
2049 406 2165 435 ⁰⁰⁰¹OEss

112 458 153 493 et
179 453 348 494 moleste
376 455 562 495 ferebant
589 454 638 494 de
665 466 761 493 nece
789 454 895 494 tanti
924 455 999 494 viri
1027 455 1189 497 iniusta.

215 530 251 552 3⁶
270 529 348 569 Sed
368 542 589 582 regressum
610 541 743 581 regem
764 529 812 569 de
833 529 978 570 Ciliciae
996 530 1092 571 locis
1113 531 1301 572 adierunt
1323 532 1446 573 Iudaei
1467 535 1575 585 apud
1595 535 1866 583 Antiochiam,
1888 536 2002 577 simul
2068 549 2141 585 &0³3

112 592 153 626 et
167 587 313 627 Graeci:
331 592 622 641 conquerentes
638 587 687 627 de
704 587 843 641 iniqua
857 601 954 628 nece
969 588 1094 630 Oniae.
1138 591 1172 613 3⁷
1189 590 1461 631 Contristatus
1478 592 1615 645 itaque.
1632 593 1765 634 animo
1780 594 2005 635 Antiochus
2018 577 2209 641 Milisiffifssinn

111 651 278 698 propter
308 646 467 693 Oniam,
501 650 542 686 et
573 645 700 685 flexus
733 647 784 686 ad
816 646 1144 693 misericordiam,
1178 647 1377 701 lacrymas
1410 649 1526 692 fudit.
1561 652 1793 691 recordatus
1825 653 2004 693 defuncti
2039 647 2180 675 ¹⁰¹‘'‘fi*'³¹’

111 704 386 746 sobrietatem.
417 710 458 745 et
484 703 739 744 modestiam.
795 706 831 729 3⁸
859 705 1116 758 accensisque
1144 706 1288 747 animis
1315 707 1592 753 Andronicum
1620 722 1796 761 purpura
1825 716 2005 758 exutum,

111 774 182 815 per
198 767 330 803 totam
348 763 557 803 civitatem
576 762 690 802 iubet
706 763 970 803 circumduci:
990 769 1029 804 et
1047 764 1086 804 in
1105 765 1245 805 eodem
1263 764 1361 809 loco,
1381 765 1421 805 in
1440 778 1518 817 quo
1536 765 1575 805 in
1593 766 1737 806 Oniam
1756 768 2007 820 impietatem

110 821 379 867 commiserat,
413 820 649 874 sacrilegum
680 820 767 861 vita
796 822 958 874 privari,
990 822 1167 863 Domino
1196 822 1251 862 illi
1282 823 1524 876 condignam
1554 824 1801 865 retribuente
1832 839 2005 878 poenam.

214 898 250 920 3⁹
272 895 411 936 Multis
436 900 573 935 autem
598 896 811 950 sacrilegiis
836 897 876 937 in
900 896 1052 951 templo
1078 911 1101 938 a
1124 898 1366 952 Lysimacho
1391 898 1612 939 commissis
1636 900 1805 940 Menelai
1830 901 2003 945 consilio,
2085 903 2133 926 Μ

110 959 151 995 et
181 954 394 1008 divulgata
424 954 545 996 fama.
580 960 823 1008 congregata
854 961 916 996 est
945 955 1168 997 multitudo
1200 957 1414 997 adversum
1447 957 1733 1010 Lysimachum
1766 958 1894 999 multo
1926 959 2005 999 iam
2031 937 2189 1011 ³¹1¹J‡,¹JJ¹,‡‡¹,¹¹¹

110 1026 208 1053 auro
231 1018 459 1066 exportato.
511 1014 547 1036 ⁴¹⁰
569 1013 712 1053 Turbis
736 1019 873 1054 autem
897 1014 1210 1067 insurgentibus.
1235 1020 1276 1055 et
1298 1015 1441 1055 animis
1464 1015 1520 1055 ira
1543 1015 1716 1069 repletis,
1742 1017 2006 1070 Lysimachus
2039 1008 2181 1066 ⁵²¹f‘}{,¹t¹‡{¹³²

110 1071 277 1112 armatis
297 1072 378 1112 fere
399 1071 528 1112 tribus
548 1071 724 1112 millibus
744 1072 891 1126 iniquis
912 1073 1099 1114 manibus
1119 1073 1179 1113 uti
1200 1073 1334 1127 coepit,
1357 1074 1458 1114 duce
1479 1074 1655 1126 quodam
1677 1080 1863 1128 tyranno,
1885 1081 2006 1116 aetate
2027 1079 2193 1101 accusatum

110 1130 272 1183 pariter,
305 1135 346 1170 et
374 1130 580 1170 dementia
609 1136 815 1183 provecto.
873 1133 903 1155 ⁴1
933 1131 1023 1179 Sed,
1055 1138 1102 1172 ut
1130 1131 1417 1172 intellexerunt
1446 1138 1638 1172 conatum
1669 1133 1909 1186 Lysimachi.
1942 1134 2008 1174 alii

109 1188 275 1241 lapides,
303 1187 369 1228 alii
395 1188 522 1229 fustes
548 1188 704 1229 validos
731 1189 951 1243 arripuere:
980 1189 1146 1243 quidam
1172 1203 1266 1231 vero
1292 1190 1465 1230 cinerem
1491 1189 1530 1229 in
1557 1190 1843 1243 Lysimachum
1869 1192 2004 1232 iecere.

109 1249 141 1271 ⁴2
170 1247 226 1287 Et
253 1246 373 1287 multi
403 1247 566 1300 quidem
596 1247 809 1291 vulnerati,
843 1248 1008 1301 quidam
1039 1254 1176 1289 autem
1206 1254 1247 1289 et
1275 1249 1480 1301 prostrati,
1512 1262 1648 1288 omnes
1678 1262 1771 1290 vero
1800 1250 1840 1289 in
1869 1251 2006 1303 fugam

109 1305 291 1346 conversi
325 1311 438 1346 sunt:
474 1305 606 1358 ipsum
640 1306 763 1346 etiam
797 1306 1033 1359 sacrilegum
1067 1319 1179 1347 secus
1213 1307 1397 1347 aerarium
1431 1306 1729 1348 interfecerunt.
1790 1310 1822 1331 43
1854 1308 1914 1347 De
1947 1308 2007 1347 his

110 1377 201 1417 ergo
231 1364 355 1417 coepit
383 1364 577 1404 iudicium
606 1365 799 1405 adversus
827 1364 1056 1404 Menelaum
1086 1365 1241 1417 agitari.

214 1441 246 1463 44
272 1440 327 1480 Et
353 1453 442 1480 cum
471 1440 647 1479 venisset
673 1452 743 1478 rex
770 1440 934 1492 Tyrum.
964 1440 1015 1480 ad
1042 1439 1173 1492 ipsum
1200 1439 1407 1493 negotium
1434 1440 1668 1480 detulerunt
1693 1440 1803 1481 missi
1829 1446 1907 1481 tres
1933 1441 2007 1481 viri
2030 1436 2193 1496 Cgissgfflffssgffl

110 1511 132 1538 a
154 1497 388 1539 senioribus
439 1500 470 1522 45
492 1498 546 1537 Et
568 1511 659 1538 cum
682 1502 941 1550 superaretur
961 1497 1178 1541 Menelaus,
1203 1497 1388 1551 promisit
1408 1498 1626 1539 Ptolemaeo
1648 1498 1797 1539 multas
1819 1500 2008 1552 pecunias
2072 1494 2076 1495 ⁷
2172 1491 2177 1500 ’

110 1557 205 1597 dare
236 1557 287 1597 ad
318 1557 573 1597 suadendum
603 1556 696 1609 regi.
756 1558 790 1580 ⁴⁶
823 1556 968 1609 Itaque
999 1556 1241 1597 Ptolemaeus
1272 1556 1312 1596 in
1344 1557 1522 1610 quodam
1553 1557 1655 1597 atrio
1686 1558 1864 1610 positum
1896 1558 2010 1611 quasi

110 1615 371 1668 refrigerandi
399 1615 531 1668 gratia
558 1627 691 1667 regem
721 1614 833 1659 adiit,
865 1620 906 1655 et
933 1615 1104 1655 deduxit
1133 1628 1156 1655 a
1183 1615 1403 1655 sententia:
1460 1617 1493 1639 47
1523 1620 1563 1656 et
1590 1615 1818 1656 Menelaum
1847 1616 2009 1669 quidem

110 1673 308 1713 universae
340 1673 506 1713 malitiae
539 1686 651 1713 reum
685 1672 919 1713 criminibus
953 1672 1147 1713 absolvit:
1183 1673 1346 1713 miseros
1380 1678 1529 1721 autem,
1566 1674 1646 1727 qui,
1681 1674 1803 1714 etiam
1837 1674 1868 1714 si
1901 1675 2011 1727 apud

110 1732 284 1786 Scythas
312 1745 477 1772 causam
504 1731 714 1775 dixissent,
744 1731 979 1771 innocentes
1007 1731 1293 1773 iudicarentur.
1323 1731 1395 1772 hos
1423 1737 1552 1772 morte
1580 1732 1804 1773 damnavit.
1860 1734 1894 1756 48
1922 1732 2010 1773 Cito

111 1803 203 1844 ergo
227 1789 421 1831 iniustam
445 1803 611 1843 poenam
635 1790 847 1834 dederunt,
876 1790 944 1843 qui
968 1803 1039 1843 pro
1065 1790 1232 1830 civitate
1256 1795 1296 1830 et
1319 1790 1481 1843 populo,
1508 1795 1549 1831 et
1572 1790 1692 1831 sacris
1717 1790 1822 1831 vasis
1847 1804 2010 1830 causam

111 1849 313 1902 prosecuti
339 1854 446 1890 sunt.
502 1850 537 1873 49
563 1849 695 1897 Quam
723 1849 774 1889 ob
800 1861 884 1888 rem
912 1848 1021 1901 Tyrii
1049 1861 1210 1901 quoque
1236 1848 1447 1898 indignati,
1477 1862 1569 1902 erga
1595 1848 1844 1901 sepulturam
1872 1861 2009 1889 eorum

110 1907 376 1949 liberalissimi
405 1908 642 1948 extiterunt.

214 1985 250 2006 ⁵0
266 1981 471 2022 Menelaus
488 1988 638 2024 autem.
656 1987 824 2035 propter
839 1994 989 2025 eorum,
1009 1983 1077 2035 qui
1094 1982 1133 2022 in
1150 1982 1333 2036 potentia
1352 1987 1478 2023 erant.
1498 1982 1725 2026 avaritiam.
1743 1982 2010 2036 permanebat
2065 1979 2112 2010 ‘¹¹³³
2133 1979 2160 2004 5¹¹

2059 2015 2166 2039 malitia

111 2041 147 2081 in
180 2045 397 2094 potestate.
430 2053 609 2081 crescens
639 2040 678 2080 in
708 2040 866 2080 malitia
895 2041 946 2081 ad
974 2040 1140 2082 insidias
1169 2041 1331 2081 civium.
2060 2050 2166 2075 crescit-

304 2155 342 2195 3.
373 2154 504 2195 lason
533 2154 741 2207 pontifex
771 2154 1012 2205 depositus
1042 2154 1085 2193 in
1117 2154 1239 2194 cives
1270 2154 1466 2194 crudelis
1497 2155 1581 2205 est,
1609 2154 1648 2205 5,
1667 2156 1817 2194 1—10.

214 2234 252 2276 5.
308 2235 318 2256 ¹
344 2232 499 2272 Eodem
522 2236 704 2284 tempore
725 2231 951 2272 Antiochus
973 2231 1191 2271 secundam
1214 2230 1506 2283 profectionem
1528 2230 1690 2283 paravit
1710 2230 1749 2270 in
1772 2231 2007 2284 AEgyptum.
2036 2229 2192 2294 Δξξέξῗζᾙζζ

109 2295 124 2317 2
144 2291 324 2345 Contigit
343 2296 481 2331 autem
500 2303 571 2344 per
590 2290 821 2331 universam
843 2290 1181 2343 lerosolymorum
1202 2289 1412 2329 civitatem
1433 2289 1558 2329 videri
1579 2288 1719 2329 diebus
1740 2290 2011 2342 quadraginta
2034 2289 2193 2324 dem—nante

112 2364 182 2404 per
213 2363 306 2391 aera
336 2348 492 2402 equites
523 2348 804 2397 discurrentes,
840 2353 1003 2389 auratas
1035 2347 1158 2389 stolas
1190 2347 1398 2393 habentes,
1425 2352 1463 2386 et
1495 2346 1633 2390 hastis,
1669 2346 1782 2399 quasi
1813 2347 2010 2391 cohortes.

112 2414 304 2457 armatos
355 2410 370 2432 ³
394 2413 434 2448 et
457 2420 595 2448 cursus
619 2420 816 2461 equorum
839 2420 910 2460 per
932 2406 1090 2448 ordines
1114 2405 1302 2459 digestos,
1328 2411 1367 2445 et
1391 2405 1687 2458 congressiones
1710 2405 1793 2445 fieri
1816 2406 2009 2451 cominus,

112 2472 153 2508 et
189 2472 397 2508 scutorum
436 2470 584 2509 motus.
625 2471 665 2506 et
702 2465 955 2519 galeatorum
993 2464 1300 2505 multitudinem
1337 2463 1479 2517 gladiis
1517 2462 1721 2506 districtis,
1761 2468 1800 2504 et
1838 2463 2010 2504 telorum

112 2527 254 2574 iactus,
289 2530 330 2565 et
361 2537 575 2565 aureorum
608 2537 813 2565 armorum
846 2523 1112 2577 splendorem,
1148 2522 1357 2575 omnisque
1389 2521 1542 2575 generis
1573 2521 1798 2563 loricarum.
1859 2524 1873 2545 4
1905 2522 2011 2570 Qua-

112 2590 278 2638 propter
307 2596 445 2625 omnes
474 2583 675 2637 rogabant
703 2583 744 2623 in
774 2583 926 2623 bonum
956 2587 1139 2623 monstra
1168 2580 1361 2622 converti.

215 2662 230 2684 ⁵
249 2659 329 2701 Sed
348 2672 440 2699 cum
459 2658 583 2699 falsus
603 2672 741 2699 rumor
759 2658 918 2702 exisset,
941 2663 1154 2710 tamquam
1174 2657 1262 2697 vita
1281 2656 1514 2696 excessisset
1531 2654 1768 2703 Antiochus,
1791 2655 2008 2708 assumptis
2037 2652 2189 2712 ress‘issssiissm

115 2719 234 2759 Iason
256 2731 338 2759 non
360 2717 493 2757 minus
516 2717 623 2757 mille
647 2717 753 2764 viris,
778 2722 944 2770 repente
967 2729 1175 2769 aggressus
1199 2720 1260 2755 est
1281 2714 1509 2755 civitatem:
1534 2718 1575 2753 et
1597 2712 1750 2753 civibus
1774 2713 1825 2753 ad
1847 2726 2008 2753 murum
2051 2724 2174 2781 ocqgijat

113 2775 425 2818 convolantibus
450 2776 502 2817 ad
526 2776 716 2816 ultimum
742 2775 995 2829 apprehensa
1018 2774 1197 2821 civitate,
1223 2773 1429 2814 Menelaus
1453 2771 1556 2825 fugit
1581 2771 1619 2811 in
1645 2784 1794 2811 arcem:
1849 2773 1864 2795 ⁶
1891 2771 2008 2812 Iason
2050 2763 2098 2787 ‘³¹¹¹
2121 2764 2175 2786 ‘¹¹¹'

113 2848 207 2876 vero
240 2848 320 2876 non
353 2834 547 2887 parcebat
580 2834 620 2875 in
653 2834 759 2875 caede
792 2833 948 2874 civibus
981 2832 1073 2876 suis.
1108 2846 1180 2873 nec
1212 2832 1419 2885 cogitabat
1451 2829 1763 2883 prosperitatem
1795 2830 2009 2870 adversum

113 2898 307 2947 cognatos
341 2893 496 2934 malum
531 2906 615 2933 esse
650 2892 889 2939 maximum,
927 2892 1128 2933 arbitrans
1165 2889 1343 2932 hostium
1379 2895 1419 2930 et
1454 2901 1533 2929 non
1569 2887 1718 2927 civium
1753 2900 1794 2927 se
1829 2888 2011 2940 trophaea

113 2958 341 3005 capturum.

219 3028 233 3050 ⁷
263 3026 320 3067 Et
348 3026 622 3079 principatum
654 3027 817 3081 quidem
847 3040 927 3067 non
959 3025 1150 3068 obtinuit.
1182 3024 1302 3064 finem
1333 3036 1427 3063 vero
1457 3022 1692 3062 insidiarum
1723 3034 1887 3062 suarum
1917 3020 2067 3062 eon—sed
2080 3020 2214 3051 ps0f¹¹ss⁰³

113 3085 312 3126 fusionem
330 3085 498 3138 accepit,
518 3090 557 3126 et
574 3086 768 3139 profugus
786 3086 934 3126 iterum
951 3084 1051 3124 abiit
1069 3084 1109 3123 in
1126 3082 1400 3123 Ammaniten.
1449 3082 1463 3104 Β
1480 3080 1543 3120 Ad
1560 3080 1762 3127 ultimum,
1782 3079 1821 3119 in
1839 3079 2009 3120 exitium
2049 3062 2175 3115 nffi‘tifr.

113 3144 174 3184 sui
198 3143 409 3184 conclusus
434 3144 485 3184 ab
508 3144 636 3185 Areta
657 3145 841 3185 Arabum
866 3149 1042 3197 tyranno
1066 3142 1222 3195 fugiens
1247 3141 1296 3181 de
1320 3139 1486 3180 civitate
1510 3138 1549 3178 in
1575 3138 1796 3184 civitatem,
1824 3137 2010 3178 omnibus

114 3202 287 3248 odiosus,
317 3207 364 3242 ut
390 3201 531 3255 refuga
556 3202 690 3255 legum
718 3208 760 3243 et
786 3201 1032 3245 execrabilis.
1063 3206 1109 3241 ut
1136 3199 1278 3253 patriae
1305 3203 1346 3238 et
1372 3197 1521 3238 civium
1549 3196 1688 3239 hostis.
1717 3196 1757 3236 in
1786 3196 2009 3249 AEgyptum

113 3266 301 3301 extrusus
321 3266 400 3301 est:
451 3262 467 3284 ⁹
486 3266 528 3301 et
547 3261 615 3314 qui
635 3261 786 3302 multos
806 3262 855 3302 de
875 3260 1010 3314 patria
1029 3272 1099 3299 sua
1122 3257 1343 3311 expulerat,
1366 3268 1528 3309 peregre
1547 3255 1678 3308 periit,
1701 3254 2010 3294 Lacedaemonas

113 3318 331 3372 profectus,
355 3319 469 3372 quasi
489 3332 562 3372 pro
582 3319 824 3373 cognatione
843 3319 899 3360 ibi
917 3317 1118 3371 refugium
1138 3316 1369 3356 habiturus:
1418 3316 1453 3338 1⁰
1472 3319 1513 3354 et
1533 3313 1601 3367 qui
1620 3312 1842 3365 insepultos
1862 3310 2009 3373 multos

113 3377 327 3426 abiecerat,
358 3377 442 3431 ipse
470 3383 511 3418 et
538 3377 829 3425 illamentatus,
860 3382 901 3418 et
928 3375 1153 3429 insepultus
1182 3373 1380 3419 abiicitur,
1411 3371 1620 3425 sepultura
1647 3384 1776 3424 neque
1804 3379 2010 3422 peregrina

112 3448 220 3479 usus,
252 3449 382 3489 neque
411 3436 544 3489 patrio
574 3436 785 3489 sepulchro
815 3435 1076 3489 participans.
