2356 3760
84 455 208 480 divitem

98 495 193 517 vocat.

63 982 96 1006 de
119 982 228 1005 «mitiis

60 1023 85 1041 et
111 1024 229 1047 pauper-

54 1057 115 1076 mr·—
137 1052 235 1076 volun-

55 1093 128 1112 taria
145 1088 234 1119 lnqui-

119 1127 174 1148 tur.

63 1685 230 1716 [ιαιιιῑιοΙὸιιι

75 1728 215 1751 4ιρ9ιιπι-ι-

114 1764 176 1781 rum

74 1794 217 1823 proponit.

256 243 331 284 972
1049 239 1362 274 EVANGELIUM
1876 242 1928 283 19,
1955 243 2098 282 15—20.
2123 243 2165 276 22

253 336 305 376 ad
325 349 389 376 mc
411 336 565 377 venire:
589 335 733 377 talium
755 341 815 376 est
836 334 943 375 enim
965 346 1133 386 regnum
1154 330 1357 373 caelorum.
1408 334 1439 358 ¹⁵
1458 333 1515 374 Et
1535 346 1627 374 cum
1647 333 1907 387 imposuisset
1928 336 1982 377 eis
2002 349 2162 383 manus

252 394 353 436 abiit
383 395 487 436 inde.

358 455 393 478 1⁶
418 454 493 495 aEt
515 467 604 495 ecce
627 467 729 494 unus
752 451 958 493 accedens.
983 450 1040 490 ait
1062 448 1135 490 illi:
1159 450 1353 503 Magister
1374 450 1489 494 bone.
1515 451 1613 505 quid
1635 451 1731 492 boni
1751 451 1901 493 faciam
1923 458 1969 494 ut
1990 453 2165 495 habeam

254 512 383 554 vitam
410 513 628 554 aeternam?
684 513 716 536 ¹⁷
743 510 820 559 Qui
846 509 951 550 dixit
977 509 1029 548 ei:
1058 508 1165 557 Quid
1190 521 1255 550 me
1279 509 1503 563 interrogas
1530 510 1579 551 de
1605 509 1737 552 bono?
1791 510 1907 552 Unus
1933 518 1995 553 est
2019 512 2162 556 bonus.

251 571 374 613 Deus.
406 572 446 613 Si
477 581 614 612 autem
644 570 704 609 vis
734 569 786 609 ad
816 568 946 608 vitam
975 567 1141 620 ingredi.
1173 580 1292 609 serva
1320 569 1529 610 mandata.
1589 570 1622 593 ¹⁸
1650 569 1763 610 Dicit
1790 567 1865 610 illi:
1898 570 2020 619 Quae?
2053 571 2164 613 Iesus

253 639 390 671 autem
420 631 541 671 dixit:
576 629 686 669 bNon
715 626 979 668 homicidium
1007 626 1148 667 facies:
1179 627 1269 668 Non
1299 625 1567 668 adulterabis:
1598 628 1690 669 Non
1716 627 1838 669 facies
1866 629 2042 670 furtum:
2073 630 2165 672 Non

254 688 400 730 falsum
418 687 697 730 testimonium
713 686 838 727 dices:
873 687 907 710 19
924 685 1092 726 Honora
1107 693 1266 739 patrem
1283 692 1414 727 tuum.
1429 692 1470 726 et
1484 693 1659 728 matrem
1675 694 1803 730 tuam.
1818 696 1859 728 et.
1876 686 2015 741 diliges
2031 690 2165 742 proxi-

254 762 364 788 mum
386 756 501 788 tuum
521 747 625 787 sicut
643 745 832 798 teipsum.
880 746 915 768 ²⁰
932 744 1043 785 Dicit
1063 742 1119 785 illi
1138 743 1389 785 adolescens:
1415 745 1565 785 Omnia
1581 745 1667 787 haec
1685 746 1888 787 custodivi
1910 760 1934 787 a
1949 747 2165 789 iuventute

253 820 353 848 mea.
378 806 475 859 quid
495 805 627 846 adhuc
649 804 746 844 mihi
767 803 904 844 deest?
953 805 984 828 21
997 803 1066 844 Ait
1087 801 1142 843 illi
1165 803 1294 844 Iesus:
1317 803 1358 844 Si
1375 803 1436 844 vis
1454 803 1657 857 perfectus
1678 818 1773 848 esse.
1790 806 1906 849 vade.
1929 807 2060 848 vende
2076 820 2166 861 quae

254 866 389 907 habes.
405 874 444 905 et
457 865 508 905 da
521 863 780 917 pauperibus,
794 869 835 903 et
850 862 1018 903 habebis
1034 863 1273 903 thesaurum
1287 862 1329 902 in
1343 861 1458 904 caelo:
1475 868 1515 903 et
1530 863 1635 906 veni.
1650 877 1816 918 sequere
1830 878 1906 906 me.
1934 867 1966 889 22
1978 865 2079 907 Cum
2096 879 2165 907 au-

253 924 376 965 disset
397 932 532 964 autem
554 920 785 963 adolescens
804 921 988 963 verbum.
1010 921 1110 961 abiit
1129 921 1276 962 tristis:
1301 929 1388 962 erat
1407 921 1514 962 enim
1534 921 1688 963 habens
1708 922 1860 965 multas
1880 924 2163 977 possessiones

356 984 387 1007 2³
408 983 516 1023 Iesus
536 989 675 1022 autem
692 980 797 1022 dixit
815 978 1021 1034 discipulis
1040 980 1139 1021 suis:
1159 980 1291 1021 Amen
1309 980 1397 1022 dico
1417 981 1544 1024 vobis.
1566 981 1663 1035 quia
1680 981 1792 1023 dives
1810 981 1973 1024 difficile
1991 983 2165 1025 intrabit

253 1042 290 1082 in
318 1055 484 1088 regnum
513 1038 714 1081 caelorum.
767 1042 798 1064 ²⁴
825 1039 879 1080 Et
907 1039 1055 1080 iterum
1083 1039 1172 1080 dico
1200 1039 1335 1080 vobis:
1364 1038 1539 1081 Facilius
1567 1047 1628 1081 est
1655 1039 1855 1082 camelum
1882 1055 1954 1096 per
1979 1042 2165 1084 foramen

251 1115 344 1142 acus
366 1100 546 1141 transire.
568 1112 693 1154 quam
712 1099 883 1140 divitem
904 1099 1056 1139 intrare
1073 1099 1115 1139 in
1134 1112 1307 1153 regnum
1325 1097 1528 1140 caelorum.
1567 1101 1598 1124 ²⁵
1616 1099 1780 1141 Auditis
1799 1107 1938 1142 autem
1959 1101 2033 1152 his,
2049 1102 2165 1144 disci-

253 1158 335 1213 puli
354 1160 611 1200 mirabantur
633 1157 766 1201 valde.
788 1158 989 1199 dicentes:
1015 1158 1113 1207 Quis
1134 1171 1226 1212 ergo
1247 1158 1402 1212 poterit
1425 1156 1561 1200 salvus
1584 1159 1692 1200 esse?
1739 1161 1773 1184 2⁶
1796 1160 2006 1213 Aspiciens
2028 1167 2166 1202 autem

257 1219 374 1260 Iesus.
410 1218 513 1258 dixit
546 1215 639 1257 illis:
676 1217 799 1270 Apud
831 1216 1014 1258 homines
1047 1217 1122 1258 hoc
1154 1215 1402 1270 impossibile
1434 1224 1513 1257 est:
1548 1217 1659 1271 apud
1690 1218 1824 1259 Deum
1857 1225 1996 1260 autem
2028 1220 2167 1261 omnia

251 1275 459 1330 possibilia
486 1285 594 1317 sunt.
643 1278 676 1300 '2⁷
700 1276 813 1316 Tunc
840 1275 1088 1329 respondens
1112 1276 1270 1319 Petrus.
1301 1276 1406 1317 dixit
1434 1276 1487 1316 ei:
1516 1276 1622 1317 Ecce
1649 1289 1722 1318 nos
1748 1275 1986 1331 reliquimus
2014 1279 2163 1323 omnia,

251 1346 290 1377 ct
310 1336 437 1377 secuti
456 1349 594 1376 sumus
614 1342 672 1377 te:
699 1335 797 1389 quid
816 1348 907 1389 ergo
926 1335 1001 1376 erit
1019 1334 1160 1376 nobis?
1196 1336 1231 1359 ‘2⁸
1251 1335 1362 1375 Iesus
1381 1342 1521 1376 autem
1539 1335 1644 1376 dixit
1662 1334 1757 1376 illis:
1777 1337 1908 1377 Amen
1927 1337 2016 1379 dico
2035 1338 2164 1382 vobis.

251 1395 360 1448 quod
377 1408 460 1438 vos,
476 1395 544 1449 qui
560 1395 688 1436 secuti
702 1394 796 1435 estis
816 1408 892 1437 me.
906 1394 948 1434 in
967 1394 1271 1448 regeneratione
1287 1407 1380 1435 cum
1394 1394 1543 1435 sederit
1556 1393 1661 1435 filius
1680 1395 1855 1436 hominis
1870 1395 1911 1435 in
1931 1396 2024 1437 sede
2043 1397 2165 1438 maie-

250 1454 369 1495 statis
388 1467 481 1496 suae.
504 1454 695 1495 sedebitis
715 1461 755 1494 et
776 1467 848 1495 vos
870 1466 990 1507 super
1008 1453 1122 1494 sedes
1141 1453 1369 1496 duodecim.
1392 1453 1620 1494 iudicantes
1641 1454 1856 1495 duodecim
1876 1455 2008 1496 tribus
2029 1454 2165 1497 Israel.

251 1515 286 1537 “-9
304 1513 358 1554 Et
379 1514 520 1556 omnis.
543 1513 611 1567 qui
629 1511 836 1566 reliquerit
855 1513 1036 1556 domum
1052 1511 1117 1553 vel
1132 1512 1289 1554 fratres
1311 1518 1383 1553 aut
1406 1525 1572 1554 sorores.
1596 1519 1668 1554 aut
1691 1520 1862 1566 patrem
1886 1520 1959 1555 aut
1977 1519 2165 1563 matrem,

252 1578 323 1613 aut
344 1586 524 1616 uxorem
548 1581 619 1613 aut
639 1570 752 1615 filios.
769 1579 841 1613 aut
862 1585 976 1619 agros
997 1577 1164 1625 propter
1183 1585 1332 1613 nomen
1351 1585 1500 1615 meum
1515 1570 1754 1637 centuplum
1773 1572 1955 1626 accipiet
1978 1578 2019 1614 et
2035 1573 2168 1615 vitam

251 1637 447 1672 aeternam
479 1632 716 1685 possidebit
772 1633 809 1655 3⁰
838 1629 973 1671 cMulti
1003 1638 1142 1672 autem
1173 1639 1292 1671 erunt
1321 1631 1441 1684 primi
1470 1631 1692 1674 novissimi
1725 1638 1766 1672 et
1794 1631 2004 1673 novissimi
2034 1632 2165 1686 primi.

356 1690 489 1734 20.1
520 1689 656 1731 Simile
682 1704 720 1731 es
726 1699 742 1731 t
766 1703 934 1744 regnum
959 1688 1148 1730 caelorum
1172 1689 1328 1730 homini
1351 1687 1649 1742 patrifamilias
1678 1690 1746 1743 qui
1770 1691 1868 1731 exiit
1892 1691 2023 1744 primo
2047 1705 2168 1733 mane

252 1750 475 1791 conducere
506 1750 707 1803 operarios
738 1749 779 1789 in
808 1749 971 1789 vineam
1001 1761 1129 1789 suam.
1188 1750 1202 1772 ’-
1232 1748 1512 1790 Conventione
1543 1754 1681 1789 autem
1711 1748 1824 1790 facta
1852 1763 1945 1790 cum
1976 1751 2167 1803 operariis

251 1822 300 1849 ex
325 1809 491 1850 denario
516 1809 673 1852 diurno.
700 1808 810 1849 misit
836 1821 902 1849 eos
926 1808 968 1848 in
993 1807 1157 1848 vineam
1181 1820 1310 1848 suam.
1363 1810 1379 1832 3
1402 1807 1458 1848 Et
1483 1820 1664 1861 egressus
1689 1808 1795 1849 circa
1817 1808 1961 1849 horam
1987 1809 2165 1854 tertia-m,

252 1868 355 1909 vidit
382 1867 479 1909 alios
505 1875 662 1909 stantes
687 1867 728 1908 in
754 1867 840 1909 foro
868 1867 1029 1909 otiosos.
1084 1868 1099 1891 4
1124 1872 1165 1908 et
1190 1866 1296 1907 dixit
1319 1865 1415 1907 illis:
1444 1867 1506 1907 Ite
1532 1874 1572 1907 et
1597 1880 1669 1908 vos
1694 1866 1736 1907 in
1762 1867 1926 1908 vineam
1950 1880 2097 1911 meam.
2126 1873 2168 1909 et

252 1928 362 1981 quod
390 1928 544 1968 iustum
573 1927 694 1968 fuerit
723 1927 830 1968 dabo
859 1926 987 1968 vobis.
1044 1928 1058 1950 ⁵
1089 1924 1152 1966 Illi
1180 1933 1319 1967 autem
1348 1926 1549 1967 abierunt.
1583 1925 1738 1966 Iterum
1767 1933 1907 1967 autem
1935 1926 2034 1968 exiit
2063 1927 2169 1968 circa

251 1995 423 2029 sextam.
459 1995 499 2027 et
530 1999 682 2028 nonam
714 1986 875 2027 horam:
909 1991 949 2026 et
981 1985 1077 2026 fecit
1110 1983 1305 2026 similiter.
1369 1986 1385 2009 ⁶
1416 1985 1531 2026 Circa
1562 1984 1821 2026 undecimam
1854 1998 1949 2027 vero
1982 1985 2093 2028 exiit.
2127 1992 2169 2027 et

251 2045 411 2087 invenit.
438 2044 536 2087 alios
565 2052 734 2090 stantes.
767 2052 807 2086 et
837 2045 935 2086 dicit
963 2043 1057 2085 illis:
1090 2044 1197 2093 Quid
1226 2044 1289 2085 hic
1319 2044 1438 2085 statis
1468 2049 1559 2086 tota
1588 2044 1652 2085 die
1682 2044 1825 2086 otiosi?
1885 2046 1898 2068 ⁷
1928 2044 2084 2086 Dicunt
2113 2044 2166 2086 ei:

253 2105 358 2153 Quia
376 2118 495 2147 nemo
515 2118 587 2146 nos
608 2105 817 2146 conduxit.
840 2104 949 2145 Dicit
969 2102 1063 2144 illis:
1088 2104 1149 2145 Ite
1169 2109 1209 2144 et
1229 2117 1301 2145 vos
1322 2104 1362 2144 in
1382 2103 1548 2144 vineam
1567 2116 1714 2145 meam.
1765 2105 1779 2128 9
1799 2103 1901 2145 Cum
1920 2117 2007 2145 sero
2028 2110 2168 2145 autem

252 2164 409 2205 factum
438 2170 552 2206 esset.
584 2164 682 2205 dicit
710 2164 898 2205 dominus
927 2163 1055 2204 vineae
1083 2162 1337 2216 procuratori
1365 2175 1455 2204 suo:
1486 2162 1598 2204 Voca
1626 2163 1841 2216 operarios.
1872 2168 1912 2204 et
1939 2163 2063 2204 redde
2090 2161 2167 2204 illis

253 2223 479 2264 mercedem
502 2223 696 2276 incipiens
721 2236 744 2263 a
765 2222 994 2264 novissimis
1019 2235 1146 2275 usque
1170 2222 1222 2262 ad
1243 2222 1407 2275 primos.
1462 2223 1476 2245 9
1499 2222 1601 2262 Cum
1624 2222 1831 2263 venissent
1855 2235 1947 2276 ergo
1972 2222 2041 2277 qui
2063 2222 2170 2263 circa

253 2282 511 2323 undecimam
544 2282 686 2323 horam
718 2288 927 2324 venerant.
963 2286 1208 2334 acceperunt
1240 2278 1417 2334 singulos
1450 2280 1648 2321 denarios.
1711 2283 1747 2305 1⁰
1777 2281 1996 2323 Venientes
2028 2287 2169 2323 autem

254 2349 295 2383 et,
320 2342 450 2395 primi.
480 2341 669 2382 arbitrati
695 2348 790 2381 sunt
818 2340 927 2394 quod
952 2338 1042 2393 plus
1069 2346 1202 2380 essent
1229 2339 1454 2393 accepturi:
1483 2346 1729 2393 acceperunt
1755 2347 1895 2381 autem
1921 2346 1963 2382 et
1986 2340 2064 2394 ipsi
2088 2340 2168 2382 sin-

252 2399 366 2455 gulos
388 2400 584 2441 denarios.
635 2402 665 2424 11
686 2399 742 2440 Et
763 2400 1005 2453 accipientes
1026 2399 1343 2439 murmurabant
1364 2398 1558 2439 adversus
1578 2397 1930 2452 patremfamilias,
1981 2402 2012 2424 ¹²
2033 2399 2168 2440 dicen-

253 2466 332 2501 tes:
366 2459 419 2500 Hi
449 2459 658 2501 novissimi
689 2472 770 2499 una
799 2459 898 2500 hora
927 2458 1122 2500 fecerunt.
1155 2464 1195 2498 et
1224 2470 1341 2511 pares
1372 2455 1458 2499 illos
1489 2457 1606 2498 nobis
1635 2457 1778 2501 fecisti.
1812 2458 1882 2512 qui
1910 2458 2168 2512 portavimus

254 2519 413 2573 pondus
443 2518 532 2562 diei.
566 2524 606 2559 et
635 2524 768 2559 aestus.
827 2520 859 2543 19
887 2517 943 2559 At
972 2515 1036 2558 ille
1065 2517 1314 2571 respondens
1344 2516 1414 2557 uni
1443 2529 1595 2565 eorum,
1628 2516 1751 2558 dixit:
1783 2517 1923 2558 Amice
1952 2530 2034 2558 non
2063 2517 2168 2559 facio

254 2579 328 2619 tibi
358 2578 565 2618 iniuriam:
596 2590 730 2619 nonne
761 2590 810 2618 ex
839 2576 1003 2618 denario
1034 2576 1261 2618 convenisti
1290 2575 1475 2617 mecum?
1533 2577 1565 2600 1⁴
1594 2573 1705 2617 Tolle
1735 2576 1846 2630 quod
1874 2583 1994 2617 tuum
2023 2582 2096 2621 est,
2128 2581 2170 2617 et

254 2637 376 2678 vade:
401 2635 493 2678 volo
518 2643 656 2678 autem
680 2644 720 2677 et
742 2636 836 2677 huic
858 2635 1078 2677 novissimo
1102 2635 1198 2676 dare
1221 2635 1325 2676 sicut
1349 2642 1389 2676 et
1412 2634 1498 2676 tibi.
1551 2636 1582 2659 15
1605 2635 1691 2676 Aut
1713 2648 1795 2677 non
1816 2633 1911 2676 licet
1933 2635 2034 2676 mihi
2057 2635 2168 2690 quod

256 2695 358 2738 volo.
376 2696 531 2737 facere?
549 2709 600 2736 an
617 2693 755 2737 oculus
771 2702 865 2736 tuus
881 2708 1059 2749 nequam
1074 2700 1147 2743 est,
1166 2694 1262 2748 quia
1276 2707 1348 2748 ego
1365 2694 1495 2735 bonus
1510 2693 1625 2735 sum?
1669 2695 1704 2718 1⁶
1721 2694 1807 2736 <1510
1822 2700 1943 2736 erunt
1955 2694 2167 2736 novissimi

255 2756 384 2808 primi.
416 2762 455 2796 et
484 2755 603 2808 primi
632 2754 853 2796 novissimi.
884 2752 1003 2795 multi
1032 2754 1139 2795 enim
1168 2760 1264 2794 sunt
1292 2753 1441 2796 Vocati.
1472 2753 1593 2807 pauci
1621 2766 1716 2795 vero
1746 2752 1874 2795 electi.

256 2873 348 2923 IV.
387 2873 474 2924 Ab
507 2873 721 2924 itinere
754 2871 962 2923 ultimo
996 2887 1182 2937 usque
1219 2871 1292 2922 ad
1328 2871 1675 2937 passionem,
1714 2871 1801 2931 20,
1835 2871 2051 2933 17——25‚
2079 2871 2168 2923 46.

688 2964 727 3003 1.
758 2962 972 3004 Ultimum
1002 2963 1088 3003 iter
1117 2963 1161 3002 in
1192 2962 1454 3014 Ierusalem,
1483 2964 1550 3014 20,
1569 2963 1742 3004 17—34.

362 3035 394 3057 ¹⁷
430 3034 501 3075 “Et
531 3034 749 3075 ascendens
782 3034 891 3075 Iesus
923 3031 1227 3087 lerosolymam.
1259 3034 1480 3087 assumpsit
1509 3033 1724 3075 duodecim
1753 3031 1970 3086 discipulos
1999 3039 2165 3081 secreto,

132 3115 167 3130 w
189 3080 241 3130 ,.{¹.‘.'
262 3099 298 3131 et
323 3092 377 3131 ait
400 3090 491 3132 illis:
542 3095 574 3117 ¹*
596 3093 699 3134 Ecce
721 3093 976 3134 ascendimus
1000 3091 1304 3147 lerosolymam.
1328 3098 1369 3134 et
1388 3091 1494 3134 filius
1515 3092 1690 3134 hominis
1711 3092 1899 3133 tradetur
1917 3092 2169 3146 principibus

64 3150 148 3207 ''[',L,¹{
164 3150 243 3202 Tf.¹s‚‘j'¹‘
261 3150 526 3193 sacerdotum.
554 3161 593 3192 et
617 3152 775 3194 Scribis.
803 3160 843 3193 et
866 3152 1202 3193 condemnabunt
1226 3166 1318 3193 eum
1342 3158 1486 3197 morte.
1539 3153 1574 3177 19
1597 3157 1639 3193 et
1662 3151 1828 3192 tradent
1852 3164 1944 3192 eum
1967 3151 2169 3193 Gentibus

55 3270 254 3293 111l11:

78 3312 102 3335 ιι.
153 3309 234 3329 arinis

261 3209 312 3249 ‘id
340 3206 601 3252 illudendum.
632 3218 671 3251 ct
699 3209 998 3265 flagellandum.
1029 3217 1069 3252 et
1096 3211 1425 3265 crucifigendum,
1456 3216 1497 3252 et
1524 3211 1647 3252 tertia
1673 3211 1737 3251 die
1764 3216 1956 3264 resurget.

365 3270 400 3291 '³⁴'
439 3267 561 3307 fTunc
592 3271 757 3311 accessit
787 3271 839 3311 ad
866 3284 959 3311 eum
987 3277 1120 3311 mater
1147 3268 1321 3311 filiorum
1350 3270 1534 3311 Zebedaei
1563 3283 1655 3311 cum
1683 3267 1773 3310 filiis
1802 3269 1894 3313 suis,
1926 3269 2100 3310 adorans
2129 3274 2171 3310 et

111 3345 118 3360 r
163 3341 182 3363 τι
200 3348 213 3362 »ι
231 3354 239 3358 «
263 3335 402 3378 petens
426 3325 578 3379 aliquid
601 3328 651 3367 ab
675 3342 730 3369 co.
783 3331 813 3353 '2¹
838 3329 914 3378 Qui
938 3329 1042 3370 dixit
1066 3329 1118 3369 ei:
1144 3329 1250 3377 Quid
1273 3329 1358 3369 vis?
1382 3329 1453 3370 Ait
1474 3327 1548 3370 illi:
1573 3329 1649 3369 Dic
1672 3334 1720 3369 ut
1740 3328 1911 3369 sedeant
1932 3327 1973 3368 hi
1996 3328 2076 3369 duo
2100 3327 2171 3368 filii

71 3376 236 3405 svm-mgni&

262 3384 350 3426 mei.
381 3398 482 3424 unus
510 3385 561 3425 ad
588 3386 797 3428 dexteram
825 3394 951 3430 tuam.
980 3395 1021 3429 et
1047 3401 1150 3428 unus
1178 3388 1230 3429 ad
1256 3388 1462 3429 sinistram
1490 3388 1529 3428 in
1555 3401 1677 3441 regno
1706 3394 1788 3428 tuo.
1844 3389 1876 3411 ²²
1904 3387 2170 3440 Respondens

262 3450 399 3484 autem
432 3444 551 3486 lesus
580 3444 701 3484 dixit:
733 3446 901 3487 Nescitis
930 3447 1028 3500 quid
1053 3447 1216 3501 petatis.
1246 3447 1422 3488 Potestis
1450 3447 1586 3488 bibere
1613 3444 1790 3494 calicem,
1824 3458 1945 3499 quem
1971 3459 2043 3499 ego
2070 3446 2171 3487 bibi-

398 3549 465 3580 16
463 3548 532 3580 Mc
562 3551 610 3582 1⁴)
639 3549 676 3580 17
687 3561 692 3582 ;
721 3549 764 3581 Lc
792 3552 842 3583 13.
870 3554 918 3584 13.
946 3572 986 3574 ῳ
1014 3552 1053 3585 18
1078 3551 1151 3584 bEx
1177 3551 1229 3585 20.
1257 3551 1306 3584 13.
1335 3573 1375 3575 —
1401 3552 1442 3585 30
1470 3552 1543 3585 cius
1567 3552 1620 3586 20,
1646 3551 1702 3586 16:
1729 3551 1782 3584 Mc
1808 3549 1859 3584 10.
1885 3550 1942 3584 31:
1970 3550 2015 3583 Lc
2041 3550 2092 3589 13,
2118 3550 2170 3584 30.

261 3615 302 3618 ἥ
328 3594 380 3635 20,
408 3597 446 3628 16
464 3595 554 3639 ds'up
581 3597 630 3628 15⁴.
655 3596 711 3629 3⁴⁷³:
740 3596 791 3628 ,ue
819 3599 866 3635 11),
891 3598 947 3631 31:
977 3598 1019 3631 Lc
1045 3599 1095 3637 13,
1120 3600 1171 3631 3⁴).
1200 3620 1239 3622 ff
1266 3600 1304 3632 17
1333 3599 1402 3632 eMc
1427 3599 1479 3637 10,
1503 3600 1560 3633 32:
1588 3599 1633 3632 Lc
1658 3599 1709 3632 18.
1734 3598 1785 3631 31.
1814 3618 1854 3621 —
1880 3598 1921 3630 20
1951 3598 2018 3631 {Mc
2040 3597 2092 3634 10,
2119 3598 2170 3631 35.
