2356 3760
166 124 198 162 o,
225 122 341 162 ὅσω,
368 122 409 155 18
806 121 869 154 AD
895 120 1182 155 CORINTHIOS
1208 120 1425 155 SECUNDA
1964 124 2065 165 1129

273 217 288 239 ⁶
311 215 399 256 Hoc
422 220 560 256 autem
583 214 689 255 dico:
714 213 792 262 Qui
812 227 931 266 parce
954 214 1139 263 seminat,
1163 226 1282 267 parce
1305 218 1346 254 et
1365 218 1511 254 metet:
1535 216 1577 253 et
1599 213 1666 266 qui
1688 214 1862 256 seminat
1882 216 1922 255 in
1946 215 2261 276 bene—'‘g'gfllssi‘lfflg

166 273 424 323 dictionibus,
450 274 498 314 de
520 272 870 314 benedictionibus
892 276 1093 313 etmetet.
1147 274 1160 295 ⁷
1186 271 1473 326 Unusquisque
1494 277 1618 324 prout
1639 272 1862 314 destinavit
1882 274 1923 314 in
1946 275 2065 315 corde
2092 270 2094 273 ’
2226 267 2229 273 ’
2263 270 2269 277 ’

166 346 251 381 suo,
282 345 362 373 non
391 346 439 373 ex
468 331 646 381 tristitia,
676 335 748 371 aut
775 343 824 370 ex
851 331 1109 371 necessitate:
1144 331 1331 372 ahilarem
1359 330 1464 371 enim
1494 331 1678 371 datorem
1707 330 1838 379 diligit
1863 333 1985 373 Deus.

273 393 288 415 ⁸
301 391 452 432 Potens
467 395 528 431 est
542 395 679 431 autem
694 389 803 429 Deus
820 401 980 429 omnem
995 389 1169 441 gratiam
1184 390 1392 430 abundare
1406 389 1537 429 faeere
1551 388 1592 428 in
1607 388 1740 430 vobis:
1758 389 1858 430 utin
1875 391 2061 432 omnibus
2090 394 2247 453 311353331513]

166 463 323 503 semper
353 462 511 490 omnem
542 446 826 489 sufficientiam
855 447 1064 493 habentes,
1097 447 1313 489 abundetis
1343 447 1383 487 in
1414 461 1531 488 omne
1562 461 1661 501 opus
1692 448 1857 498 bonum,
1917 452 1932 473 ⁹
1961 438 2260 503 sicutnei'siipffln

166 508 361 562 seriptum
387 514 465 549 est:
496 504 726 560 bDispersit,
754 505 867 546 dedit
890 506 1156 559 pauperibus:
1183 506 1341 547 iustitia
1364 505 1447 547 eius
1472 512 1612 547 manet
1636 506 1677 545 in
1701 506 1892 548 saeculum
1917 508 2061 549 saeculi.
2090 501 2248 530 pomgam.

167 569 202 592 ¹⁰
222 566 300 614 Qui
322 572 460 607 autem
482 564 741 607 administrat
763 577 899 605 semen
921 564 1155 605 seminanti:
1180 570 1221 605 et
1241 578 1388 617 panem
1412 565 1463 605 ad
1484 565 1817 606 manducandum
1840 566 2063 618 praestabit,

165 631 207 665 et
238 624 528 678 multiplicabit
560 635 695 664 semen
728 627 922 672 vestrum,
958 628 998 664 et
1030 622 1196 676 augebit
1228 623 1478 663 incrementa
1510 623 1672 676 frugum
1703 623 1870 665 iustitiae
1902 629 2064 665 vestrae:

167 686 195 707 11
231 689 278 724 ut
311 683 352 724 in
387 682 572 724 omnibus
605 681 843 734 locupletati
878 681 1094 722 abundetis
1128 681 1169 721 in
1204 694 1365 722 omnem
1400 681 1715 734 simplicitatem,
1753 696 1842 736 quze
1876 688 2068 736 operatur

166 756 235 795 per
256 755 329 783 nos
351 741 573 795 gratiarum
597 739 799 781 actionem
822 740 920 781 Deo.
973 742 1004 764 ¹²
1027 740 1229 788 Quoniam
1253 739 1521 780 ministerium
1545 740 1663 781 huius
1688 741 1808 781 officii
1831 754 1912 782 non
1936 741 2066 783 solum

165 801 328 854 supplet
353 814 410 849 ea,
438 812 527 853 quae
552 798 700 839 desunt
724 799 886 848 sanctis,
915 799 984 839 sed
1009 799 1133 839 etiam
1159 799 1345 840 abundat
1368 812 1439 852 per
1462 798 1613 839 multas
1638 799 1861 851 gratiarum
1887 800 2066 841 actiones

164 859 205 899 in
228 859 416 907 Domino,
469 860 501 882 13
524 871 595 910 per
618 857 902 910 probationem
927 857 1138 898 ministerii
1162 857 1293 907 huius,
1319 857 1590 911 glorificantes
1614 858 1746 898 Deum
1771 857 1811 897 in
1837 858 2068 900 obedientia

164 916 424 959 confessionis
462 922 617 963 Vestrae,
656 916 697 956 in
732 915 1002 969 Evangelium
1039 916 1198 963 Christi,
1238 922 1278 957 et
1314 915 1574 969 simplicitate
1611 916 1989 958 communicationis
2025 917 2066 957 in

162 976 264 1025 illos,
297 981 338 1017 et
367 975 408 1015 in
441 988 590 1023 omnes,
652 977 683 999 ¹⁴
714 980 755 1015 et
785 974 826 1014 in
858 975 1037 1027 ipsorum
1071 975 1348 1017 obsecratione
1380 988 1452 1028 pro
1484 974 1611 1024 vobis,
1646 974 1963 1017 desiderantium
1995 988 2066 1016 vos

162 1040 330 1089 propter
344 1034 589 1075 eminentem
605 1033 779 1087 gratiam
794 1033 869 1074 Dei
884 1034 924 1073 in
941 1033 1069 1075 vobis.
1114 1036 1144 1058 ¹5
1159 1033 1321 1075 Gratias
1336 1034 1423 1075 Deo
1439 1047 1559 1087 super
1572 1033 1832 1075 inenarrabili
1846 1035 1954 1076 dono
1970 1033 2064 1075 eius.

820 1160 1038 1213 PARS
1079 1161 1409 1213 TERTIA.

466 1246 694 1300 Oratio
733 1247 923 1300 Pauli
957 1248 1308 1314 polemica,
1347 1247 1436 1311 10,
1463 1247 1654 1312 1—12,
1681 1247 1767 1300 18.

524 1392 567 1442 Ι.
605 1392 688 1442 De
727 1390 1018 1454 potestate
1058 1390 1394 1453 apostolica,
1435 1391 1710 1448 10,1—*11.

266 1476 328 1519 10.
384 1478 395 1499 1
429 1476 520 1528 Ipse
545 1480 682 1515 autem
708 1487 781 1525 ego
805 1474 955 1515 Paulus
982 1475 1146 1515 obsecro
1172 1488 1244 1515 vos
1269 1488 1340 1528 per
1363 1476 1732 1525 mansuetudinem,
1759 1481 1801 1517 et
1823 1478 2067 1519 modestiam
2111 1482 2235 1541 Qmssfm

160 1534 320 1584 Christi,
348 1533 416 1589 qui
439 1533 480 1573 in
503 1534 604 1574 faeie
630 1532 793 1588 quidem
818 1532 980 1574 humilis
1004 1547 1094 1574 sum
1118 1533 1224 1574 inter
1247 1548 1331 1582 vos,
1358 1535 1502 1576 absens
1526 1541 1665 1577 autem
1690 1535 1849 1577 confido
1872 1536 1913 1576 in
1938 1537 2064 1578 vobis.
2102 1524 2244 1591 (ιῖξῖἷιῇὲᾯη

160 1595 174 1617 2
199 1594 313 1646 Rogo
336 1598 473 1634 autem
497 1606 568 1633 vos
590 1605 639 1632 ne
662 1605 835 1645 praesens
858 1592 1031 1633 audeam
1054 1605 1125 1645 per
1145 1606 1235 1633 eam
1257 1593 1560 1643 confidentiam,
1586 1608 1667 1648 qua
1688 1593 1899 1635 existimor
1919 1596 2067 1636 audere
2095 1588 2253 1617 ¹¹¹⁰²⁵⁰¹t¹¹r’

160 1651 200 1691 in
232 1652 443 1706 quosdam,
477 1650 544 1705 qui
574 1650 828 1692 arbitrantur
857 1664 928 1691 nos
961 1656 1173 1705 tamquam
1204 1652 1427 1693 secundum
1457 1666 1620 1694 carnem
1650 1653 1916 1695 ambulemus.
1974 1657 1989 1679 3
2021 1654 2068 1694 In

160 1723 279 1751 carne
308 1710 415 1751 enim
444 1709 714 1759 ambulantes,
745 1722 828 1750 non
857 1710 1080 1750 secundum
1109 1723 1272 1751 earnem
1301 1710 1536 1752 militamus.
1594 1713 1609 1736 4
1638 1712 1744 1753 Nam
1774 1726 1888 1753 arma
1915 1712 2071 1754 militiae

161 1774 310 1810 nostrae
338 1781 420 1809 non
450 1768 630 1809 carnalia
657 1774 764 1817 sunt,
796 1768 866 1809 sed
894 1768 1082 1821 potentia
1109 1768 1196 1809 Deo
1227 1769 1278 1809 ad
1309 1770 1627 1811 destructionem
1657 1770 1945 1821 munitionum,
1977 1785 2071 1813 con-

160 1827 249 1867 silia
273 1827 539 1873 destruentes,
591 1828 606 1850 5
631 1832 672 1867 et
696 1840 858 1867 omnem
884 1827 1145 1868 altitudinem
1170 1828 1435 1869 extollentem
1460 1842 1500 1869 se
1526 1830 1719 1870 adversus
1744 1829 1955 1871 scientiam
1980 1830 2067 1880 Dei,

160 1891 202 1926 et
230 1885 270 1925 in
301 1885 589 1938 captivitatem
619 1885 845 1938 redigentes
877 1899 1037 1927 omnem
1068 1886 1321 1927 intellectum
1351 1887 1392 1927 in
1424 1888 1663 1942 obsequium
1694 1888 1853 1938 Christi,
1915 1890 1931 1913 ⁶
1959 1894 2000 1930 et
2029 1889 2069 1929 in

158 1949 354 1997 promptu
402 1944 599 1985 habentes
651 1943 786 1985 ulcisci
836 1958 997 1985 omnem
1046 1945 1378 1995 inobedientiam,
1430 1960 1521 1987 eum
1561 1947 1731 2000 impleta
1769 1947 1891 1988 tuerit
1931 1953 2068 1989 vestra

160 2002 404 2044 obedientia.

266 2063 280 2085 ⁷
306 2062 405 2109 Quae
429 2062 651 2102 secundum
676 2061 821 2102 faciem
847 2067 953 2108 sunt,
982 2062 1128 2103 videte.
1156 2062 1197 2104 Si
1222 2063 1310 2116 quis
1336 2064 1505 2105 confidit
1529 2064 1603 2105 sibi
1629 2064 1777 2106 Christi
1802 2079 1842 2105 se
1866 2079 1962 2115 esse,
1989 2066 2065 2107 hoc
2084 2076 2142 2129 ”gn
2161 2069 2257 2130 ³0¹1¹¹3

160 2119 311 2173 cogitet
330 2119 477 2160 iterum
499 2120 610 2173 apud
630 2133 688 2160 se:
713 2120 809 2174 qiiia
828 2119 933 2161 sicut
953 2120 1037 2174 ipse
1059 2121 1205 2161 Christi
1227 2126 1299 2167 est,
1323 2121 1382 2162 ita
1401 2128 1442 2163 et
1462 2136 1546 2164 nos.
1599 2125 1614 2146 ⁸
1636 2123 1754 2171 Nam,
1777 2129 1818 2165 et
1838 2123 1870 2164 si
1891 2124 2064 2177 amplius
2083 2112 2099 2129 ἃ
2123 2111 2235 2165 ἶῖῗέηῗθ

159 2178 313 2232 aliquid
340 2178 535 2232 gloriatus
564 2178 678 2219 fuero
707 2178 756 2219 de
785 2183 991 2232 potestate
1020 2184 1172 2228 nostra,
1206 2193 1329 2233 quam
1359 2180 1472 2221 dedit
1500 2181 1616 2222 nobis
1646 2182 1845 2223 Dominus
1874 2182 1915 2223 in
1944 2183 2066 2224 aedifi-
2104 2182 2238 2206 praesem·

159 2237 373 2284 cationem,
408 2242 449 2277 et
480 2250 562 2278 non
594 2237 634 2276 in
667 2237 986 2278 destructionem
1020 2244 1217 2279 vestram:
1252 2252 1333 2279 non
1366 2241 1612 2281 erubescam.
1677 2243 1691 2265 ⁹
1725 2241 1782 2281 Ut
1814 2246 1952 2282 autem
1984 2255 2066 2283 non

158 2295 366 2337 existimer
382 2301 595 2351 tamquam
613 2301 760 2336 terrere
777 2309 849 2336 vos
865 2309 936 2349 per
951 2296 1161 2349 epistolas:
1206 2299 1242 2321 1⁰
1257 2297 1450 2351 quoniam
1469 2299 1632 2352 quidem
1649 2299 1840 2352 epistolae,
1859 2300 2063 2354 inquiunt,

158 2367 300 2407 graves
326 2359 423 2395 sunt
449 2359 490 2395 et
515 2354 659 2395 fortes:
688 2354 905 2407 praesentia
930 2360 1067 2396 autem
1096 2355 1273 2408 corporis
1300 2355 1472 2406 infirma,
1501 2362 1542 2398 et
1568 2371 1698 2398 sermo
1725 2358 2063 2412 contemptibilis:

159 2415 189 2437 11
218 2413 294 2454 hoc
323 2412 475 2466 cogitet
504 2412 572 2466 qui
601 2412 798 2454 eiusmodi
826 2418 898 2463 est,
932 2413 1027 2468 quia
1055 2413 1193 2468 quales
1223 2428 1361 2455 sumus
1390 2416 1514 2456 verbo
1543 2429 1614 2469 per
1641 2416 1833 2469 epistolas
1862 2418 2062 2467 absentes,

158 2471 260 2513 tales
290 2476 331 2512 et
360 2476 579 2525 praesentes
608 2471 649 2511 in
680 2472 802 2513 facto.

399 2588 469 2639 Π.
508 2589 592 2640 De
629 2588 984 2654 gloriatione
1022 2589 1358 2654 apostolica,
1398 2590 1478 2652 10,
1508 2591 1719 2653 12—12,
1747 2591 1826 2643 18.

527 2679 566 2718 1.
595 2678 639 2719 ln
669 2680 869 2732 propriis
899 2680 1135 2722 laboribus
1164 2680 1406 2732 gloriatur,
1434 2682 1501 2733 10,
1519 2682 1693 2722 12—18.

262 2749 293 2772 12
326 2748 418 2789 Non
450 2748 558 2789 enim
591 2749 787 2790 audemus
819 2749 1002 2799 inserere,
1038 2756 1111 2792 aut
1143 2764 1378 2804 comparare
1410 2764 1482 2792 nos
1517 2751 1773 2806 quibusdam,
1810 2751 1877 2806 qui
1910 2751 2061 2805 seipsos
2074 2759 2140 2800 Non,
2152 2759 2181 2785 111
2193 2760 2259 2820 agie-

157 2807 466 2848 commendant:
489 2807 559 2848 sed
580 2807 656 2860 ipsi
678 2807 719 2847 in
740 2808 856 2850 nobis
879 2809 1149 2862 nosmetipsos
1170 2809 1397 2859 metientes,
1422 2815 1463 2850 et
1485 2815 1768 2863 comparantes
1789 2810 2061 2864 nosmetipsos
2081 2801 2250 2856 adnvss’rsssrn.

156 2865 284 2906 nobis.
344 2867 376 2889 13
407 2865 490 2906 Nos
521 2871 659 2907 autem
689 2879 771 2908 non
800 2867 843 2908 in
871 2867 1116 2909 immensum
1145 2867 1420 2921 gloriabimur,
1461 2869 1547 2909 Csed
1577 2869 1799 2910 secundum
1830 2882 2062 2910 mensuram

156 2923 314 2976 regulae,
342 2937 424 2978 qua
446 2937 609 2965 mensus
634 2930 696 2966 est
719 2926 834 2967 nobis
858 2926 981 2975 Deus,
1008 2939 1241 2968 mensuram
1265 2927 1521 2980 pertingendi
1546 2940 1672 2981 usque
1697 2927 1750 2968 ad
1774 2941 1858 2969 vos
1911 2930 1943 2952 14
1969 2928 2061 2970 Non

156 2981 263 3021 enim
297 2981 411 3035 quasi
442 2995 524 3023 non
556 2983 832 3037 pertingentes
865 2985 917 3025 ad
949 2998 1033 3033 vos,
1068 2985 1447 3038 superextendimus
1480 2998 1571 3026 nos:
1605 2999 1733 3039 usque
1765 2986 1818 3027 ad
1849 3000 1921 3028 vos
1953 2986 2060 3027 enim

156 3040 413 3093 pervenimus
436 3040 477 3080 in
501 3040 724 3095 Evangelio
747 3042 906 3084 Christi.
959 3045 989 3067 15
1012 3056 1094 3085 non
1117 3044 1159 3084 in
1181 3044 1424 3085 immensum
1447 3043 1666 3097 gloriantes
1688 3044 1730 3084 in
1753 3044 1892 3085 alienis
1914 3044 2061 3086 labori-

157 3100 250 3140 bus:
279 3111 392 3152 spem
419 3104 557 3140 autem
583 3100 781 3142 habentes
808 3102 1022 3143 crescentis
1048 3101 1142 3143 fidei
1168 3107 1324 3151 vestrae,
1352 3101 1393 3141 in
1421 3102 1535 3144 vobis
1561 3103 1811 3157 magnificari
1837 3103 2060 3144 secundum

155 3156 335 3210 regulam
352 3162 536 3198 nostram
552 3157 594 3198 in
612 3159 922 3209 abundantiam,
969 3162 1004 3184 ¹⁷⁶
1020 3160 1144 3201 etiam
1162 3160 1203 3200 in
1220 3160 1299 3204 illa,
1321 3173 1410 3214 quae
1427 3160 1536 3201 ultra
1552 3174 1624 3202 vos
1642 3167 1749 3207 sunt,
1770 3161 2057 3214 evangelizare,

154 3228 238 3256 non
262 3215 304 3255 in
330 3215 462 3256 aliena
484 3215 623 3269 regula
646 3217 687 3257 in
711 3217 758 3259 iis
785 3232 874 3272 quae
898 3224 1129 3273 praeparata
1153 3224 1250 3260 sunt
1273 3218 1446 3272 gloriari.
1500 3221 1534 3243 17
1563 3220 1662 3268 dQui
1687 3225 1825 3261 autem
1849 3219 2057 3273 gloriatur,

155 3273 197 3313 in
228 3274 407 3316 Domino
438 3273 642 3327 glorietur.
704 3278 738 3300 18
772 3276 863 3318 Non
896 3277 1002 3318 enim
1036 3277 1105 3330 qui
1137 3276 1312 3330 seipsum
1345 3278 1617 3325 commendat,
1652 3279 1716 3319 ille
1749 3278 1945 3331 probatus
1978 3282 2057 3319 est:

156 3332 227 3372 sed
256 3346 377 3387 quem
405 3333 517 3373 Deus
546 3335 819 3375 commendat.

288 3446 320 3487 9,
345 3446 364 3479 7
389 3446 461 3480 θεὴ
483 3447 536 3487 35,
562 3448 613 3481 11.
639 3468 682 3471 a
705 3448 725 3481 9
748 3448 813 3481 st
838 3450 912 3489 111,
937 3450 966 3482 9.
994 3471 1034 3473 ἡ
1061 3450 1112 3492 10,
1134 3450 1176 3483 13
1199 3450 1293 3494 eEph
1314 3451 1345 3490 4,
1368 3451 1397 3484 7.
1424 3471 1464 3474 -
1489 3452 1530 3485 17
1550 3451 1606 3484 <111
1625 3451 1656 3491 9,
1678 3451 1734 3490 233
1762 3452 1779 3483 1
1802 3451 1865 3483 eor
1886 3452 1914 3489 1,
1937 3449 1988 3482 31.
