2356 3760
315 171 390 212 766
1124 168 1400 203 PROPHETIA
1950 172 2003 211 44,
2029 170 2171 211 27—46,
2197 170 2240 204 16

315 263 425 305 omni
450 263 573 303 Terra
596 261 777 315 AEgypti.
831 263 864 285 ²⁷
890 261 995 301 Ecce
1020 274 1092 314 ego
1118 261 1295 313 vigilabo
1322 275 1443 316 super
1466 275 1533 304 eos
1558 262 1599 302 in
1624 261 1791 307 malum,
1818 268 1860 304 et
1891 276 1974 305 non
1997 263 2038 304 in
2064 264 2235 305 bonum:

315 327 356 362 et
379 326 672 362 consumentur
695 333 834 362 omnes
859 319 934 360 viri
961 320 1074 366 Inda,
1103 320 1171 373 qui
1195 326 1291 361 sunt
1315 321 1355 361 in
1381 321 1504 361 Terra
1528 321 1708 374 AEgypti,
1733 320 1880 374 gladio,
1907 327 1948 362 et
1970 322 2078 364 fame
2103 323 2230 363 donec

315 380 478 434 penitus
507 384 812 421 consumantur.
870 380 906 402 ‘²⁸
934 378 990 419 Et
1019 378 1087 432 qui
1116 379 1295 432 fugerint
1321 379 1516 433 gladium,
1547 384 1807 420 revertentur
1834 380 1883 420 de
1912 380 2036 421 Terra
2064 381 2233 434 AEgypti

313 439 354 479 in
384 439 549 479 Terram
584 438 684 478 luda
713 437 787 477 viri
817 437 954 490 pauci:
986 442 1027 477 et
1055 437 1184 478 scient
1213 451 1352 479 omnes
1381 438 1561 491 reliquiae
1592 438 1695 478 Iuda
1723 438 2039 489 ingredientium
2068 440 2235 480 Terram

315 497 495 551 AEgypti,
519 503 564 537 ut
583 496 774 537 habitent
792 496 859 541 ibi,
881 496 994 536 cuius
1014 508 1145 537 sermo
1165 496 1432 550 compleatur,
1453 510 1579 541 meus,
1602 510 1653 537 an
1673 496 1846 538 illorum.
1895 499 1930 522 ²⁹
1948 498 2005 538 Et
2023 498 2099 539 hoc
2118 498 2236 539 vobis

315 556 486 609 signum,
514 556 571 596 ait
594 555 807 603 Dominus,
835 555 944 607 quod
970 555 1131 595 visitem
1156 568 1227 608 ego
1252 569 1373 609 super
1397 569 1469 596 vos
1493 555 1533 596 in
1556 555 1643 596 loco
1668 555 1765 596 isto:
1792 561 1838 596 ut
1862 556 2000 597 sciatis
2025 556 2121 610 quia
2144 570 2237 597 vere

315 615 631 667 complelmntur
658 626 862 654 sermones
891 613 969 654 mei
998 619 1142 654 contra
1170 627 1241 655 vos
1270 614 1309 654 in
1339 614 1505 655 malum.
1562 616 1600 639 ³⁰
1628 614 1725 655 Haec
1753 614 1854 655 dicit
1881 615 2102 656 Dominus:
2133 615 2237 656 Ecce

315 687 386 725 ego
420 673 581 713 tradam
616 673 871 713 Pharaonem
906 672 1067 726 Ephree
1099 685 1232 724 regem
1267 673 1435 726 AEgypti
1469 673 1508 713 in
1542 685 1666 713 manu
1700 673 1956 714 inimicorum
1990 674 2086 721 eius,
2122 679 2163 714 et
2195 673 2236 714 in

314 744 438 772 manu
475 731 745 785 quaerentium
780 731 960 772 animam
995 731 1118 771 illius:
1155 732 1261 772 sicut
1295 732 1447 772 tradidi
1482 731 1692 772 Sedeciam
1726 745 1860 785 regem
1898 732 2002 773 luda
2034 733 2076 773 in
2110 745 2236 773 manu

316 790 695 831 Nabuchodonosor
723 790 825 842 regis
856 789 1080 843 Babylonis
1110 790 1263 831 inimici
1292 790 1367 839 sui,
1398 796 1439 831 et
1469 790 1687 843 quaerentis
1717 791 1897 831 animam
1928 791 2024 833 eius.

626 906 692 945 10.
723 904 929 945 Scribam
961 904 1139 945 Baruch
1170 905 1388 947 admonet
1417 914 1469 946 ac
1499 905 1692 956 solatur,
1722 905 1788 956 45,
1807 906 1927 948 1—5.

133 975 287 1004 *⁸⁰⁰¹*
422 977 486 1020 45,
544 979 555 1001 1
584 976 776 1021 Verbum,
807 976 916 1029 quod
942 976 1103 1017 locutus
1130 981 1192 1017 est
1220 976 1409 1017 Ieremias
1437 976 1640 1030 propheta
1665 976 1716 1017 ad
1746 976 1907 1017 Baruch
1933 977 2064 1017 filium
2093 977 2236 1023 Neriae,

146 1013 269 1091 iiissisr‘ant‘:
317 1049 408 1077 euni
435 1036 658 1088 scripsisset
685 1035 811 1075 verba
837 1035 920 1075 heec
946 1035 986 1075 in
1011 1034 1113 1076 libro
1140 1049 1189 1076 ex
1215 1048 1281 1076 ore
1309 1036 1500 1083 Ieremiae,
1529 1048 1635 1076 anno
1663 1040 1810 1089 quarto
1839 1036 1997 1077 Ioakim
2024 1035 2094 1076 filii
2123 1036 2239 1077 Iosiae

120 1082 293 1106 ⁵⁹⁸³¹¹¹t¹¹⁹
317 1095 416 1147 regis
449 1095 562 1139 luda,
594 1094 749 1134 dicens:
806 1096 821 1118 2
851 1093 949 1134 Haec
978 1094 1077 1134 dicit
1105 1094 1307 1135 Dominus
1336 1095 1446 1135 Deus
1478 1093 1602 1135 Israel
1631 1094 1683 1135 ad
1712 1099 1752 1135 te
1784 1094 1963 1136 Baruch:
2020 1097 2036 1119 ³
2065 1095 2236 1135 Dixisti:

314 1154 382 1194 Vae
403 1154 547 1194 misero
570 1153 680 1197 mihi.
706 1152 900 1206 quoniam
922 1152 1083 1193 addidit
1104 1153 1306 1194 Dominus
1328 1153 1508 1194 dolorem
1530 1152 1659 1194 dolori
1681 1166 1789 1193 meo:
1812 1153 1996 1194 laboravi
2018 1153 2058 1194 in
2079 1153 2235 1207 gemitu

314 1226 414 1257 meo,
442 1218 483 1253 et
507 1212 689 1265 requiem
714 1225 796 1253 non
821 1211 971 1252 inveni.
1025 1214 1040 1236 ⁴
1067 1212 1164 1253 Haec
1190 1212 1289 1254 dicit
1314 1212 1534 1253 Dominus:
1562 1211 1626 1253 Sic
1652 1212 1759 1252 dices
1786 1212 1837 1253 ad
1863 1225 1975 1253 eum:
2002 1212 2108 1253 Ecce
2135 1225 2237 1266 quos

313 1271 523 1317 aedificavi,
557 1284 628 1322 ego
661 1271 845 1312 destruo:
879 1276 919 1311 et
952 1284 1052 1323 quos
1083 1270 1282 1324 plantavi,
1316 1284 1388 1325 ego
1420 1271 1560 1319 evello,
1594 1275 1636 1311 et
1667 1271 1899 1312 universam
1932 1277 2084 1312 terram
2116 1271 2234 1312 hanc.

312 1332 327 1355 ⁵
354 1331 410 1371 Et
437 1337 482 1371 tu
512 1330 655 1384 quanis
684 1330 758 1370 tibi
784 1328 979 1383 grandia?
1017 1329 1099 1370 noli
1127 1343 1323 1383 quaerere:
1362 1330 1458 1383 quia
1485 1343 1575 1370 ecce
1602 1342 1674 1383 ego
1703 1330 1907 1370 adducam
1935 1330 2089 1371 malum
2117 1343 2239 1384 super

314 1402 476 1430 onmem
505 1402 679 1437 earnem,
710 1388 768 1430 ait
794 1388 1014 1429 Dominus:
1044 1394 1085 1429 et
1113 1389 1220 1430 dabo
1248 1389 1323 1430 tibi
1351 1389 1532 1430 animam
1560 1394 1676 1429 tuam
1703 1388 1745 1430 in
1772 1388 1948 1430 salutem
1974 1389 2017 1430 in
2044 1389 2235 1430 omnibus

313 1448 421 1497 locis,
451 1449 503 1489 ad
532 1461 799 1502 quaecumque
826 1447 1061 1501 perrexeris.

969 1574 1190 1628 PARS
1231 1575 1594 1629 ALTERA.

569 1659 911 1714 Vaticinia
952 1663 1194 1715 contra
1232 1663 1491 1728 genteS,
1530 1661 1633 1727 46,
1661 1662 1852 1727 1-51,
1879 1660 1982 1715 64.

1136 1758 1381 1770 ἡ-ψ--ο--οο-4--

646 1806 687 1857 Ι.
728 1806 944 1858 Contra
982 1808 1189 1873 gentes
1229 1807 1445 1869 variaS‚
1484 1804 1790 1870 46‚1——49,
1820 1805 1906 1858 39.

755 1898 794 1938 1.
825 1898 1045 1940 VaticinIa
1075 1899 1237 1940 contra
1265 1898 1531 1952 AEgyptum,
1561 1898 1800 1950 46‚1—28.

134 1966 287 2027 ¹¹¹{ffltr‘fi0
422 1967 486 2010 46.
542 1969 556 1991 1
577 1966 695 2015 Quod
714 1966 872 2007 factum
892 1972 953 2008 est
973 1967 1144 2007 verbum
1163 1966 1331 2008 Domini
1350 1967 1402 2007 ad
1424 1966 1637 2007 Ieremiam
1656 1968 1902 2021 prophetam
1922 1972 2067 2009 contra
2085 1968 2236 2009 Gentes

166 2009 174 2033 ¹
248 2023 253 2032 '
318 2029 332 2051 2
366 2026 419 2067 ad
453 2026 680 2079 AEgyptum
716 2026 934 2066 adversum
969 2026 1193 2066 exercitum
1227 2025 1453 2067 Pharaonis
1490 2026 1654 2067 Nechao
1689 2027 1792 2080 regis
1826 2026 2008 2080 AEgypti,
2046 2027 2115 2080 qui
2149 2032 2237 2068 erat

316 2086 434 2126 iuxta-
474 2085 645 2125 fluvium
687 2085 929 2138 Euphraten
970 2085 1011 2126 in
1052 2084 1298 2133 Charcamis,
1343 2098 1464 2138 quem
1506 2085 1705 2138 percussit
1747 2085 2128 2127 Nabuchodonosor
2166 2099 2238 2127 rex

318 2144 552 2197 Babylonis,
584 2144 625 2184 in
657 2149 804 2197 quarto
835 2157 941 2185 anno
975 2144 1132 2185 Ioakim
1163 2143 1233 2184 filii
1265 2143 1380 2185 Iosiae
1408 2144 1510 2197 regis
1543 2144 1658 2186 Iuda.

140 2206 282 2265 &gfff-³*
422 2205 438 2227 ³
467 2203 700 2256 Praeparate
731 2208 906 2249 scutum,
939 2208 980 2243 et
1010 2203 1211 2256 clypeum,
1244 2208 1286 2243 et
1316 2203 1522 2256 procedite
1553 2203 1605 2244 ad
1636 2203 1799 2245 bellum.
1858 2205 1873 2228 1
1905 2203 2066 2257 Iungite
2097 2216 2234 2257 equos,

147 2248 255 2301 ¹⁰02„ssss
319 2267 359 2303 et
391 2262 597 2302 ascendite
630 2261 805 2315 equites:
839 2267 946 2302 state
978 2261 1019 2302 in
1050 2261 1185 2315 galeiS,
1220 2261 1344 2315 polite
1376 2261 1548 2305 lanceas,
1582 2262 1740 2302 induite
1773 2276 1845 2303 vos
1876 2262 2021 2304 loricis.
2081 2264 2096 2286 5
2129 2262 2237 2311 Quid

141 2312 278 2338 emetur*
319 2321 466 2375 igitur?
491 2320 574 2361 vidi
596 2320 704 2373 ipsos
727 2320 911 2373 pavidos
937 2325 978 2361 et
1000 2325 1115 2373 terga
1136 2325 1355 2369 vertentes,
1380 2321 1505 2361 fortes
1529 2334 1669 2361 eorum
1692 2334 1832 2362 caesos:
1856 2321 2051 2375 fugerunt
2073 2321 2234 2366 conciti,

316 2393 388 2421 nec
418 2384 703 2433 respexerunt:
736 2384 865 2420 terror
895 2379 1087 2433 undique,
1121 2379 1179 2420 ait
1208 2379 1422 2421 Dominus.
1484 2381 1500 2403 ⁶
1531 2380 1623 2421 Non
1652 2380 1785 2434 fugiat
1816 2379 1947 2426 velox,
1980 2393 2054 2421 nec
2084 2379 2237 2420 salvari

314 2453 354 2480 se
388 2444 509 2492 putet
541 2438 676 2479 fortis:
711 2438 776 2479 Ad
809 2438 1054 2492 Aquilonem
1088 2438 1205 2479 iuxta
1238 2438 1390 2479 flumen
1424 2438 1667 2492 Euphraten
1700 2438 1800 2480 victi
1833 2443 1941 2485 sunt,
1977 2443 2019 2480 et
2050 2444 2233 2480 ruerunt.

318 2500 331 2522 ⁷
353 2498 451 2546 Quis
473 2502 534 2538 est
553 2497 641 2545 iste,
665 2497 734 2551 qui
756 2497 872 2551 quasi
892 2497 1044 2538 flumen
1066 2497 1267 2538 ascendit:
1290 2503 1331 2538 et
1351 2497 1480 2538 veluti
1500 2497 1730 2544 fluviorum,
1753 2497 2036 2539 intumescunt
2055 2497 2234 2551 gurgites

316 2557 424 2598 eius?
484 2558 499 2580 8
528 2556 743 2610 AEgyptuS,
774 2556 952 2597 fluminis
981 2556 1111 2597 instar
1139 2556 1334 2605 ascendit,
1366 2561 1408 2597 et
1437 2556 1550 2597 velut
1579 2556 1749 2597 flumina
1777 2556 2057 2598 movebuntur
2084 2556 2235 2597 fluctus

316 2616 412 2661 eius,
443 2621 483 2656 et
510 2616 636 2656 dicet:
665 2616 898 2656 Ascendens
926 2615 1106 2669 operiam
1135 2620 1304 2656 terram:
1333 2615 1501 2669 perdam
1530 2615 1754 2663 civitatem,
1785 2621 1826 2656 et
1852 2615 2107 2656 habitatores
2135 2615 2233 2657 eius.

318 2677 334 2699 ⁹
355 2674 574 2715 Ascendite
596 2687 732 2728 equos,
757 2680 798 2715 et
819 2674 1002 2715 exultate
1024 2674 1064 2715 in
1087 2674 1282 2723 curribus,
1306 2679 1348 2715 et
1368 2674 1593 2728 procedant
1614 2675 1752 2723 fortes,
1776 2674 1998 2728 AEthiopia,
2022 2679 2063 2715 et
2085 2674 2233 2727 Libyes

317 2740 503 2775 tenentes
535 2738 710 2782 scutum,
746 2738 787 2774 et
819 2733 938 2786 Lydii
971 2733 1221 2787 arripientes,
1257 2738 1298 2774 et
1329 2733 1522 2774 iacientes
1555 2733 1739 2787 sagittas.
1801 2735 1837 2758 ¹⁰
1867 2733 1963 2774 Dies
1997 2738 2135 2774 autem
2168 2733 2233 2774 ille

318 2792 484 2833 Domini
502 2792 579 2832 Dei
598 2792 851 2833 exercituum
871 2792 954 2833 dies
974 2792 1150 2837 ultionis,
1172 2797 1219 2833 ut
1237 2798 1375 2833 sumat
1393 2792 1620 2833 vindictam
1639 2793 1689 2833 de
1706 2792 1879 2833 inimicis
1898 2792 1998 2833 suis:
2019 2792 2234 2833 devorabit

316 2851 486 2907 gladius,
526 2856 567 2891 et
603 2851 868 2899 saturabitur,
908 2856 949 2891 et
985 2851 1254 2892 inebriabitur
1290 2851 1485 2905 sanguine
1522 2864 1680 2892 eorum:
1720 2851 1889 2892 victima
1924 2851 2031 2891 enim
2067 2850 2234 2892 Domini

316 2909 392 2951 Dei
414 2910 667 2951 exercituum
688 2910 729 2950 in
751 2910 873 2950 Terra
893 2910 1106 2963 Aquilonis
1127 2910 1245 2951 iuxta
1265 2910 1415 2951 flumen
1438 2910 1691 2964 Euphraten.
1742 2912 1773 2934 11
1794 2910 1978 2950 Ascende
1998 2909 2039 2950 in
2060 2909 2230 2955 Galaad,

318 2976 359 3010 et
388 2969 483 3010 tolle
513 2969 687 3009 resinam
718 2969 830 3022 virgo
862 2969 944 3009 filia
973 2968 1160 3022 AEgypti:
1191 2969 1344 3010 frustra
1373 2969 1621 3022 multiplicas
1651 2968 1933 3013 medicamina,
1966 2968 2120 3009 sanitas
2151 2981 2232 3010 non

318 3028 393 3068 erit
416 3028 503 3069 tibi.
556 3029 586 3051 ¹²
608 3028 840 3068 Audierunt
863 3028 1013 3069 Gentes
1035 3028 1301 3081 ignominiam
1325 3033 1453 3072 tuam,
1479 3034 1520 3069 et
1543 3027 1723 3068 ululatus
1746 3033 1841 3069 tuus
1864 3027 2037 3081 replevit
2059 3032 2230 3068 terram:

322 3087 417 3139 quia
442 3087 558 3127 fortis
586 3086 755 3139 impegit
780 3087 821 3127 in
848 3087 1008 3132 fortem,
1038 3093 1079 3127 et
1106 3087 1227 3128 ambo
1254 3086 1407 3140 pariter
1432 3087 1709 3128 conciderunt.

141 3141 287 3201 ffifflffff'
428 3148 457 3169 ¹³
482 3146 660 3186 Verbum
687 3145 795 3198 quod
818 3145 979 3186 locutus
1004 3150 1065 3186 est
1088 3146 1288 3186 Dominus
1313 3146 1365 3186 ad
1392 3146 1603 3186 ieremiam
1626 3146 1883 3199 prophetam,
1909 3157 2030 3198 super
2052 3158 2097 3186 eo
2123 3145 2232 3198 quod

323 3210 518 3244 venturus
553 3210 658 3244 esset
696 3204 1073 3245 Nabuchodonosor
1107 3217 1177 3244 rex
1215 3205 1435 3258 Babylonis
1471 3210 1511 3245 et
1546 3217 1807 3258 percussurus
1843 3204 2008 3244 Terram
2043 3203 2230 3257 AEgypti:

121 3264 136 3281 ²¹
153 3257 306 3317 Jffssss'ssssssffss'*
429 3265 456 3286 ¹⁴¹
482 3263 740 3303 Anmmeiate
765 3263 956 3316 AEgypto,
985 3269 1024 3303 et
1050 3263 1238 3303 auditum
1263 3263 1385 3304 facite
1409 3263 1450 3304 in
1474 3263 1676 3316 Magdalo,
1704 3268 1743 3304 et
1768 3268 1929 3304 resonet
1952 3262 1993 3302 in
2016 3262 2229 3315 Memphis,

110 3328 314 3358 occupabitur:
325 3327 364 3360 et
382 3321 418 3360 iii
438 3321 627 3373 'Paphius
646 3322 786 3362 dicite:
804 3323 888 3366 Sta,
906 3328 947 3362 et
962 3335 1147 3375 przepara
1162 3328 1219 3362 te:
1239 3322 1334 3375 quia
1349 3322 1563 3363 devorabit
1577 3321 1736 3375 gladius
1752 3335 1810 3365 ea,
1829 3334 1919 3374 quae
1932 3333 2004 3374 per
2018 3321 2232 3361 circuitum

320 3387 437 3419 tuum
455 3387 560 3420 sunt.
610 3382 637 3404 ¹⁵
655 3381 788 3429 Quare
805 3381 1059 3433 computruit
1074 3381 1190 3421 fortis
1212 3381 1331 3421 tuus?
1351 3394 1430 3422 non
1448 3381 1581 3421 stetit:
1602 3381 1794 3433 quoniam
1812 3379 2012 3420 Dominus
2029 3379 2232 3420 subvertit

321 3452 425 3479 eum.
478 3440 510 3461 ¹⁶
531 3438 819 3491 ll‘Iultiplicavit
843 3445 1015 3486 ruentes,
1039 3439 1265 3492 ceciditque
1287 3440 1348 3480 vir
1368 3440 1420 3480 ad
1440 3439 1673 3493 proximum
1694 3452 1831 3479 suum:
1854 3445 1894 3479 et
1915 3438 2069 3479 dicent:
2092 3438 2230 3491 Surge.

321 3503 360 3537 et
387 3502 639 3537 revertamur
662 3498 712 3537 ad
738 3498 933 3551 populum
958 3504 1155 3543 nostrum,
1182 3504 1221 3539 et
1247 3499 1296 3538 ad
1323 3505 1471 3539 terram
1497 3498 1729 3539 nativitatis
1754 3503 1913 3541 nostrae.
1939 3510 1963 3537 a
1985 3497 2087 3538 facie
2109 3496 2232 3550 gladii
