2356 3760
113 566 260 591 Promissi-

151 609 220 629 ones

84 641 268 666 innovantur.

123 1103 249 1128 Rebecca

113 1141 253 1165 servatur,

100 1684 179 1709 Isam-
193 1684 266 1708 locu-

116 1720 249 1750 1119111111.

82 2107 200 2133 propter
214 2104 285 2128 invi-

145 2139 222 2163 diam

84 2176 287 2205 ’,ι-,3199993199

85 2814 104 2835 (ἶ
120 2815 163 2836 -mj
170 2812 272 2836 11113111.

129 2850 246 2879 prornis-

128 2891 249 2909 5101111111.

142 3116 237 3140 tsedus

118 3152 208 3176 1531191
233 3153 263 3175 et

100 3187 274 3215 Α1111111919911,

291 125 342 166 22
1180 125 1325 159 LIBER
1914 128 1968 168 25,
1994 129 2138 170 31—25,
2165 130 2206 163 25

295 218 379 258 eius
409 218 575 258 ³Edom.
631 220 662 241 ³¹
688 218 762 259 Cui
787 218 893 258 dixit
921 218 1062 260 Iacob:
1093 218 1231 259 Vende
1256 219 1355 259 mihi
1382 220 1652 274 primogenita
1680 225 1763 261 tua.
1819 223 1851 245 ³²¹
1879 220 1950 262 Ille
1974 223 2204 276 respondit:

295 276 359 317 En
379 276 538 320 morior.
560 276 659 330 quid
678 276 777 317 mihi
795 277 1020 330 proderunt
1038 276 1335 331 primogenita?
1381 280 1415 303 ³³
1433 278 1504 319 Ait
1524 278 1665 320 Iacob:
1688 278 1783 319 Iura
1801 292 1893 334 ergo
1912 280 2024 321 mihi.
2047 281 2206 323 Iuravit

295 335 329 375 ei
352 335 475 380 Esau.
500 345 539 377 91
563 335 751 376 vendidit
772 335 1056 390 primogenita.
1108 339 1140 360 ³⁴
1163 337 1218 377 Et
1240 336 1295 376 519
1318 342 1487 391 accepto
1509 350 1615 391 pane
1637 342 1679 377 et
1701 337 1820 378 lentis
1842 338 1988 383 edulio.
2014 341 2203 385 eomedit.

294 398 335 434 et
361 394 476 436 bibit.
505 400 545 435 et
571 394 692 436 abiit:
719 395 1018 448 parvipendens
1046 396 1155 448 quod
1182 395 1454 449 primogenita
1480 396 1742 437 vendidisset.

687 500 726 539 2.
756 499 894 540 lsaaci
927 499 1239 551 peregrinatio
1270 500 1313 540 in
1345 499 1551 551 GerariS‚
1581 501 1647 552 26,
1667 502 1818 542 1—22.

399 563 463 607 26.
520 566 530 587 ¹
564 564 666 606 Orta
696 570 833 606 autem
865 565 972 605 fame
1002 577 1123 618 super
1152 570 1303 606 terram
1333 571 1427 620 post
1458 580 1547 607 eam
1577 566 1849 617 sterilitatem,
1883 580 1973 621 quae
2003 570 2204 611 acciderat

294 622 333 663 in
369 622 510 664 diebus
545 623 768 669 Abraham.
806 624 905 664 abiit
942 623 1058 664 Isaac
1092 624 1144 665 ad
1178 624 1414 665 Abimelech
1449 638 1584 679 regem
1618 626 1930 667 Palaestinorum
1964 627 2006 668 in
2040 627 2203 670 Gerara.

292 683 305 705 ²
326 681 613 736 Apparuitque
635 683 670 723 ei
692 683 904 728 Dominus.
929 687 970 723 et
991 683 1068 723 ait:
1094 683 1153 723 Ne
1175 683 1396 725 descendas
1418 684 1460 725 in
1482 684 1722 739 AEgyptum.
1745 685 1816 726 sed
1838 685 1998 739 quiesce
2019 686 2062 727 in
2083 691 2202 731 terra.

293 753 417 794 quam
445 741 583 782 dixero
612 742 698 783 tibi.
756 745 770 765 ³³
797 742 851 782 Et
879 742 1133 796 peregrinare
1159 742 1201 783 in
1228 756 1286 786 ea.
1317 755 1466 797 eroque
1493 748 1642 793 tecum,
1672 748 1713 785 91
1740 744 1980 786 benedicam
2007 745 2101 786 tibi:
2131 746 2205 787 tibi

291 799 397 840 enim
434 805 473 840 et
508 801 650 841 semini
687 806 757 841 tuo
793 800 900 841 dabo
936 801 1144 841 universas
1179 801 1359 856 regiones
1394 801 1479 849 has,
1521 802 1748 857 bcomplens
1782 804 2060 845 iuramentum
2096 806 2205 858 quod

291 859 491 912 spopondi
521 860 730 900 Abraham
762 859 868 912 patri
899 865 983 901 tuo.
1043 863 1057 884 ⁴
1086 860 1142 901 Et
1171 860 1453 915 multiplicabo
1483 875 1621 903 semen
1651 866 1770 903 tuum
1799 863 1906 903 sicut
1934 862 2071 904 stellas
2101 863 2204 905 caeli:

291 917 480 972 daboque
511 919 682 972 posteris
717 918 796 959 tuis
829 919 1038 960 universas
1070 920 1251 973 regiones
1283 921 1375 961 has:
1416 926 1473 961 0et
1507 921 1949 962 BENEDICENTUR
1981 922 2023 963 in
2054 923 2206 963 semine

291 982 362 1018 tuo
393 990 530 1017 01111195
558 984 699 1031 gentes
727 982 856 1021 terrae.
913 980 927 1001 ⁵
956 991 1001 1019 eo
1032 979 1142 1033 quod
1170 979 1370 1020 obedierit
1395 979 1607 1020 Abraham
1636 980 1727 1021 voci
1756 994 1866 1026 meae.
1897 989 1939 1022 et
1966 981 2205 1022 custodierit

290 1041 491 1089 przecepta
523 1042 564 1077 et
592 1036 792 1077 mandata.
820 1050 922 1081 mea.
955 1043 996 1078 et
1025 1038 1272 1079 ceremonias
1301 1038 1488 1096 legesque
1519 1039 1755 1080 servaverit.

399 1096 413 1119 ⁶
438 1095 589 1136 Mansit
614 1095 755 1150 itaque
783 1095 897 1137 Isaac
922 1096 963 1136 in
989 1096 1161 1138 Geta-ris.
1220 1099 1233 1120 ⁷
1259 1098 1338 1147 Qui
1364 1110 1457 1139 cum
1482 1098 1803 1153 interrogaretur
1828 1112 1852 1139 a
1876 1099 1974 1140 viris
1999 1099 2076 1140 loci
2101 1099 2206 1141 illius·

291 1168 410 1206 super
433 1167 557 1195 uxore
581 1168 666 1203 sua,
692 1155 920 1208 respondit:
946 1156 1067 1197 Soror
1090 1169 1182 1197 mea
1204 1161 1277 1197 est.
1303 1157 1500 1198 timuerat
1523 1157 1631 1198 enim
1654 1157 1841 1199 confiteri
1867 1158 1977 1212 quod
2000 1158 2077 1199 sibi
2100 1164 2206 1200 esset

291 1214 441 1253 sociata
467 1213 665 1267 coniugio.
690 1220 886 1268 reputans
909 1228 959 1255 ne
980 1214 1086 1255 forte
1108 1215 1388 1256 interficerent
1411 1229 1503 1257 eum
1525 1221 1694 1270 propter
1715 1216 1820 1258 illius
1842 1217 2204 1271 pulchritudinem.

294 1276 307 1295 ὃ
331 1274 515 1326 Cumque
539 1274 855 1326 pertransissent
879 1274 962 1314 dies
986 1274 1162 1327 plurimi.
1189 1280 1231 1315 et
1254 1275 1405 1315 ibidem
1431 1282 1670 1325 moraretur,
1700 1276 1944 1330 prospiciens
1968 1276 2205 1318 Abimelech

290 1344 360 1372 rex
393 1331 705 1373 Palaestinorum
738 1346 810 1386 per
842 1333 1075 1383 fenestram,
1111 1334 1216 1375 vidit
1250 1348 1342 1374 eum
1376 1335 1581 1376 ioca-ntem
1614 1347 1708 1375 911111
1743 1335 1927 1376 Rebecca
1961 1348 2086 1376 uxore
2120 1349 2204 1376 sua.

294 1394 308 1412 ²·
325 1390 380 1430 Et
396 1391 590 1432 accersito
607 1405 666 1437 eo.
685 1392 761 1433 ait:
780 1392 1046 1445 Perspicuum
1062 1398 1123 1434 est
1141 1393 1252 1447 quod
1267 1406 1370 1434 uxor
1387 1398 1459 1434 tua
1474 1393 1545 1434 sit:
1564 1406 1635 1434 cur
1651 1394 1848 1435 mentitus
1865 1407 1905 1435 es
1922 1407 2014 1435 eam
2028 1407 2206 1435 sororem

291 1457 406 1490 tuam
436 1450 545 1491 esse?
577 1451 824 1504 Respondit:
856 1451 990 1492 Timui
1018 1465 1068 1492 ne
1098 1465 1274 1493 morerer
1301 1457 1469 1506 propter
1497 1465 1599 1494 eam.
1659 1455 1694 1476 ¹⁰
1722 1453 1921 1507 Dixitque
1949 1452 2206 1494 Abimelech:

291 1509 424 1557 Quare
440 1510 671 1563 imposuisti
688 1510 829 1551 nobis?
846 1511 985 1564 potuit
1000 1511 1105 1552 90119
1123 1512 1327 1565 quispiam
1343 1511 1392 1552 de
1408 1511 1559 1565 populo
1577 1525 1670 1552 cum
1686 1525 1811 1553 uxore
1828 1518 1913 1555 tua.
1931 1518 1973 1552 et
1987 1512 2207 1553 induxeras

290 1581 411 1621 super
440 1582 512 1610 nos
542 1570 696 1621 grande
727 1574 954 1623 peccatum.
988 1570 1269 1624 Praecepitque
1300 1571 1411 1611 omm'
1441 1571 1606 1624 populo.
1640 1571 1794 1611 dicens:
1854 1573 1883 1595 n
1917 1571 1996 1619 Qui
2026 1571 2208 1625 tetigerit

288 1627 462 1668 hominis
493 1628 612 1669 huius
644 1642 825 1673 uxorem.
858 1636 988 1670 morte
1019 1630 1226 1671 morietur.

396 1689 427 1711 12
441 1688 556 1729 Sevit
570 1693 709 1729 autem
727 1688 842 1729 Isaac
856 1689 897 1729 in
912 1694 1021 1730 terra
1033 1688 1113 1733 illa.
1131 1694 1172 1730 et.
1185 1689 1343 1730 invenit
1358 1690 1400 1730 in
1413 1690 1501 1743 ipso
1517 1702 1624 1730 anno
1639 1689 1897 1743 centuplum:
1914 1689 2207 1743 benedixitque

288 1746 323 1786 ei
340 1746 554 1788 Dominus.
602 1749 633 1772 13
650 1747 706 1788 Ε1
722 1747 996 1801 locupletatus
1015 1753 1076 1789 est
1093 1749 1229 1798 homo,
1249 1753 1291 1789 et
1306 1749 1395 1790 ibat
1412 1748 1630 1802 proficiens
1649 1755 1774 1802 atque
1792 1761 2059 1794 succrescens,
2079 1748 2208 1789 donee

290 1818 460 1859 magnus
482 1806 746 1847 vehementer
766 1807 934 1848 effeetus
955 1814 1035 1848 est:
1084 1810 1116 1832 1⁴
1136 1808 1284 1848 habuit
1305 1821 1468 1862 quoque
1487 1807 1759 1861 possessiones
1781 1807 1922 1848 ovium
1942 1812 1984 1848 et
2004 1812 2209 1848 armento-

288 1877 392 1908 rum.
418 1873 460 1906 et
481 1865 646 1907 familiae
669 1866 903 1919 plurimum.
930 1867 993 1908 Ob
1018 1868 1093 1908 hoc
1117 1867 1347 1908 invidentes
1372 1867 1407 1908 ei
1429 1867 1650 1917 Palaestini,
1702 1869 1734 1891 1⁵
1758 1879 1897 1908 omnes
1921 1871 2080 1920 puteos.
2107 1879 2208 1920 quos

290 1923 479 1965 foderant
505 1925 611 1965 servi
637 1925 766 1978 patris
793 1925 897 1966 illius
925 1926 1148 1975 Abraham,
1177 1926 1243 1967 illo
1271 1930 1455 1980 tempore
1483 1927 1790 1975 obstruxerunt,
1820 1925 2035 1979 implentes
2062 1926 2207 1966 humo:

291 1984 324 2006 ¹⁶
341 1983 382 2023 in
400 1988 579 2026 tantum.
600 1990 647 2025 ut
664 1984 748 2037 ipse
767 1984 1004 2025 Abimelech
1023 1985 1173 2026 diceret
1192 1985 1245 2026 ad
1264 1985 1397 2026 Isaac:
1418 1986 1578 2026 Recede
1597 1999 1618 2025 3
1637 1985 1767 2030 1101115,
1789 1984 1983 2038 (11101113111
2000 1984 2210 2038 potentior

288 2042 404 2083 nobis
434 2043 568 2084 factus
598 2056 638 2084 es
669 2043 800 2085 valde.

399 2103 431 2125 1⁷
448 2102 503 2142 Et
519 2102 583 2143 ille
600 2102 823 2144 discedens.
842 2109 888 2143 ut
905 2104 1063 2144 veniret
1079 2104 1131 2144 ad
1148 2109 1372 2144 torrentem
1388 2104 1562 2146 Gerarae.
1580 2103 1870 2156 habitaretque
1886 2103 1961 2143 ibi:
1998 2103 2033 2126 1⁸
2047 2115 2209 2143 rursum

293 2161 397 2202 fodit
427 2160 524 2202 alios
554 2167 711 2215 puteos,
744 2175 843 2216 quos
872 2162 1063 2203 foderant
1090 2162 1196 2203 servi
1222 2163 1351 2216 patris
1379 2162 1441 2203 sui
1468 2162 1692 2211 Abraham,
1723 2171 1764 2203 et
1793 2174 1905 2215 quos,
1935 2160 2002 2203 illo
2031 2165 2207 2205 mortuo.

291 2220 388 2261 011111
420 2221 712 2262 obstruxerant
743 2220 1010 2262 Philisthiim:
1045 2221 1352 2276 appellavitque
1384 2234 1450 2263 eos
1483 2221 1634 2262 eisdem
1667 2220 1900 2262 nominibus
1933 2220 2081 2274 quibus
2113 2225 2210 2260 ante

292 2285 410 2333 pater
430 2285 664 2321 vocaverat.
715 2282 750 2304 1⁹
770 2280 804 2320 F
807 2281 1064 2335 oderuntque
1084 2281 1125 2321 in
1148 2281 1355 2324 Torrente.
1379 2284 1421 2321 et
1439 2284 1679 2334 repererunt
1699 2293 1851 2334 aquam
1872 2279 2025 2320 vivam.
2075 2280 2112 2303 2⁰
2130 2278 2210 2320 Sed

292 2344 334 2380 et
360 2339 416 2379 ibi
445 2339 620 2393 iurgium
648 2340 728 2380 fuit
755 2345 969 2393 pastorum
998 2340 1159 2381 Gerarae
1188 2340 1382 2381 adversus
1411 2344 1596 2393 pastores
1627 2339 1754 2389 [sa-ac,
1785 2338 2028 2379 dicentium:
2060 2338 2211 2379 Nostra

293 2404 354 2438 est
381 2412 500 2452 aqua.
529 2411 654 2452 quam
682 2399 734 2440 ob
760 2412 846 2439 rem
874 2412 1023 2440 nomen
1049 2399 1165 2453 putei
1193 2412 1243 2439 ex
1269 2412 1328 2441 eo.
1360 2399 1470 2453 quod
1498 2398 1714 2447 acciderat.
1744 2397 1911 2439 voca-vit
1937 2396 2207 2438 Calumniam.

294 2460 324 2481 '21
354 2457 387 2497 F
391 2458 565 2498 odoi-unt
595 2462 733 2498 autem
764 2463 806 2498 et
835 2458 979 2499 alium:
1011 2464 1052 2499 et
1080 2471 1153 2512 pro
1184 2458 1250 2499 illo
1282 2471 1444 2512 quoque
1473 2458 1597 2498 rixati
1625 2462 1734 2500 sunt.
1767 2455 2074 2511 appellavitque
2102 2469 2209 2499 eum.

296 2517 547 2557 Inimicitias.
609 2519 641 2540 '²²'
672 2517 884 2558 Proiectus
917 2518 1011 2558 inde
1042 2517 1149 2558 fodit
1181 2517 1306 2558 alium
1337 2522 1522 2570 puteum.
1556 2529 1629 2570 pro
1663 2529 1743 2570 quo
1775 2529 1858 2557 non
1889 2515 2209 2557 contenderunt:

293 2575 433 2629 itaque
456 2576 622 2616 vocavit
646 2589 795 2616 nomen
819 2577 914 2623 eius,
940 2576 1150 2621 Latitudo,
1176 2576 1331 2617 dicens:
1358 2576 1476 2616 Nunc
1500 2575 1694 2617 dilatavit
1715 2588 1789 2616 nos
1811 2574 2026 2616 Donu’nus.
2051 2578 2093 2615 et
2112 2574 2211 2614 fecit

295 2647 468 2675 91959919
497 2648 618 2687 super
647 2645 810 2676 terram.

759 2741 797 2780 3.
829 2740 988 2782 Priora
1017 2741 1119 2781 acta
1147 2740 1191 2780 in
1224 2740 1466 2790 Bersabee,
1495 2740 1561 2791 26,
1581 2739 1760 2780 23-35.

400 2813 432 2835 '³³⁵
462 2812 657 2852 Ascendit.
687 2820 825 2852 31119111
857 2824 906 2852 ex
934 2810 1002 2852 illo
1031 2810 1119 2852 loeo
1149 2811 1189 2851 in
1227 2811 1433 2860 Bersabee.
1492 2812 1524 2835 ²⁴
1553 2810 1623 2851 ubi
1654 2811 1846 2864 apparuit
1876 2811 1910 2851 ei
1939 2810 2140 2852 Dominus
2171 2820 2210 2849 111

298 2870 383 2922 ipsa
408 2876 538 2912 nocte.
563 2871 718 2911 dicens:
742 2871 829 2924 Ego
852 2884 941 2911 511111
964 2870 1074 2911 Ι)9115
1097 2870 1307 2910 Abra-ham
1330 2870 1458 2923 patris
1480 2870 1554 2912 tui.
1578 2869 1660 2911 noli
1682 2870 1837 2913 timere.
1863 2870 1959 2923 quia-
1980 2881 2052 2923 ego
2074 2872 2210 2909 tecum

295 2941 404 2968 sum:
428 2929 664 2969 benedicam
687 2924 837 2973 1111191
858 2928 1141 2982 multiplicabo
1162 2942 1299 2969 semen
1320 2937 1438 2970 tuum
1459 2933 1627 2982 propter
1646 2942 1808 2970 servum
1829 2942 1966 2970 meum
1985 2927 2209 2969 Abraham.

296 2989 327 3011 ²5
351 2987 496 3040 ltaque
518 2988 740 3029 zedit'ieavit
761 2989 815 3030 ibi
840 2988 985 3029 altare:
1009 2992 1049 3028 et
1070 2989 1262 3029 invocato
1284 2988 1447 3029 nomine
1472 2988 1647 3032 Domini.
1672 2988 1857 3029 extendit
1879 2985 2209 3028 tabernaculum:

295 3047 569 3100 prfecepitque
599 3048 723 3088 servis
753 3048 834 3088 suis
866 3053 911 3087 ut
940 3048 1128 3088 foderent
1156 3051 1340 3100 puteum.

405 3108 440 3130 2⁶
464 3107 529 3147 Ad
556 3120 677 3160 quem
702 3106 835 3147 locum
863 3120 956 3147 cum
982 3107 1189 3147 venissent
1214 3106 1264 3147 de
1290 3106 1450 3147 (31913115
1476 3106 1724 3149 Α111111919911.
1753 3110 1794 3147 et
1819 3105 2032 3147 Ocliozath
2058 3103 2211 3144 amicus

300 3166 415 3209 illius.
447 3171 487 3207 et
517 3165 656 3206 Phicol
684 3166 768 3206 dux
800 3166 986 3210 militum.
1043 3167 1077 3190 '2⁷
1106 3165 1266 3206 locutus
1295 3170 1355 3205 est
1385 3165 1440 3205 eis
1471 3165 1604 3206 Isaac:
1634 3164 1742 3213 Quid
1771 3164 1940 3205 venistis
1969 3164 2021 3204 ad
2048 3175 2113 3203 me
2140 3162 2212 3202 ho-

296 3226 446 3266 minem
474 3238 593 3279 quem
621 3224 776 3269 odistis.
804 3230 841 3264 et
872 3224 1083 3278 expulistis
1110 3238 1133 3265 a
1159 3224 1300 3265 vobis?
1354 3226 1389 3248 ²⁸
1414 3224 1493 3273 Qui
1517 3224 1834 3277 responderunt:
1862 3223 2048 3264 Vidimus
2073 3226 2208 3261 tecum

296 3298 380 3325 esse
398 3284 636 3331 Dominum,
657 3290 698 3323 et
717 3283 864 3323 ideirco
884 3297 955 3324 nos
975 3284 1172 3324 diximus:
1192 3283 1252 3323 Sit
1275 3283 1550 3323 iuramentum
1568 3283 1675 3323 inter
1693 3296 1778 3326 nos.
1799 3287 1841 3323 et.
1861 3283 2042 3323 ineamus
2061 3280 2209 3321 foedus.

430 3412 471 3443 :50
490 3411 585 3444 &de
606 3413 639 3444 1:
670 3411 743 3444 11111
765 3414 812 3444 12.
837 3414 882 3444 ἰδὲ.
927 3432 951 3433 ἡ
979 3413 1032 3451 211,
1053 3414 1071 3444 5}
1089 3413 1178 3455 bo'up
1202 3413 1249 3445 12.
1272 3411 1304 3445 1:
1337 3414 1383 3445 ls).
1408 3412 1453 3444 13.
1491 3431 1531 3434 ἡ
1566 3410 1584 3443 4
1606 3410 1692 3453 ί’31111
1713 3410 1763 3442 12.
1783 3408 1818 3445 3;
1846 3407 1896 3444 18,
1919 3407 1973 3441 18:
2001 3408 2053 3441 22.
2075 3408 2130 3442 ⁷15:
2160 3406 2212 3439 Im'

299 3460 350 3493 26.
372 3461 420 3492 1-1.
