2356 3760
151 1914 290 1938 invitatio

154 1956 286 1974 omnium

324 168 400 209 392
1163 165 1308 199 LIBER
1334 166 1381 200 ΙΙ.
1939 170 1992 209 29,
2019 170 2160 210 23-3o‚
2188 172 2229 204 14

325 261 437 301 illum
462 273 582 313 super
607 260 745 303 altare.
799 264 1086 299 mactaverunt
1110 260 1234 300 etiam
1261 260 1416 303 arietes.
1444 266 1484 301 et
1510 260 1668 301 illorum
1693 261 1933 312 sanguinem
1958 276 2078 317 super
2103 265 2230 306 altare

325 319 531 364 fuderunt,
566 319 962 371 immolaveruntque
995 331 1130 368 agnOS,
1165 324 1206 359 et
1240 319 1430 358 fuderunt
1463 333 1582 372 super
1614 319 1741 360 altare
1773 321 2022 373 sanguinem.
2083 326 2114 348 ²³³
2145 324 2227 377 Ap-

326 377 548 431 plicuerunt
577 379 704 417 hireos
727 390 798 429 pro
823 381 987 429 peeeato
1010 390 1145 417 eoram
1167 391 1269 427 rege,
1293 382 1333 417 et
1356 377 1544 418 universa
1565 378 1840 425 multitudine,
1865 379 2228 436 imposueruntque

326 451 469 477 manus
499 451 590 477 suas
621 449 740 488 super
768 450 852 476 eos:
910 437 941 459 24
971 440 1011 476 et
1041 435 1355 477 immolaverunt
1387 436 1472 477 illos
1500 438 1749 483 Sacerdotes,
1782 443 1820 478 et
1852 446 2109 491 asperserunt
2138 455 2229 482 san-

323 497 483 547 guinem
514 508 651 535 eorum
680 507 813 535 eoram
844 494 970 534 altare
999 507 1068 547 pro
1098 495 1254 548 pia-culo
1283 495 1458 535 universi
1491 496 1662 535 Israelis:
1692 509 1763 549 pro
1791 497 1901 537 omni
1929 499 2078 551 quippe
2108 500 2229 541 lsrael

327 560 566 607 praeceperat
594 567 662 593 rex
685 560 729 593 ut
753 553 1034 593 holocaustum
1059 554 1170 594 fieret
1193 558 1233 593 et
1255 566 1325 606 pro
1350 560 1527 606 peceato.
1579 556 1610 578 ²⁵
1632 555 1853 596 Constituit
1878 570 2038 610 quoque
2066 558 2228 599 Levitas

326 614 363 653 in
393 614 513 653 domo
547 612 706 653 Domini
737 626 826 652 eum
857 612 1065 665 cymbalis,
1096 619 1135 653 et
1166 612 1375 665 psalteriis,
1406 620 1444 653 et
1474 613 1638 653 eitharis
1667 614 1889 654 seeundum
1918 616 2227 669 dispositionem

326 672 461 712 David
490 672 601 721 regis.
631 678 671 711 et
698 672 785 711 (lad
817 671 1010 716 Videntis,
1040 677 1078 712 et
1111 671 1275 712 Nathan
1305 672 1529 724 prophetze:
1558 672 1755 725 siquidem
1786 673 1950 714 Domini
1978 682 2228 729 praeceptum

326 731 402 771 suit
427 744 493 783 per
514 744 678 771 manum
704 730 992 783 prophetarum
1015 731 1109 771 eius.
1159 732 1194 754 '³⁶
1214 731 1506 784 steteruntque
1531 731 1681 771 Levita:
1702 738 1886 772 tenentes
1908 746 2059 782 organa
2078 735 2227 779 David,

326 796 365 830 et
395 790 632 829 Sacerdotes
664 790 794 830 tubas.
853 791 886 812 2⁷
917 789 966 829 Et
1002 789 1116 829 iussit
1151 789 1339 829 Ezechias
1370 795 1413 830 ut
1445 790 1636 830 offerrent
1667 790 1904 831 holoeausta
1933 806 2053 845 super
2083 793 2228 834 altare:

326 863 499 901 eumque
523 850 763 889 offerrentur
787 848 1034 892 holocausta,
1060 853 1272 901 eoeperunt
1295 848 1434 889 laudes
1456 862 1598 890 canere
1621 849 1809 896 Domino,
1835 856 1875 891 et
1897 850 2082 904 clangere
2107 853 2226 896 tubis.

326 915 450 961 atque
472 908 510 948 in
532 907 698 947 diversis
720 907 890 957 organis,
914 921 1003 960 qua»
1027 907 1159 947 David
1180 920 1249 947 rex
1272 907 1393 948 Israel
1416 914 1727 961 praeparavorat,
1751 922 2002 962 concrepare.
2053 913 2087 934 ²⁸
2108 911 2230 952 Omni

325 974 461 1007 autem
496 967 615 1006 turba
649 967 856 1010 adora-nte,
891 972 1088 1009 cantores.
1121 971 1162 1006 et
1193 966 1230 1010 ii,
1265 966 1333 1019 qui
1366 968 1561 1007 tenebant
1593 967 1725 1012 tubas,
1774 974 1889 1009 erant
1921 969 1959 1009 in
1992 970 2124 1010 ol'fieio
2156 983 2229 1011 suo

325 1027 451 1067 donov
471 1025 741 1078 compleretur
761 1025 1054 1066 holoeaustum.
1103 1027 1138 1049 2⁹
1157 1026 1339 1078 Cumque
1361 1025 1473 1066 finita
1494 1031 1598 1067 esset
1617 1026 1782 1070 oblatio,
1805 1027 2044 1068 incurvatus
2064 1034 2124 1070 est
2146 1042 2226 1073 rex,

325 1092 365 1125 et
388 1098 525 1125 omnes
550 1085 616 1137 qui
641 1090 754 1124 erant
779 1097 870 1124 eum
893 1098 951 1129 eo,
976 1090 1016 1125 et
1039 1085 1325 1125 adoraverunt.
1376 1088 1412 1109 ³⁰
1437 1085 1711 1138 l'i·;e(·epitque
1735 1086 1939 1129 Ezeehias.
1965 1092 2003 1127 et
2029 1088 2229 1141 principos

326 1144 477 1184 Levitis
510 1150 553 1184 ut
589 1144 802 1183 laudarent
836 1143 1057 1184 Dominum
1091 1144 1344 1184 sermonibus
1376 1145 1524 1189 David,
1559 1150 1598 1185 et
1632 1145 1771 1198 Asaph
1804 1145 2007 1186 Videntis:
2044 1146 2112 1200 qui
2145 1147 2229 1187 lau-

324 1204 526 1244 daverunt
553 1216 642 1243 eum
673 1216 821 1251 magna
846 1202 999 1247 laetitia,
1028 1208 1069 1243 et
1095 1203 1308 1244 ineurvato
1335 1216 1439 1253 genu
1467 1204 1753 1245 adoraverunt.
1809 1206 1838 1228 3¹
1868 1204 2062 1245 Ezechias
2090 1210 2229 1246 autem

324 1263 448 1303 etiam
473 1263 555 1303 haec
581 1262 757 1302 addidit:
791 1262 988 1314 implestis
1013 1275 1157 1302 manus
1182 1267 1338 1302 vestras
1362 1263 1550 1307 Domino,
1577 1263 1767 1308 accedite,
1794 1269 1833 1303 et
1859 1263 2001 1304 offerte
2026 1264 2225 1309 victimas.

324 1327 365 1362 et
397 1321 535 1361 laudes
569 1322 607 1361 in
641 1321 761 1361 domo
795 1321 970 1362 Domini.
1006 1321 1168 1362 Obtulit
1200 1334 1291 1371 ergo
1325 1321 1514 1361 universa
1545 1321 1767 1362 multitudo
1802 1322 1966 1369 hostias,
2002 1328 2043 1363 et
2074 1323 2227 1367 laudes,

325 1387 365 1421 et
389 1380 626 1421 holocausta
648 1385 784 1420 mente
808 1380 968 1421 devota.
1020 1382 1052 1404 3²
1076 1380 1198 1421 Porro
1223 1393 1413 1421 numerus
1437 1380 1778 1426 holocaustorum,
1806 1394 1894 1434 quze
1917 1381 2068 1422 obtulit
2089 1381 2227 1422 multi-

325 1440 436 1482 tudo,
473 1440 535 1479 hie
568 1439 657 1482 fuit,
694 1440 846 1479 Tauros
879 1439 1150 1492 septuaginta,
1187 1440 1330 1480 arietes
1364 1444 1539 1484 eentum,
1576 1452 1699 1489 agnos
1733 1440 1940 1481 ducentos.
2002 1442 2034 1465 3³
2066 1441 2223 1481 Sancti-

325 1499 631 1551 ficaveruntque
664 1498 840 1538 Domino
875 1499 997 1539 boves
1030 1504 1253 1543 sexcentos,
1288 1504 1329 1539 et
1361 1512 1457 1539 oves
1490 1499 1569 1539 tria
1601 1498 1737 1539 millia.
1798 1501 1830 1523 ³⁴
1862 1500 2101 1540 Saeerdotes
2134 1513 2230 1540 vero

325 1557 444 1611 pauci
473 1564 600 1600 erant,
632 1570 703 1597 nee
732 1562 922 1610 poterant
951 1557 1133 1597 sufficere
1163 1563 1207 1597 ut
1236 1557 1356 1610 pelles
1385 1557 1714 1599 holocaustorum
1744 1558 2023 1598 detraherent:
2054 1559 2162 1599 unde
2191 1565 2230 1599 et

325 1617 479 1657 Levita*
508 1617 653 1657 fratres
684 1629 821 1657 eorum
853 1616 1099 1656 adiuverunt
1129 1629 1207 1661 eos,
1240 1617 1367 1656 donee
1397 1616 1632 1669 impleretur
1662 1630 1774 1670 opus,
1807 1623 1848 1657 et
1878 1618 2232 1658 sanctificarentur

326 1676 548 1716 antistites:
572 1675 725 1716 Levitae
747 1675 896 1728 quippe
917 1675 1084 1715 faciliori
1106 1675 1185 1715 ritu
1207 1675 1526 1717 sanctificantur.
1551 1688 1674 1728 quam
1695 1677 1944 1717 Sacerdotes
1994 1679 2026 1701 3⁵
2047 1677 2229 1717 Fuerunt

325 1749 417 1785 ergo
444 1735 683 1776 holocausta
710 1734 894 1788 plurima,
924 1735 1063 1787 adipes
1089 1734 1362 1787 paeifieorum,
1391 1739 1432 1774 et
1457 1734 1653 1774 libamina
1678 1734 2027 1776 holocaustorum:
2056 1741 2097 1776 et
2123 1749 2231 1776 eom-

325 1794 458 1847 pletus
481 1800 542 1834 est
564 1794 697 1834 cultus
720 1794 865 1835 domus
888 1793 1063 1834 Domini.
1115 1795 1150 1818 ³⁶
1172 1794 1436 1846 Laetatusque
1459 1800 1518 1834 est
1543 1793 1747 1840 Ezechias,
1773 1799 1813 1833 et
1836 1795 1964 1834 omnis
1988 1794 2162 1847 populus
2184 1807 2229 1835 eo

327 1854 436 1907 quod
464 1853 731 1894 ministerium
760 1853 925 1894 Domini
953 1859 1056 1893 esset
1084 1852 1304 1906 expletum.
1334 1853 1395 1893 De
1422 1858 1587 1905 repente
1617 1852 1766 1905 quippe
1793 1852 1868 1893 hoe
1898 1853 1979 1893 fieri
2008 1853 2228 1906 placuerat.

431 1912 494 1955 3⁰.
551 1915 560 1936 ¹
586 1913 696 1952 Misit
719 1925 879 1965 quoque
903 1912 1095 1952 Ezechias
1118 1912 1169 1952 ad
1192 1925 1353 1953 omnem
1378 1911 1500 1952 lsrael
1522 1917 1563 1952 et
1588 1911 1750 1951 Iudam:
1775 1912 2016 1965 scripsitque
2038 1911 2230 1965 epistolas

121 1972 377 2012 [sraontarumad
401 1972 596 2025 Ephraim
623 1977 663 2012 et
687 1972 902 2012 Manassen
928 1978 972 2012 ut
997 1972 1182 2011 venirent
1206 1971 1258 2011 ad
1282 1971 1449 2011 domum
1474 1971 1639 2011 Domini
1664 1971 1703 2010 in
1730 1970 1960 2017 Ierusalem,
1987 1976 2027 2011 et
2050 1971 2230 2011 facerent

137 2020 173 2045 ad
196 2020 303 2050 paseha

147 2055 292 2081 celebran-

180 2092 260 2121 dum,

148 3450 303 3475 celebratio

149 3486 303 3515 paschatis,

154 3525 164 3537 U

324 2031 455 2071 Phase
486 2031 662 2072 Domino
693 2031 778 2071 Deo
813 2030 945 2071 lsrael.
1005 2032 1019 2054 2
1052 2030 1158 2071 lnito
1189 2043 1280 2079 ergo
1312 2030 1476 2071 consilio
1508 2030 1608 2083 regis
1639 2035 1679 2070 et
1709 2029 1950 2082 principum,
1983 2035 2024 2070 et
2054 2030 2230 2070 universi

325 2097 456 2131 eoetus
494 2090 723 2136 Ierusalem,
761 2090 1028 2130 decreverunt
1062 2095 1109 2130 ut
1142 2090 1322 2129 facerent
1358 2089 1488 2129 Phase
1522 2102 1659 2129 mense
1694 2089 1882 2129 seeundo.
1945 2091 1961 2113 3
1996 2089 2087 2129 Non
2123 2089 2230 2129 enim

325 2155 545 2203 potuerant
568 2150 698 2189 faeere
722 2149 762 2189 in
786 2155 967 2202 tempore
990 2162 1074 2194 suo,
1101 2149 1196 2202 quia
1218 2148 1458 2192 sacerdotes,
1485 2148 1553 2201 qui
1576 2153 1742 2201 possent
1765 2148 1958 2193 sufficere,
1984 2147 2228 2188 sanctificati

325 2223 405 2250 non
435 2210 609 2252 fuerant.
642 2215 682 2249 et.
711 2208 884 2261 populus
914 2208 1095 2249 nondum
1126 2213 1392 2261 congregatus
1421 2207 1555 2247 fuerat
1584 2207 1624 2247 in
1657 2207 1886 2248 Ierusalem.
1944 2209 1959 2231 ⁴
1988 2207 2230 2260 Plaeuitque

325 2281 454 2309 sermo
477 2268 570 2317 reg-i,
595 2273 634 2308 et
658 2268 766 2308 omni
790 2267 1056 2308 multitiulini.
1107 2269 1122 2291 5
1145 2267 1200 2307 Et
1222 2267 1488 2307 decreverunt
1512 2272 1557 2306 ut
1580 2266 1791 2306 mitterent
1814 2266 1982 2307 nuneios
2004 2266 2045 2306 in
2069 2266 2229 2306 univer-

324 2340 413 2368 sum
446 2326 568 2368 Israel
598 2327 646 2367 de
682 2327 875 2367 Bersabee
907 2339 1033 2380 usque
1063 2326 1155 2366 Dan
1188 2331 1233 2366 ut
1263 2325 1459 2371 venirent,
1493 2330 1533 2365 et
1561 2325 1742 2365 facerent
1772 2324 1902 2365 Phase
1932 2325 2109 2366 Domino
2140 2325 2228 2365 Deo

327 2386 449 2427 Israel
477 2387 516 2426 in
547 2386 781 2426 Ierusalem:
811 2385 930 2426 multi
958 2386 1063 2426 enim
1093 2398 1173 2426 non
1201 2385 1381 2425 fecerant
1408 2384 1513 2425 sieut
1538 2384 1623 2437 lege
1651 2384 1932 2437 praeseriptum
1960 2389 2032 2424 est.
2091 2385 2107 2407 ⁶
2135 2384 2226 2424 Per-

324 2452 596 2499 rexeruntque
616 2458 793 2486 cursores
813 2458 903 2485 eum
924 2444 1101 2498 epistolis
1121 2458 1170 2485 ex
1188 2444 1289 2493 regis
1308 2444 1487 2497 imperio,
1509 2448 1549 2484 et
1568 2443 1796 2496 prineipum
1816 2443 1911 2487 eius,
1932 2443 1972 2483 in
1991 2443 2229 2483 universum

328 2505 450 2545 lsrael
478 2511 517 2545 et
548 2505 692 2545 ludam
720 2505 837 2545 iuxta
864 2504 915 2548 id,
947 2504 1055 2557 quod
1082 2516 1152 2544 rex
1180 2504 1362 2548 iusserat,
1392 2503 1677 2556 praedieantes:
1709 2501 1798 2542 Filii
1828 2501 1951 2542 Israel
1978 2501 2231 2542 revertimini

326 2565 378 2604 ad
404 2564 625 2605 ,Dominum
652 2564 784 2604 Deum
810 2563 1030 2606 Abraham.
1058 2568 1098 2603 et
1126 2563 1250 2608 Isaae,
1279 2567 1319 2603 et
1347 2561 1486 2602 Israel:
1514 2567 1554 2602 et
1578 2566 1806 2602 revertetur
1832 2561 1883 2601 ad
1909 2560 2110 2614 reliquias,
2140 2573 2230 2613 qute

326 2624 555 2671 effugerunt
582 2636 750 2663 manum
778 2622 878 2676 regis
908 2622 1175 2675 Assyriorum.
1235 2623 1248 2645 ⁷
1278 2621 1412 2662 Nolite
1442 2621 1524 2661 fieri
1552 2621 1656 2661 sieut
1683 2626 1819 2674 patres
1849 2620 1983 2664 vestri.
2015 2626 2055 2660 et
2082 2620 2230 2660 fratres

328 2682 395 2736 qui
423 2688 672 2723 recesserunt
700 2695 723 2722 a
750 2682 925 2722 Domino
955 2682 1040 2722 Deo
1069 2686 1234 2734 patrum
1262 2693 1439 2725 suorum,
1471 2680 1540 2733 qui
1567 2679 1738 2720 tradidit
1766 2692 1832 2720 eos
1860 2679 1900 2719 in
1928 2678 2152 2725 interitum,
2184 2684 2230 2718 ut

327 2742 402 2795 ipsi
425 2741 598 2782 cernitis.
653 2743 668 2764 ⁸
694 2741 826 2782 Nolite
851 2741 1039 2781 indurare
1063 2740 1235 2780 eervices
1259 2745 1427 2786 vestras,
1453 2739 1557 2779 sieut
1580 2744 1718 2792 patres
1741 2738 1883 2779 vestri:
1909 2738 2062 2778 tradite
2087 2750 2233 2778 manus

327 2801 515 2844 Domino,
550 2806 590 2841 et
622 2800 757 2841 venite
790 2800 842 2841 ad
874 2799 1150 2840 sanctuarium
1183 2799 1278 2847 eius,
1314 2799 1423 2852 quod
1455 2798 1727 2838 sanctificavit
1760 2798 1800 2838 in
1831 2802 2049 2838 zetern11m:
2084 2796 2233 2837 servite

327 2860 503 2901 Domino
531 2860 617 2899 Deo
644 2865 808 2912 patrum
837 2866 1078 2903 vestrorum,
1108 2864 1148 2899 et
1175 2864 1384 2899 avertetur
1411 2870 1435 2897 a
1461 2857 1575 2898 vobis
1604 2857 1662 2897 ira
1687 2856 1832 2897 suroris
1859 2857 1954 2897 eius.
2013 2858 2028 2880 ⁹
2055 2856 2095 2896 Si
2124 2855 2232 2896 enim

327 2932 399 2959 vos
431 2919 577 2959 reversi
609 2918 765 2958 fueritis
797 2918 848 2958 ad
880 2918 1120 2958 I.)ominum:
1152 2918 1298 2958 fratres
1330 2916 1465 2960 vestri,
1500 2921 1540 2957 et
1572 2916 1639 2956 filii
1671 2916 1883 2956 habebunt
1914 2914 2232 2955 misericordiam

328 2991 463 3019 eoram
494 2978 667 3019 dominis
697 2978 789 3021 suis,
822 2977 890 3030 qui
920 2977 1006 3018 illos
1037 2977 1242 3017 duxerunt
1272 2976 1468 3029 captivos,
1500 2982 1541 3015 et
1569 2979 1826 3015 revertentur
1855 2974 1895 3014 in
1925 2980 2075 3014 terram
2106 2973 2229 3013 hane:

328 3037 417 3090 pius
437 3037 543 3077 enim
564 3043 604 3077 et
624 3036 797 3077 clemens
818 3045 876 3077 est
898 3036 1098 3077 Dominus
1118 3036 1227 3075 Deus
1247 3041 1392 3078 vester,
1415 3039 1455 3075 et
1475 3048 1555 3075 non
1577 3039 1735 3074 avertet
1754 3034 1898 3073 faeiem
1920 3046 2035 3073 suam
2057 3045 2080 3072 a
2101 3032 2228 3075 vobis.

328 3097 359 3136 si
389 3096 537 3136 reversi
567 3096 722 3136 fueritis
753 3096 805 3136 ad
835 3109 938 3136 eum.
1000 3097 1034 3119 ¹⁰
1066 3094 1194 3148 Igitur
1224 3107 1401 3135 cursores
1432 3094 1656 3147 pergebant
1687 3092 1878 3133 velociter
1908 3092 1957 3133 de
1988 3091 2157 3132 eivitate
2189 3091 2229 3131 in

329 3155 537 3195 eivitatem
573 3168 642 3208 per
675 3161 822 3195 terram
856 3154 1064 3207 Ephraim,
1099 3159 1140 3194 et
1172 3154 1357 3194 Manasse
1391 3166 1516 3206 usque
1550 3153 1601 3193 ad
1635 3151 1828 3195 Zabulon.
1863 3151 1938 3191 illis
1970 3150 2232 3190 irridentibus

329 3220 368 3253 et
395 3214 741 3254 subsannantilms
769 3227 845 3254 eos.
904 3215 931 3237 11
959 3213 1153 3253 Attamen
1182 3213 1348 3265 quidam
1375 3212 1450 3252 viri
1476 3225 1525 3252 ex
1551 3211 1660 3255 Aser.
1689 3217 1729 3251 et
1756 3211 1952 3254 Manasse,
1981 3214 2020 3249 et
2049 3208 2231 3249 Zabulon

331 3273 630 3325 aequieseentes
665 3272 841 3317 consilio,
879 3277 1079 3312 venerunt
1117 3271 1345 3312 Ierusalem.
1427 3273 1456 3294 ¹2
1495 3271 1539 3310 ln
1583 3270 1680 3310 luda
1715 3282 1809 3310 vero
1845 3270 1956 3309 faeta
1989 3274 2049 3309 est
2086 3280 2231 3308 manus

330 3331 494 3371 Domini
522 3337 567 3371 ut
597 3332 708 3372 ‹laret
740 3332 795 3371 eis
823 3344 890 3372 eor
918 3344 1056 3375 unum,
1089 3336 1133 3371 ut
1162 3331 1341 3371 faverent
1370 3330 1486 3370 iuxta
1514 3336 1760 3382 paeceptum
1790 3328 1902 3379 regis,
1933 3332 1973 3368 et
2002 3327 2231 3380 principum

331 3390 497 3430 verbum
534 3391 705 3431 Domini.

439 3451 467 3473 ¹³³
499 3450 820 3502 (¹‹mgreuatique
853 3456 948 3489 sunt
980 3450 1018 3489 in
1056 3448 1270 3488 Ierusalem
1306 3448 1442 3501 populi
1476 3447 1594 3488 multi
1628 3452 1673 3487 ut
1706 3447 1884 3486 facerent
1917 3445 2232 3486 sollemnitatem

331 3521 579 3562 azymorum,
611 3508 648 3547 in
677 3522 810 3547 mense
838 3509 1032 3548 secundo:
1091 3510 1117 3532 ¹¹
1145 3514 1183 3547 et
1212 3513 1420 3555 sumentes
1447 3507 1737 3547 destruxerimt
1764 3504 1907 3545 altaria
1936 3518 2025 3557 quae
2051 3508 2165 3544 erant
2195 3503 2231 3543 in
