2356 3760
117 123 170 164 28,
196 123 336 164 21⁷<29,
362 124 402 157 27
879 123 1257 159 PROVERBIORIJM
1930 137 2004 179 587

120 219 149 241 2¹
173 216 251 265 Qui
271 218 477 271 cognoscit
496 218 534 258 in
555 218 701 259 iudicio
722 217 877 261 faciem,
899 230 979 258 non
1002 218 1218 259 benefacit:
1287 221 1360 261 iste
1380 225 1421 261 et
1441 234 1510 274 pro
1531 222 1709 264 buccella
1728 228 1840 278 panis
1860 230 2005 270 deserit

385 277 611 318 veritatem.

119 336 255 382 22Vir,
287 336 355 389 qui
382 336 550 376 festinat
577 333 710 380 ditari
741 338 781 373 et
809 333 894 373 aliis
924 334 1090 383 invidet,
1173 335 1331 388 ignorat
1360 339 1465 391 quod
1496 346 1650 392 egestas
1678 344 1933 394 suprrveniet
1960 346 2004 386 ei

120 396 152 418 ²³
173 395 250 443 Qui
281 394 449 458 corripit
475 392 692 438 hominem,
727 392 900 445 gratiam
931 398 1075 445 postea
1103 393 1282 435 inveniet
1312 397 1420 449 apud
1451 410 1541 437 eum
1573 399 1698 451 magis
1781 413 1901 453 quam
1932 402 2006 449 ille,

383 452 451 505 qui
481 464 551 505 pei
578 450 724 503 linguae
754 450 1035 491 blandimenta
1064 452 1225 504 decipit.

120 514 152 536 ²4
174 513 252 562 Qui
277 510 483 552 subtrahit
508 509 662 563 aliquid
688 522 712 550 a
736 514 852 562 patre
877 522 961 557 suo,
990 514 1031 550 et
1056 523 1080 550 a
1104 517 1252 551 matre:
1280 516 1320 552 et
1346 513 1443 553 dicit
1470 514 1543 555 hoc
1570 528 1648 555 uon
1675 529 1757 556 esse
1784 523 2007 570 peccatum,

382 569 584 622 particeps
612 567 826 609 homicidae
854 572 926 609 est.

121 631 153 654 ²⁵
173 629 250 678 Qui
272 641 312 669 se
332 628 471 675 iactat,
495 632 536 667 et
555 626 714 675 dilatat,
738 627 867 680 iurgia
886 627 1084 668 concitat:
1159 628 1227 682 qui
1249 642 1341 670 vero
1363 636 1498 682 sperat
1518 631 1557 670 in
1580 632 1765 677 Domino,
1789 634 2009 675 sanabitur.

121 690 155 712 2⁶
173 687 251 737 Qui
283 686 450 728 confidit
480 685 520 726 in
562 686 680 726 corde
711 698 795 733 suo,
844 685 993 726 stultus
1025 692 1102 726 est:
1205 689 1273 740 qui
1304 694 1441 728 autem
1471 690 1655 742 graditur
1685 691 1895 743 sapienter,
1930 693 2011 746 ipse

382 744 619 785 salvabitur.

121 807 156 829 ²⁷
175 805 252 854 Qui
272 805 345 846 dat
364 803 543 857 pauperi,
566 816 647 844 non
667 803 881 857 indigebit:
955 805 1023 857 qui
1043 804 1214 857 despicit
1233 805 1532 859 deprecantem,
1555 807 1771 848 sustinebit
1791 809 2011 861 penuriam.

121 865 156 888 22
175 865 275 905 Cum
307 862 554 904 surrexerint
585 862 709 915 impii,
746 862 1048 903 abscondentur
1078 863 1279 904 homines:
1376 878 1467 905 cum
1500 864 1554 904 illi
1588 866 1788 918 perierint,
1823 867 2013 920 multipli-

383 922 586 962 cabuntur
615 921 721 962 iusti.

121 1040 185 1083 29.
241 1042 254 1064 ¹
279 1039 386 1085 Viro,
416 1039 484 1092 qui
510 1039 792 1092 corripientem
819 1039 921 1079 dura
945 1039 1098 1080 cervice
1124 1041 1360 1086 contemnit,
1441 1042 1674 1095 repentinus
1700 1042 1733 1083 ei
1759 1043 2016 1096 superveniet
2043 1044 2196 1070 Sententiae

382 1097 589 1138 interitus:
620 1103 661 1138 et
689 1111 781 1138 eum
811 1098 964 1139 sanitas
995 1112 1073 1140 non
1103 1104 1305 1153 sequetur.
2074 1087 2165 1105 vamae

142 1159 157 1182 2
177 1158 223 1198 In
265 1156 604 1211 multiplicatione
658 1157 857 1198 iustorum
910 1157 1117 1198 laetabitur
1169 1158 1330 1212 vulgus:
1453 1172 1543 1199 cum
1603 1159 1714 1212 impii
1772 1160 2017 1214 sumpserint

383 1216 670 1270 principatum,
701 1220 835 1270 gemet
865 1215 1049 1270 populus.

142 1275 255 1323 ³Vir,
289 1275 357 1329 qui
388 1280 500 1315 amat
529 1275 784 1328 sapientiam,
816 1274 996 1316 laetificat
1025 1280 1183 1329 patrem
1214 1289 1350 1316 suum:
1427 1276 1515 1329 aqui
1545 1281 1681 1317 autem
1713 1278 1842 1318 nutrit
1870 1282 2014 1323 scorta,

383 1334 526 1387 perdet
554 1334 841 1375 substantiam.

142 1396 157 1418 ⁴
177 1394 265 1434 Rex
291 1393 422 1434 iustus
449 1392 566 1446 erigit
591 1397 753 1438 terram,
836 1391 897 1431 vir
924 1404 1071 1432 avarus
1098 1392 1281 1433 destruet
1307 1406 1409 1434 eam.

142 1452 322 1498 εἨοῐιπιο,
359 1451 427 1504 qui
460 1450 630 1497 blandis,
666 1449 851 1503 fictisque
884 1450 1136 1491 sermonibus
1168 1451 1349 1505 loquitur
1382 1451 1510 1493 amico
1544 1466 1627 1499 suo,
1706 1458 1788 1493 rete
1822 1453 2019 1507 expandit

381 1509 582 1563 gressibus
612 1508 706 1549 eius.

142 1570 157 1593 ⁶
175 1569 418 1610 Peccantem
439 1568 572 1608 virum
593 1568 777 1621 iniquum
800 1568 984 1609 involvet
1003 1568 1190 1622 laqueus:
1248 1574 1289 1610 et
1308 1570 1438 1610 iustus
1459 1570 1645 1611 laudabit
1665 1575 1789 1624 atque
1809 1571 2015 1624 gaudebit.

143 1629 156 1650 ⁷
177 1627 303 1669 Novit
331 1627 461 1668 iustus
491 1640 655 1667 causam
686 1640 930 1680 pauperum:
1014 1627 1161 1681 impius
1191 1627 1351 1681 ignorat
1380 1628 1601 1670 scientiam.

143 1686 372 1728 8Ι-Ιοῐηίηθε
409 1685 644 1740 pestilentes
680 1685 882 1739 dissipant
916 1686 1146 1727 civitatem:
1228 1688 1430 1740 sapientes
1467 1701 1560 1728 vero
1598 1692 1792 1729 avertunt
1826 1688 2013 1729 furorem.

143 1748 159 1770 9
176 1745 246 1786 Vir
268 1745 439 1799 sapiens,
465 1745 497 1785 si
521 1758 613 1785 cum
637 1744 763 1786 stulto
788 1745 1055 1793 contenderit,
1123 1746 1207 1786 sive
1230 1746 1438 1791 irascatur.
1462 1746 1545 1787 sive
1570 1746 1710 1795 rideat,
1734 1760 1812 1788 non
1839 1747 2017 1788 inveniet

384 1805 576 1858 requiem.

124 1865 159 1888 ¹⁰
178 1864 259 1904 Viri
288 1864 531 1917 sanguinum
562 1863 736 1904 oderunt
765 1863 1005 1917 simplicem:
1089 1864 1183 1904 iusti
1214 1869 1350 1905 autem
1383 1869 1570 1918 quierunt
1599 1865 1774 1905 animam
1807 1865 1901 1906 eius.

125 1925 154 1947 ¹¹
176 1923 326 1964 Totum
348 1922 536 1976 spiritum
559 1935 678 1962 suum
700 1923 854 1975 profert
875 1922 1044 1963 stultus:
1115 1923 1275 1976 sapiens
1297 1923 1444 1969 differt,
1469 1928 1511 1964 et
1532 1928 1711 1964 reservat
1732 1924 1771 1964 in
1795 1928 2014 1977 posterum.

123 1983 155 2006 ¹²
174 1981 379 2035 Princeps,
412 1981 480 2035 qui
508 1980 681 2022 libenter
710 1981 826 2022 audit
856 1981 980 2022 verba
1007 1981 1219 2027 mendacii,
1304 1995 1442 2023 omnes
1472 1982 1677 2023 ministros
1705 1982 1830 2023 habet
1858 1982 2014 2035 impios.

124 2040 346 2093 ¹2Pauper‚
386 2045 427 2080 et
463 2039 638 2080 creditor
673 2040 947 2080 obviaverunt
982 2040 1075 2080 sibi:
1166 2041 1378 2094 utriusque
1414 2040 1664 2082 illuminator
1707 2046 1768 2082 est
1803 2041 2014 2082 Dominus.

125 2102 155 2123 ¹⁴
177 2099 277 2147 Rex,
311 2099 379 2152 qui
410 2098 565 2139 iudicat
594 2098 633 2138 in
665 2099 839 2139 veritate
870 2112 1078 2152 pauperes,
1164 2100 1334 2140 thronus
1365 2100 1448 2140 eius
1478 2100 1517 2140 in
1549 2105 1743 2141 aeternum
1776 2100 2016 2141 firmabitur.

124 2160 155 2183 ¹⁵
175 2158 299 2212 Virga
319 2163 445 2212 atque
466 2158 665 2211 correptio
688 2157 834 2198 tribuit
854 2158 1117 2211 sapientiam:
1184 2171 1284 2212 puer
1305 2164 1455 2205 autem,
1480 2159 1549 2212 qui
1570 2158 1793 2200 dimittitur
1815 2158 2018 2200 voluntati

385 2230 478 2263 suae,
510 2217 727 2258 confundit
755 2222 927 2257 matrem
958 2230 1086 2257 suam.

124 2278 159 2301 ¹⁶
178 2276 224 2317 In
253 2275 592 2330 multiplicatione
619 2275 837 2329 impiorum
865 2276 1249 2329 multiplicabuntur
1275 2276 1440 2317 scelera:
1528 2282 1569 2317 et
1595 2277 1689 2317 iusti
1717 2278 1852 2317 ruinas
1880 2289 2017 2317 eorum

385 2335 596 2377 videbunt.

125 2396 157 2418 ¹⁷
176 2394 303 2436 Erudi
332 2394 459 2435 filium
490 2399 619 2441 tuum,
651 2399 692 2435 et
720 2394 973 2448 refrigerabit
1003 2399 1053 2441 te,
1137 2400 1178 2435 et
1207 2394 1323 2436 dabit
1351 2394 1512 2436 delicias
1541 2395 1686 2435 animae
1714 2399 1806 2435 tuae.

125 2454 277 2496 ¹⁸Cum
325 2453 541 2508 prophetia
577 2453 779 2502 defecerit,
829 2453 1093 2508 dissipabitur
1140 2453 1331 2507 populus:
1424 2453 1492 2508 qui
1530 2466 1623 2494 vero
1662 2453 1840 2494 custodit
1876 2452 2014 2506 legem,

386 2513 530 2553 beatus
559 2518 632 2554 est.

126 2574 160 2597 ¹⁹
176 2572 324 2614 Servus
357 2571 491 2612 verbis
523 2584 605 2612 non
637 2576 775 2625 potest
807 2572 972 2613 erudiri:
1061 2572 1156 2626 quia
1189 2572 1297 2625 quod
1331 2572 1429 2613 dicis
1471 2571 1670 2625 intelligit,
1706 2577 1747 2612 et
1779 2571 2017 2624 respondere

387 2630 625 2672 contemnit.

124 2692 161 2715 ²⁰
177 2690 323 2731 Vidisti
348 2689 554 2731 hominem
579 2689 758 2731 velocem
784 2689 835 2731 ad
860 2689 1133 2744 loquendum?
1219 2690 1397 2731 stultitia
1420 2689 1546 2743 magis
1571 2689 1771 2742 speranda
1794 2693 1865 2734 est,
1894 2700 2015 2741 quam

386 2748 489 2790 illius
519 2749 730 2802 correptio.

125 2811 153 2833 2¹
177 2808 255 2857 Qui
279 2807 449 2849 delicate
474 2821 498 2849 a
520 2807 696 2862 pueritia
719 2807 850 2849 nutrit
873 2821 1035 2849 servum
1059 2822 1189 2855 suum,
1269 2814 1411 2862 postea
1434 2807 1581 2848 sentiet
1605 2819 1696 2847 eum
1721 2810 2014 2846 contumacem.

125 2869 157 2892 22
176 2867 248 2908 Vir
271 2867 488 2908 iracundus
512 2872 712 2921 provocat
735 2867 861 2908 rixas:
941 2872 983 2909 et
1008 2868 1076 2921 qui
1102 2867 1154 2908 ad
1179 2867 1474 2921 indignandum
1499 2865 1625 2906 facilis
1651 2869 1722 2911 est,
1751 2864 1826 2905 erit
1851 2864 1902 2905 ad
1928 2877 2017 2917 pec-

386 2926 562 2967 candum
590 2925 816 2980 proclivior.

124 2988 157 3011 23
176 2985 405 3039 Superbum
435 2985 618 3039 sequitur
646 2984 873 3026 humilitas:
961 2991 1022 3027 bet
1050 2985 1243 3026 humilem
1274 2985 1415 3038 spiritu
1447 2983 1637 3036 suscipiet
1664 2982 1802 3036 gloria.

124 3047 157 3070 2⁴¹
177 3044 255 3094 Qui
276 3058 368 3085 cum
387 3044 475 3085 sure
494 3044 727 3098 participat,
750 3043 837 3085 odit
858 3044 1036 3085 animam
1057 3057 1191 3085 suam:
1264 3044 1518 3084 adiurantem
1540 3041 1666 3086 audit,
1690 3046 1730 3082 et
1750 3054 1830 3082 non
1851 3041 2015 3082 indicat.

124 3106 157 3129 25
177 3103 256 3152 Qui
284 3103 404 3145 timet
431 3102 649 3151 hominem,
681 3103 761 3144 cito
791 3108 969 3145 corruet:
1054 3103 1122 3157 qui
1151 3107 1288 3156 sperat
1315 3102 1355 3142 in
1385 3101 1572 3146 Domino,
1605 3099 1896 3141 sublevabitur.

124 3164 160 3187 2⁶
176 3162 295 3203 Multi
317 3162 530 3216 requirunt
550 3161 696 3203 faciem
717 3162 928 3215 principis:
1010 3167 1051 3203 et
1073 3162 1266 3203 iudicium
1289 3174 1313 3201 a
1334 3160 1509 3200 Domino
1533 3159 1735 3212 egreditur
1756 3157 2015 3212 singulorum.

124 3221 478 3263 2⁷Abominantur
508 3221 605 3262 iusti
636 3221 769 3261 virum
799 3221 988 3275 impium:
1075 3226 1116 3261 et
1154 3219 1443 3261 abominantur
1473 3217 1586 3271 impii
1625 3230 1704 3267 eos,
1739 3218 1806 3271 qui
1838 3217 1876 3256 in
1909 3221 2019 3257 recta

385 3285 482 3321 sunt
509 3280 588 3321 via.

177 3339 356 3381 Verbum
386 3339 617 3381 custodiens
646 3338 761 3387 filius,
793 3343 910 3379 extra
938 3338 1205 3392 perditionem
1236 3337 1322 3377 erit.

256 3465 309 3507 29,
334 3465 355 3498 3
379 3465 445 3499 ³Lc
469 3466 522 3506 15,
548 3465 598 3500 13.
628 3486 666 3489 —
692 3465 734 3499 23
758 3466 840 3499 blob
865 3465 918 3504 22,
943 3465 994 3498 29.
