2356 3760
137 72 189 111 44,
215 71 354 110 23—45,
381 71 421 104 19
951 69 1228 104 EZECHIELIS
1964 74 2038 115 831

139 164 280 205 Israel:
312 164 382 204 sed
411 170 452 205 et
482 164 662 211 viduam,
696 176 785 215 quae
814 163 935 203 fuerit
966 163 1091 204 vidua
1121 176 1145 204 a
1173 164 1394 211 sacerdote,
1427 163 1638 216 accipient.
1698 166 1730 189 ²3
1759 166 1816 206 Et
1844 166 2043 220 populum

136 235 273 263 meum
292 222 498 263 docebunt
517 222 614 275 quid
632 221 684 261 sit
701 220 807 261 inter
825 226 1013 262 sanctum
1031 227 1072 263 et
1089 221 1305 274 pollutum.
1326 227 1367 262 et
1384 222 1490 262 inter
1506 223 1706 263 mundum
1726 228 1766 264 et
1783 224 2042 266 immundum

137 281 355 322 ostendent
374 281 440 322 eis.
487 282 518 304 '2⁴
536 280 591 320 Et
610 292 701 319 cum
719 279 843 319 fuerit
861 280 1148 325 controversia,
1169 281 1339 321 sta-bunt
1358 281 1399 320 in
1417 281 1573 321 iudiciis
1591 281 1702 329 meis,
1723 287 1764 322 et
1781 282 2041 324 iudicabunt:

135 339 241 393 leges
266 352 388 387 meas,
417 344 458 379 et
483 342 688 391 praeeepta
712 350 804 378 mea
828 338 869 378 in
895 338 1083 379 omnibus
1110 338 1452 379 sollemnitatibus
1479 340 1577 379 meis
1604 340 1848 389 custodient,
1877 346 1918 381 et
1944 342 2042 382 Sab-

137 398 237 438 bata
254 411 346 438 mea
362 395 690 437 sanctificabunt.
738 397 770 420 2⁵
788 396 844 437 Et
862 397 914 437 ad
932 402 1141 438 mortuum
1159 397 1365 438 hominem
1384 410 1465 437 non
1483 398 1772 450 ingredientur,
1792 412 1842 439 ne
1860 399 2043 452 polluan—

137 462 216 504 tur,
235 456 311 496 nisi
328 456 379 496 ad
396 460 557 508 patrem
573 460 614 495 et
630 460 816 498 matrem,
836 460 877 495 et
894 454 1021 495 filium
1039 462 1080 496 et
1096 455 1233 503 filiam,
1253 462 1294 496 et
1310 456 1479 496 fratrem
1497 462 1535 496 et
1554 469 1742 505 sororem,
1763 471 1853 510 quae
1869 458 2043 498 alterum

137 515 270 555 virum
285 527 367 554 non
382 513 590 554 habuerit:
608 512 648 552 in
668 513 814 566 quibus
832 513 1235 554 contaminabuntur.
1281 515 1317 538 '2⁶
1332 514 1389 554 Et
1404 520 1626 567 postquam
1641 515 1765 556 fuerit
1782 517 2041 565 emundatus

136 578 292 626 septem
315 572 398 613 dies
421 571 748 612 numerabuntur
769 571 816 612 ei.
867 573 901 596 2⁷
925 572 981 613 Et
1002 572 1044 613 in
1066 572 1130 613 die
1152 572 1345 613 introitus
1368 572 1429 612 sui
1451 572 1492 613 in
1515 574 1794 614 sanctuarium
1818 575 1870 615 ad
1893 574 2043 615 atrium

134 631 303 672 interius
324 636 372 671 ut
391 630 595 671 ministret
614 629 713 670 mihi
734 629 775 670 in
795 631 1040 677 sanctuario,
1064 630 1206 672 offeret
1226 643 1298 684 pro
1320 636 1488 684 peccato
1510 644 1594 675 suo,
1619 632 1676 672 ait
1696 632 1897 673 Dominus
1918 634 2041 674 Deus.

240 690 275 713 2⁸
306 690 419 730 aNon
447 689 523 729 erit
551 694 690 728 autem
719 688 773 729 eis
802 688 1017 737 hereditas,
1049 702 1120 742 ego
1149 689 1353 730 hereditas
1382 702 1540 730 eorum:
1571 696 1612 730 et
1639 691 1932 743 possessionem
1962 691 2241 752 1101123³0¹gffgfflffi

135 748 286 789 dabitis
316 748 370 788 eis
399 747 441 787 in
472 746 606 795 Israel,
639 760 711 800 ego
742 747 848 788 enim
878 748 1075 801 possessio
1107 761 1257 789 eorum.
1317 749 1351 772 2⁹
1381 748 1601 788 Victimam
1632 754 1673 789 et
1702 762 1774 802 pro
1804 756 1972 803 peccato
2003 745 2061 791 et¹
2244 748 2250 757 '

135 820 206 860 pro
230 806 376 847 delicto
398 805 475 859 ipsi
497 805 730 847 comedent:
754 811 795 847 et
817 819 936 847 omne
958 812 1105 847 votum
1127 806 1168 847 in
1193 806 1315 847 Israel
1337 806 1517 860 ipsorum
1540 806 1627 848 erit.
1678 809 1715 832 ³⁰
1739 808 1816 848 bEt
1836 808 2047 861 primitiva

135 865 318 906 omnium
351 864 727 918 primogenitorum,
763 870 805 905 et
838 864 975 905 onmia
1007 864 1233 906 libamenta
1266 878 1316 905 ex
1349 865 1549 913 omnibus,
1588 878 1677 918 quae
1710 866 1949 912 offeruntur,
1985 880 2046 907 sa-

135 924 348 965 cerdotum
382 928 519 963 erunt:
556 928 597 963 et
631 922 842 976 primitiva
876 923 1058 964 ciborum
1093 929 1322 964 vestrorum
1358 924 1508 964 dabitis
1544 925 1756 969 sacerdoti,
1794 930 1841 966 ut
1874 931 2046 978 reponat

135 982 459 1023 benedictionem
488 981 627 1022 domui
654 986 747 1022 tuae.
803 983 835 1006 31
870 981 1017 1023 cOmne
1045 982 1319 1027 morticinum,
1350 988 1391 1023 et
1418 988 1585 1035 captum
1614 996 1638 1023 a
1665 983 1797 1024 bestia
1823 983 1872 1024 de
1901 983 2046 1024 avibus

135 1047 176 1082 et
204 1041 253 1082 de
281 1040 493 1095 pecoribus
522 1053 604 1081 non
632 1040 848 1081 comedent
876 1041 1127 1082 Sacerdotes

237 1099 302 1142 45.
358 1101 371 1123 1
399 1099 581 1152 Cumque
609 1099 811 1152 coeperitis
838 1105 989 1140 terram
1016 1099 1196 1140 dividere
1224 1100 1380 1145 sortito,
1410 1106 1596 1153 separate
1623 1100 1823 1153 primitias
1850 1101 2040 1148 Domino,
2065 1104 2230 1163 deJOSSe‘-

134 1157 435 1198 sanctificatum
475 1157 524 1198 de
564 1162 683 1205 terra,
724 1157 978 1211 longitudine
1018 1157 1347 1212 vigintiquinque
1386 1158 1523 1206 millia,
1566 1164 1607 1199 et
1645 1159 1864 1199 latitudine
1905 1160 2043 1199 decem
2057 1147 2239 1199 sacti-wluin

133 1216 277 1257 millia:
306 1215 609 1257 sanctificatum
635 1216 711 1256 erit
736 1216 777 1256 in
805 1217 915 1257 omni
942 1217 1114 1257 termino
1143 1217 1226 1257 eius
1253 1230 1324 1270 per
1351 1217 1577 1257 circuitum.
1633 1219 1648 1241 2
1674 1217 1730 1258 Et
1757 1217 1833 1258 erit
1859 1230 1909 1257 ex
1935 1218 2046 1258 omni

134 1280 250 1329 parte
285 1274 588 1316 sanctificatum
624 1275 867 1328 quingentos
901 1288 973 1329 per
1008 1275 1263 1328 quingentos,
1302 1275 1594 1328 quadrifariam
1630 1289 1701 1328 per
1735 1276 1968 1316 circuitum:
2006 1281 2047 1316 et

135 1333 435 1387 quinquaginta
454 1333 601 1374 cubitis
620 1333 661 1374 in
681 1334 918 1374 suburbana
936 1333 1020 1374 eius
1040 1346 1111 1387 per
1128 1346 1286 1387 gyrum.
1335 1335 1350 1358 3
1369 1334 1425 1374 Et
1443 1346 1468 1374 a
1485 1347 1676 1374 mensura
1694 1334 1774 1375 ista
1792 1334 2045 1375 mensurabis

132 1392 430 1445 longitudinem
464 1391 792 1445 vigintiquinque
826 1391 1009 1441 millium,
1046 1398 1087 1432 et
1118 1391 1381 1433 latitudinem
1416 1393 1555 1433 decem
1589 1392 1773 1440 millium,
1810 1398 1851 1434 et
1883 1393 1924 1433 in
1958 1393 2044 1446 ipso

133 1450 209 1492 erit
235 1450 447 1504 templum,
476 1455 746 1503 sanctumque
773 1456 1020 1492 sanctorum.
1075 1452 1090 1475 4
1115 1451 1427 1492 Sanctificatum
1454 1451 1503 1492 de
1531 1456 1639 1492 terra
1664 1452 1740 1492 erit
1766 1451 2045 1493 sacerdotibus

133 1509 328 1550 ministris
346 1509 579 1557 sanctuarii,
602 1509 670 1562 qui
689 1509 890 1550 accedunt
908 1510 961 1550 ad
978 1509 1249 1550 ministerium
1268 1510 1452 1551 Domini:
1473 1516 1514 1550 et
1532 1510 1608 1551 erit
1626 1510 1680 1551 eis
1698 1510 1810 1551 locus
1828 1510 1868 1550 in
1888 1511 2042 1558 domos,

133 1573 174 1609 et
202 1568 244 1608 in
273 1567 553 1608 sanctuarium
583 1568 827 1609 sanctitatis.

236 1629 252 1651 ⁵
280 1626 617 1680 Vigintiquinque
646 1632 785 1667 autem
812 1626 940 1667 millia
966 1627 1242 1680 longitudinis,
1274 1632 1315 1668 et
1343 1628 1482 1668 decem
1510 1627 1637 1668 millia
1663 1627 1893 1668 latitudinis
1923 1633 2041 1668 erunt
2059 1630 2236 1688 Ievifassmm,

133 1685 298 1731 Levitis,
331 1685 399 1739 qui
426 1685 663 1726 ministrant
690 1685 847 1726 domui:
877 1685 953 1739 ipsi
981 1686 1249 1739 possidebunt
1277 1686 1422 1738 viginti
1449 1686 1754 1739 gazophylacia.
2072 1680 2079 1687 Α
2232 1684 2237 1693 ’

240 1745 255 1768 ‘³
282 1744 337 1785 Et
365 1744 658 1796 possessionem
687 1744 866 1785 civitatis
895 1744 1045 1785 dabitis
1075 1745 1254 1798 quinque
1283 1744 1408 1785 millia
1434 1745 1677 1792 latitudinis,
1708 1750 1749 1786 et
1776 1745 2042 1798 longitudinis
2061 1745 2233 1810 ξίξῃῐέῡῗζξῇζ

134 1803 462 1856 vigintiquinque
505 1802 632 1843 millia
675 1803 898 1844 secundum
943 1804 1242 1857 separationem
1287 1804 1519 1851 sanctuarii,
1567 1804 1676 1844 omni
1721 1804 1860 1845 domui
1906 1803 2040 1844 Israel.
2114 1815 2182 1845 vini»

136 1863 149 1885 ⁷
164 1861 343 1914 Principi
359 1874 520 1915 quoque
535 1861 628 1902 hinc
643 1866 685 1902 et
698 1861 792 1902 inde
806 1861 847 1902 in
862 1862 1161 1915 separationem
1177 1863 1411 1911 sanctuarii,
1429 1869 1469 1903 et
1484 1863 1525 1902 in
1540 1862 1833 1916 possessionem
1850 1862 2042 1907 civitatis,

133 1926 277 1961 contra
300 1920 446 1960 faciem
471 1920 738 1973 separationis
764 1921 997 1969 sanctuarii,
1025 1926 1066 1961 et
1091 1927 1234 1962 contra
1258 1921 1403 1961 faciem
1428 1920 1690 1974 possessionis
1716 1921 1844 1961 urbis:
1872 1934 1896 1961 a
1919 1920 2044 1961 latere

132 1979 254 2019 Maris
279 1991 407 2032 usque
431 1979 483 2019 ad
506 1978 628 2027 Mare,
655 1985 696 2019 et
719 1992 743 2019 a
764 1978 890 2019 latere
915 1979 1091 2020 Orientis
1115 1993 1242 2033 usque
1267 1980 1319 2020 ad
1343 1979 1570 2020 Orientem:
1596 1979 1880 2033 Longitudinis
1905 1985 2045 2020 autem

132 2038 251 2078 iuxta
269 2039 784 2090 unamquamque'partem
805 2050 830 2078 a
849 2037 1022 2078 termino
1044 2038 1296 2078 Occidentali
1317 2051 1445 2091 usque
1466 2038 1518 2078 ad
1538 2038 1759 2078 terminum
1780 2038 2042 2079 Orientalem.

135 2098 150 2120 ⁸
167 2096 229 2136 De
248 2101 357 2136 terra
374 2096 450 2136 erit
468 2095 503 2136 ei
521 2095 718 2149 possessio
736 2095 778 2136 in
798 2095 940 2137 Israel:
961 2102 1001 2137 et
1019 2109 1100 2137 non
1120 2096 1483 2150 depopulabuntur
1500 2096 1609 2137 ultra
1626 2097 1826 2150 principes
1846 2096 2042 2150 populum

132 2167 288 2195 meum:
318 2155 388 2195 sed
417 2160 568 2195 terram
597 2154 759 2195 dabunt
787 2155 927 2196 domui
958 2155 1081 2195 Israel
1109 2155 1334 2196 secundum
1363 2156 1494 2196 tribus
1523 2169 1674 2196 eorum.

239 2215 255 2238 ⁹
286 2213 383 2254 Haec
414 2213 513 2254 dicit
542 2213 743 2254 Dominus
773 2213 903 2254 Deus:
936 2213 1123 2254 Sufficiat
1153 2214 1268 2255 vobis
1300 2214 1500 2267 principes
1534 2214 1674 2255 Israel:
1707 2214 1969 2267 iniquitatem
2001 2219 2041 2254 et
2054 2212 2238 2273 ²⁰‘S,‘{,¹‡.³¹³¹¹²

131 2272 295 2325 rapinas
312 2272 586 2316 intermittite,
605 2277 646 2312 et
662 2271 856 2312 iudicium
874 2277 914 2312 et
931 2272 1131 2313 iustitiam
1148 2273 1282 2317 facite,
1301 2278 1487 2326 separate
1505 2273 1681 2313 confinia
1696 2278 1834 2314 vestra
1850 2286 1874 2313 a
1889 2272 2040 2326 populo
2175 2268 2179 2275 ’

132 2343 234 2379 meo,
257 2330 316 2371 ait
333 2330 534 2371 Dominus
554 2331 676 2372 Deus.
725 2332 761 2354 ¹⁰
778 2331 943 2371 Statera
961 2331 1080 2375 iusta,
1103 2336 1144 2372 et
1163 2331 1256 2384 ephi
1275 2331 1441 2377 iustum,
1464 2336 1505 2372 et
1524 2332 1645 2372 batus
1665 2331 1796 2372 iustus
1817 2331 1893 2372 erit
1912 2331 2040 2373 vobis.

132 2391 164 2414 11
194 2389 314 2443 Ephi,
347 2394 388 2430 et
419 2389 540 2430 batus
571 2389 753 2442 aequalia,
787 2394 829 2430 et
858 2389 977 2430 unius
1008 2403 1207 2431 mensurae
1237 2395 1374 2431 erunt:
1407 2396 1454 2431 ut
1485 2390 1622 2443 capiat
1652 2390 1852 2431 decimam
1882 2395 2043 2443 partem

133 2448 214 2489 cori
240 2448 373 2496 batus,
402 2452 444 2488 et
468 2448 668 2489 decimam
694 2453 854 2501 partem
881 2448 963 2489 cori
988 2448 1099 2502 ephi:
1127 2448 1246 2489 iuxta
1269 2462 1502 2489 mensuram
1530 2449 1610 2490 cori
1637 2449 1713 2489 erit
1738 2461 1856 2502 aequa
1879 2447 2042 2488 libratio

132 2520 284 2547 eorum.
335 2508 367 2531 ¹2
391 2506 540 2548 dSiclus
563 2512 701 2548 autem
724 2506 870 2560 viginti
892 2507 1031 2548 obolos
1052 2507 1190 2548 habet.
1214 2507 1339 2549 Porro
1362 2507 1508 2561 viginti
1530 2507 1626 2555 sicli,
1651 2513 1692 2548 et
1714 2507 2043 2561 vigintiquinque

133 2565 228 2614 sicli,
263 2571 305 2606 et
336 2565 567 2619 quindecim
599 2565 695 2614 sicli,
728 2579 868 2606 mnam
900 2566 1069 2607 faciunt.
1130 2568 1163 2591 13
1194 2566 1250 2607 Et
1280 2566 1343 2607 hae
1374 2572 1471 2607 sunt
1502 2566 1703 2619 primitiae,
1739 2579 1839 2619 quas
1872 2565 2041 2606 tolletis:

132 2629 292 2665 sextam
308 2629 467 2678 partem
484 2624 578 2678 ephi
593 2625 643 2665 de
659 2637 751 2666 coro
767 2625 974 2673 frumenti,
994 2630 1036 2666 et
1050 2630 1210 2666 sextam
1226 2629 1386 2678 partem
1403 2624 1496 2678 ephi
1512 2625 1562 2665 de
1578 2638 1669 2666 coro
1686 2624 1838 2666 hordei.
1884 2625 1916 2648 14
1930 2624 2041 2663 Men-

132 2696 227 2724 sura
254 2696 415 2736 quoque
443 2683 530 2732 olei,
560 2683 681 2724 batus
710 2682 796 2731 olei,
826 2683 984 2724 decima
1009 2696 1103 2737 pars
1131 2684 1212 2725 cori
1240 2688 1319 2724 est:
1348 2689 1390 2724 et
1417 2684 1555 2724 decem
1584 2683 1671 2724 bati
1699 2696 1837 2724 corum
1864 2682 2040 2722 faciunt:

134 2742 230 2795 quia
251 2742 390 2782 decem
412 2741 500 2782 bati
521 2741 694 2796 implent
716 2754 867 2784 corum.
918 2743 950 2766 1⁵
972 2742 1029 2783 Et
1050 2742 1219 2783 arietem
1241 2756 1369 2783 unum
1392 2743 1441 2783 de
1462 2755 1579 2795 grege
1603 2742 1872 2782 ducentorum
1895 2741 1944 2781 de
1966 2740 2040 2789 his,

134 2813 224 2854 quae
244 2800 434 2841 nutriunt
457 2800 580 2841 Israel
600 2801 642 2841 in
663 2800 916 2849 sacrificium,
941 2806 982 2841 et
1002 2801 1043 2841 in
1065 2801 1363 2849 holocaustum,
1388 2806 1429 2841 et
1449 2800 1490 2841 in
1512 2800 1693 2854 pacifica,
1718 2800 1770 2840 ad
1792 2799 2042 2853 expiandum

132 2872 204 2913 pro
227 2858 294 2907 eis,
318 2859 376 2899 ait
396 2859 596 2901 Dominus
618 2860 741 2900 Deus.
792 2861 826 2883 1⁶
848 2859 990 2900 Omnis
1012 2859 1186 2913 populus
1209 2865 1326 2900 terrae
1347 2859 1555 2900 tenebitur
1575 2858 1764 2912 primitiis
1786 2858 1847 2898 his
1868 2857 2041 2911 principi

132 2918 174 2958 in
205 2917 340 2958 Israel.

237 2977 271 3000 17
292 2976 347 3016 Et
367 2989 487 3029 super
506 2976 729 3030 principem
749 2981 869 3017 erunt
889 2976 1139 3025 holocausta,
1162 2982 1204 3018 et
1223 2976 1477 3025 sacrificium,
1500 2982 1540 3016 et
1560 2975 1756 3016 libamina
1775 2975 1816 3015 in
1837 2974 2037 3016 sollemni-
2066 2976 2221 3036 §afflssgcffi-

133 3035 301 3083 tatibus,
325 3040 366 3075 et
386 3034 428 3075 in
449 3034 645 3084 Calendis,
670 3040 711 3076 et
730 3035 772 3075 in
793 3035 997 3084 Sabbatis,
1021 3040 1063 3076 et
1082 3035 1123 3075 in
1144 3035 1342 3076 universis
1364 3034 1706 3076 sollemnitatibus
1728 3034 1873 3075 domus
1897 3032 2037 3074 Israel:
2197 3031 2221 3036 “’

132 3093 217 3146 ipse
241 3093 365 3134 faciet
389 3106 461 3146 pro
487 3099 654 3146 peccato
681 3093 934 3143 sacrificium,
962 3098 1004 3134 et
1027 3094 1325 3143 holocaustum,
1353 3098 1395 3134 et
1419 3092 1590 3146 pacifica
1614 3093 1666 3133 ad
1692 3092 1942 3146 expiandum
1968 3104 2039 3144 pro

133 3152 254 3193 domo
286 3151 421 3192 Israel.

237 3212 272 3235 1⁸
300 3210 397 3251 Haec
424 3210 523 3253 dicit
548 3210 748 3251 Dominus
774 3211 904 3251 Deus:
935 3211 981 3251 In
1008 3211 1139 3264 primo
1165 3224 1314 3259 mense,
1344 3223 1426 3251 una
1451 3209 1600 3250 mensis
1627 3222 1759 3250 sumes
1787 3209 1964 3249 vitulum
1991 3208 2040 3248 de
2058 3205 2229 3270 &ss333OE

134 3274 318 3310 armento
339 3269 663 3317 immaculatum,
687 3274 728 3310 et
749 3269 932 3323 expiabis
954 3269 1244 3311 sanctuarium.
1296 3271 1330 3293 ¹⁹
1352 3269 1408 3309 Et
1428 3267 1546 3309 tollet
1567 3268 1752 3309 sacerdos
1775 3267 1823 3308 de
1845 3267 2039 3320 sanguine
2088 3276 2198 3305 domus,

264 3354 306 3388 28
333 3355 420 3388 aNm
446 3356 498 3395 18,
525 3355 582 3395 203
609 3354 658 3388 Dt
682 3355 734 3395 18,
760 3356 789 3388 1.
816 3375 858 3378 —-
882 3354 924 3387 30
950 3354 1023 3387 bEx
1048 3356 1102 3394 22,
1128 3354 1180 3387 29.
1208 3374 1249 3376 —
1274 3353 1313 3386 ‚31
1345 3353 1411 3386 eLv
1437 3354 1490 3392 22,
1518 3354 1548 3386 8.
1575 3374 1616 3376 ᾖ
1641 3353 1711 3393 45,.
1737 3352 1778 3385 12
1802 3352 1877 3384 dEx
1902 3351 1954 3389 30,
1983 3351 2038 3389 133

133 3402 183 3434 Lv
208 3402 261 3441 27,
288 3402 345 3442 25,
371 3401 439 3435 Nm
464 3403 495 3442 3,
521 3403 573 3436 47.
