2356 3760
110 676 267 701 Dominum

143 711 236 737 Deum

124 747 252 774 invocat,

116 2391 261 2420 incompa-

147 2425 230 2450 rabili

104 2461 205 2487 deeore
226 2467 274 2492 ap·

144 2498 234 2527 paret.

114 3049 128 3067 e
151 3042 270 3067 civitate

157 3078 227 3103 exit.

292 171 369 212 440
1171 168 1318 202 LIBER
1934 172 1966 212 s,
1990 172 2133 214 32-10‚
2160 172 2203 206 10

293 264 403 317 quod
427 264 558 304 facere
584 263 776 316 disposui,
806 263 976 315 probate
1002 263 1033 303 si
1060 275 1109 303 ex
1134 263 1221 304 Deo
1247 270 1320 306 est.
1349 267 1390 303 et
1416 271 1528 304 orate
1556 269 1602 304 ut.
1629 263 1790 304 firmum
1816 264 1947 306 faciat
1971 267 2082 309 Deus
2108 281 2201 309 con-

291 322 424 363 silium
448 336 597 363 meum.
650 324 682 346 ³2
706 321 877 362 Stabitis
902 334 974 361 vos
999 321 1050 361 ad
1074 328 1236 374 portam
1262 327 1380 362 nocte
1405 321 1494 370 ista,
1522 328 1564 363 et
1587 335 1659 376 ego
1684 336 1825 364 exeam
1850 337 1943 364 cum
1968 326 2068 366 abra
2089 340 2198 368 mea:

291 386 332 422 et
362 387 486 427 orate,
520 386 568 422 ut
599 381 703 421 sieut
735 379 907 423 dixistis,
941 380 981 420 in
1014 380 1154 421 diebus
1189 381 1367 434 quinque
1398 381 1590 434 respiciat
1620 382 1820 422 Dominus
1851 383 2049 436 populum
2081 398 2199 426 suum

296 440 427 481 Israel.
484 443 517 465 ³³
544 440 624 480 Vos
652 446 789 479 autem
819 438 911 479 nolo
940 445 985 479 ut
1013 440 1248 480 s‹·1·ut‹›mini
1277 445 1414 480 actum
1443 453 1591 487 meum,
1621 446 1663 480 et
1689 454 1816 494 usque
1844 442 1941 482 dum
1968 444 2198 484 renunciem

292 499 419 542 vobis.
445 499 543 539 nihil
566 498 676 538 aliud
698 497 782 542 fiat,
808 497 882 538 nisi
905 498 1035 539 oratio
1057 511 1129 552 pro
1152 512 1216 538 me
1239 498 1291 539 ad
1313 499 1537 539 Dominum
1559 498 1693 539 Deum
1716 505 1914 542 nostrum.
1965 503 1997 526 ³4
2019 502 2075 542 Et
2096 502 2203 543 dixit

293 558 344 599 ad
374 571 463 598 eam
495 557 614 598 Ozias
644 556 829 609 princeps
862 556 983 597 Iuda:
1029 557 1141 598 Vade
1172 558 1211 597 in
1242 570 1351 610 pace,
1385 563 1424 598 et
1456 557 1654 598 Dominus
1685 558 1737 598 sit
1766 564 1900 599 tecum
1932 560 1971 600 in
2002 560 2199 602 ultionem

293 617 547 657 inimicorum
576 620 821 656 nostrorum.
853 615 908 656 Et
936 622 1185 657 revertentes
1215 616 1414 657 abierunt.

399 675 437 718 9.
493 677 506 699 ¹
536 674 692 723 Quibus
721 674 1045 721 abscedentibus,
1080 675 1217 716 ludith
1246 675 1425 729 ingressa
1452 682 1514 716 est
1541 676 1763 717 oratorium
1793 689 1930 717 suum:
1961 683 2001 719 et
2028 679 2201 720 induens

295 747 334 774 se
362 734 501 782 cilicio,
530 733 667 787 posuit
694 733 867 774 cinerem
895 747 1015 787 super
1041 740 1165 787 caput
1191 747 1329 775 suum:
1357 739 1399 775 et
1424 738 1682 788 prosternens
1709 748 1749 775 se
1776 735 1965 783 Domino,
1995 736 2202 779 clamabat

292 793 344 834 ad
366 793 603 836 Dominum,
629 793 783 833 dicens:
835 794 850 816 2
872 792 1046 834 Domine
1070 794 1179 834 Deus
1203 793 1330 847 patris
1353 793 1432 834 mei
1455 793 1629 841 Simeon,
1659 794 1748 847 aqui
1771 794 1918 835 dedisti
1941 794 1998 836 illi
2019 794 2199 847 gladium

292 853 332 893 in
369 851 643 893 defensionem
681 851 1009 904 alienigenarum,
1049 853 1116 906 qui
1154 852 1370 893 violatores
1407 852 1633 893 extiterunt
1668 853 1709 893 in
1745 853 2076 907 coinquinatione
2112 868 2197 903 sua,

291 918 333 952 et
360 911 674 952 denudaverunt
700 912 833 951 femur
860 911 1023 961 virginis
1051 912 1091 952 in
1119 912 1416 953 confusionem:
1471 914 1487 935 ³
1514 916 1555 952 et
1582 911 1731 953 dedisti
1758 915 1944 953 mulieres
1972 913 2133 954 illorum
2161 914 2202 955 in

292 971 484 1023 praedam,
512 975 551 1010 et
577 970 678 1010 filias
703 969 862 1010 illorum
888 970 927 1010 in
953 970 1258 1024 captivitatem:
1285 976 1326 1011 et
1350 984 1513 1012 omnem
1538 971 1718 1024 praedam
1743 971 1783 1011 in
1808 971 2050 1013 divisionem
2076 973 2202 1014 servis

293 1030 385 1073 tuis,
409 1029 477 1082 qui
498 1029 732 1069 zelaverunt
753 1028 882 1068 zelum
904 1034 1041 1070 tuum:
1063 1030 1235 1071 subveni
1257 1042 1391 1083 quaeso
1412 1035 1452 1071 te
1473 1030 1647 1071 Domine
1667 1030 1778 1071 Deus
1798 1044 1912 1071 meus
1932 1031 2031 1072 mihi
2052 1032 2198 1073 viduae.

293 1090 308 1112 ⁴
324 1088 383 1128 Tu
401 1089 507 1128 enim
524 1087 654 1128 fecisti
671 1088 816 1141 priora,
836 1093 877 1128 et
893 1087 962 1128 illa
976 1095 1070 1141 post
1085 1089 1153 1130 illa
1169 1089 1375 1142 cogitasti:
1393 1094 1435 1130 et
1450 1089 1526 1130 hoc
1541 1089 1698 1130 factum
1715 1093 1777 1130 est
1793 1090 1903 1143 quod
1919 1089 2004 1143 ipse
2020 1091 2198 1133 voluisti.

291 1149 308 1172 ⁵
337 1147 488 1187 Omnes
519 1146 625 1187 enim
656 1146 733 1187 viae
763 1152 845 1187 tuae
874 1154 1029 1199 paratae
1058 1154 1165 1192 sunt,
1199 1153 1240 1189 et
1270 1153 1344 1188 tua
1373 1148 1522 1189 iudicia
1550 1149 1590 1189 in
1622 1154 1696 1189 tua
1724 1149 1986 1202 providentia
2014 1150 2200 1203 posuisti.

296 1208 311 1230 ⁶
335 1206 528 1259 bRespice
551 1211 686 1247 castra
707 1206 965 1259 Assyriorum
989 1220 1107 1250 nunc,
1133 1207 1238 1248 sicut
1260 1213 1359 1248 tunc
1382 1213 1517 1248 castra
1539 1208 1825 1261 *Egyptiorum
1850 1208 1986 1249 videre
2010 1209 2203 1262 dignatus

293 1279 345 1311 es,
366 1265 530 1319 quando
548 1271 641 1319 post
657 1278 793 1306 servos
812 1270 903 1306 tuos
921 1266 1068 1307 armati
1085 1267 1315 1311 currebant,
1335 1266 1584 1308 confidentes
1601 1267 1641 1307 in
1660 1267 1877 1320 quadrigis,
1897 1272 1939 1308 et
1954 1268 1994 1308 in
2012 1267 2201 1321 equitatu

294 1338 378 1369 suo,
404 1330 445 1365 et
468 1324 508 1364 in
530 1324 795 1365 multitudine
819 1324 1074 1367 bellatorum.
1130 1327 1143 1349 ⁷
1166 1326 1244 1367 Sed
1269 1325 1462 1379 aspexisti
1485 1338 1606 1379 super
1628 1331 1763 1366 castra
1784 1338 1935 1373 eorum,
1961 1332 2002 1367 et
2024 1327 2205 1368 tenebrae

293 1384 574 1437 fatigaverunt
599 1397 677 1424 eos.
735 1385 750 1407 ⁸
776 1383 924 1424 Tenuit
950 1385 1071 1437 pedes
1098 1398 1236 1426 eorum
1265 1386 1447 1438 abyssus,
1477 1390 1518 1426 et
1544 1397 1662 1438 aquae
1687 1389 1935 1438 operuerunt
1960 1398 2038 1426 eos.
2095 1388 2112 1410 ⁹
2137 1386 2202 1427 Sic

294 1444 396 1484 fiant
422 1451 462 1484 et
491 1443 567 1487 isti,
598 1443 783 1488 Domine,
815 1443 883 1496 qui
911 1444 1123 1485 confidunt
1150 1444 1189 1484 in
1218 1444 1482 1485 multitudine
1510 1457 1594 1489 sua,
1625 1449 1666 1484 et
1692 1443 1733 1484 in
1760 1443 1944 1484 curribus
1971 1443 2063 1491 suis,
2093 1449 2135 1485 et
2161 1445 2203 1484 in

293 1502 435 1545 contis,
462 1507 501 1542 et
526 1502 566 1542 in
590 1502 726 1547 scutis,
753 1507 793 1542 et
817 1502 857 1542 in
881 1502 1040 1555 sagittis
1064 1504 1156 1547 suis,
1183 1508 1224 1544 et
1247 1503 1287 1544 in
1310 1503 1459 1544 lanceis
1482 1503 1718 1557 gloriantur,
1773 1504 1808 1527 ¹⁰
1830 1508 1871 1543 et
1894 1503 2082 1544 nesciunt
2106 1503 2204 1557 quia

294 1566 339 1603 tu
368 1562 452 1614 ipse
480 1575 520 1601 es
549 1561 660 1601 Deus
688 1566 837 1606 noster,
870 1561 938 1614 qui
967 1562 1141 1602 conteris
1171 1562 1276 1603 bella
1305 1563 1356 1603 ab
1384 1562 1513 1609 initio,
1545 1567 1586 1603 et
1614 1562 1815 1603 Dominus
1844 1575 1992 1603 nomen
2021 1566 2083 1603 est
2111 1562 2200 1604 tibi.

293 1623 325 1645 ¹¹
350 1620 469 1673 Erige
496 1620 706 1661 brachium
733 1625 851 1660 tuum
877 1620 983 1661 sicut
1008 1620 1059 1661 ab
1086 1621 1213 1664 initio,
1242 1626 1283 1662 et
1309 1621 1427 1661 allide
1454 1621 1652 1661 virtutem
1677 1620 1837 1662 illorum
1863 1621 1903 1661 in
1930 1621 2084 1662 virtute
2111 1628 2202 1662 tua:

293 1680 416 1721 cadat
432 1680 562 1720 virtus
580 1692 718 1720 eorum
735 1679 775 1720 in
792 1679 1004 1720 iracundia
1020 1685 1103 1727 tua,
1125 1680 1192 1734 qui
1209 1680 1461 1733 promittunt
1477 1693 1518 1720 se
1534 1679 1686 1721 violare
1702 1685 1847 1720 sancta
1862 1685 1946 1725 tua,
1966 1684 2007 1721 et
2022 1679 2203 1733 polluere

294 1738 603 1780 tabernaculum
626 1738 800 1780 nominis
822 1738 894 1787 tui,
919 1743 961 1780 et
982 1739 1150 1780 deiicere
1171 1739 1305 1793 gladio
1328 1753 1399 1781 suo
1423 1752 1547 1780 cornu
1570 1739 1710 1780 altaris
1732 1738 1805 1780 tui.
1856 1740 1888 1763 ¹²
1910 1739 1991 1780 Fac
2011 1739 2200 1784 Domine,

294 1804 341 1840 ut
366 1798 499 1852 gladio
527 1798 689 1851 proprio
718 1798 801 1838 eius
828 1798 1019 1851 superbia
1045 1803 1302 1853 amputetur:
1358 1801 1390 1823 13
1416 1798 1604 1852 capiatur
1628 1798 1774 1852 laqueo
1802 1798 2011 1839 oculorum
2038 1811 2204 1840 suorum

294 1858 334 1898 in
353 1871 429 1904 me,
452 1863 491 1898 et
512 1857 712 1910 percuties
732 1870 824 1898 eum
845 1870 894 1898 ex
913 1857 1029 1899 labiis
1049 1858 1262 1899 charitatis
1281 1871 1392 1900 meae.
1441 1860 1473 1882 ¹⁴¹
1491 1858 1558 1898 Da
1576 1858 1675 1898 mihi
1694 1857 1735 1898 in
1756 1857 1892 1898 animo
1913 1857 2201 1907 constantiam,

296 1922 341 1958 ut
363 1922 624 1958 contemnam
646 1916 778 1957 illum:
802 1922 844 1957 et
865 1917 1074 1962 virtutem,
1099 1922 1147 1958 ut
1168 1923 1351 1958 evertam
1374 1917 1498 1958 illum.
1552 1918 1583 1941 ¹⁵
1611 1917 1719 1957 cErit
1741 1916 1848 1957 enim
1871 1916 1946 1957 hoc
1969 1916 2205 1957 memoriale

294 1976 468 2017 nominis
486 1976 558 2025 tui,
574 1989 666 2016 cum
684 1989 829 2016 manus
846 1976 1008 2016 feminae
1024 1976 1213 2017 deiecerit
1231 1990 1336 2018 eum.
1375 1978 1410 2001 ¹⁶
1424 1976 1515 2017 Non
1534 1976 1639 2017 enim
1659 1976 1699 2017 in
1716 1975 1981 2016 multitudine
2000 1980 2061 2016 est
2073 1975 2205 2016 virtus

295 2042 369 2076 tua
385 2035 571 2083 Domine,
592 2048 722 2089 neque
742 2035 783 2075 in
801 2048 998 2089 equorum
1016 2036 1170 2077 viribus
1189 2036 1381 2077 voluntas
1401 2041 1475 2077 tua
1495 2041 1567 2081 est,
1586 2048 1658 2076 nec
1680 2035 1843 2088 superbi
1861 2035 1913 2075 ab
1934 2034 2049 2075 initio
2067 2034 2204 2088 placu—

293 2099 414 2136 erunt
426 2095 519 2136 tibi:
540 2095 609 2135 sed
622 2094 836 2135 humilium
848 2100 889 2135 et
900 2100 1208 2136 mansuetorum
1224 2108 1383 2148 semper
1395 2095 1469 2136 tibi
1483 2094 1637 2148 placuit
1649 2094 1893 2147 deprecatio.
1922 2093 2078 2134 ¹⁷Deus
2091 2093 2204 2135 caelo·

295 2167 396 2203 rum,
412 2159 570 2195 creator
583 2167 794 2207 aquarum,
812 2158 853 2194 et
866 2154 1067 2195 Dominus
1081 2154 1208 2195 totius
1224 2160 1430 2199 creaturae,
1447 2153 1595 2194 exaudi
1613 2166 1677 2194 me
1696 2153 1885 2194 miseram
1901 2152 2200 2206 deprecantem,

294 2219 334 2254 et
354 2213 403 2254 de
421 2218 494 2254 tua
512 2213 785 2254 misericordia
801 2218 1126 2266 praesumentem.
1169 2215 1204 2237 ¹⁸
1220 2213 1426 2254 Memento
1445 2213 1620 2253 Domine
1638 2211 1876 2253 testamenti
1895 2211 1966 2257 tui,
1987 2217 2029 2252 et
2046 2212 2100 2253 da
2116 2225 2204 2253 ver-

296 2273 391 2313 bum
409 2273 449 2313 in
462 2286 529 2314 ore
547 2286 648 2319 meo,
665 2278 706 2313 et
723 2272 764 2313 in
777 2273 896 2313 corde
915 2285 1004 2313 meo
1024 2272 1234 2313 consilium
1254 2273 1481 2316 corrobora.
1500 2277 1547 2312 ut
1566 2272 1711 2312 domus
1728 2277 1803 2312 tua
1820 2271 1860 2311 in
1880 2270 2205 2312 sanctificatione

294 2337 368 2373 tua
379 2338 636 2385 permaneat:
663 2333 697 2355 ¹⁹
708 2337 748 2372 et
759 2345 898 2372 omnes
907 2332 1057 2372 Gentes
1069 2337 1291 2385 agnoscant
1305 2332 1401 2385 quia
1412 2336 1457 2372 tu
1471 2344 1511 2371 es
1521 2331 1644 2377 Deus,
1655 2336 1696 2371 et
1709 2343 1789 2371 non
1802 2336 1863 2370 est
1876 2329 1976 2371 alius
1989 2335 2136 2383 praeter
2148 2335 2201 2371 te.

400 2392 463 2435 10.
519 2393 532 2415 ¹
563 2391 737 2431 Factum
768 2396 829 2431 est
859 2397 1009 2438 autem,
1043 2404 1135 2431 cum
1167 2396 1362 2432 cessasset
1392 2390 1566 2431 clamare
1597 2390 1648 2430 ad
1679 2389 1915 2434 Dominum,
1948 2389 2124 2429 surrexit
2153 2389 2204 2430 de

293 2451 393 2497 loco,
415 2451 455 2491 in
476 2464 555 2504 quo
576 2451 757 2491 iacuerat
775 2456 983 2503 prostrata
1002 2450 1054 2491 ad
1072 2450 1308 2492 Dominum.
1357 2452 1372 2474 2
1391 2449 1647 2503 Vocavitque
1667 2449 1809 2490 abram
1828 2461 1957 2497 suam,
1979 2453 2021 2488 et
2039 2448 2204 2488 descen-

296 2511 393 2551 dens
415 2510 455 2551 in
478 2510 645 2551 domum
668 2522 795 2558 suam,
821 2509 992 2550 abstulit
1013 2522 1038 2550 a
1057 2522 1098 2550 se
1121 2509 1306 2555 cilicium,
1331 2514 1372 2550 et
1393 2509 1507 2550 exuit
1528 2521 1568 2549 se
1590 2507 1846 2549 vestimentis
1867 2506 2085 2548 viduitatis
2106 2520 2201 2556 suae,

295 2572 310 2594 ³
337 2574 378 2609 et
403 2569 505 2610 lavit
533 2582 676 2622 corpus
704 2582 834 2617 suum,
864 2574 905 2609 et
932 2569 1051 2610 unxit
1077 2582 1117 2609 se
1145 2582 1260 2622 myro
1288 2568 1456 2622 optimo,
1487 2573 1528 2609 et
1554 2566 1852 2608 discriminavit
1878 2566 2029 2607 crinem
2056 2566 2205 2620 capitis

296 2628 368 2673 sui,
399 2634 441 2669 et
468 2628 663 2682 imposuit
690 2628 856 2669 mitram
885 2641 1005 2682 super
1033 2633 1158 2681 caput
1186 2641 1317 2677 suum,
1348 2632 1390 2669 et
1416 2627 1551 2668 induit
1579 2639 1620 2667 se
1649 2625 1904 2667 vestimentis
1932 2625 2205 2666 iucunditatis

295 2700 388 2735 suae,
414 2688 630 2741 induitque
653 2687 838 2728 sandalia
860 2687 1031 2741 pedibus
1054 2687 1147 2734 suis,
1175 2687 1476 2741 assumpsitque
1500 2685 1752 2731 dextraliola,
1779 2690 1821 2726 et
1842 2684 1936 2733 lilia,
1963 2689 2004 2725 et
2026 2684 2200 2729 inaures,

296 2753 337 2788 et
361 2747 543 2795 annulos,
570 2753 611 2787 et
635 2746 823 2787 omnibus
848 2747 1097 2788 ornamentis
1121 2747 1202 2787 suis
1227 2746 1391 2788 ornavit
1413 2759 1465 2787 se.
1518 2747 1533 2770 ⁴
1557 2745 1630 2786 Cui
1654 2745 1778 2785 etiam
1802 2743 2003 2785 Dominus
2027 2742 2207 2784 contulit

297 2805 571 2860 splendorem:
590 2806 782 2860 quoniam
799 2806 929 2847 omnis
945 2807 1025 2847 ista
1039 2806 1279 2860 compositio
1296 2819 1376 2847 non
1393 2818 1443 2846 ex
1457 2804 1635 2853 libidine,
1653 2804 1723 2845 sed
1739 2817 1789 2844 ex
1804 2803 1958 2843 virtute
1974 2802 2201 2855 pendebat:

297 2871 338 2906 et
362 2865 450 2906 ideo
476 2866 676 2907 Dominus
701 2865 806 2905 hanc
831 2865 871 2905 in
896 2865 1005 2906 illam
1030 2864 1375 2919 pulchritudinem
1402 2864 1628 2918 ampliavit,
1654 2869 1702 2904 ut
1725 2860 2035 2915 incomparabili
2059 2861 2205 2902 decore

298 2925 479 2966 omnium
512 2925 635 2966 oculis
668 2930 893 2978 appareret.
954 2926 970 2949 5
1003 2924 1204 2978 Imposuit
1236 2924 1375 2978 itaque
1407 2924 1515 2964 abrae
1546 2936 1628 2964 suae
1660 2933 1894 2975 ascoperam
1926 2920 2022 2965 vini,
2057 2925 2099 2961 et
2130 2933 2205 2961 vas

298 2983 384 3026 olei.
414 2989 455 3025 et
481 2984 702 3037 polentam,
732 2989 773 3024 et
799 2983 999 3036 palathas,
1029 2989 1069 3024 et
1096 2996 1232 3036 panes,
1262 2989 1303 3024 et
1330 2996 1504 3027 caseum,
1534 2987 1575 3023 et
1601 2982 1785 3035 profecta
1811 2985 1883 3021 est.

405 3045 421 3067 ⁶
459 3043 641 3097 Cumque
681 3043 887 3083 venissent
926 3043 977 3083 ad
1016 3049 1177 3096 portam
1218 3042 1408 3091 civitatis,
1450 3042 1695 3083 invenerunt
1733 3044 2020 3093 expectantem
2060 3038 2202 3079 Oziam

300 3108 339 3142 et
368 3103 627 3155 presbyteros
658 3102 848 3143 civitatis.
911 3104 924 3125 ⁷
956 3102 1033 3150 Qui
1064 3114 1155 3142 cum
1187 3102 1385 3142 vidissent
1414 3114 1515 3147 eam,
1549 3105 1760 3153 stupentes
1790 3098 1927 3139 mirati
1958 3101 2054 3138 sunt·
2083 3096 2205 3137 nimis

300 3161 643 3215 pulchritudinem
660 3162 754 3203 eius.
802 3164 817 3184 ’³
835 3161 941 3202 Nihil
958 3167 1095 3202 tamen
1113 3161 1408 3213 interrogantes
1424 3173 1525 3207 eam,
1544 3159 1786 3200 dimiserunt
1801 3157 1984 3205 transire,
2003 3155 2203 3197 dicentes:

300 3220 410 3260 Deus
435 3226 597 3274 patrum
622 3226 850 3261 nostrorum
875 3221 945 3261 det
967 3220 1041 3261 tibi
1064 3220 1250 3273 gratiam,
1276 3225 1317 3260 et
1339 3232 1458 3261 omne
1481 3218 1692 3260 consilium
1716 3217 1776 3258 tui
1799 3216 1929 3257 cordis
1953 3227 2027 3256 sua
2048 3214 2207 3255 virtute

301 3281 543 3322 corroboret.
566 3285 611 3320 ut
629 3280 823 3333 glorietur
840 3293 960 3333 super
977 3286 1017 3320 te
1043 3278 1269 3321 Ierusalem,
1291 3284 1332 3320 et
1349 3279 1402 3319 sit
1421 3291 1567 3319 nomen
1588 3283 1704 3318 tuum
1723 3277 1764 3316 in
1782 3287 1950 3316 numero
1970 3278 2206 3315 sanctorum

302 3343 344 3379 et
362 3338 572 3379 iustorum.
625 3341 640 3363 ⁹
660 3338 714 3379 Et
736 3339 927 3379 dixerunt
947 3338 987 3378 hi
1010 3339 1076 3392 qui
1098 3338 1176 3378 illic
1197 3343 1324 3383 erant,
1348 3350 1487 3379 omnes
1507 3349 1591 3377 una
1609 3349 1726 3377 voce:
1749 3335 1854 3379 Fiat,
1877 3333 1961 3375 fiat.
2011 3334 2046 3358 ¹⁰
2066 3331 2206 3374 Iudith

303 3410 396 3439 vero
426 3411 543 3438 orans
572 3398 807 3439 Dominum.
841 3397 1031 3438 transivit.
1058 3410 1130 3450 per
1158 3403 1296 3450 portas
1325 3397 1414 3450 ipsa
1441 3402 1482 3437 et
1511 3397 1609 3436 abra
1638 3395 1731 3435 eius.

433 3524 464 3559 9,
487 3524 507 3556 2
530 3524 599 3556 aGn
623 3524 675 3557 34.
699 3525 749 3556 25.
781 3545 818 3547 --
843 3528 862 3556 ‘1'
889 3524 960 3557 l>Ex
987 3526 1037 3558 14.
1063 3525 1092 3557 9.
1122 3544 1160 3547 —
1188 3524 1227 3557 15
1255 3523 1330 3557 elac.
1353 3525 1383 3563 4,
1410 3524 1466 3561 212
1492 3524 1523 3562 5,
1549 3523 1600 3556 26.
