2356 3760
136 84 167 124 7,
193 83 312 123 1508,
337 83 377 116 21
1002 80 1169 114 REGUM
1956 89 2033 129 319

137 189 207 217 rex
232 176 274 216 in
300 180 435 216 castra
459 175 666 228 Syrorum,
695 173 849 214 dicens:
880 173 953 221 lte,
982 178 1023 214 et
1048 173 1195 213 videte.
1251 174 1282 197 15
1308 172 1386 221 Qui
1412 173 1600 215 abierunt
1623 181 1717 228 post
1742 191 1807 218 eos
1832 192 1958 232 usque
1984 180 2035 220 ad

140 235 373 276 Iordanem:
406 246 496 275 ecce
526 238 665 274 autem
695 231 826 273 omnis
857 231 924 271 via
953 231 1074 284 plena
1103 236 1191 271 erat
1219 230 1414 279 vestibus,
1447 236 1488 271 et
1517 232 1636 280 vasis,
1670 246 1759 285 quae
1787 237 2037 287 proiecerant

138 293 228 347 Syri
250 306 342 334 cum
365 293 647 334 turbarentur:
671 289 902 342 reversique
924 289 1061 330 nuncii
1082 289 1368 330 indicaverunt
1389 289 1482 342 regi.
1533 291 1568 314 ¹⁶
1589 289 1645 331 Et
1667 304 1843 344 egressus
1866 295 2037 346 populus

138 351 308 405 diripuit
328 356 463 392 castra
482 349 625 403 Syriae:
648 349 863 401 factusque
885 353 946 388 est
966 347 1126 389 modius
1147 347 1287 388 similae
1307 352 1458 388 statere
1478 361 1572 397 uno,
1595 354 1636 389 et
1656 349 1735 390 duo
1757 351 1881 390 modii
1901 352 2037 392 hordei

139 415 289 452 statere
321 423 414 457 uno,
446 408 564 449 iuxta
594 407 765 448 verbum
796 406 973 448 Domini.
1034 407 1067 430 ¹⁷
1098 406 1222 446 Porro
1254 419 1324 446 rex
1356 406 1499 446 ducem
1530 406 1655 455 illum,
1703 407 1743 447 in
1775 408 1885 448 cuius
1917 422 2039 449 manu

140 469 416 516 incumbebat,
454 466 669 508 constituit
706 466 758 506 ad
793 470 974 518 portam:
1013 478 1134 518 quem
1170 464 1426 505 conculcavit
1461 465 1584 505 turba
1618 465 1659 505 in
1695 465 1865 507 introitu
1900 472 2038 519 portae.

140 533 181 569 et
201 531 387 568 mortuus
408 530 481 574 est,
504 525 622 565 iuxta
644 524 753 578 quod
773 523 933 565 locutus
954 523 1089 564 fuerat
1109 522 1172 563 vir
1191 522 1278 567 Dei.
1304 523 1466 575 quando
1489 523 1752 565 descenderat
1772 537 1843 565 rex
1864 525 1915 565 ad
1936 538 2039 565 eum.

141 588 175 610 18
203 586 459 638 Factumque
488 588 550 625 est
578 583 802 624 secundum
831 595 1056 623 sermonem
1087 580 1162 621 viri
1191 580 1278 627 Dei,
1312 594 1431 633 quem
1461 581 1621 622 dixerat
1649 582 1741 635 regi,
1774 583 1935 635 quando
1966 582 2041 622 ait:

140 645 233 685 Duo
265 643 391 685 modii
422 641 563 684 hordei
594 647 744 682 statere
776 654 856 682 uno
889 645 1019 689 erunt,
1054 646 1095 680 et
1126 639 1285 680 modius
1318 639 1457 679 similae
1489 644 1638 680 statere
1670 653 1763 687 uno,
1796 641 1872 681 hoc
1903 642 2043 681 eodem

141 708 324 756 tempore
341 715 428 743 cras
445 701 487 741 in
503 705 624 754 porta
641 699 850 741 Samariae:
898 701 931 723 ¹⁹
950 699 1113 752 quando
1131 697 1397 752 responderat
1414 698 1498 738 dux
1515 697 1579 738 ille
1597 698 1683 739 viro
1701 698 1788 743 Dei,
1809 704 1848 739 et
1866 699 2042 739 dixerat:

141 761 316 803 Etiamsi
341 759 542 801 Dominus
568 758 710 800 fecerit
736 762 964 799 cataractas
992 757 1032 797 in
1059 757 1167 805 caelo,
1196 755 1397 809 numquid
1422 756 1574 810 poterit
1600 756 1685 797 fieri
1712 757 1821 809 quod
1846 757 2043 809 loqueris?

142 820 198 861 Et
221 819 326 861 dixit
349 819 401 860 ei:
426 817 592 859 Videbis
616 817 740 859 oculis
763 817 857 865 tuis,
883 822 924 857 et
946 816 1039 857 inde
1063 829 1144 857 non
1167 815 1364 857 comedes.
1417 815 1453 838 ²⁰
1475 814 1626 855 Evenit
1649 828 1740 867 ergo
1765 815 1799 855 ei
1823 814 1926 855 sicut
1949 828 2046 867 prze-

144 879 300 920 dictum
325 878 471 926 fuerat,
500 881 540 917 et
566 875 823 918 conculcavit
848 889 941 917 eum
966 874 1140 929 populus
1166 874 1208 914 in
1234 878 1365 927 porta,
1393 878 1434 914 et
1460 879 1644 914 mortuus
1672 879 1743 914 est.

248 937 286 980 8.
342 939 355 961 1
389 936 546 977 Eliseus
580 941 719 976 autem
752 935 912 976 locutus
947 939 1008 975 est
1041 934 1093 974 ad
1126 932 1347 981 mulierem,
1388 932 1520 972 acuius
1554 932 1690 973 vivere
1722 932 1874 973 fecerat
1907 931 2045 979 filium,
2109 933 2199 992 5¹33&

144 996 298 1037 dicens:
325 996 462 1049 Surge,
489 994 593 1035 vade
618 999 664 1035 tu
689 998 730 1035 et
754 993 898 1034 domus
923 998 1008 1041 tua,
1035 998 1075 1033 et
1099 991 1352 1046 peregrinare
1377 990 1623 1044 ubicumque
1647 991 1858 1044 repereris:
1885 990 2050 1031 vocavit
2101 970 2206 1028 &iugi

145 1055 251 1096 enim
279 1054 479 1096 Dominus
506 1053 670 1101 famem,
700 1058 741 1093 et
768 1052 905 1093 veniet
932 1065 1052 1105 super
1078 1056 1229 1091 terram
1257 1054 1413 1104 septem
1442 1049 1569 1090 annis.
1626 1051 1640 1073 2
1668 1049 1767 1098 Quae
1794 1049 1980 1097 surrexit,
2010 1053 2051 1089 et
2070 1040 2237 1103 ἶῐζξζζζξζῗ]

144 1113 241 1154 fecit
261 1113 379 1154 iuxta
398 1113 570 1153 verbum
590 1111 765 1153 hominis
787 1110 880 1151 Dei:
905 1116 945 1151 et
966 1110 1119 1151 vadens
1141 1122 1234 1150 cum
1256 1109 1376 1150 domo
1399 1122 1483 1156 sua,
1506 1108 1764 1161 peregrinata
1784 1113 1845 1149 est
1866 1108 1907 1148 in
1929 1107 2051 1148 Terra

144 1171 392 1213 Philisthiim
417 1171 558 1212 diebus
583 1170 735 1211 multis.
788 1172 804 1194 ³
827 1170 1010 1223 Cumque
1035 1168 1140 1209 finiti
1165 1172 1299 1209 essent
1324 1166 1419 1208 anni
1443 1171 1612 1220 septem,
1638 1179 1800 1207 reversa
1824 1172 1884 1207 est
1908 1165 2052 1207 mulier

145 1232 194 1272 de
223 1231 345 1272 Terra
371 1229 637 1271 Philisthiim:
667 1235 708 1271 et
735 1242 893 1282 egressa
920 1233 981 1269 est
1008 1233 1055 1268 ut
1082 1226 1359 1280 interpellaret
1385 1238 1519 1278 regem
1546 1238 1618 1278 pro
1648 1225 1768 1266 domo
1797 1238 1880 1272 sua.
1911 1229 1951 1265 et
1978 1237 2050 1277 pro

145 1290 249 1344 agris
274 1289 367 1331 suis.
420 1291 435 1313 ‘¹
460 1289 549 1330 Rex
573 1293 712 1329 autem
735 1288 982 1342 loquebatur
1004 1299 1097 1327 cum
1121 1285 1231 1327 Giezi
1254 1297 1379 1337 puero
1404 1283 1480 1324 viri
1503 1284 1591 1333 Dei,
1618 1283 1772 1325 dicens:
1800 1284 1930 1323 Narra
1953 1282 2052 1323 mihi

146 1348 283 1391 omnia
302 1347 508 1402 magnalia
528 1360 618 1401 quae
637 1347 733 1387 fecit
754 1346 922 1387 Eliseus.
971 1347 986 1369 ⁵
1007 1345 1189 1397 Cumque
1209 1343 1274 1383 ille
1295 1347 1478 1383 narraret
1497 1342 1579 1396 regi
1601 1356 1679 1396 quo
1700 1342 1822 1384 modo
1843 1347 2052 1383 mortuum

146 1407 393 1456 suscitasset,
433 1406 625 1460 apparuit
662 1405 815 1453 mulier,
856 1404 968 1445 cuius
1006 1403 1289 1444 vivificaverat
1325 1401 1464 1447 filium,
1504 1401 1683 1441 clamans
1722 1401 1773 1441 ad
1810 1414 1942 1454 regem
1980 1413 2051 1454 pro

146 1467 267 1509 domo
295 1479 379 1511 sua,
409 1470 450 1507 et
475 1478 547 1519 pro
575 1464 679 1518 agris
707 1464 799 1505 suis.
855 1463 1052 1516 Dixitque
1080 1461 1208 1503 Giezi:
1237 1460 1411 1502 Domine
1439 1460 1494 1500 mi
1520 1473 1601 1505 rex,
1631 1460 1715 1500 haec
1742 1465 1803 1500 est
1830 1459 1983 1507 mulier,
2013 1463 2054 1499 et

146 1526 210 1566 hic
237 1530 298 1566 est
324 1524 428 1565 filius
455 1524 550 1573 eius,
581 1537 702 1577 quem
728 1522 944 1564 suscitavit
970 1521 1138 1562 Eliseus
1197 1522 1212 1543 ⁶
1238 1520 1293 1560 Et
1319 1518 1587 1569 interrogavit
1612 1531 1682 1560 rex
1709 1518 1935 1559 mulierem:
1965 1530 2054 1570 quae

147 1583 331 1625 narravit
356 1583 402 1625 ei.
430 1582 636 1637 Deditque
663 1582 697 1623 ei
723 1595 793 1623 rex
819 1581 1051 1622 eunuchum
1077 1593 1217 1627 unum,
1247 1578 1400 1619 dicens:
1431 1578 1617 1618 Restitue
1643 1577 1678 1618 ei
1704 1577 1842 1618 omnia
1867 1590 1956 1630 quae
1981 1588 2055 1616 sua

146 1648 254 1692 sunt,
285 1648 326 1684 et
354 1642 563 1683 universos
591 1641 745 1682 reditus
775 1653 963 1694 agrorum
992 1652 1016 1679 a
1043 1639 1118 1687 die,
1150 1651 1233 1691 qua
1259 1636 1422 1690 reliquit
1452 1642 1600 1677 terram
1630 1649 1756 1689 usque
1785 1636 1837 1677 ad
1865 1648 2050 1689 praesens.

254 1704 267 1725 ⁷
292 1701 415 1743 Venit
438 1714 599 1754 quoque
624 1700 779 1741 Eliseus
803 1700 1066 1746 Damascum,
1092 1702 1133 1738 et
1157 1696 1354 1737 Benadad
1377 1708 1447 1736 rex
1470 1695 1595 1748 Syriae
1618 1695 1862 1748 {egrotabatt
1888 1693 2053 1734 nuncia·
2088 1692 2225 1717 Βίῳ-1111311

2071 1729 2154 1752 morit
2162 1734 2243 1751 urum

148 1765 377 1814 veruntque
404 1759 450 1809 ei,
479 1759 678 1800 dicentes:
706 1758 830 1800 Venit
856 1757 918 1798 vir
943 1757 1020 1798 Dei
1046 1756 1136 1797 huc.
1195 1757 1211 1779 ⁸
1238 1755 1293 1796 Et
1320 1754 1377 1795 ait
1404 1767 1474 1794 rex
1501 1754 1553 1794 ad
1581 1753 1751 1794 Hazael:
1782 1753 1890 1794 Tolle
1917 1758 2052 1793 tecum
2077 1764 2106 1787 ets
2130 1762 2237 1787 Hazael

147 1832 327 1868 munera,
358 1824 399 1860 et
426 1819 530 1860 vade
557 1818 599 1858 in
626 1830 838 1859 occursum
866 1815 942 1857 viri
969 1815 1056 1863 Dei,
1087 1820 1128 1856 et
1155 1813 1317 1856 consule
1345 1813 1568 1854 Dominum
1596 1825 1667 1865 per
1694 1825 1798 1860 eum,
1829 1811 1982 1852 dicens:
2012 1809 2052 1851 Si
2064 1798 2219 1857 ‘egffljffissu
2223 1804 2250 1822 ¹¹³

147 1879 318 1921 evadere
348 1883 490 1932 potero
521 1877 570 1918 de
599 1876 838 1917 infirmitate
868 1888 959 1916 mea
987 1873 1087 1914 hac?
1148 1875 1163 1896 ⁹
1195 1872 1278 1912 Ivit
1307 1872 1430 1925 igitur
1461 1871 1611 1911 Hazael
1642 1870 1682 1910 in
1713 1883 1924 1912 occursum
1954 1869 2049 1918 eius,
2109 1870 2203 1893 ”atur-

146 1938 301 1979 habens
333 1950 470 1977 secum
501 1948 682 1985 munera,
716 1940 758 1976 et
789 1933 926 1976 omnia
957 1933 1065 1974 bona
1096 1930 1299 1979 Damasci,
1334 1942 1457 1971 onera
1489 1929 1761 1983 quadraginta
1792 1928 2049 1969 camelorum.

147 1997 331 2050 Cumque
360 1995 541 2036 stetisset
569 2007 705 2035 coram
734 2007 792 2042 eo,
824 1993 899 2033 ait:
930 1991 1054 2032 Filius
1084 1996 1179 2032 tuus
1210 1989 1407 2030 Benadad
1435 2001 1505 2029 rex
1533 1988 1659 2041 Syriae
1686 1987 1798 2028 misit
1825 2000 1889 2027 me
1919 1987 1971 2027 ad
1999 1991 2051 2034 te,

148 2056 303 2096 dicens:
334 2054 375 2096 Si
405 2053 538 2094 sanari
567 2058 709 2107 potero
741 2052 789 2093 de
819 2050 1057 2091 infirmitate
1087 2062 1178 2089 mea
1206 2047 1306 2088 hac?
1365 2049 1400 2071 ¹⁰
1428 2046 1625 2100 Dixitque
1656 2045 1691 2087 ei
1719 2045 1895 2086 Eliseus:
1926 2045 2051 2091 Vade,

148 2114 212 2156 dic
235 2114 287 2155 ei:
313 2112 546 2155 Sanaberis:
571 2124 690 2166 porro
714 2110 895 2152 ostendit
917 2109 1015 2149 mihi
1038 2107 1239 2149 Dominus
1264 2106 1360 2160 quia
1382 2111 1512 2147 morte
1536 2104 1741 2146 morietur.
1794 2106 1825 2128 11
1848 2103 2054 2156 Stetitque

149 2187 241 2215 cum
264 2186 322 2221 6ο,
348 2178 389 2214 et
411 2171 681 2213 conturbatus
704 2174 766 2211 est
788 2182 915 2222 usque
939 2168 991 2209 ad
1014 2166 1279 2208 suffusionem
1302 2164 1459 2205 vultus:
1487 2163 1682 2217 flevitque
1705 2163 1767 2203 vir
1788 2162 1876 2203 Dei.
1928 2163 1959 2186 ¹2
1982 2161 2054 2202 Cui

150 2231 303 2273 Hazael
332 2231 408 2272 ait:
441 2230 573 2279 Quare
604 2228 792 2270 dominus
822 2241 934 2268 meus
968 2226 1062 2267 flet?
1093 2225 1149 2266 At
1177 2224 1241 2265 ille
1272 2223 1394 2264 dixit:
1426 2222 1532 2272 Quia
1560 2222 1640 2263 scio
1672 2235 1761 2275 quae
1790 2222 1972 2261 facturus
2002 2220 2055 2260 sis

148 2291 239 2332 filiis
265 2290 388 2331 Israel
411 2289 530 2330 mala.
557 2288 754 2330 Civitates
779 2299 918 2328 eorum
941 2285 1121 2326 munitas
1146 2283 1236 2337 igne
1260 2282 1490 2330 succendes,
1517 2286 1557 2322 et
1580 2281 1745 2322 iuvenes
1770 2293 1908 2321 eorum
1932 2279 2054 2319 inter-

150 2350 256 2391 ficies
278 2349 425 2403 gladio,
450 2354 491 2389 et
511 2347 704 2402 parvulos
727 2359 866 2387 eorum
889 2344 1022 2389 elides,
1048 2349 1088 2384 et
1109 2346 1365 2397 praegnantes
1388 2340 1556 2382 divides.
1608 2342 1640 2364 13
1661 2339 1858 2392 Dixitque
1882 2337 2052 2377 Hazael:

149 2409 257 2458 Quid
283 2408 390 2449 enim
415 2420 506 2448 sum
531 2419 670 2447 servus
695 2410 791 2446 tuus
817 2403 939 2453 canis,
968 2408 1015 2444 ut
1039 2402 1187 2443 faciam
1212 2414 1297 2441 rem
1322 2400 1445 2440 istam
1470 2397 1686 2452 magnam?
1713 2397 1769 2438 Et
1795 2397 1852 2437 ait
1877 2396 2052 2436 Eliseus:

150 2467 343 2510 Ostendit
371 2465 470 2507 mihi
499 2465 700 2507 Dominus
731 2470 771 2506 te
801 2476 935 2517 regem
965 2461 1091 2515 Syriae
1120 2461 1216 2502 fore.
1276 2461 1307 2483 14
1338 2458 1415 2507 Qui
1446 2471 1538 2499 cum
1568 2456 1795 2498 recessisset
1825 2455 1876 2496 ab
1907 2454 2051 2500 Eliseo,

151 2527 264 2568 venit
293 2526 346 2567 ad
375 2524 588 2566 dominum
617 2536 747 2564 suum.
780 2521 859 2571 Qui
889 2521 946 2562 ait
976 2521 1028 2561 ei:
1060 2519 1168 2569 Quid
1197 2518 1302 2560 dixit
1331 2517 1407 2558 tibi
1436 2515 1617 2557 Eliseus?
1647 2515 1704 2556 At
1732 2514 1796 2555 ille
1825 2513 2052 2567 respondit:

150 2586 268 2627 Dixit
293 2584 410 2625 mihi:
441 2582 625 2637 Recipies
652 2581 884 2623 sanitatem.
942 2582 972 2604 ¹⁵
998 2579 1182 2632 Cumque
1208 2576 1387 2618 venisset
1413 2575 1496 2617 dies
1524 2575 1663 2623 altera,
1691 2573 1788 2615 tulit
1813 2571 2050 2626 stragulum,

151 2651 192 2686 et
222 2644 374 2685 infudit
405 2655 568 2697 aquam,
602 2646 643 2682 et
674 2639 871 2694 expandit
902 2651 1022 2692 super
1052 2637 1197 2678 faciem
1229 2635 1331 2677 eius:
1365 2648 1444 2688 quo
1476 2639 1650 2682 mortuo,
1684 2631 1870 2685 regnavit
1902 2630 2054 2670 Hazael

150 2717 222 2758 pro
252 2717 310 2745 eo.

730 2757 768 2798 5.
799 2757 943 2797 loram
974 2766 1057 2795 rex
1087 2754 1208 2804 luda,
1236 2754 1277 2805 8,
1295 2752 1474 2793 16-24.

256 2834 291 2857 ¹⁶
312 2832 431 2873 Anno
455 2830 598 2885 quinto
623 2830 757 2870 Ioram
780 2826 849 2867 filii
871 2826 1014 2867 Achab
1036 2824 1137 2878 regis
1162 2822 1297 2871 Israel,
1322 2827 1363 2863 et
1387 2821 1583 2874 Iosaphat
1603 2818 1705 2873 regis
1730 2818 1844 2866 Iuda,
1868 2816 2055 2870 regnavit
2098 2812 2222 2877 fflfiss‘gffi

154 2892 288 2933 loram
314 2891 417 2931 filius
446 2889 643 2942 Iosaphat
668 2900 738 2928 rex
766 2886 880 2926 Iuda.
936 2886 970 2909 ¹⁷
1000 2883 1205 2937 bTriginta
1230 2882 1404 2923 duorum
1431 2892 1630 2920 annorum
1657 2882 1744 2918 erat
1770 2889 1863 2917 cum
1889 2887 2054 2929 regnare

152 2950 352 3004 coepisset,
384 2954 425 2990 et
453 2954 545 2990 octo
575 2946 690 2988 annis
719 2944 906 2998 regnavit
934 2943 975 2983 in
1006 2941 1236 2983 Ierusalem.
2164 2988 2167 2991 Ι
2190 2987 2194 2990 ⁴

257 3010 291 3033 ¹⁸
318 3006 640 3059 Ambulavitque
666 3005 708 3045 in
734 3003 810 3044 viis
837 3015 977 3056 regum
1006 3000 1140 3049 Israel,
1170 3000 1275 3041 sicut
1302 2997 1586 3039 ambulaverat
1613 2996 1756 3036 domus
1784 2993 1944 3034 Achab:
1974 2992 2055 3032 filia
2099 2986 2221 3052 ,ἷξζέζῑὲῒζζῖι

153 3068 260 3110 6111111
275 3067 418 3109 Achab
436 3070 523 3107 erat
538 3077 642 3106 uxor
657 3063 759 3105 eius:
778 3067 819 3102 et
833 3061 931 3102 fecit
948 3060 1058 3114 quod
1073 3059 1228 3100 malum
1245 3062 1306 3098 est
1321 3057 1362 3096 in
1379 3059 1598 3109 conspectu
1614 3052 1792 3095 Domini.
1839 3053 1873 3076 1⁹
1896 3050 2055 3092 cNoluit
2102 3058 2214 3088 reginae,

154 3132 292 3168 autem
317 3125 518 3167 Dominus
543 3122 773 3176 disperdere
801 3120 958 3169 Iudam,
986 3123 1153 3172 propter
1176 3116 1314 3157 David
1338 3127 1500 3156 servum
1526 3126 1656 3161 suum,
1684 3112 1789 3153 sicut
1813 3110 2055 3164 promiserat

154 3186 200 3235 ei,
231 3191 278 3226 ut
307 3185 423 3226 daret
450 3183 506 3224 iffi
533 3182 752 3229 lucernam,
784 3184 825 3220 et
854 3178 943 3219 filiis
974 3177 1056 3218 eius
1087 3175 1242 3217 cunctis
1273 3174 1425 3216 diebus
2193 3215 2197 3219 ι

259 3246 294 3268 ²⁰
320 3244 391 3284 dIn
416 3242 558 3284 diebus
584 3240 667 3281 eius
693 3237 857 3280 recessit
881 3237 1026 3285 Edoni,
1054 3249 1103 3276 ne
1129 3239 1234 3276 esset
1258 3233 1333 3274 sub
1361 3232 1474 3279 Iuda,
1503 3236 1544 3272 et
1569 3228 1783 3272 constituit
1808 3227 1883 3268 sibi
1907 3238 2051 3279 regem.
2095 3216 2217 3274 dffigsssss'

155 3306 186 3328 '²¹
212 3302 414 3356 Venitque
442 3301 576 3342 loram
602 3298 724 3347 Seu-a,
752 3302 793 3338 et
818 3309 956 3337 omnes
982 3307 1121 3336 currus
1146 3306 1239 3335 cum
1264 3305 1328 3332 eo:
1355 3296 1396 3331 et
1421 3289 1596 3331 surrexit
1620 3293 1749 3337 nocte,
1777 3284 2052 3340 percussitque
2076 3287 2105 3310 ‘ft
2127 3284 2234 3310 L0b¹³³⁵

288 3418 319 3459 8,
345 3418 362 3451 1
390 3416 479 3460 aSup
505 3417 536 3457 4,
561 3415 612 3449 35.
640 3435 682 3439 —
707 3414 748 3448 17
772 3413 811 3446 b2
837 3412 903 3445 Par
927 3412 979 3452 21,
1003 3411 1033 3444 5.
1061 3430 1103 3434 -
1128 3410 1169 3443 19
1191 3409 1226 3441 02
1251 3407 1309 3442 Sm
1335 3407 1365 3448 7,
1391 3406 1441 3440 16.
1469 3427 1510 3430 —-
1535 3405 1578 3438 20
1600 3405 1641 3437 (12
1667 3403 1732 3436 Par
1756 3402 1810 3441 21,
1834 3400 1864 3433 8.
