2356 3760
81 227 161 258 Doeg
180 227 257 251 faeta

105 263 133 287 in
156 262 237 287 Nobe

116 298 224 326 narrat,

90 471 178 495 quare
203 471 251 489 rex

89 499 252 525 sacerdotes

95 535 247 560 accersitos

107 571 235 601 increpat

71 1173 105 1193 ac
118 1174 167 1199 per
182 1170 260 1201 Doeg:

106 1205 243 1232 trucidat.

102 1525 130 1550 et
153 1524 252 1549 urbem

110 1560 244 1591 percutit,

104 1641 252 1667 sacerdote

108 1677 249 1702 Abiathar

96 1713 133 1738 ad
148 1712 259 1736 Davida

110 1748 247 1779 fugiente.

136 2112 231 2138 David

129 2148 237 2174 Ceilam

130 2183 235 2213 salvat,

127 2768 160 2786 ex
183 2760 251 2785 urbe

149 2796 230 2827 fugit,

273 136 350 176 246
1140 131 1287 166 LIBER
1312 132 1339 167 Ι.
1923 133 1978 174 22,
2002 133 2123 172 9—23‚
2150 131 2191 166 13

387 231 401 251 ²*
423 227 690 280 Respondens
711 232 848 267 autem
869 227 984 279 Doeg
1006 226 1222 271 Idumaeus,
1246 225 1314 279 qui
1334 225 1566 270 assistebat.
1588 232 1629 268 et
1648 231 1736 267 erat
1754 225 1909 279 primus
1928 225 2035 268 inter
2053 240 2190 268 servos

276 285 385 329 Saul.
409 286 513 330 Vidi.
537 286 684 339 inquit,
708 285 836 326 filium
860 285 939 325 lsai
960 284 1002 325 in
1025 285 1139 326 Nobe
1161 285 1272 337 apud
1291 285 1553 327 Achirnelech
1574 286 1701 326 filiuni
1723 284 1901 326 Achitob
1923 286 2188 327 sacerdotem.

278 347 312 369 ¹⁰
333 345 410 393 Qui
432 344 636 386 consuluit
656 357 729 397 pro
752 357 797 385 eo
818 343 1057 393 Dominum,
1080 348 1122 384 et
1142 343 1295 384 cibaria
1315 344 1430 386 dedit
1450 345 1502 386 ei:
1526 345 1596 385 sed
1617 350 1658 385 et
1677 344 1858 398 gladium
1880 343 2047 385 Goliath
2067 344 2191 386 Phili-

276 403 393 445 sthaei
423 404 538 445 dedit
566 403 634 443 illi.

384 465 412 487 ¹¹
442 461 553 503 Misit
583 474 674 512 ergo
703 474 773 501 rex
803 461 855 502 ad
884 461 1173 502 accersendum
1202 461 1462 503 Achirnelech
1491 462 1745 502 sacerdotem
1773 461 1902 502 filium
1930 462 2121 512 Achit0b‚
2151 468 2193 504 et

277 535 439 562 omnem
465 521 633 562 domum
658 520 787 573 patris
813 519 908 565 01113,
936 520 1208 569 sacerdotum,
1237 520 1305 574 qui
1330 526 1448 561 erant
1472 520 1510 561 in
1540 520 1666 570 Nobe‚
1694 519 1763 573 qui
1788 520 1966 561 universi
1990 526 2194 563 venerunt

278 581 328 621 ad
352 593 497 631 regem.
552 581 581 603 ¹2
603 579 659 620 Et
681 578 740 619 ait
761 579 857 620 Saul
880 579 931 620 ad
953 579 1233 620 Achirnelech:
1258 579 1366 619 Audi
1388 579 1443 620 fili
1465 579 1657 621 Achitob.
1683 579 1759 628 Qui
1783 580 2012 632 respondit:
2037 581 2192 622 Praesto

276 652 365 679 sum
395 638 583 679 Domine.
643 640 674 662 ¹³
702 637 902 691 Dixitque
931 638 983 679 ad
1013 651 1105 678 euin
1135 638 1250 679 Saul:
1282 638 1416 686 Quare
1445 637 1689 679 coniurastis
1719 638 1939 678 adversum
1968 652 2044 687 me,
2076 644 2122 680 tu
2152 643 2194 680 et

278 697 381 738 filius
404 697 495 743 Isai,
517 702 558 738 et
577 696 725 737 dedisti
746 696 780 736 ei
800 709 925 750 panes
945 701 987 738 et
1004 696 1199 750 gladium,
1221 702 1262 737 ct
1280 696 1521 738 consuluisti
1541 710 1613 750 pro
1633 710 1679 738 eo
1698 697 1846 745 Deum,
1867 702 1914 738 ut
1933 703 2195 752 consurgeret

277 756 495 797 adversum
523 769 599 802 1110,
629 755 844 797 insidiator
870 769 998 810 usque
1026 755 1145 797 hodie
1172 756 1439 809 permanens?
1496 758 1527 780 ¹⁴
1557 756 1905 809 Respondensque
1932 756 2193 797 Achirnelech

278 814 371 866 regi,
393 814 468 855 ait:
489 814 544 855 Et
562 814 651 868 quis
670 814 710 855 in
729 814 918 855 omnibus
937 814 1062 855 servis
1081 814 1175 863 tuis,
1196 814 1302 855 sicut
1318 814 1455 855 David
1474 814 1615 859 fidelis.
1636 819 1677 855 et
1693 827 1815 868 gener
1830 814 1946 868 regis,
1966 820 2008 856 et
2024 828 2194 869 pergens

279 874 331 914 ad
352 873 567 927 imperium
589 879 720 923 tuum,
743 878 785 915 et
803 873 1000 927 gloriosus
1022 873 1063 914 in
1084 874 1206 914 domo
1228 873 1325 914 tua?
1374 876 1405 898 ¹⁵
1427 874 1537 915 Num
1558 873 1678 915 hodie
1698 873 1803 926 coepi
1824 886 1896 927 pro
1918 887 1963 915 00
1985 874 2194 915 consulere

278 933 436 974 Deum?
461 933 568 974 absit
589 933 665 974 1100
687 947 710 973 a
730 946 813 973 me:
837 946 886 973 110
906 933 1136 986 suspicetur
1156 945 1226 973 rex
1248 933 1443 974 adversus
1465 945 1628 973 servum
1650 946 1769 974 suum
1791 945 1875 973 rem
1897 932 2191 982 huiuscemodi,

277 991 318 1032 in
348 992 540 1033 universa
569 992 691 1033 domo
722 992 851 1045 patris
882 992 979 1033 mei:
1011 1005 1092 1033 non
1125 991 1232 1032 enim
1262 991 1384 1032 scivit
1413 1004 1552 1033 servus
1584 996 1679 1032 tuus
1712 991 1939 1045 quidquam
1968 1005 2090 1046 super
2118 992 2195 1034 1100

278 1051 453 1104 negotio,
487 1050 550 1091 vel
579 1050 786 1091 modicum
817 1050 881 1091 vel
909 1051 1073 1104 grande.
1134 1052 1168 1074 ¹⁶
1197 1050 1395 1104 Dixitque
1425 1064 1513 1092 rex:
1546 1051 1677 1091 Morte
1706 1050 1889 1091 morieris
1919 1050 2192 1099 Achimelech,

277 1115 336 1154 tu.
369 1115 409 1150 et
439 1109 569 1151 01111113
600 1109 744 1150 (10111113
774 1108 903 1163 patris
933 1109 1006 1150 tui.

388 1170 420 1192 ¹⁷
450 1168 505 1209 Et
534 1168 592 1210 ait
618 1181 688 1209 rex
718 1168 946 1217 emissariis,
979 1168 1048 1222 qui
1076 1168 1402 1210 circumstabant
1429 1182 1541 1210 eum:
1571 1167 1879 1217 Convertimini‚
1910 1173 1952 1209 et
1978 1168 2196 1210 interficite

281 1227 511 1269 sacerdotes
545 1227 731 1269 Domini:
766 1241 863 1268 nam
896 1241 1042 1268 manus
1077 1240 1216 1269 eorum
1251 1241 1343 1268 cum
1373 1227 1511 1268 David
1545 1233 1624 1269 est:
1659 1227 1831 1268 scientes
1867 1228 1976 1281 quod
2010 1227 2194 1281 fugisset,

282 1292 323 1327 et
350 1299 431 1328 non
461 1286 750 1328 indicaverunt
777 1286 888 1328 mihi.
921 1286 1152 1328 Noluerunt
1180 1292 1319 1328 autem
1348 1287 1453 1327 servi
1480 1286 1583 1340 regis
1613 1287 1831 1328 extendere
1859 1300 2005 1328 manus
2034 1300 2127 1328 suas
2155 1286 2196 1327 in

282 1346 512 1387 sacerdotes
537 1345 717 1387 Domini.
772 1347 806 1370 18
832 1346 888 1387 Ε1
913 1346 971 1387 ait
995 1359 1066 1387 rex
1091 1347 1144 1387 ad
1168 1346 1301 1400 Doeg:
1329 1346 1575 1387 Convertere
1599 1350 1658 1394 tu,
1687 1350 1728 1387 01
1752 1345 1858 1387 111110
1883 1345 1926 1386 111
1951 1346 2195 1388 sacerdotes,

282 1404 592 1459 Conversusque
610 1405 726 1458 Doeg
746 1405 962 1453 Iduinaeus,
982 1405 1102 1446 irruit
1118 1405 1159 1445 in
1178 1405 1420 1454 sacerdotes,
1441 1410 1483 1446 et
1499 1404 1726 1445 trucidavit
1742 1404 1783 1445 in
1802 1403 1866 1445 die
1883 1403 1953 1445 illa
1970 1404 2198 1459 octoginta-

285 1463 467 1517 quinque
496 1464 605 1506 viros
635 1463 808 1505 vestitos
839 1464 974 1517 ephod
1002 1463 1121 1505 lineo.

390 1525 424 1546 ¹9
448 1523 562 1564 Nobe
586 1528 725 1563 autem
748 1522 959 1564 civitatem
984 1524 1244 1564 sacerdotum
1266 1522 1466 1576 percussit
1487 1522 1529 1563 in
1553 1535 1619 1564 ore
1640 1522 1776 1576 gladii,
1802 1522 1910 1564 viros
1933 1527 1975 1563 et
1997 1521 2196 1571 mulieres.

284 1586 325 1622 et
351 1582 556 1635 parvulos,
587 1588 627 1623 et
652 1581 864 1630 lactentes,
894 1582 1125 1636 bovemque
1153 1587 1194 1623 et
1221 1581 1394 1631 asinum,
1423 1587 1466 1622 et
1492 1595 1610 1623 ovem
1637 1581 1679 1622 in
1707 1594 1773 1622 010
1799 1580 1935 1634 gladii.

389 1642 425 1664 '2⁰
456 1640 647 1682 Evadens
681 1646 820 1682 autem
852 1654 957 1682 1111115
990 1639 1094 1681 filius
1127 1640 1407 1690 Achimelech,
1441 1640 1511 1681 filii
1543 1639 1742 1689 Achitob,
1785 1639 1898 1681 cuius
1930 1654 2079 1682 nomen
2112 1645 2200 1682 erat

284 1699 497 1743 Abiathar,
530 1699 637 1753 fugit
667 1700 718 1741 ad
748 1699 898 1745 David,
958 1701 989 1724 2¹
1020 1705 1062 1741 et
1092 1699 1362 1741 annunciavit
1391 1699 1426 1740 ei
1457 1700 1567 1753 quod
1599 1699 1813 1741 occidisset
1842 1699 1940 1740 Saul
1969 1700 2200 1741 sacerdotes

284 1758 463 1800 Domini.
522 1761 553 1783 22
582 1759 639 1800 Et
668 1759 726 1800 ait
754 1758 892 1800 David
922 1759 974 1800 ad
1002 1758 1223 1800 Abiathar:
1255 1759 1441 1801 Sciebam
1471 1759 1513 1800 in
1542 1758 1606 1800 die
1635 1758 1715 1803 illa.
1748 1758 1858 1813 quod
1888 1772 1981 1800 cum
2010 1758 2066 1800 ibi
2095 1763 2202 1800 esset

285 1818 400 1870 Doeg
429 1817 646 1867 Idumaeus,
674 1817 943 1872 proculdubio
971 1818 1241 1859 annunciaret
1266 1817 1395 1860 Sauli:
1425 1831 1497 1872 ego
1524 1831 1614 1858 sum
1640 1831 1731 1859 reus
1760 1817 1943 1859 omnium
1971 1818 2201 1858 animarum

286 1876 414 1930 patris
441 1877 515 1918 tui.
571 1879 603 1901 2³
629 1878 749 1918 Mane
776 1890 949 1926 1110011111,
978 1891 1028 1918 110
1055 1877 1219 1919 timeas:
1248 1877 1280 1918 si
1308 1877 1398 1931 quis
1427 1877 1631 1931 quaesierit
1658 1876 1838 1918 animam
1865 1889 2013 1927 meam,
2048 1881 2203 1931 quaeret

287 1940 327 1976 et
355 1935 535 1976 animam
564 1941 693 1985 tuam,
724 1950 966 1990 mecumque
994 1936 1231 1978 servaberis.

730 2039 796 2080 11.
826 2040 972 2081 David
1002 2040 1073 2081 bis
1104 2039 1287 2081 Saulem
1320 2040 1498 2092 effugit,
1527 2041 1594 2091 23,
1613 2041 1759 2081 1—28.

395 2108 459 2153 23.
486 2112 497 2133 ¹
520 2111 575 2151 Et
602 2110 959 2152 annunciaverunt
977 2110 1127 2159 David,
1150 2110 1349 2152 dicentes:
1377 2111 1481 2151 Ecce
1502 2110 1752 2151 Philisthiim
1773 2115 2017 2165 oppugnant
2035 2110 2201 2160 Ceilam,

290 2174 329 2210 et
362 2168 561 2223 diripiunt
592 2182 716 2210 areas.
777 2172 791 2193 2
823 2169 1037 2211 Consuluit
1068 2182 1160 2223 ergo
1191 2169 1330 2210 David
1360 2170 1598 2219 Dominum,
1633 2169 1787 2211 dicens:
1822 2171 1932 2211 Num
1963 2170 2128 2219 vadam,
2163 2175 2203 2211 et

290 2228 516 2281 percutiam
543 2228 799 2270 Philisthaeos
825 2228 949 2270 istos?
977 2229 1034 2269 Et
1059 2228 1117 2269 ait
1142 2228 1344 2270 Dominus
1371 2229 1423 2270 ad
1447 2228 1603 2270 David:
1631 2229 1757 2278 Vade,
1786 2234 1827 2270 et
1852 2228 2054 2283 percuties
2079 2228 2204 2270 Phili-

291 2287 451 2333 sthaeos,
484 2293 525 2328 et
554 2287 705 2329 Ceilam
735 2287 925 2329 salvabis.
984 2290 999 2312 3
1028 2288 1084 2328 Et
1114 2287 1306 2329 dixerunt
1336 2287 1423 2335 viri,
1457 2288 1525 2342 qui
1556 2293 1674 2329 erant
1703 2302 1795 2329 cum
1825 2287 1976 2338 David,
2009 2288 2061 2329 ad
2090 2301 2202 2329 eum:

292 2346 396 2387 Ecce
424 2359 497 2387 1105
525 2346 589 2387 1110
616 2346 657 2387 111
687 2346 827 2387 Iudaea
854 2346 1121 2389 consistentes
1150 2346 1360 2388 timemus:
1392 2352 1547 2401 quanto
1575 2347 1704 2401 magis
1733 2347 1765 2388 si
1791 2346 1955 2388 ierimus
1983 2347 2024 2388 in
2052 2346 2205 2388 Ceilam

291 2405 510 2446 adversum
545 2405 709 2459 agmina
741 2405 1104 2447 Philisthinorum?
1166 2408 1182 2430 4
1217 2406 1395 2447 Rursum
1430 2419 1522 2460 ergo
1556 2406 1694 2447 David
1728 2405 1933 2448 consuluit
1965 2405 2203 2449 Dominum.

293 2464 371 2513 Qui
395 2465 655 2518 respondens,
682 2464 741 2506 ait
764 2464 817 2505 ei:
843 2466 981 2518 Surge,
1008 2470 1049 2506 et
1072 2465 1176 2506 vade
1200 2464 1242 2505 in
1266 2464 1437 2506 Ceilam:
1464 2478 1535 2519 ego
1561 2465 1668 2506 enim
1692 2466 1856 2506 tradam
1879 2465 2139 2506 Philisthaeos
2163 2464 2205 2505 in

292 2536 417 2564 manu
440 2528 524 2564 tua.
574 2525 589 2547 ⁵
610 2523 726 2565 Abiit
747 2536 838 2577 ergo
860 2523 1010 2572 David,
1035 2528 1076 2565 et
1097 2524 1173 2564 viri
1195 2523 1279 2565 eius
1300 2523 1342 2565 in
1364 2523 1528 2573 Ceilam‚
1553 2530 1594 2565 et
1615 2524 1818 2578 pugnavit
1839 2524 2060 2566 adversum
2081 2523 2206 2565 Phili-

293 2583 453 2628 sthaeos,
480 2588 520 2623 et
544 2582 681 2636 abegit
702 2581 888 2624 iumenta
911 2596 1062 2632 eorum,
1088 2588 1130 2624 et
1151 2583 1351 2637 percussit
1374 2596 1440 2624 eos
1464 2583 1586 2637 plaga
1607 2597 1775 2638 magna:
1801 2588 1842 2625 et
1864 2583 2045 2624 salvavit
2066 2582 2207 2624 David

293 2641 546 2683 habitatores
575 2641 703 2683 Ceilae.
763 2644 778 2665 6
804 2642 930 2683 Porro
960 2655 1005 2683 eo
1034 2647 1229 2696 tempore,
1261 2655 1341 2696 quo
1369 2642 1554 2696 fugiebat
1580 2642 1784 2684 Abiathar
1810 2641 1916 2684 filius
1944 2641 2207 2683 Achirnelech

294 2701 345 2742 ad
374 2700 512 2741 David
540 2700 581 2740 in
611 2700 775 2745 Ceilam.
807 2701 941 2754 ephod
970 2714 1106 2742 secum
1136 2701 1290 2742 liabens
1320 2701 1598 2743 descenderat.

402 2761 415 2783 ⁷
449 2759 700 2800 Nunciatum
732 2764 794 2801 est
825 2764 962 2801 autem
994 2759 1104 2801 Sauli
1137 2761 1245 2814 quod
1277 2760 1457 2802 venisset
1485 2760 1624 2802 David
1654 2760 1695 2801 in
1726 2759 1897 2802 Ceilam:
1930 2764 1972 2801 et
2002 2759 2062 2801 ait
2090 2758 2205 2801 Saul:

296 2818 481 2859 Tradidit
509 2832 600 2859 eum
628 2819 739 2860 Deus
767 2818 807 2859 in
836 2832 982 2860 manus
1009 2832 1132 2867 meas,
1163 2819 1458 2874 conclususque
1485 2824 1547 2861 est
1573 2819 1843 2874 introgressus
1870 2819 2027 2867 urbem,
2055 2817 2098 2858 in
2126 2831 2208 2872 qua

296 2883 424 2931 portae
451 2883 491 2918 et
517 2891 613 2919 serae
639 2883 746 2919 sunt.
805 2880 820 2901 ⁸
846 2878 901 2919 Et
927 2878 1121 2931 praecepit
1146 2878 1242 2919 Saul
1269 2878 1379 2920 omni
1405 2877 1556 2932 populo
1584 2883 1631 2920 ut
1657 2879 1709 2920 ad
1734 2891 1917 2932 pugnam
1944 2877 2209 2919 descenderet

295 2936 336 2977 in
366 2935 535 2976 (Jeilamx
568 2943 608 2978 01
637 2936 842 2978 obsideret
869 2936 1019 2985 David,
1051 2942 1092 2978 et
1121 2937 1228 2978 viros
1259 2937 1354 2978 eius.
1415 2939 1430 2962 ⁹
1459 2938 1579 2986 Quod
1608 2951 1701 2978 cum
1729 2936 1869 2979 David
1896 2936 2084 2978 rescisset
2113 2935 2210 2990 quia

296 3002 544 3049 praepararet
575 2995 608 3035 ei
638 2996 735 3037 Saul
766 2995 869 3037 clam
901 2995 1066 3045 malum,
1100 2996 1206 3038 dixit
1235 2997 1287 3038 ad
1317 2996 1520 3038 Abiathar
1549 2997 1822 3038 sacerdotem:
1854 2995 2030 3050 Applica
2059 2995 2206 3049 ephod.

298 3056 332 3078 ¹⁰
360 3054 413 3095 Et
438 3054 497 3094 ait
521 3054 676 3096 David:
704 3055 879 3097 Domine
906 3056 1016 3096 Deus
1045 3055 1180 3105 Israel,
1209 3055 1370 3097 audivit
1394 3056 1549 3097 famam
1575 3068 1715 3097 servus
1740 3059 1849 3104 tuus,
1878 3055 1990 3109 quod
2015 3053 2210 3108 disponat

297 3112 393 3154 Saul
418 3113 554 3154 venire
580 3113 619 3154 in
645 3114 808 3163 Ceilam,
836 3119 883 3155 ut
907 3119 1068 3155 evertat
1092 3115 1234 3155 urbem
1260 3120 1428 3168 propter
1450 3128 1533 3156 me:
1587 3117 1617 3139 ¹¹
1643 3114 1684 3156 Si
1708 3114 1877 3156 tradent
1900 3127 1965 3155 me
1990 3112 2067 3153 viri
2091 3111 2210 3154 Ceilae

297 3172 337 3212 in
359 3185 504 3212 manus
525 3171 634 3213 eius?
657 3178 698 3214 et
717 3173 748 3214 si
770 3174 990 3215 descendet
1009 3172 1118 3222 Saul,
1141 3173 1247 3215 sicut
1267 3173 1428 3215 audivit
1448 3186 1588 3215 servus
1611 3173 1730 3214 tuus?
1752 3172 1929 3215 Domine
1949 3172 2061 3213 Deus
2084 3170 2210 3212 Israel

298 3231 433 3272 indica
457 3244 572 3271 servo
598 3237 683 3272 tuo.
712 3232 767 3272 Et
793 3232 850 3273 ait
876 3231 1096 3273 Dominus:
1124 3232 1366 3274 Descendet.
1422 3234 1453 3257 ¹2
1477 3232 1676 3286 Dixitque
1702 3231 1858 3273 David:
1885 3231 1927 3273 Si
1952 3230 2120 3272 tradent
2144 3243 2209 3271 1110

297 3290 372 3330 viri
399 3289 527 3331 Ceilae.
557 3296 597 3330 et
624 3290 731 3331 viros
759 3291 827 3344 qui
854 3296 951 3332 sunt
976 3304 1148 3336 mecum,
1178 3291 1217 3331 in
1245 3305 1390 3333 manus
1416 3291 1538 3333 Saul?
1566 3296 1607 3332 01
1633 3291 1739 3332 dixit
1763 3289 1984 3332 Dominus:
2014 3289 2207 3330 Tradent.

298 3351 330 3374 ¹³
357 3349 542 3390 Surrexit
570 3361 661 3399 ergo
690 3349 827 3390 David
855 3356 896 3391 et
923 3350 999 3391 viri
1028 3350 1112 3391 eius
1141 3350 1256 3404 quasi
1285 3351 1477 3399 sexcenti,
1508 3355 1549 3392 et
1577 3349 1723 3404 egressi
1750 3350 1800 3391 de
1827 3348 1948 3396 Ceila,
1976 3348 2057 3389 huc
2084 3352 2210 3401 atque

295 3407 389 3449 illuc
421 3408 681 3460 vagabantur
711 3408 872 3449 incerti:
905 3409 1229 3463 nunciatumque
1260 3415 1322 3450 est
1352 3410 1462 3451 Sauli
1495 3410 1605 3463 quod
1635 3408 1806 3462 fugisset
1836 3407 1974 3449 David
2005 3407 2054 3448 de
2085 3405 2207 3454 Ceila,

298 3473 338 3508 et
366 3466 549 3508 salvatus
577 3472 700 3508 esset:
732 3481 855 3521 quam
885 3469 935 3509 ob
964 3481 1047 3509 rem
1077 3467 1352 3510 dissimulavit
1380 3468 1500 3510 exire.
