2356 3760
291 172 367 212 784
918 170 1319 205 LAMENTATIONES
1348 170 1565 206 IEREMIAE
1961 175 1991 214 4,
2018 174 2137 215 19-5,
2163 176 2205 209 22

1180 269 1315 303 COPH.

293 324 325 346 ¹⁹
344 322 570 364 Velociores
588 322 751 363 fuerunt
772 326 1049 375 persecutores
1067 324 1196 364 nostri
1317 323 1462 377 aquilis
1493 323 1595 364 eaeli:

343 394 463 434 super
492 387 651 422 montes
681 381 882 434 persecuti
913 387 1009 422 sunt
1039 394 1123 424 nos,
1317 383 1357 422 in
1387 382 1546 423 deserto
1578 381 1757 423 insidiati
1787 389 1882 425 sunt
1913 385 2040 426 nobis.

1201 455 1298 490 RES.

289 511 326 533 ²⁰
341 509 515 563 Spiritus
547 509 624 549 oris
654 509 782 550 nostri
812 508 996 550 Christus
1026 510 1228 551 Dominus
1316 515 1461 564 captus
1491 516 1551 551 est
1582 511 1622 551 in
1653 511 1830 564 peccatis
1859 513 2026 553 nostris:

342 569 404 609 cui
436 568 631 608 diximus:
665 567 711 607 In
742 567 886 608 umbra
918 574 991 609 tua
1316 569 1502 610 vivemus
1532 569 1573 610 in
1603 570 1815 611 Gentibus,

1204 679 1291 713 SIN.

102 734 264 793 ²¹¹,ffsfflssn‘st
291 734 317 755 '2¹
342 732 496 777 Gaude,
530 738 570 772 et
599 731 736 772 laetare
768 731 849 772 filia
877 731 1024 780 Edom,
1317 746 1407 787 quae
1436 733 1599 774 habitas
1629 733 1669 773 in
1701 734 1824 774 Terra
1853 734 1960 775 Hus:

105 787 261 863 vuius-ain-
343 790 394 830 ad
425 796 464 831 te
496 803 657 844 quoque
687 791 897 844 perveniet
927 791 1043 835 calix,
1315 792 1589 836 inebriaberis,
1623 798 1746 846 atque
1776 793 2003 835 nudaberis.

170 848 209 864 ““
1178 866 1321 900 THAU.

286 920 318 942 2²
339 919 550 972 Completa
582 924 643 960 est
672 919 867 973 iniquitas
899 926 970 960 tua
1001 920 1083 961 filia
1111 921 1220 966 Sion,
1314 934 1395 961 non
1427 921 1552 961 addet
1582 920 1691 961 ultra
1719 926 1766 961 ut
1796 922 2058 976 transmigret
2090 928 2147 964 te:

340 978 526 1019 visitavit
555 978 817 1032 iniquitatem
850 984 963 1019 tuam
995 978 1077 1020 filia
1106 979 1252 1025 Edom,
1315 980 1590 1033 discooperuit
1620 985 1790 1033 peccata
1819 985 1903 1021 tua.

685 1106 962 1157 ORATIO
1003 1107 1337 1157 IEREMIAE
1376 1107 1811 1159 PROPHETAE.

712 1196 750 1237 5.
782 1197 1050 1249 Redemptio
1081 1197 1239 1251 populi
1270 1198 1558 1250 imploratur,
1586 1198 1626 1250 5,
1646 1199 1791 1238 1—22.

117 1269 253 1328 '1'1‘1'2i'1ifflf
290 1268 327 1310 5.
386 1270 394 1291 ¹
432 1267 661 1308 Recordare
691 1268 868 1309 Domine
902 1268 1001 1322 quid
1034 1268 1226 1309 acciderit
1259 1269 1393 1310 nobis:
1481 1269 1651 1315 intuere,
1687 1274 1727 1310 et
1759 1269 1910 1323 respice
1943 1270 2205 1324 opprobrium

136 1340 232 1379 populi
555 1332 751 1368 nostrum.

113 1378 243 1405 ‘⁰³¹'¹‘³¹³‘
308 1388 321 1410 2
344 1385 560 1426 Hereditas
587 1392 728 1427 nostra
755 1399 872 1426 versa
897 1391 958 1427 est
986 1386 1037 1427 ad
1064 1385 1234 1428 alienos:
1316 1387 1461 1428 domus
1488 1392 1638 1428 nostrae
1664 1387 1716 1428 ad
1743 1392 1969 1428 extraneos.

306 1447 321 1469 ³
341 1444 490 1498 Pupilli
520 1445 619 1485 facti
649 1457 788 1486 sumus
819 1446 973 1499 absque
1003 1450 1132 1499 patre,
1216 1451 1368 1486 matres
1398 1451 1548 1487 nostrae
1579 1446 1694 1500 quasi
1724 1446 1869 1487 viduae.

305 1506 320 1528 ⁴
340 1503 504 1557 Aquam
535 1510 718 1545 nostram
747 1504 921 1557 pecunia
952 1504 1147 1545 bibimus:
1230 1504 1341 1558 ligna
1369 1510 1511 1546 nostra
1539 1505 1670 1559 pretio
1701 1505 2042 1558 comparavimus.

306 1565 320 1587 5
341 1562 574 1603 Cervicibus
605 1563 753 1604 nostris
783 1563 1055 1607 minabamur,
1139 1563 1254 1604 lassis
1284 1577 1365 1605 non
1395 1564 1575 1605 dabatur
1603 1564 1773 1617 requies

306 1623 321 1646 ⁶
342 1621 521 1675 :Egypto
553 1622 738 1662 dedimus
768 1635 949 1667 manum,
983 1627 1022 1662 et
1052 1622 1228 1675 Assyriis
1311 1628 1357 1663 ut
1378 1627 1666 1663 saturaremur
1693 1635 1811 1676 pane.

306 1682 319 1704 ⁷
341 1680 484 1721 Patres
510 1680 638 1722 nostri
663 1685 950 1734 peccaverunt,
978 1686 1019 1721 et
1043 1694 1125 1722 non
1150 1686 1265 1722 sunt:
1345 1686 1385 1722 et
1411 1695 1483 1723 nos
1507 1681 1747 1735 iniquitates
1773 1694 1912 1723 eorum
1936 1682 2207 1736 portavimus.

306 1741 321 1763 8
342 1739 456 1780 Servi
486 1739 688 1780 dominati
717 1745 814 1781 sunt
843 1740 990 1781 nostri:
1075 1753 1156 1781 non
1185 1740 1265 1781 fuit
1296 1740 1365 1794 qui
1393 1741 1611 1782 redimeret
1640 1741 1689 1781 de
1718 1753 1844 1781 manu
1874 1753 2025 1782 eorum.

305 1800 320 1823 ⁹
343 1798 390 1839 In
421 1799 636 1840 animabus
666 1798 814 1840 nostris
845 1799 1116 1840 afferebamus
1145 1811 1294 1853 panem
1324 1800 1453 1847 nobis,
1539 1813 1563 1840 a
1590 1799 1693 1840 facie
1722 1799 1845 1854 gladii
1874 1799 1916 1840 in
1947 1800 2118 1843 deserto.

290 1860 325 1882 ¹⁰
341 1857 460 1898 Pellis
490 1863 642 1900 nostra,
676 1858 791 1912 quasi
822 1857 1004 1899 clibanus
1035 1863 1182 1899 exusta
1211 1864 1272 1899 est
1355 1872 1377 1899 a
1406 1859 1508 1899 facie
1539 1863 1837 1913 tempestatum
1866 1859 1998 1900 famis.

289 1919 318 1941 ¹¹
340 1916 526 1957 Mulieres
556 1917 597 1957 in
627 1917 723 1958 Sion
752 1917 1086 1961 lnuniliaverunt,
1172 1923 1213 1958 et
1242 1917 1417 1972 virgines
1447 1918 1487 1958 in
1518 1917 1757 1959 civitatibus
1789 1918 1904 1959 Iuda.

289 1978 320 2000 ¹2
339 1975 547 2029 Principes
577 1989 702 2017 manu
733 1976 917 2030 suspensi
947 1981 1061 2017 sunt:
1145 1976 1268 2017 facies
1298 1989 1441 2018 senum
1470 1990 1552 2018 non
1582 1977 1845 2018 erubuerunt.

289 2037 320 2060 ¹3
340 2035 679 2076 Adolescentibus
708 2035 913 2089 impudice
944 2035 1060 2076 abusi
1090 2041 1205 2077 sunt:
1289 2042 1331 2077 et
1359 2036 1474 2090 pueri
1502 2036 1544 2077 in
1572 2036 1680 2090 ligno
1712 2041 1963 2077 corruerunt.

288 2096 319 2118 ¹⁴
341 2094 463 2134 Senes
494 2094 730 2135 defecerunt
760 2095 808 2135 de
839 2094 985 2148 portis:
1069 2095 1236 2136 iuvenes
1266 2095 1316 2136 de
1346 2095 1467 2136 choro
1498 2094 1773 2149 psallentium.

290 2155 320 2177 ¹5
340 2153 500 2194 Defecit
531 2154 726 2206 gaudium
757 2154 887 2195 cordis
917 2154 1063 2194 nostri:
1149 2167 1288 2195 versus
1318 2161 1379 2195 est
1408 2155 1449 2195 in
1478 2154 1637 2195 luctum
1667 2154 1812 2194 chorus
1843 2158 1991 2195 noster.

290 2214 324 2236 ¹⁶
341 2211 495 2253 Cecidit
526 2225 675 2253 corona
705 2212 848 2266 capitis
879 2212 1025 2253 nostri:
1111 2225 1172 2253 vae
1201 2213 1329 2259 nobis,
1363 2213 1460 2266 quia-
1488 2213 1760 2266 peccavimus.

290 2273 322 2294 ¹⁷
341 2270 564 2324 Propterea
582 2276 777 2312 moestum
796 2271 954 2312 factum
973 2277 1034 2312 est
1054 2284 1121 2312 cor
1138 2278 1337 2315 nostrum,
1412 2272 1501 2313 ideo
1521 2271 1805 2313 contenebrati
1824 2276 1921 2313 sunt
1940 2271 2046 2313 oculi
2064 2271 2205 2314 nostri.

293 2331 326 2353 ¹¹³
343 2329 516 2382 Propter
546 2337 728 2371 montem
758 2330 854 2371 Sion
886 2329 980 2383 quia
1010 2329 1205 2384 disperiit.
1291 2330 1433 2384 vulpes
1463 2331 1782 2371 ambulaverunt
1811 2330 1851 2370 in
1882 2343 1939 2371 eo.

122 2438 250 2496 ,ζξξῇῥξζῖπ
294 2437 326 2459 ¹⁹
345 2435 404 2475 Tu
441 2441 579 2475 autem
615 2433 790 2475 Domine
825 2434 865 2474 in
901 2440 1099 2475 aeternum
1134 2434 1402 2488 permanebis,
1494 2434 1638 2476 solium
1674 2441 1794 2476 tuum
1827 2434 1869 2476 in
1903 2435 2207 2489 generationem

122 2485 248 2531 nuilus&
556 2498 596 2534 et
625 2493 940 2546 generationem.

290 2555 326 2576 '2⁴’
343 2553 476 2600 Quare
497 2553 536 2593 in
557 2557 802 2605 perpetuum
823 2552 1070 2593 oblivisceris
1091 2552 1244 2594 nostri?
1318 2552 1571 2607 derelinques
1594 2566 1665 2594 nos
1685 2553 1727 2593 in
1746 2553 2002 2607 longitudine
2023 2553 2206 2594 dierum?

290 2613 320 2635 2¹
343 2612 543 2652 Converte
578 2624 649 2652 nos
683 2611 857 2652 Domine
892 2611 944 2651 ad
978 2616 1028 2655 te,
1066 2616 1107 2652 et
1140 2617 1443 2653 convertemur:
1532 2612 1686 2653 innova
1718 2612 1802 2653 dies
1836 2617 2008 2661 nostros,
2044 2612 2151 2653 sicut
2185 2626 2207 2653 a

553 2669 762 2723 principio.

291 2731 322 2752 ²²
343 2729 421 2770 Sed
452 2729 663 2783 projiciens
692 2728 876 2782 repulisti
906 2741 991 2777 nos⁹
1076 2729 1203 2770 iratus
1233 2742 1273 2770 es
1303 2735 1447 2771 contra
1475 2743 1548 2771 nos
1578 2729 1852 2772 vehementer.
