2356 3760
129 127 182 167 13,
208 126 350 166 46—14‚
376 128 416 161 21
887 128 1265 165 MACHABAEORUM
1945 143 2018 183 927

127 233 152 260 a
175 219 339 261 Simone
364 221 529 262 dextras
555 220 631 261 sibi
656 220 754 269 dari,
808 221 844 244 4⁶
870 226 911 261 et
936 221 1145 263 dixerunt:
1174 223 1265 264 Non
1291 223 1406 264 nobis
1432 224 1576 266 reddas
1603 230 1822 271 secundum
1848 232 2025 274 malitias

127 282 298 326 nostras,
325 279 395 320 sed
419 279 641 320 secundum
666 277 959 320 misericordias
984 284 1088 321 tuas.
1140 282 1175 305 ⁴⁷
1200 281 1255 322 Et
1279 281 1405 323 flexus
1430 282 1569 325 Simon
1593 297 1674 325 non
1698 287 1917 331 debellavit
1940 305 2023 333 eos:

127 336 243 377 eiecit
272 341 411 378 tamen
441 350 507 379 eos
537 338 586 378 de
615 336 795 385 civitate,
828 341 869 377 et
897 339 1115 379 mundavit
1144 340 1259 387 aedes,
1291 340 1332 380 in
1363 340 1509 393 quibus
1538 342 1701 384 fuerant
1730 345 1953 396 simulacra,
1986 356 2026 390 01

127 400 225 436 111110
251 395 424 436 intravit
448 395 487 435 in
514 408 602 435 eam
629 407 720 435 cum
746 394 909 448 hymnis
934 396 1174 438 benedicens
1199 398 1441 439 Dominum:
1493 401 1529 424 4⁸
1554 405 1595 441 et
1619 401 1747 442 eiecta
1771 404 1822 444 ab
1848 417 1894 445 ea
1919 407 2026 447 omni

126 453 400 502 immunditia,
433 452 648 495 collocavit
675 452 717 492 in
747 465 794 493 ea
822 453 941 502 viros,
975 454 1043 507 qui
1071 454 1198 508 legem
1228 456 1426 497 facerent:
1458 462 1499 498 et
1527 459 1704 500 munivit
1732 474 1832 510 eam,
1865 468 1905 504 et
1933 464 2027 504 fecit

126 511 201 552 sibi
230 512 542 553 habitationem.

230 572 266 594 4⁹
284 570 362 618 Qui
380 575 518 611 autem
537 573 653 609 erant
670 568 711 609 in
729 582 819 610 arce
839 570 1069 620 Ierusalem,
1090 571 1413 625 prohibebantur
1430 574 1562 627 egredi
1580 580 1620 615 01
1638 575 1791 629 ingredi
1808 578 2021 632 regionem,
2081 591 2172 610 arcem

126 633 168 669 et
194 641 337 677 emere,
367 642 414 670 ac
440 628 632 668 vendere:
662 632 703 667 et
731 628 957 669 esurierunt
984 628 1114 679 valde,
1145 635 1186 670 et
1212 630 1331 670 multi
1359 643 1407 671 ex
1435 632 1488 672 eis
1516 633 1623 673 fame
1650 635 1866 687 perierunt,
1922 639 1958 661 ⁵⁰
1984 643 2025 678 et
2063 620 2192 649 ”mndm'

126 685 410 728 clamaverunt
436 687 488 727 ad
513 685 719 727 Simonem
747 691 795 728 ut
820 687 985 728 dextras
1012 688 1259 741 acciperent:
1289 694 1330 729 et
1357 690 1470 730 dedit
1495 689 1589 731 illis:
1619 697 1658 732 et
1686 693 1801 734 eiecit
1827 707 1893 735 eos
1920 695 2025 744 inde,

126 750 168 785 et
183 745 404 786 mundavit
420 757 552 785 arcem
571 757 595 785 a
611 745 1047 787 contaminationibus:
1092 749 1124 771 51
1142 751 1183 788 et
1199 747 1459 789 intraverunt
1474 748 1515 789 in
1533 762 1621 789 eam
1639 750 1761 791 tertia
1777 756 1818 791 et
1835 752 2028 802 vigesima

126 803 190 844 die
216 804 381 845 secundi
407 802 567 852 mensis,
596 816 703 844 anno
729 804 949 845 centesimo
975 805 1274 859 septuagesimo
1300 805 1430 858 primo
1457 819 1548 847 cum
1573 806 1704 856 laude,
1733 813 1773 849 et
1798 802 1918 851 ramis
1944 811 2028 863 pal-

126 875 298 912 marum,
330 867 371 903 et
400 861 559 914 cinyris,
592 866 633 902 01
662 862 871 915 cymbalis,
903 868 944 903 et
973 863 1115 912 nablis,
1147 868 1188 904 et
1217 864 1391 917 hymnis,
1424 869 1465 905 et
1493 865 1672 914 canticis,
1706 867 1800 919 quia
1829 869 2027 909 contritus

126 925 188 962 est
213 920 399 1018 inimilcus
425 932 596 973 magnus
624 933 673 960 ex
703 920 836 962 Israel.
891 923 924 945 ⁵2
951 921 1006 962 Et
1033 922 1248 963 constituit
1275 927 1322 963 ut
1348 923 1535 964 omnibus
1563 924 1678 965 annis
1705 930 1920 978 agerentur
1945 926 2028 967 dies

125 979 167 1019 hi
196 992 289 1020 cum
333 978 472 1019 aetitia.

229 1039 262 1062 53
287 1037 343 1078 Et
367 1036 546 1077 munivit
570 1041 753 1078 montem
779 1037 933 1091 templi,
963 1038 1031 1092 qui
1057 1044 1145 1079 erat
1170 1052 1282 1080 secus
1309 1052 1453 1088 arcem,
1483 1044 1524 1080 et
1548 1040 1755 1082 habitavit
1779 1042 1834 1082 ibi
1861 1042 1955 1095 ipse,
1985 1048 2025 1083 et
2066 1045 2191 1109 ”ggffisin

127 1096 195 1150 qui
225 1109 316 1137 cuin
347 1109 392 1136 00
422 1101 549 1137 erant.
2078 1115 2179 1144 munit,

229 1156 262 1179 ⁵⁴
284 1154 340 1194 Et
362 1153 467 1194 vidit
489 1153 627 1195 Simon
653 1154 847 1195 Ioannem
871 1154 998 1196 filium
1021 1169 1152 1204 suum,
1178 1157 1288 1209 quod
1309 1155 1425 1198 fortis
1449 1156 1573 1209 praelii
1596 1157 1658 1197 vir
1680 1162 1801 1199 esset:
1826 1163 1867 1199 et
1888 1159 2025 1212 posuit
2061 1159 2198 1218 12³¹¹f3⁰¹¹¹

125 1226 217 1253 eum
246 1213 390 1254 ducem
420 1212 622 1253 virtutum
652 1213 950 1254 universarum:
981 1219 1023 1254 et
1050 1214 1257 1255 habitavit
1284 1214 1325 1255 in
1353 1214 1529 1255 Gazaris.
2047 1201 2211 1257 eonsst‘i'kffin

230 1271 293 1314 14.
348 1273 362 1295 1
403 1271 522 1312 Anno
564 1272 783 1313 centesimo
825 1272 1123 1326 septuagesimo
1165 1273 1340 1313 secundo
1383 1273 1643 1326 congregavit
1683 1286 1753 1314 rex
1792 1275 2023 1315 Demetrius
2036 1276 2223 1335 3¹³¹¹fffss¹1stfi

125 1330 348 1370 exercitum
377 1343 507 1377 suum,
540 1335 581 1370 et
609 1330 711 1371 abiit
738 1330 779 1371 in
808 1330 985 1371 Mediam
1014 1331 1066 1371 ad
1095 1331 1375 1371 contrahenda
1402 1330 1477 1371 sibi
1507 1331 1668 1380 auxilia,
1700 1336 1747 1372 ut
1775 1337 2026 1385 expugnaret
2040 1317 2218 1384 etflil‘cfssss'm-

125 1388 398 1442 Tryphonem.
449 1390 464 1412 ‘2
488 1389 543 1428 Et
566 1388 725 1429 audivit
747 1389 915 1429 Arsaces
938 1401 1008 1428 rex
1031 1388 1216 1434 Persidis,
1243 1394 1284 1429 et
1305 1388 1459 1437 Mediae,
1486 1389 1581 1442 quia
1602 1389 1774 1431 intravit
1795 1390 2027 1431 Demetrius
2045 1380 2091 1404 ‘¹¹³
2113 1382 2205 1410 ¹³⁰⁵¹¹⁰

125 1447 301 1488 confines
324 1460 428 1495 suos,
454 1452 495 1487 et
516 1446 627 1487 misit
650 1460 777 1487 unum
799 1448 848 1487 de
871 1446 1120 1500 principibus
1142 1447 1223 1487 suis
1246 1451 1294 1488 ut
1315 1448 1675 1500 comprehenderet
1697 1461 1788 1488 eum
1810 1448 1963 1497 vivum,
1989 1453 2030 1488 et

125 1506 347 1547 adduceret
374 1518 465 1545 eum
495 1506 546 1546 ad
575 1518 627 1546 se.
683 1508 698 1530 ³
727 1505 782 1546 Et
810 1505 922 1553 abiit,
954 1511 995 1546 01
1021 1505 1220 1559 percussit
1248 1510 1382 1546 castra
1408 1506 1623 1547 Demetrii:
1655 1511 1695 1547 et
1723 1506 2031 1560 comprehendit

125 1577 230 1613 eum,
259 1569 301 1605 et
326 1564 446 1605 duxit
472 1577 564 1604 eum
591 1564 643 1605 ad
669 1564 874 1613 Arsacem,
903 1569 944 1604 et
969 1564 1107 1617 posuit
1133 1576 1225 1604 eum
1251 1563 1292 1604 in
1319 1564 1559 1605 custodiam.

142 1635 156 1658 4
177 1634 233 1674 Et
251 1633 362 1674 siluit
381 1633 510 1674 01111118
530 1638 638 1674 terra
658 1633 761 1674 Iuda
780 1633 967 1675 omnibus
987 1633 1128 1674 diebus
1146 1632 1333 1682 Simonis,
1407 1639 1447 1673 01
1467 1633 1655 1686 quaesivit
1673 1634 1779 1674 bona
1796 1634 1907 1687 genti
1925 1647 2024 1674 suae:
2064 1631 2200 1695 2335}le

177 1697 219 1733 et
247 1692 402 1745 placuit
430 1692 506 1732 illis
536 1696 718 1746 potestas
749 1691 844 1739 eius,
929 1697 969 1733 01
997 1691 1124 1746 gloria
1152 1692 1236 1732 eius
1266 1691 1453 1733 omnibus
1483 1691 1636 1732 diebus.
2068 1695 2077 1697 ’

141 1753 156 1776 5
177 1750 233 1792 Ε1
254 1764 346 1791 011111
369 1751 479 1792 0111111
499 1750 627 1805 gloria
647 1764 721 1791 sua
742 1750 899 1804 accepit
923 1750 1076 1804 Ioppen
1098 1750 1139 1791 in
1161 1755 1339 1804 portum,
1415 1754 1457 1791 et
1477 1750 1573 1791 fecit
1593 1750 1807 1791 introitum
1829 1750 1870 1791 in
1891 1749 2030 1790 insulis

387 1822 521 1851 maris.

141 1870 156 1893 ⁶
177 1868 233 1909 Et
261 1867 456 1909 dilatavit
484 1867 582 1908 fines
611 1868 742 1921 gentis
771 1880 864 1913 suae,
949 1872 991 1908 et
1020 1867 1200 1909 obtinuit
1228 1867 1443 1921 regionem.

142 1929 155 1951 ⁷
177 1927 233 1967 Et
258 1926 519 1979 congregavit
545 1926 831 1980 captivitatem
858 1926 1044 1975 multam,
1124 1930 1165 1966 et
1189 1925 1424 1967 dominatus
1450 1929 1512 1966 est
1535 1925 1711 1974 Gazarae,
1740 1930 1781 1966 et
1806 1925 2027 1973 Bethsurae,

388 1990 429 2026 ct
458 1984 557 2026 arci:

177 2049 218 2084 et
247 2043 419 2084 abstulit
448 2043 729 2084 immunditias
759 2056 808 2083 ex
838 2056 895 2087 ea,
980 2048 1021 2083 et
1050 2056 1130 2083 non
1160 2047 1248 2083 erat
1277 2042 1346 2095 qui
1375 2042 1579 2082 resisteret
1608 2042 1653 2083 01.

141 2104 156 2126 ⁸
177 2102 233 2143 Et
262 2101 541 2155 unusquisque
571 2101 731 2142 colebat
760 2108 910 2142 terram
940 2114 1055 2141 suam
1086 2114 1177 2142 cum
1206 2114 1323 2154 pace:
2064 2099 2201 2159 {ggffilffl

177 2165 218 2201 01
247 2165 356 2201 terra
386 2160 490 2201 Iuda
518 2160 646 2200 dabat
674 2160 831 2200 fructus
861 2172 965 2207 suos,
1050 2164 1091 2199 et
1118 2159 1227 2212 ligna
1257 2171 1493 2212 camporum
1522 2158 1701 2199 fructum
1731 2171 1860 2199 81111111.
2060 2177 2093 2194 ac
2111 2169 2220 2194 felicem

2080 2208 2173 2229 SGI'Vat
2180 2223 2185 2228 .

142 2222 157 2244 ⁹
177 2219 360 2261 Seniores
388 2218 428 2259 in
455 2218 600 2272 plateis
628 2218 826 2259 sedebant
854 2231 1004 2265 omnes,
1035 2223 1076 2258 et
1102 2218 1152 2258 de
1180 2217 1294 2258 bonis
1323 2222 1439 2257 terrae
1466 2217 1714 2265 tractabant,
1797 2221 1837 2257 et
1864 2216 2027 2257 iuvenes

387 2277 616 2318 induebant
643 2290 684 2317 se
711 2277 892 2330 gloriam,
924 2282 965 2317 et
992 2276 1116 2317 stolas
1146 2276 1250 2318 belli.

126 2339 162 2362 1⁰
178 2336 234 2377 Et
251 2335 488 2377 civitatibus
506 2335 716 2376 tribuebat
732 2335 956 2381 alimonias,
1028 2340 1068 2375 et
1085 2334 1364 2375 constituebat
1381 2346 1446 2373 eas
1464 2338 1510 2373 ut
1527 2337 1660 2373 essent
1676 2346 1775 2373 vasa
1790 2332 2028 2372 munitionis

179 2395 445 2448 quoadusque
479 2394 737 2436 nominatum
773 2399 834 2434 est
867 2406 1014 2435 nomen
1048 2392 1184 2446 gloriae
1218 2392 1300 2433 eius
1388 2404 1515 2444 usque
1550 2391 1598 2431 ad
1636 2395 1863 2431 extremum
1898 2394 2026 2430 terrae.

127 2456 157 2479 11
179 2453 294 2494 Fecit
318 2465 461 2506 pacem
487 2465 607 2506 super
632 2458 795 2499 terram,
876 2457 917 2493 et
941 2452 1103 2493 laetatus
1130 2456 1191 2491 est
1218 2450 1341 2491 Israel
1365 2450 1509 2491 laetitia
1533 2462 1691 2502 magna.

127 2515 158 2537 12
179 2512 235 2552 Et
262 2511 368 2552 sedit
395 2511 674 2565 unusquisque
702 2512 776 2552 sub
805 2511 889 2551 vite
917 2524 1001 2555 sua,
1032 2515 1074 2551 et
1101 2510 1175 2550 sub
1204 2508 1376 2550 ficulnea
1403 2521 1492 2549 sua:
1575 2512 1616 2548 01
1643 2520 1724 2548 11011
1753 2511 1840 2547 erat
1868 2506 1935 2559 qui
1963 2518 2028 2546 eos

388 2574 569 2611 terreret.

128 2632 159 2654 ¹³
178 2629 340 2670 Defecit
368 2628 613 2682 impugnans
643 2641 708 2670 eos
738 2641 858 2682 super
886 2633 1055 2668 terram:
1138 2639 1248 2680 reges
1279 2625 1443 2667 contriti
1472 2629 1568 2665 sunt
1596 2624 1636 2664 in
1666 2623 1807 2665 diebus
1836 2622 1922 2663 illis.

128 2690 160 2712 ¹4
179 2688 236 2729 Et
265 2687 524 2729 confirmavit
553 2700 691 2728 omnes
721 2687 893 2728 humiles
922 2685 1062 2740 populi
1091 2685 1163 2733 sui,

180 2751 222 2787 01
248 2746 377 2800 legem
407 2745 639 2799 exquisivit,
723 2751 765 2786 et
793 2745 965 2787 abstulit
993 2757 1154 2785 omnem
1184 2743 1369 2796 iniquum
1399 2747 1440 2782 et
1468 2741 1638 2782 malum:

128 2807 159 2830 15
180 2810 324 2846 sancta
351 2804 606 2858 glorificavit,
690 2809 732 2845 et
760 2803 1051 2857 multiplicavit
1080 2815 1179 2843 vasa
1207 2806 1453 2842 sanctorum.

315 2910 354 2949 3.
385 2907 500 2948 Cum
531 2908 746 2950 Romanis
776 2908 819 2948 et
850 2907 1092 2960 Spartiatis
1124 2905 1301 2946 foedera
1330 2902 1535 2952 renovat,
1564 2903 1629 2952 14,
1649 2901 1843 2941 16—242.

234 2978 268 3000 1⁶
287 2976 343 3017 Et
361 2976 549 3017 auditum
568 2982 630 3018 est
649 2978 791 3018 Romae
810 2977 906 3031 quia
924 2976 1140 3017 defunctus
1160 2980 1264 3015 esset
1284 2972 1496 3014 Ionathas:
1517 2976 1557 3011 et
1576 2983 1703 3023 usque
1720 2970 1761 3010 in
1779 2969 2026 3022 Spartiatas:
2086 2970 2184 3000 Legati

128 3040 170 3076 et
197 3034 430 3076 contristati
457 3040 553 3075 sunt
580 3035 711 3077 valde.
769 3037 802 3061 1⁷
832 3036 890 3077 Ut
918 3034 1136 3075 audierunt
1163 3038 1301 3074 autem
1331 3031 1439 3084 quod
1467 3030 1605 3071 Simon
1632 3029 1759 3069 frater
1786 3027 1869 3068 eius
1896 3028 2029 3068 factus
2074 3009 2195 3080 ἷξῗοονᾞῗ

129 3098 234 3134 08801
255 3106 438 3134 811111111118
460 3093 646 3135 sacerdos
668 3094 756 3135 loco
779 3094 874 3143 eius,
900 3099 941 3134 et
963 3094 1046 3147 ipse
1070 3092 1273 3133 obtineret
1295 3102 1455 3131 omnem
1477 3087 1692 3141 regionem,
1717 3091 1758 3127 et
1780 3086 1966 3126 civitates
1989 3085 2029 3125 in
2068 3077 2200 3135 ξῘζξξῗξξζζθ

129 3165 194 3201 ea;
246 3153 281 3177 1⁸
304 3151 553 3205 scripserunt
576 3152 629 3193 ad
652 3165 744 3193 eum
768 3153 809 3194 in
833 3152 983 3194 tabulis
1008 3151 1129 3199 aereis,
1156 3155 1202 3190 ut
1226 3152 1469 3189 renovarent
1492 3145 1703 3194 amicitias,
1730 3150 1771 3185 et
1794 3144 2029 3185 societatem
2078 3145 2189 3175 veum&

130 3223 254 3264 quam
277 3211 459 3251 fecerant
482 3223 574 3251 cum
600 3210 714 3259 Iuda,
741 3215 782 3252 et
805 3224 897 3252 cum
923 3210 1099 3252 Ionatha
1121 3208 1314 3249 fratribus
1339 3206 1433 3247 eius.
1486 3206 1520 3229 ¹⁹
1544 3204 1600 3245 Et
1620 3203 1736 3244 lectae
1759 3207 1854 3243 sunt
1876 3202 1917 3242 in
1941 3214 2033 3242 con-

129 3273 272 3322 spectu
301 3268 476 3310 ecclesiae
504 3268 545 3308 in
577 3268 808 3310 Ierusalem.

234 3327 290 3368 Et
317 3327 394 3369 hoc
422 3326 654 3380 exemplum
684 3327 959 3380 epistolarum,
993 3339 1092 3380 quas
1121 3324 1339 3378 Spartiatae
1366 3322 1581 3363 miserunt:
1638 3322 1674 3345 2⁰
1701 3316 2029 3381 SPARTIANO-
2051 3312 2212 3373 sissss'g‘g'fflffi

131 3385 251 3426 RUM
269 3385 482 3440 principes,
504 3390 545 3426 et
563 3385 764 3435 civitates,
784 3386 939 3428 Simoni
957 3384 1166 3427 Sacerdoti
1184 3395 1343 3435 magno,
1365 3385 1406 3422 et
1424 3379 1658 3428 senioribus,
1679 3383 1720 3418 et
1738 3375 2024 3420 sacerdotibus
2051 3381 2213 3412 spartiano-

130 3448 172 3485 et
202 3443 357 3497 reliquo
389 3443 541 3498 populo
576 3443 819 3494 Iudaeorum,
853 3444 1060 3493 tratribus,
1095 3442 1280 3483 salutem.
1341 3441 1373 3464 2¹
1406 3438 1559 3493 Legati,
1610 3437 1679 3490 qui
1710 3435 1819 3476 missi
1851 3437 1944 3474 sunt
1977 3430 2027 3470 ad
2096 3422 2167 3446 rum’
