2356 3760
101 141 154 180 37,
180 139 320 175 19—37,
345 139 387 171 35
987 136 1123 170 ISAIAE
1913 145 1988 185 699

103 240 144 275 et
164 233 344 286 regiones
367 245 517 272 earum.
569 232 603 254 1⁹
625 230 680 270 Et
702 229 901 270 dederunt
924 230 1018 270 deos
1041 242 1179 270 earum
1201 230 1299 283 igni:
1324 244 1403 271 non
1426 231 1531 271 enim
1554 238 1667 272 erant
1690 234 1755 280 dii,
1779 237 1847 275 sed
1870 250 1988 289 opera

102 305 298 332 manuum
328 291 551 332 hominum,
581 288 736 341 lignum
764 292 805 327 et
833 287 952 340 lapis:
984 293 1024 328 et
1053 288 1377 330 connuinuerunt
1405 303 1483 331 908.
1540 291 1577 314 ³⁰
1603 290 1658 330 Et
1686 304 1791 332 nuuc
1821 294 1989 334 Domine

102 351 213 391 Deus
236 355 374 390 noster
396 348 510 389 salva
532 360 605 388 nos
629 347 678 387 de
701 358 825 385 manu
851 346 952 386 eius:
978 352 1017 386 et
1043 353 1286 399 cognoscant
1311 348 1444 388 omnia
1468 361 1591 401 regna
1613 353 1739 393 191119,
1767 351 1858 402 quia
1884 358 1927 391 tu
1952 366 1989 391 es

103 409 302 450 Dominus
332 408 449 449 solus.

207 470 238 492 21
264 467 319 507 Et
342 465 453 506 misit
480 464 603 505 lsaias
629 462 732 503 filius
757 463 881 503 Amos
907 463 959 503 ad
983 462 1211 507 Ezechiam.
1239 464 1391 504 dicens:
1420 464 1515 505 Haec
1540 465 1637 505 dicit
1662 466 1858 506 Dominus
1884 468 2056 507 Ι’)91181Μ
2079 474 2178 498 'samu

105 526 246 567 lsrael:
269 526 346 565 Pro
369 524 515 577 quibus
535 521 685 575 rogasti
707 535 770 562 me
791 522 840 562 de
860 521 1132 562 Sennacherib
1152 535 1242 575 rege
1262 522 1536 575 Assyriorum:
1585 526 1615 547 2²
1637 524 1710 564 hoc
1731 531 1789 565 est
1813 525 1993 566 verinum

104 585 215 639 quod
242 584 401 624 locutus
431 587 492 622 est.
519 580 719 621 Dominus
748 592 869 633 super
897 593 1007 620 eum:

155 698 354 753 Despexit
382 703 433 742 te,
465 702 507 738 et
534 696 803 737 subsannavit
834 702 874 737 te
2018 702 2068 743 312-
2089 705 2177 741 »sorti-⁴

157 758 269 812 Virgo
298 757 381 798 filia
408 756 521 797 Sion·
2015 737 2200 762 bennaeherib

157 822 250 871 post
279 822 319 857 te
348 820 473 869 caput
500 814 632 855 movit

157 875 240 916 filia
270 874 498 916 Ierusalem.

104 937 137 960 ³³
157 934 230 975 Cui
259 932 525 987 exprobrasti,
557 937 598 973 et
628 945 748 985 quem
778 931 1080 985 blasphemasti,

157 998 199 1034 et
226 1005 347 1046 super
376 1005 496 1046 quem
526 990 717 1032 exaltasti
746 1004 899 1033 vocem.

157 1057 199 1093 et
226 1051 372 1092 levasti
401 1050 661 1091 altitudinem
691 1049 899 1090 oculorum
929 1048 1117 1090 tuorum?

156 1111 222 1152 Ad
250 1114 439 1151 sanctum
471 1108 604 1151 Israel.

104 1171 138 1194 2⁴
159 1170 207 1210 Ι11
235 1182 360 1210 manu
390 1181 599 1209 servorum
629 1172 793 1208 tuorum
822 1167 1075 1220 exprobrasti
1104 1167 1298 1208 Domino:
1330 1171 1370 1206 et
1399 1166 1555 1206 dixisti:

159 1228 207 1269 In
235 1228 499 1269 multitudine
530 1227 817 1281 quadrigarum
848 1238 1028 1266 mearum
1059 1239 1129 1279 ego
1160 1224 1321 1265 ascendi
1351 1224 1609 1265 altitudinem
1638 1225 1850 1270 montium,

157 1287 252 1341 iuga
280 1287 443 1327 Libani:

158 1351 199 1388 et
228 1345 434 1387 succidam
463 1345 621 1385 excelsa
649 1345 860 1385 cedrorum
889 1343 984 1388 eius,
1016 1348 1056 1383 et
1086 1341 1232 1382 electas
1263 1341 1414 1381 abietes
1443 1340 1558 1389 illius,

159 1410 199 1446 et
228 1404 404 1445 introibo
435 1403 695 1444 altitudinem
724 1401 972 1442 summitatis
1002 1400 1097 1443 eius.
1129 1399 1279 1440 saltum
1308 1399 1479 1440 Carmeli
1507 1399 1602 1442 eius.

105 1464 138 1487 2⁵
158 1463 245 1516 Ego
274 1463 370 1511 fodi,
402 1468 442 1502 et
473 1461 556 1502 bibi
586 1473 748 1513 aquam.

159 1526 200 1562 et
228 1520 408 1562 exiccavi
437 1519 607 1573 vestigio
638 1519 750 1572 pedis
779 1519 857 1559 mei
888 1531 1025 1559 01111198
1055 1518 1161 1558 rivos
1192 1530 1393 1570 aggerum.

105 1581 142 1604 2⁶
159 1579 369 1633 Numquid
399 1592 480 1620 non
511 1578 672 1622 audisti.
705 1591 795 1631 quae
824 1577 918 1618 olim
947 1576 1109 1617 fecerim
1138 1575 1197 1617 ei?

158 1652 208 1680 ex
237 1639 378 1679 diebus
408 1637 587 1691 antiquis
617 1650 689 1685 ego
718 1636 919 1690 plasmavi
948 1635 1064 1676 illud:

158 1702 199 1739 et
227 1710 335 1738 nunc
365 1697 536 1738 adduxi:

158 1761 200 1798 et
252 1757 409 1797 factum
465 1762 525 1796 est
580 1755 620 1795 in
675 1754 991 1795 eradicationem
1046 1753 1207 1794 collium
1262 1752 1636 1806 compugnantium,
1692 1757 1734 1794 et
1787 1753 2001 1793 civitatum

367 1815 631 1856 munitarum.

106 1877 140 1899 2⁷
160 1874 425 1915 Habitatores
455 1887 593 1914 earum
625 1873 810 1913 breviata
838 1885 963 1913 manu

159 1938 504 1978 contremuerunt,
537 1938 576 1973 et
607 1932 763 1973 confusi
792 1937 906 1972 sunt:

158 1992 257 2033 facti
286 1998 382 2033 sunt
411 1992 516 2032 sicut
543 1992 700 2032 foenum
731 1990 826 2044 agri.
858 1994 899 2030 et.
927 2002 1092 2043 gramen
1121 2002 1292 2043 pascuae,
1323 1993 1365 2030 et
1392 1987 1518 2029 herba
1545 1992 1758 2037 tectorum,

160 2064 250 2105 quae
278 2051 438 2092 exaruit
467 2056 690 2104 antequam
719 2054 1021 2090 maturesceret.

106 2112 142 2134 2⁸
161 2110 472 2151 Habitationem
502 2115 629 2153 tuam.
661 2114 701 2150 et
731 2121 933 2162 egressum
964 2113 1094 2155 tuum,

159 2175 199 2210 et
228 2169 443 2210 introitum
473 2174 591 2209 tuum
621 2167 803 2217 cognovi,

159 2233 198 2269 et
228 2228 428 2268 insaniam
458 2233 573 2268 tuam
603 2233 747 2268 contra
774 2240 850 2267 me.

106 2289 143 2312 2⁹
160 2287 260 2328 Cum
290 2288 441 2328 fureres
471 2287 688 2327 adversum
717 2299 793 2334 me,

159 2346 350 2400 superbia
378 2353 452 2386 tua
481 2345 661 2386 ascendit
692 2345 732 2385 in
762 2357 877 2384 aures
906 2356 1035 2384 meas:

159 2418 311 2458 ponam
340 2417 432 2457 ergo
462 2403 655 2445 circulum
685 2403 725 2444 in
755 2403 920 2443 naribus
950 2402 1043 2451 tuis,

160 2469 201 2504 et
229 2464 389 2504 frenum
419 2463 459 2503 in
488 2463 604 2503 labiis
635 2462 727 2509 tuis,

159 2527 202 2564 et
229 2522 421 2563 reducam
452 2528 491 2562 te
520 2522 561 2562 in
590 2521 712 2565 via-m,
744 2534 815 2574 per
844 2534 967 2574 quam
996 2519 1156 2561 venisti.

211 2640 249 2664 ³⁰
270 2639 359 2679 Tibi
382 2644 521 2680 autem
543 2638 619 2679 hoc
641 2638 716 2679 erit
739 2638 917 2691 signum:
942 2637 1115 2679 Comede
1138 2636 1213 2677 hoc
1237 2649 1342 2676 anno
1367 2648 1456 2688 quae
1477 2641 1622 2688 sponte
1644 2638 1877 2678 nascuntur,
1902 2637 1942 2673 et
1964 2632 2004 2672 in
2026 2637 2188 2696 gggssgrsgss·

108 2711 215 2739 anno
237 2698 413 2739 secundo
436 2697 566 2751 pomis
589 2710 766 2738 vescere:
790 2697 831 2737 in
854 2710 960 2738 anno
983 2701 1121 2737 autem
1144 2695 1265 2735 tertio
1287 2694 1495 2738 seminate,
1520 2698 1561 2733 et
1581 2692 1734 2740 metite,
1758 2697 1799 2732 et
1821 2691 2004 2744 plantate
2183 2690 2189 2701 '

109 2756 259 2801 vineas.
282 2762 322 2797 et
342 2756 542 2798 comedite
562 2756 742 2797 fructum
762 2769 913 2797 earum.
961 2757 993 2780 ³1
1014 2755 1069 2795 Et
1088 2754 1228 2794 mittet
1246 2753 1299 2800 id,
1323 2753 1432 2807 quod
1451 2751 1655 2792 salvatum
1675 2750 1796 2790 fuerit
1815 2750 1864 2790 de
1884 2749 2004 2791 domo

110 2815 224 2864 luda,
252 2821 293 2856 et
319 2816 428 2869 quod
452 2815 653 2869 reliquum
679 2820 751 2860 981,
779 2815 956 2855 radicem
981 2814 1181 2858 deorsum,
1209 2817 1251 2853 et
1274 2812 1396 2852 faciet
1419 2811 1599 2851 fructum
1623 2822 1800 2850 sursum:
1852 2809 1886 2833 ³2
1911 2808 2006 2861 quia

108 2874 158 2915 de
180 2874 398 2914 Ierusalem
419 2874 591 2915 exibunt
609 2873 799 2927 reliquiae,
823 2878 863 2914 et
883 2872 1057 2914 salvatio
1079 2872 1127 2912 de
1148 2876 1287 2912 monte
1307 2870 1421 2911 Sion:
1444 2868 1549 2909 zelus
1569 2867 1733 2919 Domini
1755 2866 2005 2908 exercituum

107 2933 230 2974 faciet
258 2932 381 2974 istud.
438 2935 471 2958 ³³
499 2933 721 2986 Propterea
749 2932 834 2973 haec
864 2932 961 2973 dicit
990 2930 1190 2972 Dominus
1221 2930 1270 2971 de
1298 2942 1388 2982 rege
1417 2927 1692 2980 Assyriorum:

161 3050 253 3091 Non
281 3049 454 3090 intrabit
483 3049 695 3091 civitatem
724 3050 841 3091 hanc.

161 3114 201 3149 et
230 3121 311 3149 non
341 3108 461 3149 iaciet
489 3108 545 3149 ibi
573 3109 780 3162 sagittam,

162 3172 203 3208 et
231 3181 312 3208 non
343 3167 560 3221 occupabit
588 3180 677 3208 eam
707 3166 884 3220 clypeus,

160 3230 202 3266 et
229 3239 312 3267 11011
340 3226 480 3267 mittet
508 3225 549 3266 in
578 3226 749 3267 circuitu
779 3225 862 3266 eius
892 3237 1088 3278 aggerem.

107 3287 141 3310 ³⁴
163 3285 210 3325 In
239 3285 317 3328 via,
351 3298 432 3338 qua
460 3284 584 3333 venit,
615 3298 687 3338 per
715 3297 804 3324 eam
832 3288 1071 3326 revertetur.

161 3348 202 3383 91
230 3343 441 3384 civitatem
470 3343 575 3384 hanc
603 3357 685 3384 non
714 3342 972 3396 ingredietur.
1004 3340 1102 3382 dicit
1131 3338 1347 3380 Dominus:

109 3404 142 3427 ³⁵
162 3407 204 3442 91
230 3407 442 3455 protegam
472 3402 683 3443 civitatem
712 3401 845 3447 istam,
877 3406 924 3441 ut
952 3399 1105 3441 salvem
1135 3411 1222 3438 eam

162 3466 329 3514 propter
356 3474 432 3509 me,
464 3465 505 3501 et
532 3465 699 3514 propter
726 3459 863 3500 David
892 3472 1053 3499 servum
1082 3470 1230 3497 meum.
