2356 3760
112 149 142 188 ⁴2,
168 146 264 186 3-3,
292 147 331 179 11
539 142 765 178 EPISTOLA
791 141 931 175 ΒΕΑΤΙ
960 139 1098 173 PETRI
1124 138 1348 174 APOSTOLI
1374 135 1589 172 SECUNDA
1904 137 2005 178 1183

114 239 302 287 luxurias,
331 250 402 291 per
429 248 528 290 quos
556 235 624 276 via
650 233 834 276 veritatis
863 232 1228 287 blasphemabitur:
1284 234 1299 256 3
1326 237 1367 273 et
1394 231 1434 271 in
1463 229 1636 270 avaritia
1664 229 1766 271 fictis
1794 229 1927 271 verbis
1955 230 2004 271 de

115 297 227 339 vobis
261 295 597 350 negotiabuntur:
635 293 779 348 quibus
813 291 1007 332 iudicium
1040 291 1121 332 iarn
1156 291 1251 331 olim
1285 303 1366 331 non
1400 294 1548 331 cessat:
1585 293 1626 329 et
1658 288 1832 341 perditio
1866 301 2005 329 eorum

112 369 193 398 non
219 355 426 396 dormitat.
480 355 495 377 4
525 353 585 394 asi
611 352 718 394 enim
742 351 852 391 Deus
879 350 1028 403 angelis
1054 349 1317 403 peccantibus
1343 362 1424 389 non
1452 346 1643 401 pepercit,
1671 346 1741 387 sed
1765 347 2005 387 rudentibus

113 415 256 456 inferni
292 414 495 455 detractos
529 411 571 452 in
606 411 807 452 tartarum
842 408 1012 450 tradidit
1046 408 1295 456 cruciandos,
1332 408 1372 447 in
1407 406 1601 447 iudicium
1635 405 1839 446 reservari.
1900 407 1916 429 5
1951 405 2007 445 Et

113 473 295 527 originali
326 471 479 513 mundo
511 483 591 511 non
623 468 814 523 pepercit,
851 467 942 508 bsed
974 473 1166 508 octavum
1199 467 1285 507 Noe
1316 465 1482 507 iustitiae
1513 476 1738 517 praeconem
1771 463 2005 506 custodivit.

113 532 311 573 diluvium
346 529 500 571 mundo
534 527 750 581 impiorum
785 525 991 567 inducens.
1059 527 1073 549 ⁶
1116 525 1187 566 cEt
1223 525 1409 566 civitates
1445 522 1727 572 Sodomorum,
1765 526 1806 563 et
1840 521 2007 562 Gomor—

113 591 312 631 rhaeorum
342 589 383 630 in
413 588 585 630 cinerem
614 585 810 639 redigens,
842 584 1046 626 eversione
1077 583 1308 624 damnavit:
1342 582 1573 635 exemplum
1605 593 1755 629 eorum,
1789 579 1857 634 qui
1886 579 2008 632 impie

114 648 243 690 acturi
263 653 370 697 sunt,
390 659 562 700 ponens:
611 646 624 667 ⁷
645 650 685 685 et
703 644 856 685 iustum
875 643 953 684 Lot
973 655 1209 696 oppressum
1229 654 1252 681 a
1270 641 1540 682 nefandorum
1560 639 1717 688 iniuria,
1740 652 1784 679 ac
1803 638 2010 679 luxuriosa

114 706 420 749 conversatione
445 703 609 757 eripuit:
665 704 681 727 ⁸
707 708 874 756 aspectu
900 702 1019 750 enim,
1047 706 1088 742 et
1113 700 1257 741 auditu
1283 700 1412 740 iustus
1439 703 1544 739 erat:
1573 697 1765 738 habitans
1792 697 1902 750 apud
1928 709 2007 745 eos,

115 766 183 820 qui
207 766 256 806 de
279 765 342 805 die
364 764 405 804 in
429 763 535 803 diem
559 762 737 802 animam
760 761 911 802 iustam
933 760 1080 814 iniquis
1105 758 1291 813 operibus
1316 757 1565 799 cruciabant.
1620 759 1634 780 ⁹
1660 756 1786 796 Novit
1808 755 2008 796 Dominus

113 825 200 878 pios
227 824 276 864 de
302 821 529 864 tentatione
555 820 722 873 eripere:
750 819 909 873 iniquos
935 831 1029 859 vero
1055 819 1096 859 in
1123 817 1229 859 diem
1255 816 1390 858 iudicii
1416 827 1622 858 reservare
1649 814 1904 855 cruciandos:

219 884 254 906 ¹⁰
274 880 400 934 magis
423 885 560 921 autem
583 892 660 928 eos,
686 878 754 932 qui
775 885 868 931 post
890 891 1051 919 carnem
1072 877 1113 918 in
1136 874 1463 929 concupiscentia
1484 873 1758 915 immunditiae
1781 872 2007 917 ambulant,

115 940 516 992 dominationemque
541 942 821 986 contemnunt,
849 936 1033 985 audaces,
1061 935 1135 977 sibi
1160 935 1378 989 placentes,
1405 938 1534 975 sectas
1561 944 1642 974 non
1668 936 1861 972 metuunt
1884 930 2010 972 intro—

115 1000 260 1041 ducere
294 997 642 1051 blasphemantes:
704 998 735 1020 ¹¹
770 995 838 1036 ubi
873 994 1002 1048 angeli
1037 993 1289 1042 fortitudine,
1325 999 1366 1034 et
1398 992 1554 1033 virtute
1589 1004 1682 1032 cum
1715 990 1797 1032 sint
1829 989 2012 1038 maiores,

114 1071 195 1100 non
229 1062 398 1111 portant
432 1055 648 1097 adversum
683 1067 724 1095 se
759 1053 981 1095 execrabile
1015 1052 1221 1095 iudicium.
1284 1053 1315 1076 ¹²
1352 1051 1405 1091 Hi
1440 1063 1534 1091 vero
1570 1049 1682 1090 velut
1716 1047 2012 1090 irrationabilia

114 1129 272 1170 pecora,
292 1114 533 1156 naturaliter
550 1113 591 1154 in
611 1113 853 1167 captionem,
874 1118 915 1154 et
932 1112 972 1152 in
991 1111 1208 1165 perniciem
1226 1110 1267 1151 in
1285 1110 1346 1151 his
1366 1122 1455 1163 quae
1474 1109 1663 1163 ignorant
1681 1107 2012 1161 blasphemantes

115 1175 156 1216 in
194 1173 450 1227 corruptione
486 1186 559 1213 sua
595 1171 798 1225 peribunt,
864 1173 895 1195 ¹3
930 1170 1196 1224 percipientes
1233 1168 1458 1210 mercedem
1495 1166 1717 1216 iniustitiae,
1756 1166 2013 1219 voluptatem

115 1233 394 1275 existimantes
413 1231 491 1272 diei
509 1230 688 1272 delicias:
710 1229 1071 1284 coinquinationes,
1092 1236 1131 1269 et
1150 1228 1318 1269 maculae
1337 1226 1486 1268 deliciis
1506 1225 1736 1273 affluentes,
1757 1225 1798 1266 in
1817 1223 2014 1265 conviviis

115 1292 196 1333 suis
231 1290 483 1332 luxuriantes
520 1289 744 1337 vobiscum,
810 1291 839 1312 11
877 1288 1011 1329 oculos
1046 1287 1243 1328 habentes
1279 1286 1417 1339 plenos
1454 1285 1654 1333 adulterii,
1693 1289 1733 1324 et
1769 1282 2015 1324 incessabilis

116 1350 264 1392 delicti.
300 1348 552 1390 Pellicientes
588 1348 743 1389 animas
777 1346 998 1396 instabiles,
1035 1359 1101 1387 cor
1135 1345 1403 1386 exercitatum
1439 1343 1612 1384 avaritia
1646 1342 1856 1391 habentes,
1893 1341 2015 1381 male-

116 1408 304 1450 dictionis
331 1407 419 1448 filii:
476 1409 506 1431 15
533 1406 827 1459 dereliquentes
855 1411 1009 1446 rectam
1037 1404 1146 1444 viam
1173 1409 1422 1447 erraverunt,
1454 1402 1602 1443 Clsecuti
1631 1402 1740 1443 Viam
1769 1400 1939 1441 Balaam
1967 1412 2016 1440 ex

119 1468 257 1511 Bosor,
279 1466 347 1520 qui
366 1465 591 1506 mercedem
609 1463 837 1517 iniquitatis
857 1462 1030 1503 amavit:
1078 1463 1113 1486 ¹⁶
1131 1461 1426 1514 correptionem
1446 1473 1540 1500 vero
1559 1459 1704 1501 habuit
1723 1472 1805 1500 suae
1823 1458 2014 1499 vesaniae:

117 1524 326 1579 subiugale
351 1528 513 1564 mutum
539 1522 702 1571 animal,
729 1521 903 1562 hominis
930 1533 1027 1561 voce
1052 1521 1233 1573 loquens,
1260 1518 1469 1573 prohibuit
1494 1518 1704 1572 prophetae
1728 1517 2015 1570 insipientiam.

118 1586 151 1608 ¹⁷
181 1583 235 1623 Hi
262 1587 358 1624 sunt
384 1581 517 1623 fontes
545 1580 629 1622 sine
658 1593 777 1634 aqua,
806 1586 848 1621 et
874 1579 1031 1620 nebulae
1059 1578 1289 1620 turbinibus
1318 1577 1547 1631 exagitatae,
1579 1577 1724 1630 quibus
1753 1575 1880 1629 caligo
1908 1580 2018 1616 tene-

118 1642 282 1683 brarum
312 1644 551 1682 reservatur.
610 1641 643 1663 ¹⁸
672 1638 856 1692 Superba
884 1638 991 1679 enim
1021 1637 1217 1679 vanitatis
1246 1637 1469 1690 loquentes,
1500 1636 1711 1689 pelliciunt
1739 1634 1780 1675 in
1810 1633 2017 1675 desideriis

119 1700 249 1742 carnis
276 1699 445 1740 luxuriae
470 1711 549 1747 eos,
579 1698 648 1751 qui
673 1697 885 1751 paululum
913 1696 1124 1750 effugiunt,
1155 1696 1223 1750 qui
1249 1696 1290 1736 in
1317 1708 1447 1736 errore
1475 1699 1785 1735 conversantur:
1841 1695 1875 1717 ¹⁹
1901 1692 2018 1733 liber-

118 1764 249 1800 tatem
265 1758 341 1798 illis
358 1757 658 1811 promittentes,
679 1769 771 1797 cum
788 1756 864 1809 ipsi
882 1755 986 1797 servi
1004 1755 1086 1797 sint
1103 1754 1389 1808 corruptionis:
1416 1767 1458 1794 ea
1475 1766 1555 1807 quo
1573 1753 1681 1794 enim
1701 1752 1788 1806 quis
1806 1757 2019 1805 superatus

118 1822 191 1862 est.
210 1816 330 1857 huius
348 1822 388 1857 et
406 1828 545 1857 servus
562 1820 634 1856 est.
681 1816 717 1839 2⁰
743 1814 798 1855 fSi
815 1814 922 1856 enim
940 1814 1184 1868 refugientes
1202 1812 1552 1867 coinquinationes
1571 1811 1714 1852 mundi
1732 1811 1772 1851 in
1791 1810 2020 1864 cognitione

118 1875 284 1917 Domini
315 1874 454 1923 nostri,
487 1880 527 1915 et
558 1873 781 1914 Salvatoris
815 1873 904 1914 Iesu
936 1872 1094 1918 Christi,
1127 1872 1188 1913 his
1219 1885 1356 1913 rursus
1387 1871 1584 1924 implicati
1615 1874 1876 1924 superantur:
1909 1869 2022 1909 facta

119 1940 216 1976 sunt
245 1934 299 1974 eis
328 1933 553 1987 posteriora
581 1932 781 1973 deteriora
809 1932 1020 1985 prioribus.
1078 1934 1109 1956 '2¹
1139 1931 1281 1972 Melius
1310 1930 1417 1971 enim
1447 1936 1534 1971 erat
1562 1929 1638 1970 illis
1667 1942 1749 1970 non
1779 1939 2017 1981 cognoscere

120 1993 230 2034 viam
250 1991 428 2040 iustitiae,
452 2004 575 2045 quam
595 1997 689 2044 post
709 1991 970 2044 agnitionem,
992 1996 1212 2031 retrorsum
1233 1988 1415 2030 converti
1436 1988 1488 2029 ab
1509 2001 1567 2037 eo,
1592 1988 1701 2041 quod
1721 1986 1799 2028 illis
1821 1985 2022 2027 traditum

120 2058 182 2093 est
213 2056 355 2092 sancto
387 2049 595 2091 mandato.
657 2052 688 2074 ²²
721 2049 900 2103 Contigit
931 2049 1038 2090 enim
1071 2049 1125 2089 eis
1157 2048 1257 2090 illud
1290 2048 1371 2089 veri
1405 2046 1626 2100 proverbii:
1665 2045 1806 2088 gCanis
1839 2056 2021 2086 reversus

122 2110 174 2151 ad
201 2123 319 2151 suum
346 2108 566 2150 vomitum:
596 2114 648 2157 et,
677 2108 752 2149 Sus
779 2108 864 2149 lota
890 2108 930 2149 in
958 2107 1174 2148 volutabro
1201 2107 1289 2148 luti.

587 2213 627 2252 2.
656 2210 871 2252 Doctrina
901 2222 1059 2252 eorum
1090 2210 1324 2261 refellitur,
1353 2211 1392 2260 3,
1411 2209 1557 2250 1—16.

226 2299 263 2326 a.
318 2285 332 2307 ¹
362 2281 480 2323 Hanc
519 2294 608 2323 ecce
648 2280 774 2327 vobis,
817 2280 1051 2329 charissimi,
1092 2280 1312 2321 secundam
1352 2279 1481 2320 scribo
1521 2278 1747 2332 epistolam,
1789 2278 1831 2318 in
1874 2277 2019 2331 quibus

123 2347 302 2384 vestram
333 2340 464 2382 excito
495 2339 535 2380 in
567 2339 882 2381 commonitione
912 2338 1109 2380 sinceram
1139 2344 1337 2379 mentem:
1397 2340 1410 2362 2
1441 2344 1489 2378 ut
1518 2350 1714 2378 memores
1746 2336 1831 2377 sitis
1865 2348 2017 2385 eorum,

124 2414 214 2454 quae
228 2399 396 2454 praedixi
413 2398 630 2440 verborum
648 2411 672 2440 a
688 2397 838 2439 sanctis
855 2397 1081 2451 Prophetis,
1100 2403 1141 2438 et
1157 2397 1447 2451 Apostolorum
1464 2401 1704 2445 vestrorum,
1723 2400 2021 2448 praeceptorum

122 2458 288 2500 Domini
313 2464 354 2499 et
377 2457 616 2499 Salvatoris.
669 2459 684 2481 ³
709 2457 807 2498 hhoc
831 2456 1007 2510 primum
1031 2456 1213 2506 scientes,
1242 2455 1350 2509 quod
1375 2455 1539 2496 venient
1563 2454 1603 2495 in
1628 2453 1855 2495 novissimis
1884 2453 2025 2494 diebus

127 2518 168 2559 in
203 2516 439 2571 deceptione
471 2516 664 2565 illusores,
700 2515 817 2556 iuxta
849 2515 1031 2569 proprias
1065 2514 1412 2568 concupiscentias
1447 2513 1717 2562 ambulantes,
1778 2514 1793 2536 ⁴
1827 2512 2024 2553 dicentes:

127 2576 220 2618 iUbi
244 2582 305 2617 est
328 2575 551 2629 promissio,
577 2581 650 2616 aut
673 2574 875 2615 adventus
900 2573 1007 2615 eius?
1043 2587 1093 2615 ex
1118 2587 1197 2627 quo
1222 2573 1329 2614 enim
1353 2578 1488 2626 patres
1513 2571 1776 2617 dormierunt,
1804 2571 1940 2611 omnia
1963 2570 2018 2611 sic

124 2640 385 2689 perseverant
413 2633 465 2674 ab
492 2633 609 2675 initio
638 2638 843 2674 creaturae.

228 2695 243 2717 5
265 2693 388 2734 Latet
409 2692 516 2733 enim
537 2705 603 2733 eos
625 2692 701 2733 hoc
723 2692 917 2741 volentes,
943 2691 1052 2745 quod
1074 2692 1158 2732 caeli
1180 2697 1297 2732 erant
1318 2691 1440 2744 prius,
1465 2696 1506 2731 et
1528 2695 1646 2738 terra,
1671 2688 1720 2729 de
1743 2701 1862 2741 aqua,
1887 2693 1929 2728 et
1950 2699 2021 2740 per

126 2765 275 2806 aquam
299 2751 519 2792 consistens
543 2750 619 2791 Dei
642 2750 784 2791 verbo:
839 2752 854 2774 ⁶
876 2763 947 2803 per
971 2763 1071 2804 quae‚
1096 2750 1162 2791 ille
1186 2755 1283 2791 tunc
1307 2748 1483 2790 mundus
1508 2761 1616 2802 aqua
1638 2746 1863 2788 inundatus
1887 2745 2018 2799 periit.

129 2813 142 2835 ⁷
173 2810 265 2851 Caeli
295 2815 445 2859 autem,
477 2809 546 2863 qui
574 2823 682 2851 nunc
711 2814 819 2859 sunt,
850 2814 891 2850 et
920 2814 1028 2849 terra
1056 2808 1198 2849 eodem
1227 2808 1351 2849 verbo
1381 2806 1545 2860 repositi
1575 2812 1683 2855 sunt,
1715 2805 1796 2858 igni
1825 2803 2022 2845 reservati

125 2868 167 2909 in
194 2868 300 2909 diem
325 2867 473 2917 iudicii,
502 2873 543 2909 et
568 2867 804 2922 perditionis
830 2866 1047 2921 impiorum
1073 2867 1297 2908 hominum.
1355 2868 1370 2890 8
1397 2865 1535 2907 Unum
1563 2877 1657 2905 vero
1683 2864 1760 2904 hoc
1786 2876 1868 2904 non
1893 2863 2025 2904 lateat

127 2939 211 2976 vos,
236 2926 469 2976 charissimi,
494 2926 590 2980 quia
610 2940 714 2967 unus
736 2926 820 2967 dies
843 2925 953 2979 apud
974 2925 1199 2966 Dominum
1221 2925 1326 2966 sicut
1347 2924 1455 2964 mille
1478 2923 1585 2973 anni,
1610 2928 1650 2964 et
1671 2922 1780 2963 mille
1802 2921 1898 2962 anni
1920 2921 2026 2962 sicut

128 2985 211 3026 dies
236 2998 351 3026 unus.
407 2987 422 3009 ⁹
448 2985 539 3025 Non
564 2985 704 3026 tardat
727 2984 929 3025 Dominus
954 2984 1262 3037 promissionem
1287 2996 1415 3032 suam,
1443 2982 1548 3022 sicut
1573 2980 1740 3035 quidam
1765 2980 2022 3022 existimant:

128 3043 197 3084 sed
225 3043 428 3096 patienter
455 3043 538 3097 agit
565 3049 730 3097 propter
758 3056 842 3093 vos,
871 3043 1013 3083 nolens
1042 3043 1199 3097 aliquos
1227 3042 1366 3096 perire,
1396 3040 1466 3082 sed
1494 3053 1632 3080 omnes
1660 3039 1713 3080 ad
1739 3038 2025 3094 poenitentiam

128 3108 287 3143 reverti.

234 3162 269 3185 ¹⁰
292 3159 518 3201 kAdveniet
541 3166 679 3202 autem
703 3160 786 3201 dies
810 3160 975 3200 Domini
1000 3165 1047 3201 ut
1070 3160 1151 3201 fur:
1177 3159 1218 3200 in
1244 3171 1323 3212 quo
1348 3157 1433 3199 caeli
1456 3169 1603 3211 magno
1627 3157 1783 3211 impetu
1808 3154 2019 3202 transient,

130 3219 330 3260 clementa
351 3231 446 3259 vero
470 3218 599 3259 calore
623 3219 842 3271 solventur,
868 3225 975 3260 terra
998 3225 1136 3260 autem
1159 3224 1201 3259 et
1225 3230 1314 3271 quae
1336 3217 1377 3257 in
1400 3216 1488 3270 ipsa
1510 3221 1607 3257 sunt
1630 3228 1763 3269 opera,
1789 3218 2020 3255 exurentur.

134 3280 164 3302 ¹¹
189 3277 290 3319 Cum
315 3277 437 3331 igitur
460 3276 545 3319 haec
571 3277 707 3318 omnia
731 3276 988 3318 dissolvenda
1012 3277 1105 3326 sint,
1134 3276 1270 3330 quales
1297 3280 1458 3329 oportet
1482 3287 1554 3315 vos
1579 3288 1663 3316 esse
1688 3274 1729 3314 in
1759 3272 1910 3313 sanctis
1936 3283 2027 3311 con-

262 3377 293 3418 2,
317 3378 338 3411 4
356 3378 438 3412 alob
462 3379 494 3419 4,
518 3379 575 3421 183
602 3379 667 3413 Iud
691 3379 720 3413 6.
747 3401 789 3404 —
813 3381 832 3413 5
850 3380 924 3414 bGn
949 3381 978 3420 7,
1004 3382 1034 3414 1.
1060 3401 1101 3403 —
1126 3380 1146 3413 6
1167 3379 1238 3413 cGn
1262 3379 1314 3418 19,
1340 3378 1391 3412 25.
1418 3398 1459 3401 —
1483 3379 1525 3412 15
1549 3378 1637 3411 de
1663 3377 1715 3415 22,
1742 3376 1798 3415 22;
1826 3374 1890 3408 Iud
1916 3375 1965 3406 11.
1987 3392 2029 3397 -

132 3423 173 3457 19
200 3424 255 3457 010
279 3424 310 3464 8,
335 3425 392 3466 34;
419 3425 508 3459 Rom
533 3426 563 3467 6,
589 3426 640 3460 16.
666 3447 708 3450 -
733 3427 774 3460 20
805 3427 870 3461 fMt
895 3428 946 3467 12,
972 3428 1028 3467 453
1055 3427 1130 3460 Hbr
1150 3426 1179 3465 6,
1201 3427 1229 3459 4.
1255 3446 1296 3448 —
1320 3425 1361 3458 22
1381 3425 1444 3458 gPr
1468 3425 1521 3464 26,
1547 3426 1597 3457 11.
1620 3444 1659 3446 ᾉ
1679 3423 1710 3464 3,
1735 3422 1755 3455 3
1777 3422 1816 3455 h1
1838 3421 1912 3454 Tim
1937 3420 1966 3459 4,
1992 3420 2027 3459 1;

132 3471 152 3503 2
178 3470 252 3504 Tim
277 3471 308 3511 3,
334 3473 368 3512 1;
395 3472 459 3506 Iud
484 3473 535 3506 18.
563 3494 603 3497 -κ
628 3474 648 3507 4
680 3473 740 3507 iEz
766 3475 817 3515 12,
843 3474 894 3507 27.
922 3495 961 3497 κ
988 3474 1028 3507 10
1051 3475 1089 3506 kl
1118 3473 1203 3506 Thes
1229 3473 1260 3512 5,
1287 3473 1321 3513 23
1349 3473 1422 3516 Apc
1447 3472 1478 3512 3,
1504 3472 1539 3511 33
1566 3471 1617 3510 16,
1644 3470 1694 3504 15.

2041 873 2070 897 et
2092 878 2186 897 mores

2025 908 2154 938 corrupti
2170 914 2204 932 ac

2031 942 2195 973 depravati.

2063 2281 2155 2311 Nega(
2162 2280 2188 2304 is)

2064 2316 2184 2341 secundi

2050 2352 2200 2376 adventus

2068 2386 2185 2412 Domini

2064 2693 2184 2718 omnino

2050 2736 2126 2753 vana
2148 2730 2203 2758 est,

2059 3159 2193 3178 consum-

2083 3188 2175 3213 matio

2044 3223 2141 3248 saeculi
2162 3223 2213 3247 ad-

2077 3259 2184 3288 veniet,
