<?xml version="1.0" encoding="UTF-8"?>
<!DOCTYPE html PUBLIC "-//W3C//DTD XHTML 1.0 Transitional//EN"
    "http://www.w3.org/TR/xhtml1/DTD/xhtml1-transitional.dtd">
<html xmlns="http://www.w3.org/1999/xhtml" xml:lang="en" lang="en">
 <head>
  <title>
</title>
<meta http-equiv="Content-Type" content="text/html;charset=utf-8" />
  <meta name='ocr-system' content='tesseract 3.04.00' />
  <meta name='ocr-capabilities' content='ocr_page ocr_carea ocr_par ocr_line ocrx_word'/>
</head>
<body>
  <div class='ocr_page' id='page_1' title='image "./bibliasacravulga00helzuoft_0382.png"; bbox 0 0 2356 3760; ppageno 0'>
   <div class='ocr_carea' id='block_1_1' title="bbox 116 650 279 749">
    <p class='ocr_par' dir='ltr' id='par_1_1' title="bbox 116 650 279 749">
     <span class='ocr_line' id='line_1_1' title="bbox 123 650 274 676; baseline 0.013 -4"><span class='ocrx_word' id='word_1_1' title='bbox 123 656 203 676; x_wconf 53' lang='lat' dir='ltr'>minzi</span> <span class='ocrx_word' id='word_1_2' title='bbox 212 650 274 674; x_wconf 74' lang='lat' dir='ltr'>:xtu-</span> 
     </span>
     <span class='ocr_line' id='line_1_2' title="bbox 116 685 279 713; baseline 0.006 -5"><span class='ocrx_word' id='word_1_3' title='bbox 116 685 193 709; x_wconf 47' lang='lat' dir='ltr'>lant&lt;-</span> <span class='ocrx_word' id='word_1_4' title='bbox 217 692 279 713; x_wconf 58' lang='lat' dir='ltr'>reign*</span> 
     </span>
     <span class='ocr_line' id='line_1_3' title="bbox 130 721 267 749; baseline -0.007 -4"><span class='ocrx_word' id='word_1_5' title='bbox 130 721 267 749; x_wconf 76' lang='lat' dir='ltr'>Hernatb,</span> 
     </span>
    </p>
   </div>
   <div class='ocr_carea' id='block_1_2' title="bbox 117 1057 277 1082">
    <p class='ocr_par' dir='ltr' id='par_1_2' title="bbox 117 1057 277 1082">
     <span class='ocr_line' id='line_1_4' title="bbox 117 1057 277 1082; baseline -0.013 0"><span class='ocrx_word' id='word_1_6' title='bbox 117 1057 152 1082; x_wconf 78' lang='lat' dir='ltr'>dc</span> <span class='ocrx_word' id='word_1_7' title='bbox 174 1057 277 1082; x_wconf 76' lang='lat' dir='ltr'>Edom.</span> 
     </span>
    </p>
   </div>
   <div class='ocr_carea' id='block_1_3' title="bbox 106 1355 291 1452">
    <p class='ocr_par' dir='ltr' id='par_1_3' title="bbox 106 1355 291 1452">
     <span class='ocr_line' id='line_1_5' title="bbox 106 1355 291 1380; baseline 0.011 -2"><span class='ocrx_word' id='word_1_8' title='bbox 106 1355 291 1380; x_wconf 68' lang='lat' dir='ltr'>saecularium</span> 
     </span>
     <span class='ocr_line' id='line_1_6' title="bbox 120 1391 278 1419; baseline 0.006 -4"><span class='ocrx_word' id='word_1_9' title='bbox 120 1398 153 1416; x_wconf 72' lang='lat' dir='ltr'>ac</span> <span class='ocrx_word' id='word_1_10' title='bbox 168 1391 278 1419; x_wconf 65' lang='lat' dir='ltr'>religio·</span> 
     </span>
     <span class='ocr_line' id='line_1_7' title="bbox 145 1433 251 1452; baseline -0.009 -1"><span class='ocrx_word' id='word_1_11' title='bbox 145 1433 251 1452; x_wconf 80' lang='lat' dir='ltr'>sorum.</span> 
     </span>
    </p>
   </div>
   <div class='ocr_carea' id='block_1_4' title="bbox 136 1764 257 1827">
    <p class='ocr_par' dir='ltr' id='par_1_4' title="bbox 136 1764 257 1827">
     <span class='ocr_line' id='line_1_8' title="bbox 136 1764 257 1789; baseline 0.008 -1"><span class='ocrx_word' id='word_1_12' title='bbox 136 1764 257 1789; x_wconf 73' lang='lat' dir='ltr'>Occasio</span> 
     </span>
     <span class='ocr_line' id='line_1_9' title="bbox 155 1799 232 1827; baseline 0.026 -2"><span class='ocrx_word' id='word_1_13' title='bbox 155 1799 232 1827; x_wconf 84' lang='lat' dir='ltr'>belli:</span> 
     </span>
    </p>
   </div>
   <div class='ocr_carea' id='block_1_5' title="bbox 115 2478 293 2581">
    <p class='ocr_par' dir='ltr' id='par_1_5' title="bbox 115 2478 293 2581">
     <span class='ocr_line' id='line_1_10' title="bbox 122 2478 280 2503; baseline 0 -2"><span class='ocrx_word' id='word_1_14' title='bbox 122 2478 280 2503; x_wconf 75' lang='lat' dir='ltr'>vincuntur</span> 
     </span>
     <span class='ocr_line' id='line_1_11' title="bbox 117 2514 292 2539; baseline 0 -2"><span class='ocrx_word' id='word_1_15' title='bbox 117 2514 292 2539; x_wconf 68' lang='lat' dir='ltr'>Ammonitae</span> 
     </span>
     <span class='ocr_line' id='line_1_12' title="bbox 115 2549 293 2581; baseline -0.006 -7"><span class='ocrx_word' id='word_1_16' title='bbox 115 2552 202 2581; x_wconf 75' lang='lat' dir='ltr'>atque</span> <span class='ocrx_word' id='word_1_17' title='bbox 219 2549 293 2580; x_wconf 79' lang='lat' dir='ltr'>Syri.</span> 
     </span>
    </p>
   </div>
   <div class='ocr_carea' id='block_1_6' title="bbox 305 143 2219 186">
    <p class='ocr_par' dir='ltr' id='par_1_6' title="bbox 305 143 2219 186">
     <span class='ocr_line' id='line_1_13' title="bbox 305 143 2219 186; baseline -0.003 -2"><span class='ocrx_word' id='word_1_18' title='bbox 305 143 381 184; x_wconf 72' lang='lat'>358</span> <span class='ocrx_word' id='word_1_19' title='bbox 1161 143 1307 177; x_wconf 84' lang='lat' dir='ltr'>LIBER</span> <span class='ocrx_word' id='word_1_20' title='bbox 1335 143 1359 177; x_wconf 88' lang='grc' dir='ltr'>Ι.</span> <span class='ocrx_word' id='word_1_21' title='bbox 1954 144 2007 185; x_wconf 85' lang='grc'>18,</span> <span class='ocrx_word' id='word_1_22' title='bbox 2032 144 2151 186; x_wconf 68' lang='grc'><strong>5-19,</strong></span> <span class='ocrx_word' id='word_1_23' title='bbox 2178 146 2219 179; x_wconf 83' lang='grc'>15</span> 
     </span>
    </p>
   </div>
   <div class='ocr_carea' id='block_1_7' title="bbox 304 235 2220 1234">
    <p class='ocr_par' dir='ltr' id='par_1_7' title="bbox 304 235 2218 632">
     <span class='ocr_line' id='line_1_14' title="bbox 305 235 2218 292; baseline 0.002 -16"><span class='ocrx_word' id='word_1_24' title='bbox 305 236 528 277; x_wconf 67' lang='lat' dir='ltr'><strong>reservavit</strong></span> <span class='ocrx_word' id='word_1_25' title='bbox 555 236 642 277; x_wconf 89' lang='lat' dir='ltr'>sibi.</span> <span class='ocrx_word' id='word_1_26' title='bbox 698 238 713 261; x_wconf 83' lang='lat'>⁵</span> <span class='ocrx_word' id='word_1_27' title='bbox 739 235 985 289; x_wconf 81' lang='lat' dir='ltr'>Supervenit</span> <span class='ocrx_word' id='word_1_28' title='bbox 1012 240 1148 276; x_wconf 86' lang='lat' dir='ltr'>autem</span> <span class='ocrx_word' id='word_1_29' title='bbox 1179 242 1219 277; x_wconf 92' lang='lat' dir='ltr'>et</span> <span class='ocrx_word' id='word_1_30' title='bbox 1245 237 1372 290; x_wconf 84' lang='lat' dir='ltr'>Syrus</span> <span class='ocrx_word' id='word_1_31' title='bbox 1398 237 1689 286; x_wconf 84' lang='lat' dir='ltr'>Damascenus,</span> <span class='ocrx_word' id='word_1_32' title='bbox 1718 242 1766 279; x_wconf 92' lang='lat' dir='ltr'>ut</span> <span class='ocrx_word' id='word_1_33' title='bbox 1792 238 1991 279; x_wconf 86' lang='lat' dir='ltr'>auxilium</span> <span class='ocrx_word' id='word_1_34' title='bbox 2018 239 2218 292; x_wconf 78' lang='lat' dir='ltr'>praeberet</span> 
     </span>
     <span class='ocr_line' id='line_1_15' title="bbox 305 294 2217 349; baseline 0.002 -14"><span class='ocrx_word' id='word_1_35' title='bbox 305 295 506 336; x_wconf 87' lang='lat' dir='ltr'>Adarezer</span> <span class='ocrx_word' id='word_1_36' title='bbox 529 295 610 348; x_wconf 89' lang='lat' dir='ltr'>regi</span> <span class='ocrx_word' id='word_1_37' title='bbox 633 295 759 336; x_wconf 90' lang='lat' dir='ltr'>Soba:</span> <span class='ocrx_word' id='word_1_38' title='bbox 786 295 856 334; x_wconf 87' lang='lat' dir='ltr'>sed</span> <span class='ocrx_word' id='word_1_39' title='bbox 880 298 920 334; x_wconf 85' lang='lat' dir='ltr'>et</span> <span class='ocrx_word' id='word_1_40' title='bbox 945 294 1064 335; x_wconf 86' lang='lat' dir='ltr'>huius</span> <span class='ocrx_word' id='word_1_41' title='bbox 1087 295 1286 347; x_wconf 79' lang='lat' dir='ltr'>percussit</span> <span class='ocrx_word' id='word_1_42' title='bbox 1310 296 1448 336; x_wconf 89' lang='lat' dir='ltr'>David</span> <span class='ocrx_word' id='word_1_43' title='bbox 1472 296 1700 349; x_wconf 81' lang='lat' dir='ltr'>vigintiduo</span> <span class='ocrx_word' id='word_1_44' title='bbox 1725 296 1852 337; x_wconf 90' lang='lat' dir='ltr'>millia</span> <span class='ocrx_word' id='word_1_45' title='bbox 1875 297 2068 339; x_wconf 88' lang='lat' dir='ltr'>virorum.</span> <span class='ocrx_word' id='word_1_46' title='bbox 2124 298 2139 321; x_wconf 73' lang='lat'><strong>⁶</strong></span> <span class='ocrx_word' id='word_1_47' title='bbox 2163 297 2217 338; x_wconf 89' lang='lat' dir='ltr'>Et</span> 
     </span>
     <span class='ocr_line' id='line_1_16' title="bbox 304 353 2218 407; baseline 0.001 -12"><span class='ocrx_word' id='word_1_48' title='bbox 304 354 441 407; x_wconf 83' lang='lat' dir='ltr'>posuit</span> <span class='ocrx_word' id='word_1_49' title='bbox 457 354 604 395; x_wconf 80' lang='lat' dir='ltr'>milites</span> <span class='ocrx_word' id='word_1_50' title='bbox 623 354 663 394; x_wconf 93' lang='lat' dir='ltr'>in</span> <span class='ocrx_word' id='word_1_51' title='bbox 680 354 898 398; x_wconf 81' lang='lat' dir='ltr'>Damasco,</span> <span class='ocrx_word' id='word_1_52' title='bbox 920 358 966 393; x_wconf 90' lang='lat' dir='ltr'>ut</span> <span class='ocrx_word' id='word_1_53' title='bbox 982 353 1101 406; x_wconf 87' lang='lat' dir='ltr'>Syria</span> <span class='ocrx_word' id='word_1_54' title='bbox 1118 367 1280 407; x_wconf 89' lang='lat' dir='ltr'>quoque</span> <span class='ocrx_word' id='word_1_55' title='bbox 1297 355 1467 396; x_wconf 83' lang='lat' dir='ltr'>serviret</span> <span class='ocrx_word' id='word_1_56' title='bbox 1483 355 1571 398; x_wconf 90' lang='lat' dir='ltr'>sibi.</span> <span class='ocrx_word' id='word_1_57' title='bbox 1591 360 1632 396; x_wconf 91' lang='lat' dir='ltr'>et</span> <span class='ocrx_word' id='word_1_58' title='bbox 1649 355 1812 396; x_wconf 76' lang='lat' dir='ltr'>offerret</span> <span class='ocrx_word' id='word_1_59' title='bbox 1829 369 2009 396; x_wconf 89' lang='lat' dir='ltr'>munera.</span> <span class='ocrx_word' id='word_1_60' title='bbox 2029 356 2218 397; x_wconf 86' lang='lat' dir='ltr'>Adiuvit—</span> 
     </span>
     <span class='ocr_line' id='line_1_17' title="bbox 307 412 2218 468; baseline 0.002 -17"><span class='ocrx_word' id='word_1_61' title='bbox 307 426 383 466; x_wconf 84' lang='lat' dir='ltr'>que</span> <span class='ocrx_word' id='word_1_62' title='bbox 406 426 499 454; x_wconf 84' lang='lat' dir='ltr'>euni</span> <span class='ocrx_word' id='word_1_63' title='bbox 521 413 723 453; x_wconf 86' lang='lat' dir='ltr'>Dominus</span> <span class='ocrx_word' id='word_1_64' title='bbox 744 412 785 452; x_wconf 91' lang='lat' dir='ltr'>in</span> <span class='ocrx_word' id='word_1_65' title='bbox 809 412 977 454; x_wconf 76' lang='lat' dir='ltr'>cunctis.</span> <span class='ocrx_word' id='word_1_66' title='bbox 1004 412 1055 452; x_wconf 85' lang='lat' dir='ltr'>ad</span> <span class='ocrx_word' id='word_1_67' title='bbox 1079 426 1168 466; x_wconf 86' lang='lat' dir='ltr'>quae</span> <span class='ocrx_word' id='word_1_68' title='bbox 1191 419 1435 466; x_wconf 80' lang='lat' dir='ltr'>perrexerat.</span> <span class='ocrx_word' id='word_1_69' title='bbox 1491 415 1504 437; x_wconf 87' lang='lat'><strong>⁷</strong></span> <span class='ocrx_word' id='word_1_70' title='bbox 1528 414 1639 455; x_wconf 85' lang='lat' dir='ltr'>Tulit</span> <span class='ocrx_word' id='word_1_71' title='bbox 1661 427 1823 468; x_wconf 91' lang='lat' dir='ltr'>quoque</span> <span class='ocrx_word' id='word_1_72' title='bbox 1845 415 1983 456; x_wconf 85' lang='lat' dir='ltr'>David</span> <span class='ocrx_word' id='word_1_73' title='bbox 2005 414 2218 467; x_wconf 82' lang='lat' dir='ltr'>pharetras</span> 
     </span>
     <span class='ocr_line' id='line_1_18' title="bbox 305 471 2218 524; baseline 0.002 -13"><span class='ocrx_word' id='word_1_74' title='bbox 305 484 459 514; x_wconf 73' lang='lat' dir='ltr'>aureas,</span> <span class='ocrx_word' id='word_1_75' title='bbox 497 485 597 524; x_wconf 85' lang='lat' dir='ltr'>quas</span> <span class='ocrx_word' id='word_1_76' title='bbox 630 471 861 512; x_wconf 77' lang='lat' dir='ltr'>habuerant</span> <span class='ocrx_word' id='word_1_77' title='bbox 894 471 997 511; x_wconf 84' lang='lat' dir='ltr'>servi</span> <span class='ocrx_word' id='word_1_78' title='bbox 1030 471 1244 521; x_wconf 87' lang='lat' dir='ltr'>Adarezer,</span> <span class='ocrx_word' id='word_1_79' title='bbox 1281 478 1322 514; x_wconf 87' lang='lat' dir='ltr'>et</span> <span class='ocrx_word' id='word_1_80' title='bbox 1355 472 1498 513; x_wconf 88' lang='lat' dir='ltr'>attulit</span> <span class='ocrx_word' id='word_1_81' title='bbox 1530 485 1598 513; x_wconf 88' lang='lat' dir='ltr'>cas</span> <span class='ocrx_word' id='word_1_82' title='bbox 1630 473 1671 513; x_wconf 90' lang='lat' dir='ltr'>in</span> <span class='ocrx_word' id='word_1_83' title='bbox 1707 473 1937 515; x_wconf 86' lang='lat' dir='ltr'>Ierusalem.</span> <span class='ocrx_word' id='word_1_84' title='bbox 2002 476 2017 498; x_wconf 78' lang='lat'>⁸</span> <span class='ocrx_word' id='word_1_85' title='bbox 2051 473 2218 514; x_wconf 78' lang='lat' dir='ltr'>Necnon</span> 
     </span>
     <span class='ocr_line' id='line_1_19' title="bbox 305 529 2218 586; baseline 0 -15"><span class='ocrx_word' id='word_1_86' title='bbox 305 531 354 571; x_wconf 90' lang='lat' dir='ltr'>de</span> <span class='ocrx_word' id='word_1_87' title='bbox 378 530 578 574; x_wconf 73' lang='lat' dir='ltr'>Thebath.</span> <span class='ocrx_word' id='word_1_88' title='bbox 605 537 645 570; x_wconf 81' lang='lat' dir='ltr'>et</span> <span class='ocrx_word' id='word_1_89' title='bbox 668 530 784 570; x_wconf 64' lang='lat' dir='ltr'>(Iliun</span> <span class='ocrx_word' id='word_1_90' title='bbox 809 530 977 570; x_wconf 84' lang='lat' dir='ltr'>urbibus</span> <span class='ocrx_word' id='word_1_91' title='bbox 999 529 1203 571; x_wconf 86' lang='lat' dir='ltr'>Adarezer</span> <span class='ocrx_word' id='word_1_92' title='bbox 1225 532 1311 572; x_wconf 85' lang='lat' dir='ltr'>aeris</span> <span class='ocrx_word' id='word_1_93' title='bbox 1335 531 1568 584; x_wconf 80' lang='lat' dir='ltr'>plurimum,</span> <span class='ocrx_word' id='word_1_94' title='bbox 1595 532 1644 572; x_wconf 88' lang='lat' dir='ltr'>de</span> <span class='ocrx_word' id='word_1_95' title='bbox 1669 545 1748 586; x_wconf 91' lang='lat' dir='ltr'>quo</span> <span class='ocrx_word' id='word_1_96' title='bbox 1772 532 1868 573; x_wconf 84' lang='lat' dir='ltr'>fecit</span> <span class='ocrx_word' id='word_1_97' title='bbox 1891 532 2084 574; x_wconf 86' lang='lat' dir='ltr'>Salomon</span> <span class='ocrx_word' id='word_1_98' title='bbox 2107 545 2218 572; x_wconf 86' lang='lat' dir='ltr'>mare</span> 
     </span>
     <span class='ocr_line' id='line_1_20' title="bbox 305 588 1151 632; baseline 0 -2"><span class='ocrx_word' id='word_1_99' title='bbox 305 602 473 632; x_wconf 61' lang='lat' dir='ltr'>aeneum.</span> <span class='ocrx_word' id='word_1_100' title='bbox 506 594 547 629; x_wconf 86' lang='lat' dir='ltr'>et</span> <span class='ocrx_word' id='word_1_101' title='bbox 577 588 798 631; x_wconf 83' lang='lat' dir='ltr'>columnas.</span> <span class='ocrx_word' id='word_1_102' title='bbox 831 594 871 629; x_wconf 90' lang='lat' dir='ltr'>et</span> <span class='ocrx_word' id='word_1_103' title='bbox 902 601 1001 629; x_wconf 88' lang='lat' dir='ltr'>vasa</span> <span class='ocrx_word' id='word_1_104' title='bbox 1029 602 1151 630; x_wconf 86' lang='lat' dir='ltr'>aenea.</span> 
     </span>
    </p>

    <p class='ocr_par' dir='ltr' id='par_1_8' title="bbox 304 647 2219 1043">
     <span class='ocr_line' id='line_1_21' title="bbox 412 647 2218 702; baseline 0.001 -15"><span class='ocrx_word' id='word_1_105' title='bbox 412 649 427 671; x_wconf 76' lang='lat'>⁹</span> <span class='ocrx_word' id='word_1_106' title='bbox 456 648 574 695; x_wconf 86' lang='lat' dir='ltr'>Quod</span> <span class='ocrx_word' id='word_1_107' title='bbox 604 661 696 688; x_wconf 84' lang='lat' dir='ltr'>cum</span> <span class='ocrx_word' id='word_1_108' title='bbox 725 648 906 689; x_wconf 86' lang='lat' dir='ltr'>audisset</span> <span class='ocrx_word' id='word_1_109' title='bbox 934 647 1049 689; x_wconf 88' lang='lat' dir='ltr'>Thou</span> <span class='ocrx_word' id='word_1_110' title='bbox 1077 662 1148 688; x_wconf 90' lang='lat' dir='ltr'>rex</span> <span class='ocrx_word' id='word_1_111' title='bbox 1178 648 1372 695; x_wconf 80' lang='lat' dir='ltr'>Hemath,</span> <span class='ocrx_word' id='word_1_112' title='bbox 1403 649 1645 702; x_wconf 78' lang='lat' dir='ltr'>percussisse</span> <span class='ocrx_word' id='word_1_113' title='bbox 1675 650 1863 691; x_wconf 88' lang='lat' dir='ltr'>videlicet</span> <span class='ocrx_word' id='word_1_114' title='bbox 1890 650 2029 693; x_wconf 86' lang='lat' dir='ltr'>David</span> <span class='ocrx_word' id='word_1_115' title='bbox 2056 662 2218 690; x_wconf 89' lang='lat' dir='ltr'>omnem</span> 
     </span>
     <span class='ocr_line' id='line_1_22' title="bbox 304 706 2216 762; baseline 0.003 -15"><span class='ocrx_word' id='word_1_116' title='bbox 304 707 526 747; x_wconf 78' lang='lat' dir='ltr'>exercituin</span> <span class='ocrx_word' id='word_1_117' title='bbox 555 707 758 747; x_wconf 82' lang='lat' dir='ltr'>Adarezer</span> <span class='ocrx_word' id='word_1_118' title='bbox 795 707 897 760; x_wconf 88' lang='lat' dir='ltr'>regis</span> <span class='ocrx_word' id='word_1_119' title='bbox 924 706 1044 750; x_wconf 83' lang='lat' dir='ltr'>Soba.</span> <span class='ocrx_word' id='word_1_120' title='bbox 1103 709 1138 731; x_wconf 88' lang='lat'>¹⁰</span> <span class='ocrx_word' id='word_1_121' title='bbox 1164 708 1276 749; x_wconf 88' lang='lat' dir='ltr'>misit</span> <span class='ocrx_word' id='word_1_122' title='bbox 1304 708 1484 749; x_wconf 86' lang='lat' dir='ltr'>Adoram</span> <span class='ocrx_word' id='word_1_123' title='bbox 1513 708 1641 748; x_wconf 89' lang='lat' dir='ltr'>filium</span> <span class='ocrx_word' id='word_1_124' title='bbox 1677 721 1796 750; x_wconf 91' lang='lat' dir='ltr'>suum</span> <span class='ocrx_word' id='word_1_125' title='bbox 1825 709 1877 750; x_wconf 89' lang='lat' dir='ltr'>ad</span> <span class='ocrx_word' id='word_1_126' title='bbox 1905 722 2038 762; x_wconf 86' lang='lat' dir='ltr'>regem</span> <span class='ocrx_word' id='word_1_127' title='bbox 2067 708 2216 752; x_wconf 79' lang='lat' dir='ltr'>David.</span> 
     </span>
     <span class='ocr_line' id='line_1_23' title="bbox 304 765 2219 822; baseline 0.001 -17"><span class='ocrx_word' id='word_1_128' title='bbox 304 771 350 806; x_wconf 88' lang='lat' dir='ltr'>ut</span> <span class='ocrx_word' id='word_1_129' title='bbox 373 765 601 819; x_wconf 79' lang='lat' dir='ltr'>postularet</span> <span class='ocrx_word' id='word_1_130' title='bbox 624 766 675 806; x_wconf 88' lang='lat' dir='ltr'>ab</span> <span class='ocrx_word' id='word_1_131' title='bbox 699 779 744 806; x_wconf 86' lang='lat' dir='ltr'>eo</span> <span class='ocrx_word' id='word_1_132' title='bbox 768 778 922 819; x_wconf 76' lang='lat' dir='ltr'>paceni,</span> <span class='ocrx_word' id='word_1_133' title='bbox 948 771 989 806; x_wconf 90' lang='lat' dir='ltr'>et</span> <span class='ocrx_word' id='word_1_134' title='bbox 1012 766 1367 819; x_wconf 83' lang='lat' dir='ltr'>congratularetur</span> <span class='ocrx_word' id='word_1_135' title='bbox 1389 767 1423 807; x_wconf 90' lang='lat' dir='ltr'>ei</span> <span class='ocrx_word' id='word_1_136' title='bbox 1448 767 1556 820; x_wconf 88' lang='lat' dir='ltr'>quod</span> <span class='ocrx_word' id='word_1_137' title='bbox 1580 768 1855 820; x_wconf 84' lang='lat' dir='ltr'>percussisset,</span> <span class='ocrx_word' id='word_1_138' title='bbox 1881 773 1922 809; x_wconf 92' lang='lat' dir='ltr'>et</span> <span class='ocrx_word' id='word_1_139' title='bbox 1945 773 2219 822; x_wconf 78' lang='lat' dir='ltr'>expugnasset</span> 
     </span>
     <span class='ocr_line' id='line_1_24' title="bbox 305 824 2216 878; baseline 0.003 -13"><span class='ocrx_word' id='word_1_140' title='bbox 305 824 523 865; x_wconf 73' lang='lat' dir='ltr'>Adarezer:</span> <span class='ocrx_word' id='word_1_141' title='bbox 555 825 812 866; x_wconf 83' lang='lat' dir='ltr'>adversarius</span> <span class='ocrx_word' id='word_1_142' title='bbox 841 825 992 878; x_wconf 87' lang='lat' dir='ltr'>quippe</span> <span class='ocrx_word' id='word_1_143' title='bbox 1021 830 1108 866; x_wconf 88' lang='lat' dir='ltr'>erat</span> <span class='ocrx_word' id='word_1_144' title='bbox 1137 826 1252 867; x_wconf 86' lang='lat' dir='ltr'>Thou</span> <span class='ocrx_word' id='word_1_145' title='bbox 1280 826 1494 867; x_wconf 84' lang='lat' dir='ltr'>Adarezer.</span> <span class='ocrx_word' id='word_1_146' title='bbox 1554 827 1584 850; x_wconf 91' lang='lat'>¹¹</span> <span class='ocrx_word' id='word_1_147' title='bbox 1612 826 1692 867; x_wconf 89' lang='lat' dir='ltr'>Sed</span> <span class='ocrx_word' id='word_1_148' title='bbox 1720 832 1761 868; x_wconf 89' lang='lat' dir='ltr'>et</span> <span class='ocrx_word' id='word_1_149' title='bbox 1789 827 1927 868; x_wconf 88' lang='lat' dir='ltr'>onmia</span> <span class='ocrx_word' id='word_1_150' title='bbox 1955 840 2054 867; x_wconf 90' lang='lat' dir='ltr'>vasa</span> <span class='ocrx_word' id='word_1_151' title='bbox 2082 838 2216 870; x_wconf 79' lang='lat' dir='ltr'>aurea,</span> 
     </span>
     <span class='ocr_line' id='line_1_25' title="bbox 304 884 2219 939; baseline 0.001 -15"><span class='ocrx_word' id='word_1_152' title='bbox 304 889 346 924; x_wconf 88' lang='lat' dir='ltr'>et</span> <span class='ocrx_word' id='word_1_153' title='bbox 373 889 576 936; x_wconf 79' lang='lat' dir='ltr'>argentea.</span> <span class='ocrx_word' id='word_1_154' title='bbox 608 888 649 924; x_wconf 88' lang='lat' dir='ltr'>et</span> <span class='ocrx_word' id='word_1_155' title='bbox 676 896 789 924; x_wconf 79' lang='lat' dir='ltr'>aenea</span> <span class='ocrx_word' id='word_1_156' title='bbox 816 884 1070 926; x_wconf 79' lang='lat' dir='ltr'>consecravit</span> <span class='ocrx_word' id='word_1_157' title='bbox 1097 884 1234 926; x_wconf 87' lang='lat' dir='ltr'>David</span> <span class='ocrx_word' id='word_1_158' title='bbox 1261 898 1332 926; x_wconf 86' lang='lat' dir='ltr'>rex</span> <span class='ocrx_word' id='word_1_159' title='bbox 1360 885 1550 934; x_wconf 88' lang='lat' dir='ltr'>Domino,</span> <span class='ocrx_word' id='word_1_160' title='bbox 1581 898 1673 926; x_wconf 91' lang='lat' dir='ltr'>cum</span> <span class='ocrx_word' id='word_1_161' title='bbox 1702 890 1871 939; x_wconf 88' lang='lat' dir='ltr'>argento</span> <span class='ocrx_word' id='word_1_162' title='bbox 1898 891 1939 927; x_wconf 89' lang='lat' dir='ltr'>et</span> <span class='ocrx_word' id='word_1_163' title='bbox 1968 898 2078 936; x_wconf 91' lang='lat' dir='ltr'>auro,</span> <span class='ocrx_word' id='word_1_164' title='bbox 2109 884 2219 938; x_wconf 91' lang='lat' dir='ltr'>quod</span> 
     </span>
     <span class='ocr_line' id='line_1_26' title="bbox 304 942 2217 997; baseline -0.001 -14"><span class='ocrx_word' id='word_1_165' title='bbox 304 942 455 983; x_wconf 82' lang='lat' dir='ltr'>tulerat</span> <span class='ocrx_word' id='word_1_166' title='bbox 485 956 534 983; x_wconf 84' lang='lat' dir='ltr'>ex</span> <span class='ocrx_word' id='word_1_167' title='bbox 564 943 760 984; x_wconf 88' lang='lat' dir='ltr'>universis</span> <span class='ocrx_word' id='word_1_168' title='bbox 789 943 992 996; x_wconf 85' lang='lat' dir='ltr'>gentibus,</span> <span class='ocrx_word' id='word_1_169' title='bbox 1023 949 1111 984; x_wconf 90' lang='lat' dir='ltr'>tam</span> <span class='ocrx_word' id='word_1_170' title='bbox 1141 944 1190 984; x_wconf 92' lang='lat' dir='ltr'>de</span> <span class='ocrx_word' id='word_1_171' title='bbox 1222 944 1415 993; x_wconf 84' lang='lat' dir='ltr'>Idumaea,</span> <span class='ocrx_word' id='word_1_172' title='bbox 1448 948 1488 984; x_wconf 88' lang='lat' dir='ltr'>et</span> <span class='ocrx_word' id='word_1_173' title='bbox 1516 943 1651 991; x_wconf 79' lang='lat' dir='ltr'>Moab,</span> <span class='ocrx_word' id='word_1_174' title='bbox 1684 950 1725 985; x_wconf 91' lang='lat' dir='ltr'>et</span> <span class='ocrx_word' id='word_1_175' title='bbox 1753 944 1844 985; x_wconf 93' lang='lat' dir='ltr'>filiis</span> <span class='ocrx_word' id='word_1_176' title='bbox 1872 945 2062 989; x_wconf 88' lang='lat' dir='ltr'>Ammon.</span> <span class='ocrx_word' id='word_1_177' title='bbox 2095 955 2217 997; x_wconf 81' lang='lat' dir='ltr'>quarn</span> 
     </span>
     <span class='ocr_line' id='line_1_27' title="bbox 305 1001 909 1043; baseline 0.002 -1"><span class='ocrx_word' id='word_1_178' title='bbox 305 1001 353 1042; x_wconf 88' lang='lat' dir='ltr'>de</span> <span class='ocrx_word' id='word_1_179' title='bbox 383 1001 630 1043; x_wconf 90' lang='lat' dir='ltr'>Philisthiim</span> <span class='ocrx_word' id='word_1_180' title='bbox 662 1008 702 1042; x_wconf 85' lang='lat' dir='ltr'>et</span> <span class='ocrx_word' id='word_1_181' title='bbox 730 1001 909 1043; x_wconf 89' lang='lat' dir='ltr'>Amalec.</span> 
     </span>
    </p>

    <p class='ocr_par' dir='ltr' id='par_1_9' title="bbox 304 1060 2220 1234">
     <span class='ocr_line' id='line_1_28' title="bbox 409 1060 2218 1115; baseline 0.001 -15"><span class='ocrx_word' id='word_1_182' title='bbox 409 1062 440 1084; x_wconf 77' lang='lat'>¹²</span> <span class='ocrx_word' id='word_1_183' title='bbox 463 1061 601 1101; x_wconf 86' lang='lat' dir='ltr'>Abisai</span> <span class='ocrx_word' id='word_1_184' title='bbox 626 1073 721 1101; x_wconf 89' lang='lat' dir='ltr'>vero</span> <span class='ocrx_word' id='word_1_185' title='bbox 746 1060 849 1101; x_wconf 85' lang='lat' dir='ltr'>filius</span> <span class='ocrx_word' id='word_1_186' title='bbox 872 1061 1025 1102; x_wconf 83' lang='lat' dir='ltr'>Sarviae</span> <span class='ocrx_word' id='word_1_187' title='bbox 1048 1063 1248 1115; x_wconf 89' lang='lat' dir='ltr'>percussit</span> <span class='ocrx_word' id='word_1_188' title='bbox 1270 1062 1404 1103; x_wconf 89' lang='lat' dir='ltr'>Edom</span> <span class='ocrx_word' id='word_1_189' title='bbox 1428 1063 1469 1103; x_wconf 92' lang='lat' dir='ltr'>in</span> <span class='ocrx_word' id='word_1_190' title='bbox 1493 1061 1606 1103; x_wconf 88' lang='lat' dir='ltr'>Valle</span> <span class='ocrx_word' id='word_1_191' title='bbox 1629 1062 1873 1112; x_wconf 76' lang='lat' dir='ltr'>Salinarum,</span> <span class='ocrx_word' id='word_1_192' title='bbox 1899 1063 2039 1103; x_wconf 89' lang='lat' dir='ltr'>decem</span> <span class='ocrx_word' id='word_1_193' title='bbox 2062 1068 2103 1104; x_wconf 90' lang='lat' dir='ltr'>et</span> <span class='ocrx_word' id='word_1_194' title='bbox 2126 1065 2218 1102; x_wconf 88' lang='lat' dir='ltr'>octo</span> 
     </span>
     <span class='ocr_line' id='line_1_29' title="bbox 304 1119 2220 1175; baseline 0 -15"><span class='ocrx_word' id='word_1_195' title='bbox 304 1119 447 1161; x_wconf 90' lang='lat' dir='ltr'>millia:</span> <span class='ocrx_word' id='word_1_196' title='bbox 497 1122 527 1144; x_wconf 83' lang='lat'>¹³</span> <span class='ocrx_word' id='word_1_197' title='bbox 547 1125 588 1160; x_wconf 91' lang='lat' dir='ltr'>et</span> <span class='ocrx_word' id='word_1_198' title='bbox 607 1119 823 1161; x_wconf 89' lang='lat' dir='ltr'>constituit</span> <span class='ocrx_word' id='word_1_199' title='bbox 842 1120 883 1160; x_wconf 91' lang='lat' dir='ltr'>in</span> <span class='ocrx_word' id='word_1_200' title='bbox 902 1120 1036 1161; x_wconf 88' lang='lat' dir='ltr'>Edom</span> <span class='ocrx_word' id='word_1_201' title='bbox 1056 1121 1302 1175; x_wconf 86' lang='lat' dir='ltr'>praesidium,</span> <span class='ocrx_word' id='word_1_202' title='bbox 1324 1126 1371 1163; x_wconf 94' lang='lat' dir='ltr'>ut</span> <span class='ocrx_word' id='word_1_203' title='bbox 1390 1121 1561 1163; x_wconf 83' lang='lat' dir='ltr'>serviret</span> <span class='ocrx_word' id='word_1_204' title='bbox 1582 1121 1766 1163; x_wconf 84' lang='lat' dir='ltr'>Idumaea</span> <span class='ocrx_word' id='word_1_205' title='bbox 1782 1121 1938 1163; x_wconf 85' lang='lat' dir='ltr'>David:</span> <span class='ocrx_word' id='word_1_206' title='bbox 1960 1121 2220 1175; x_wconf 83' lang='lat' dir='ltr'>salvavitque</span> 
     </span>
     <span class='ocr_line' id='line_1_30' title="bbox 305 1178 1409 1234; baseline 0.002 -14"><span class='ocrx_word' id='word_1_207' title='bbox 305 1178 506 1220; x_wconf 89' lang='lat' dir='ltr'>Dominus</span> <span class='ocrx_word' id='word_1_208' title='bbox 533 1179 670 1220; x_wconf 89' lang='lat' dir='ltr'>David</span> <span class='ocrx_word' id='word_1_209' title='bbox 698 1179 738 1220; x_wconf 93' lang='lat' dir='ltr'>in</span> <span class='ocrx_word' id='word_1_210' title='bbox 767 1179 935 1224; x_wconf 79' lang='lat' dir='ltr'>cunctis.</span> <span class='ocrx_word' id='word_1_211' title='bbox 967 1180 1019 1220; x_wconf 86' lang='lat' dir='ltr'>ad</span> <span class='ocrx_word' id='word_1_212' title='bbox 1047 1193 1137 1234; x_wconf 83' lang='lat' dir='ltr'>quae</span> <span class='ocrx_word' id='word_1_213' title='bbox 1164 1186 1409 1234; x_wconf 83' lang='lat' dir='ltr'>perrexerat.</span> 
     </span>
    </p>
   </div>
   <div class='ocr_carea' id='block_1_8' title="bbox 800 1283 1731 1336">
    <p class='ocr_par' dir='ltr' id='par_1_10' title="bbox 800 1283 1731 1336">
     <span class='ocr_line' id='line_1_31' title="bbox 800 1283 1731 1336; baseline 0.003 -13"><span class='ocrx_word' id='word_1_214' title='bbox 800 1285 838 1324; x_wconf 92' lang='lat'>7.</span> <span class='ocrx_word' id='word_1_215' title='bbox 870 1283 1138 1324; x_wconf 79' lang='lat' dir='ltr'>Distributio</span> <span class='ocrx_word' id='word_1_216' title='bbox 1170 1284 1444 1336; x_wconf 81' lang='lat' dir='ltr'>officiorum,</span> <span class='ocrx_word' id='word_1_217' title='bbox 1471 1285 1539 1336; x_wconf 87' lang='grc'>18,</span> <span class='ocrx_word' id='word_1_218' title='bbox 1557 1286 1731 1326; x_wconf 83' lang='lat'>14—17.</span> 
     </span>
    </p>
   </div>
   <div class='ocr_carea' id='block_1_9' title="bbox 304 1355 2222 1646">
    <p class='ocr_par' dir='ltr' id='par_1_11' title="bbox 304 1355 2222 1646">
     <span class='ocr_line' id='line_1_32' title="bbox 410 1355 2220 1409; baseline 0.001 -14"><span class='ocrx_word' id='word_1_219' title='bbox 410 1357 441 1379; x_wconf 72' lang='lat'>¹⁴</span> <span class='ocrx_word' id='word_1_220' title='bbox 474 1355 679 1408; x_wconf 83' lang='lat' dir='ltr'>Regnavit</span> <span class='ocrx_word' id='word_1_221' title='bbox 710 1368 802 1409; x_wconf 86' lang='lat' dir='ltr'>ergo</span> <span class='ocrx_word' id='word_1_222' title='bbox 833 1355 971 1396; x_wconf 90' lang='lat' dir='ltr'>David</span> <span class='ocrx_word' id='word_1_223' title='bbox 1001 1368 1122 1409; x_wconf 90' lang='lat' dir='ltr'>super</span> <span class='ocrx_word' id='word_1_224' title='bbox 1152 1356 1388 1397; x_wconf 87' lang='lat' dir='ltr'>universum</span> <span class='ocrx_word' id='word_1_225' title='bbox 1422 1356 1557 1406; x_wconf 88' lang='lat' dir='ltr'>Israel,</span> <span class='ocrx_word' id='word_1_226' title='bbox 1590 1361 1632 1398; x_wconf 86' lang='lat' dir='ltr'>et</span> <span class='ocrx_word' id='word_1_227' title='bbox 1660 1356 1840 1397; x_wconf 78' lang='lat' dir='ltr'>faciebat</span> <span class='ocrx_word' id='word_1_228' title='bbox 1869 1356 2064 1396; x_wconf 87' lang='lat' dir='ltr'>iudicium</span> <span class='ocrx_word' id='word_1_229' title='bbox 2096 1360 2220 1409; x_wconf 85' lang='lat' dir='ltr'>atque</span> 
     </span>
     <span class='ocr_line' id='line_1_33' title="bbox 306 1411 2218 1469; baseline 0.002 -14"><span class='ocrx_word' id='word_1_230' title='bbox 306 1414 504 1455; x_wconf 86' lang='lat' dir='ltr'>iustitiam</span> <span class='ocrx_word' id='word_1_231' title='bbox 536 1418 683 1455; x_wconf 81' lang='lat' dir='ltr'>cuncto</span> <span class='ocrx_word' id='word_1_232' title='bbox 714 1414 865 1467; x_wconf 92' lang='lat' dir='ltr'>populo</span> <span class='ocrx_word' id='word_1_233' title='bbox 897 1427 982 1455; x_wconf 92' lang='lat' dir='ltr'>suo.</span> <span class='ocrx_word' id='word_1_234' title='bbox 1043 1416 1074 1438; x_wconf 84' lang='lat'>¹⁵</span> <span class='ocrx_word' id='word_1_235' title='bbox 1104 1414 1229 1456; x_wconf 92' lang='lat' dir='ltr'>Porro</span> <span class='ocrx_word' id='word_1_236' title='bbox 1264 1415 1363 1456; x_wconf 90' lang='lat' dir='ltr'>Ioab</span> <span class='ocrx_word' id='word_1_237' title='bbox 1394 1415 1500 1456; x_wconf 91' lang='lat' dir='ltr'>filius</span> <span class='ocrx_word' id='word_1_238' title='bbox 1530 1415 1684 1457; x_wconf 81' lang='lat' dir='ltr'>Sarviae</span> <span class='ocrx_word' id='word_1_239' title='bbox 1714 1420 1802 1456; x_wconf 89' lang='lat' dir='ltr'>erat</span> <span class='ocrx_word' id='word_1_240' title='bbox 1832 1411 1953 1469; x_wconf 86' lang='lat' dir='ltr'>super</span> <span class='ocrx_word' id='word_1_241' title='bbox 1982 1414 2218 1458; x_wconf 81' lang='lat' dir='ltr'>exercitum.</span> 
     </span>
     <span class='ocr_line' id='line_1_34' title="bbox 304 1472 2220 1527; baseline 0.001 -14"><span class='ocrx_word' id='word_1_242' title='bbox 304 1478 344 1513; x_wconf 87' lang='lat' dir='ltr'>et</span> <span class='ocrx_word' id='word_1_243' title='bbox 361 1472 558 1527; x_wconf 90' lang='lat' dir='ltr'>Iosaphat</span> <span class='ocrx_word' id='word_1_244' title='bbox 572 1472 678 1513; x_wconf 90' lang='lat' dir='ltr'>filius</span> <span class='ocrx_word' id='word_1_245' title='bbox 690 1472 843 1513; x_wconf 89' lang='lat' dir='ltr'>Ahilud</span> <span class='ocrx_word' id='word_1_246' title='bbox 858 1486 882 1513; x_wconf 85' lang='lat' dir='ltr'>a</span> <span class='ocrx_word' id='word_1_247' title='bbox 896 1474 1211 1515; x_wconf 79' lang='lat' dir='ltr'>commentariis</span> <span class='ocrx_word' id='word_1_248' title='bbox 1245 1476 1279 1498; x_wconf 79' lang='lat'>¹⁶</span> <span class='ocrx_word' id='word_1_249' title='bbox 1293 1474 1425 1516; x_wconf 89' lang='lat' dir='ltr'>Sadoc</span> <span class='ocrx_word' id='word_1_250' title='bbox 1440 1479 1578 1516; x_wconf 90' lang='lat' dir='ltr'>autem</span> <span class='ocrx_word' id='word_1_251' title='bbox 1592 1474 1697 1515; x_wconf 91' lang='lat' dir='ltr'>filius</span> <span class='ocrx_word' id='word_1_252' title='bbox 1708 1474 1898 1521; x_wconf 80' lang='lat' dir='ltr'>Achitob.</span> <span class='ocrx_word' id='word_1_253' title='bbox 1916 1478 1957 1515; x_wconf 90' lang='lat' dir='ltr'>et</span> <span class='ocrx_word' id='word_1_254' title='bbox 1970 1472 2220 1522; x_wconf 90' lang='lat' dir='ltr'>Ahimelech,</span> 
     </span>
     <span class='ocr_line' id='line_1_35' title="bbox 306 1531 2222 1588; baseline 0.001 -16"><span class='ocrx_word' id='word_1_255' title='bbox 306 1531 408 1572; x_wconf 87' lang='lat' dir='ltr'>filius</span> <span class='ocrx_word' id='word_1_256' title='bbox 433 1531 647 1581; x_wconf 86' lang='lat' dir='ltr'>Abiathar,</span> <span class='ocrx_word' id='word_1_257' title='bbox 673 1532 922 1573; x_wconf 80' lang='lat' dir='ltr'>sacerdotes:</span> <span class='ocrx_word' id='word_1_258' title='bbox 948 1537 989 1573; x_wconf 88' lang='lat' dir='ltr'>et</span> <span class='ocrx_word' id='word_1_259' title='bbox 1012 1532 1126 1581; x_wconf 81' lang='lat' dir='ltr'>Susa,</span> <span class='ocrx_word' id='word_1_260' title='bbox 1153 1533 1295 1574; x_wconf 90' lang='lat' dir='ltr'>scriba.</span> <span class='ocrx_word' id='word_1_261' title='bbox 1350 1535 1382 1558; x_wconf 82' lang='lat'>¹⁷</span> <span class='ocrx_word' id='word_1_262' title='bbox 1408 1534 1585 1574; x_wconf 88' lang='lat' dir='ltr'>Banaias</span> <span class='ocrx_word' id='word_1_263' title='bbox 1610 1547 1772 1588; x_wconf 90' lang='lat' dir='ltr'>quoque</span> <span class='ocrx_word' id='word_1_264' title='bbox 1796 1533 1901 1574; x_wconf 94' lang='lat' dir='ltr'>filius</span> <span class='ocrx_word' id='word_1_265' title='bbox 1927 1533 2077 1574; x_wconf 84' lang='lat' dir='ltr'>Ioiadae</span> <span class='ocrx_word' id='word_1_266' title='bbox 2100 1545 2222 1586; x_wconf 89' lang='lat' dir='ltr'>super</span> 
     </span>
     <span class='ocr_line' id='line_1_36' title="bbox 304 1590 1983 1646; baseline 0.001 -15"><span class='ocrx_word' id='word_1_267' title='bbox 304 1591 480 1645; x_wconf 88' lang='lat' dir='ltr'>legiones</span> <span class='ocrx_word' id='word_1_268' title='bbox 508 1591 680 1635; x_wconf 86' lang='lat' dir='ltr'>Cerethi.</span> <span class='ocrx_word' id='word_1_269' title='bbox 712 1596 753 1632; x_wconf 91' lang='lat' dir='ltr'>et</span> <span class='ocrx_word' id='word_1_270' title='bbox 779 1590 985 1632; x_wconf 90' lang='lat' dir='ltr'>Phelethi:</span> <span class='ocrx_word' id='word_1_271' title='bbox 1016 1604 1135 1645; x_wconf 90' lang='lat' dir='ltr'>porro</span> <span class='ocrx_word' id='word_1_272' title='bbox 1165 1591 1236 1633; x_wconf 87' lang='lat' dir='ltr'>filii</span> <span class='ocrx_word' id='word_1_273' title='bbox 1263 1592 1413 1642; x_wconf 87' lang='lat' dir='ltr'>David,</span> <span class='ocrx_word' id='word_1_274' title='bbox 1444 1593 1563 1646; x_wconf 85' lang='lat' dir='ltr'>primi</span> <span class='ocrx_word' id='word_1_275' title='bbox 1592 1593 1644 1634; x_wconf 88' lang='lat' dir='ltr'>ad</span> <span class='ocrx_word' id='word_1_276' title='bbox 1672 1606 1841 1634; x_wconf 87' lang='lat' dir='ltr'>manum</span> <span class='ocrx_word' id='word_1_277' title='bbox 1868 1592 1983 1646; x_wconf 87' lang='lat' dir='ltr'>regis.</span> 
     </span>
    </p>
   </div>
   <div class='ocr_carea' id='block_1_10' title="bbox 654 1694 1878 1748">
    <p class='ocr_par' dir='ltr' id='par_1_12' title="bbox 654 1694 1878 1748">
     <span class='ocr_line' id='line_1_37' title="bbox 654 1694 1878 1748; baseline 0.001 -12"><span class='ocrx_word' id='word_1_278' title='bbox 654 1696 693 1736; x_wconf 93' lang='lat'>8.</span> <span class='ocrx_word' id='word_1_279' title='bbox 722 1695 931 1736; x_wconf 85' lang='lat' dir='ltr'>Victoriae</span> <span class='ocrx_word' id='word_1_280' title='bbox 963 1696 1019 1736; x_wconf 91' lang='lat' dir='ltr'>de</span> <span class='ocrx_word' id='word_1_281' title='bbox 1049 1695 1320 1736; x_wconf 85' lang='lat' dir='ltr'>Ammonitis</span> <span class='ocrx_word' id='word_1_282' title='bbox 1351 1696 1395 1737; x_wconf 88' lang='lat' dir='ltr'>et</span> <span class='ocrx_word' id='word_1_283' title='bbox 1424 1694 1569 1747; x_wconf 83' lang='lat' dir='ltr'>Syris,</span> <span class='ocrx_word' id='word_1_284' title='bbox 1588 1696 1656 1747; x_wconf 90' lang='grc'>19,</span> <span class='ocrx_word' id='word_1_285' title='bbox 1674 1697 1820 1748; x_wconf 82' lang='grc'><strong>1-20,</strong></span> <span class='ocrx_word' id='word_1_286' title='bbox 1840 1698 1878 1737; x_wconf 90' lang='lat'>3.</span> 
     </span>
    </p>
   </div>
   <div class='ocr_carea' id='block_1_11' title="bbox 305 1767 2225 3419">
    <p class='ocr_par' dir='ltr' id='par_1_13' title="bbox 305 1767 2223 2460">
     <span class='ocr_line' id='line_1_38' title="bbox 409 1767 2221 1820; baseline -0.002 -11"><span class='ocrx_word' id='word_1_287' title='bbox 409 1768 472 1810; x_wconf 80' lang='lat'>19.</span> <span class='ocrx_word' id='word_1_288' title='bbox 530 1770 541 1791; x_wconf 95' lang='lat'>¹</span> <span class='ocrx_word' id='word_1_289' title='bbox 573 1767 734 1808; x_wconf 86' lang='lat' dir='ltr'>Accidit</span> <span class='ocrx_word' id='word_1_290' title='bbox 770 1773 928 1808; x_wconf 61' lang='lat' dir='ltr'>sautem</span> <span class='ocrx_word' id='word_1_291' title='bbox 959 1772 1006 1808; x_wconf 92' lang='lat' dir='ltr'>ut</span> <span class='ocrx_word' id='word_1_292' title='bbox 1036 1772 1263 1808; x_wconf 89' lang='lat' dir='ltr'>moreretur</span> <span class='ocrx_word' id='word_1_293' title='bbox 1294 1767 1403 1808; x_wconf 87' lang='lat' dir='ltr'>Naas</span> <span class='ocrx_word' id='word_1_294' title='bbox 1433 1780 1504 1808; x_wconf 89' lang='lat' dir='ltr'>rex</span> <span class='ocrx_word' id='word_1_295' title='bbox 1535 1767 1710 1809; x_wconf 91' lang='lat' dir='ltr'>filiorum</span> <span class='ocrx_word' id='word_1_296' title='bbox 1739 1767 1930 1816; x_wconf 85' lang='lat' dir='ltr'>Ammon,</span> <span class='ocrx_word' id='word_1_297' title='bbox 1963 1772 2005 1808; x_wconf 91' lang='lat' dir='ltr'>et</span> <span class='ocrx_word' id='word_1_298' title='bbox 2033 1771 2221 1820; x_wconf 88' lang='lat' dir='ltr'>regnaret</span> 
     </span>
     <span class='ocr_line' id='line_1_39' title="bbox 306 1825 2220 1880; baseline -0.001 -13"><span class='ocrx_word' id='word_1_299' title='bbox 306 1826 410 1868; x_wconf 91' lang='lat' dir='ltr'>filius</span> <span class='ocrx_word' id='word_1_300' title='bbox 432 1827 516 1867; x_wconf 90' lang='lat' dir='ltr'>eius</span> <span class='ocrx_word' id='word_1_301' title='bbox 537 1840 610 1880; x_wconf 93' lang='lat' dir='ltr'>pro</span> <span class='ocrx_word' id='word_1_302' title='bbox 632 1840 689 1868; x_wconf 92' lang='lat' dir='ltr'>eo.</span> <span class='ocrx_word' id='word_1_303' title='bbox 740 1828 754 1850; x_wconf 80' lang='lat'>2</span> <span class='ocrx_word' id='word_1_304' title='bbox 775 1826 974 1880; x_wconf 81' lang='lat' dir='ltr'>Dixitque</span> <span class='ocrx_word' id='word_1_305' title='bbox 994 1826 1151 1867; x_wconf 88' lang='lat' dir='ltr'>David:</span> <span class='ocrx_word' id='word_1_306' title='bbox 1174 1826 1340 1867; x_wconf 85' lang='lat' dir='ltr'>Faciam</span> <span class='ocrx_word' id='word_1_307' title='bbox 1362 1826 1679 1868; x_wconf 86' lang='lat' dir='ltr'>misericordiam</span> <span class='ocrx_word' id='word_1_308' title='bbox 1702 1840 1794 1868; x_wconf 90' lang='lat' dir='ltr'>cum</span> <span class='ocrx_word' id='word_1_309' title='bbox 1817 1826 1968 1868; x_wconf 90' lang='lat' dir='ltr'>Hanon</span> <span class='ocrx_word' id='word_1_310' title='bbox 1988 1825 2069 1867; x_wconf 83' lang='lat' dir='ltr'>filio</span> <span class='ocrx_word' id='word_1_311' title='bbox 2091 1825 2220 1866; x_wconf 87' lang='lat' dir='ltr'>Naas:</span> 
     </span>
     <span class='ocr_line' id='line_1_40' title="bbox 307 1884 2221 1940; baseline -0.002 -13"><span class='ocrx_word' id='word_1_312' title='bbox 307 1886 498 1940; x_wconf 81' lang='lat' dir='ltr'>praestitit</span> <span class='ocrx_word' id='word_1_313' title='bbox 526 1886 633 1926; x_wconf 89' lang='lat' dir='ltr'>enim</span> <span class='ocrx_word' id='word_1_314' title='bbox 661 1885 761 1926; x_wconf 88' lang='lat' dir='ltr'>mihi</span> <span class='ocrx_word' id='word_1_315' title='bbox 789 1891 906 1939; x_wconf 88' lang='lat' dir='ltr'>pater</span> <span class='ocrx_word' id='word_1_316' title='bbox 934 1886 1018 1926; x_wconf 89' lang='lat' dir='ltr'>eius</span> <span class='ocrx_word' id='word_1_317' title='bbox 1044 1885 1233 1939; x_wconf 86' lang='lat' dir='ltr'>gratiam.</span> <span class='ocrx_word' id='word_1_318' title='bbox 1263 1885 1456 1940; x_wconf 90' lang='lat' dir='ltr'>Misitque</span> <span class='ocrx_word' id='word_1_319' title='bbox 1483 1886 1621 1927; x_wconf 92' lang='lat' dir='ltr'>David</span> <span class='ocrx_word' id='word_1_320' title='bbox 1650 1886 1819 1928; x_wconf 89' lang='lat' dir='ltr'>nuncios</span> <span class='ocrx_word' id='word_1_321' title='bbox 1846 1885 1899 1926; x_wconf 91' lang='lat' dir='ltr'>ad</span> <span class='ocrx_word' id='word_1_322' title='bbox 1927 1884 2221 1926; x_wconf 90' lang='lat' dir='ltr'>consolandum</span> 
     </span>
     <span class='ocr_line' id='line_1_41' title="bbox 306 1944 2219 1999; baseline 0 -13"><span class='ocrx_word' id='word_1_323' title='bbox 306 1958 399 1986; x_wconf 92' lang='lat' dir='ltr'>eum</span> <span class='ocrx_word' id='word_1_324' title='bbox 431 1958 552 1999; x_wconf 89' lang='lat' dir='ltr'>super</span> <span class='ocrx_word' id='word_1_325' title='bbox 583 1949 715 1986; x_wconf 91' lang='lat' dir='ltr'>morte</span> <span class='ocrx_word' id='word_1_326' title='bbox 747 1944 876 1998; x_wconf 91' lang='lat' dir='ltr'>patris</span> <span class='ocrx_word' id='word_1_327' title='bbox 908 1945 980 1986; x_wconf 91' lang='lat' dir='ltr'>sui.</span> <span class='ocrx_word' id='word_1_328' title='bbox 1017 1945 1095 1994; x_wconf 85' lang='lat' dir='ltr'>Qui</span> <span class='ocrx_word' id='word_1_329' title='bbox 1127 1958 1219 1986; x_wconf 92' lang='lat' dir='ltr'>cum</span> <span class='ocrx_word' id='word_1_330' title='bbox 1252 1945 1533 1998; x_wconf 88' lang='lat' dir='ltr'>pervenissent</span> <span class='ocrx_word' id='word_1_331' title='bbox 1564 1945 1605 1986; x_wconf 92' lang='lat' dir='ltr'>in</span> <span class='ocrx_word' id='word_1_332' title='bbox 1638 1951 1789 1986; x_wconf 87' lang='lat' dir='ltr'>terram</span> <span class='ocrx_word' id='word_1_333' title='bbox 1822 1944 1997 1985; x_wconf 91' lang='lat' dir='ltr'>filiorum</span> <span class='ocrx_word' id='word_1_334' title='bbox 2028 1944 2219 1987; x_wconf 78' lang='lat' dir='ltr'>Ammon.</span> 
     </span>
     <span class='ocr_line' id='line_1_42' title="bbox 306 2002 2221 2058; baseline -0.002 -13"><span class='ocrx_word' id='word_1_335' title='bbox 306 2008 353 2045; x_wconf 90' lang='lat' dir='ltr'>ut</span> <span class='ocrx_word' id='word_1_336' title='bbox 385 2003 692 2046; x_wconf 90' lang='lat' dir='ltr'>consolarentur</span> <span class='ocrx_word' id='word_1_337' title='bbox 726 2003 888 2053; x_wconf 85' lang='lat' dir='ltr'>Hauon,</span> <span class='ocrx_word' id='word_1_338' title='bbox 949 2006 965 2029; x_wconf 77' lang='grc'><strong>3</strong></span> <span class='ocrx_word' id='word_1_339' title='bbox 996 2004 1189 2045; x_wconf 87' lang='lat' dir='ltr'>dixerunt</span> <span class='ocrx_word' id='word_1_340' title='bbox 1221 2004 1423 2058; x_wconf 90' lang='lat' dir='ltr'>principes</span> <span class='ocrx_word' id='word_1_341' title='bbox 1455 2004 1630 2046; x_wconf 90' lang='lat' dir='ltr'>filiorum</span> <span class='ocrx_word' id='word_1_342' title='bbox 1661 2005 1840 2045; x_wconf 86' lang='lat' dir='ltr'>Ammon</span> <span class='ocrx_word' id='word_1_343' title='bbox 1873 2003 1925 2044; x_wconf 89' lang='lat' dir='ltr'>ad</span> <span class='ocrx_word' id='word_1_344' title='bbox 1959 2002 2127 2044; x_wconf 87' lang='lat' dir='ltr'>Hanon:</span> <span class='ocrx_word' id='word_1_345' title='bbox 2162 2002 2221 2042; x_wconf 94' lang='lat' dir='ltr'>Tu</span> 
     </span>
     <span class='ocr_line' id='line_1_43' title="bbox 305 2061 2223 2117; baseline -0.002 -13"><span class='ocrx_word' id='word_1_346' title='bbox 305 2063 478 2105; x_wconf 82' lang='lat' dir='ltr'>forsitan</span> <span class='ocrx_word' id='word_1_347' title='bbox 502 2067 637 2117; x_wconf 89' lang='lat' dir='ltr'>putas.</span> <span class='ocrx_word' id='word_1_348' title='bbox 665 2063 775 2117; x_wconf 92' lang='lat' dir='ltr'>quod</span> <span class='ocrx_word' id='word_1_349' title='bbox 798 2063 937 2105; x_wconf 89' lang='lat' dir='ltr'>David</span> <span class='ocrx_word' id='word_1_350' title='bbox 960 2063 1125 2105; x_wconf 92' lang='lat' dir='ltr'>honoris</span> <span class='ocrx_word' id='word_1_351' title='bbox 1150 2076 1273 2104; x_wconf 90' lang='lat' dir='ltr'>causa</span> <span class='ocrx_word' id='word_1_352' title='bbox 1294 2063 1336 2104; x_wconf 93' lang='lat' dir='ltr'>in</span> <span class='ocrx_word' id='word_1_353' title='bbox 1360 2068 1521 2117; x_wconf 89' lang='lat' dir='ltr'>patrem</span> <span class='ocrx_word' id='word_1_354' title='bbox 1544 2069 1665 2105; x_wconf 89' lang='lat' dir='ltr'>tuum</span> <span class='ocrx_word' id='word_1_355' title='bbox 1689 2063 1844 2104; x_wconf 88' lang='lat' dir='ltr'>miserit</span> <span class='ocrx_word' id='word_1_356' title='bbox 1869 2062 1938 2116; x_wconf 91' lang='lat' dir='ltr'>qui</span> <span class='ocrx_word' id='word_1_357' title='bbox 1963 2061 2223 2103; x_wconf 88' lang='lat' dir='ltr'>consolentur</span> 
     </span>
     <span class='ocr_line' id='line_1_44' title="bbox 306 2122 2220 2176; baseline -0.002 -12"><span class='ocrx_word' id='word_1_358' title='bbox 306 2127 364 2164; x_wconf 90' lang='lat' dir='ltr'>te:</span> <span class='ocrx_word' id='word_1_359' title='bbox 389 2136 461 2164; x_wconf 88' lang='lat' dir='ltr'>nec</span> <span class='ocrx_word' id='word_1_360' title='bbox 485 2122 779 2163; x_wconf 85' lang='lat' dir='ltr'>animadvertis</span> <span class='ocrx_word' id='word_1_361' title='bbox 802 2122 912 2176; x_wconf 91' lang='lat' dir='ltr'>quod</span> <span class='ocrx_word' id='word_1_362' title='bbox 934 2127 980 2163; x_wconf 92' lang='lat' dir='ltr'>ut</span> <span class='ocrx_word' id='word_1_363' title='bbox 1002 2122 1227 2176; x_wconf 89' lang='lat' dir='ltr'>explorent,</span> <span class='ocrx_word' id='word_1_364' title='bbox 1252 2128 1293 2163; x_wconf 86' lang='lat' dir='ltr'>et</span> <span class='ocrx_word' id='word_1_365' title='bbox 1313 2122 1575 2176; x_wconf 86' lang='lat' dir='ltr'>investigent,</span> <span class='ocrx_word' id='word_1_366' title='bbox 1600 2128 1641 2164; x_wconf 91' lang='lat' dir='ltr'>et</span> <span class='ocrx_word' id='word_1_367' title='bbox 1662 2127 1897 2164; x_wconf 89' lang='lat' dir='ltr'>scrutentur</span> <span class='ocrx_word' id='word_1_368' title='bbox 1917 2126 2069 2162; x_wconf 90' lang='lat' dir='ltr'>terram</span> <span class='ocrx_word' id='word_1_369' title='bbox 2090 2125 2220 2169; x_wconf 83' lang='lat' dir='ltr'>tuam⁷</span> 
     </span>
     <span class='ocr_line' id='line_1_45' title="bbox 308 2179 2223 2235; baseline -0.002 -12"><span class='ocrx_word' id='word_1_370' title='bbox 308 2182 493 2223; x_wconf 88' lang='lat' dir='ltr'>venerint</span> <span class='ocrx_word' id='word_1_371' title='bbox 523 2182 575 2222; x_wconf 90' lang='lat' dir='ltr'>ad</span> <span class='ocrx_word' id='word_1_372' title='bbox 604 2187 644 2222; x_wconf 89' lang='lat' dir='ltr'>te</span> <span class='ocrx_word' id='word_1_373' title='bbox 674 2181 779 2222; x_wconf 90' lang='lat' dir='ltr'>servi</span> <span class='ocrx_word' id='word_1_374' title='bbox 809 2181 905 2223; x_wconf 91' lang='lat' dir='ltr'>eius.</span> <span class='ocrx_word' id='word_1_375' title='bbox 963 2183 979 2206; x_wconf 81' lang='lat'>‘¹</span> <span class='ocrx_word' id='word_1_376' title='bbox 1009 2181 1140 2235; x_wconf 89' lang='lat' dir='ltr'>Igitur</span> <span class='ocrx_word' id='word_1_377' title='bbox 1169 2181 1320 2223; x_wconf 88' lang='lat' dir='ltr'>Hanon</span> <span class='ocrx_word' id='word_1_378' title='bbox 1349 2194 1495 2235; x_wconf 91' lang='lat' dir='ltr'>pueros</span> <span class='ocrx_word' id='word_1_379' title='bbox 1524 2182 1663 2223; x_wconf 91' lang='lat' dir='ltr'>David</span> <span class='ocrx_word' id='word_1_380' title='bbox 1692 2180 1937 2229; x_wconf 85' lang='lat' dir='ltr'>decalvavit,</span> <span class='ocrx_word' id='word_1_381' title='bbox 1969 2185 2010 2221; x_wconf 90' lang='lat' dir='ltr'>et</span> <span class='ocrx_word' id='word_1_382' title='bbox 2038 2179 2150 2228; x_wconf 86' lang='lat' dir='ltr'>rasit,</span> <span class='ocrx_word' id='word_1_383' title='bbox 2181 2184 2223 2221; x_wconf 88' lang='lat' dir='ltr'>et</span> 
     </span>
     <span class='ocr_line' id='line_1_46' title="bbox 307 2239 2219 2295; baseline -0.001 -14"><span class='ocrx_word' id='word_1_384' title='bbox 307 2241 491 2295; x_wconf 77' lang='lat' dir='ltr'>praeeidit</span> <span class='ocrx_word' id='word_1_385' title='bbox 506 2241 666 2282; x_wconf 83' lang='lat' dir='ltr'>tunicas</span> <span class='ocrx_word' id='word_1_386' title='bbox 683 2253 822 2282; x_wconf 89' lang='lat' dir='ltr'>eorum</span> <span class='ocrx_word' id='word_1_387' title='bbox 839 2254 863 2281; x_wconf 87' lang='lat' dir='ltr'>a</span> <span class='ocrx_word' id='word_1_388' title='bbox 877 2240 1044 2282; x_wconf 89' lang='lat' dir='ltr'>natibus</span> <span class='ocrx_word' id='word_1_389' title='bbox 1060 2253 1188 2295; x_wconf 90' lang='lat' dir='ltr'>usque</span> <span class='ocrx_word' id='word_1_390' title='bbox 1205 2241 1257 2281; x_wconf 88' lang='lat' dir='ltr'>ad</span> <span class='ocrx_word' id='word_1_391' title='bbox 1271 2240 1407 2294; x_wconf 83' lang='lat' dir='ltr'>pedes,</span> <span class='ocrx_word' id='word_1_392' title='bbox 1426 2246 1467 2281; x_wconf 92' lang='lat' dir='ltr'>et</span> <span class='ocrx_word' id='word_1_393' title='bbox 1483 2241 1638 2282; x_wconf 89' lang='lat' dir='ltr'>dimisit</span> <span class='ocrx_word' id='word_1_394' title='bbox 1653 2254 1732 2282; x_wconf 89' lang='lat' dir='ltr'>eos.</span> <span class='ocrx_word' id='word_1_395' title='bbox 1777 2242 1792 2265; x_wconf 84' lang='lat'>⁵</span> <span class='ocrx_word' id='word_1_396' title='bbox 1809 2240 1996 2289; x_wconf 78' lang='lat' dir='ltr'>Quicum</span> <span class='ocrx_word' id='word_1_397' title='bbox 2013 2239 2219 2286; x_wconf 84' lang='lat' dir='ltr'>abiissent,</span> 
     </span>
     <span class='ocr_line' id='line_1_47' title="bbox 309 2298 2223 2354; baseline -0.002 -13"><span class='ocrx_word' id='word_1_398' title='bbox 309 2305 349 2342; x_wconf 91' lang='lat' dir='ltr'>et</span> <span class='ocrx_word' id='word_1_399' title='bbox 384 2300 458 2342; x_wconf 77' lang='lat' dir='ltr'>hoe</span> <span class='ocrx_word' id='word_1_400' title='bbox 494 2300 760 2341; x_wconf 89' lang='lat' dir='ltr'>mandassent</span> <span class='ocrx_word' id='word_1_401' title='bbox 793 2299 943 2349; x_wconf 84' lang='lat' dir='ltr'>David,</span> <span class='ocrx_word' id='word_1_402' title='bbox 980 2299 1092 2340; x_wconf 87' lang='lat' dir='ltr'>misit</span> <span class='ocrx_word' id='word_1_403' title='bbox 1124 2299 1166 2341; x_wconf 93' lang='lat' dir='ltr'>in</span> <span class='ocrx_word' id='word_1_404' title='bbox 1202 2312 1414 2341; x_wconf 91' lang='lat' dir='ltr'>occursum</span> <span class='ocrx_word' id='word_1_405' title='bbox 1449 2313 1588 2341; x_wconf 90' lang='lat' dir='ltr'>eorum</span> <span class='ocrx_word' id='word_1_406' title='bbox 1623 2299 1835 2354; x_wconf 88' lang='lat' dir='ltr'>(grandem</span> <span class='ocrx_word' id='word_1_407' title='bbox 1871 2298 1979 2339; x_wconf 85' lang='lat' dir='ltr'>enim</span> <span class='ocrx_word' id='word_1_408' title='bbox 2013 2302 2223 2339; x_wconf 90' lang='lat' dir='ltr'>contume-</span> 
     </span>
     <span class='ocr_line' id='line_1_48' title="bbox 306 2357 2220 2412; baseline -0.002 -12"><span class='ocrx_word' id='word_1_409' title='bbox 306 2359 403 2401; x_wconf 91' lang='lat' dir='ltr'>liam</span> <span class='ocrx_word' id='word_1_410' title='bbox 422 2359 720 2412; x_wconf 82' lang='lat' dir='ltr'>sustinuerant)</span> <span class='ocrx_word' id='word_1_411' title='bbox 739 2365 780 2400; x_wconf 89' lang='lat' dir='ltr'>et</span> <span class='ocrx_word' id='word_1_412' title='bbox 798 2359 992 2412; x_wconf 83' lang='lat' dir='ltr'>praecepit</span> <span class='ocrx_word' id='word_1_413' title='bbox 1010 2364 1057 2400; x_wconf 93' lang='lat' dir='ltr'>ut</span> <span class='ocrx_word' id='word_1_414' title='bbox 1075 2363 1290 2400; x_wconf 89' lang='lat' dir='ltr'>manerent</span> <span class='ocrx_word' id='word_1_415' title='bbox 1308 2359 1349 2400; x_wconf 92' lang='lat' dir='ltr'>in</span> <span class='ocrx_word' id='word_1_416' title='bbox 1370 2359 1537 2404; x_wconf 78' lang='lat' dir='ltr'>Iericho,</span> <span class='ocrx_word' id='word_1_417' title='bbox 1559 2359 1687 2400; x_wconf 90' lang='lat' dir='ltr'>donec</span> <span class='ocrx_word' id='word_1_418' title='bbox 1707 2363 1902 2400; x_wconf 87' lang='lat' dir='ltr'>cresceret</span> <span class='ocrx_word' id='word_1_419' title='bbox 1920 2357 2050 2398; x_wconf 88' lang='lat' dir='ltr'>barba</span> <span class='ocrx_word' id='word_1_420' title='bbox 2068 2369 2220 2401; x_wconf 88' lang='lat' dir='ltr'>eorum.</span> 
     </span>
     <span class='ocr_line' id='line_1_49' title="bbox 308 2423 819 2460; baseline 0 0"><span class='ocrx_word' id='word_1_421' title='bbox 308 2423 349 2460; x_wconf 90' lang='lat' dir='ltr'>et</span> <span class='ocrx_word' id='word_1_422' title='bbox 377 2424 476 2460; x_wconf 91' lang='lat' dir='ltr'>tunc</span> <span class='ocrx_word' id='word_1_423' title='bbox 506 2423 819 2460; x_wconf 86' lang='lat' dir='ltr'>reverterentur.</span> 
     </span>
    </p>

    <p class='ocr_par' dir='ltr' id='par_1_14' title="bbox 309 2474 2225 3419">
     <span class='ocr_line' id='line_1_50' title="bbox 416 2474 2220 2531; baseline -0.002 -13"><span class='ocrx_word' id='word_1_424' title='bbox 416 2480 431 2502; x_wconf 78' lang='lat'><strong>⁶</strong></span> <span class='ocrx_word' id='word_1_425' title='bbox 460 2478 655 2519; x_wconf 85' lang='lat' dir='ltr'>Videntes</span> <span class='ocrx_word' id='word_1_426' title='bbox 687 2482 826 2518; x_wconf 87' lang='lat' dir='ltr'>autern</span> <span class='ocrx_word' id='word_1_427' title='bbox 856 2477 927 2518; x_wconf 92' lang='lat' dir='ltr'>filii</span> <span class='ocrx_word' id='word_1_428' title='bbox 955 2478 1146 2526; x_wconf 79' lang='lat' dir='ltr'>Ammon,</span> <span class='ocrx_word' id='word_1_429' title='bbox 1180 2478 1290 2531; x_wconf 92' lang='lat' dir='ltr'>quod</span> <span class='ocrx_word' id='word_1_430' title='bbox 1320 2477 1509 2518; x_wconf 88' lang='lat' dir='ltr'>iniuriam</span> <span class='ocrx_word' id='word_1_431' title='bbox 1539 2478 1729 2518; x_wconf 78' lang='lat' dir='ltr'>fecissent</span> <span class='ocrx_word' id='word_1_432' title='bbox 1759 2475 1908 2519; x_wconf 82' lang='lat' dir='ltr'>David.</span> <span class='ocrx_word' id='word_1_433' title='bbox 1940 2480 2027 2516; x_wconf 88' lang='lat' dir='ltr'>tam</span> <span class='ocrx_word' id='word_1_434' title='bbox 2058 2474 2220 2523; x_wconf 82' lang='lat' dir='ltr'>Hauon,</span> 
     </span>
     <span class='ocr_line' id='line_1_51' title="bbox 311 2533 2223 2592; baseline -0.002 -14"><span class='ocrx_word' id='word_1_435' title='bbox 311 2551 434 2592; x_wconf 89' lang='lat' dir='ltr'>quam</span> <span class='ocrx_word' id='word_1_436' title='bbox 468 2537 646 2591; x_wconf 87' lang='lat' dir='ltr'>reliquus</span> <span class='ocrx_word' id='word_1_437' title='bbox 680 2536 866 2591; x_wconf 75' lang='lat' dir='ltr'>populus,</span> <span class='ocrx_word' id='word_1_438' title='bbox 903 2537 1102 2578; x_wconf 86' lang='lat' dir='ltr'>miserunt</span> <span class='ocrx_word' id='word_1_439' title='bbox 1135 2536 1244 2578; x_wconf 90' lang='lat' dir='ltr'>mille</span> <span class='ocrx_word' id='word_1_440' title='bbox 1277 2536 1437 2578; x_wconf 87' lang='lat' dir='ltr'>talenta</span> <span class='ocrx_word' id='word_1_441' title='bbox 1470 2536 1639 2590; x_wconf 82' lang='lat' dir='ltr'>argenti,</span> <span class='ocrx_word' id='word_1_442' title='bbox 1676 2541 1724 2577; x_wconf 90' lang='lat' dir='ltr'>ut</span> <span class='ocrx_word' id='word_1_443' title='bbox 1756 2535 2031 2577; x_wconf 86' lang='lat' dir='ltr'>conducerent</span> <span class='ocrx_word' id='word_1_444' title='bbox 2064 2533 2140 2575; x_wconf 92' lang='lat' dir='ltr'>sibi</span> <span class='ocrx_word' id='word_1_445' title='bbox 2174 2533 2223 2574; x_wconf 85' lang='lat' dir='ltr'>de</span> 
     </span>
     <span class='ocr_line' id='line_1_52' title="bbox 309 2593 2223 2650; baseline -0.003 -13"><span class='ocrx_word' id='word_1_446' title='bbox 309 2596 619 2650; x_wconf 80' lang='lat' dir='ltr'>Mesopotamia,</span> <span class='ocrx_word' id='word_1_447' title='bbox 642 2601 682 2637; x_wconf 92' lang='lat' dir='ltr'>et</span> <span class='ocrx_word' id='word_1_448' title='bbox 702 2596 752 2637; x_wconf 87' lang='lat' dir='ltr'>de</span> <span class='ocrx_word' id='word_1_449' title='bbox 771 2596 889 2649; x_wconf 85' lang='lat' dir='ltr'>Syria</span> <span class='ocrx_word' id='word_1_450' title='bbox 906 2595 1091 2643; x_wconf 86' lang='lat' dir='ltr'>Maacha,</span> <span class='ocrx_word' id='word_1_451' title='bbox 1114 2601 1155 2638; x_wconf 88' lang='lat' dir='ltr'>et</span> <span class='ocrx_word' id='word_1_452' title='bbox 1174 2596 1224 2637; x_wconf 88' lang='lat' dir='ltr'>de</span> <span class='ocrx_word' id='word_1_453' title='bbox 1243 2595 1353 2637; x_wconf 87' lang='lat' dir='ltr'>Soba</span> <span class='ocrx_word' id='word_1_454' title='bbox 1372 2609 1512 2637; x_wconf 89' lang='lat' dir='ltr'>currus</span> <span class='ocrx_word' id='word_1_455' title='bbox 1531 2601 1572 2637; x_wconf 89' lang='lat' dir='ltr'>et</span> <span class='ocrx_word' id='word_1_456' title='bbox 1592 2595 1760 2650; x_wconf 83' lang='lat' dir='ltr'>equites</span> <span class='ocrx_word' id='word_1_457' title='bbox 1812 2596 1826 2618; x_wconf 87' lang='lat'><em>⁷</em></span> <span class='ocrx_word' id='word_1_458' title='bbox 1846 2593 2223 2646; x_wconf 89' lang='lat' dir='ltr'>Conduxeruntque</span> 
     </span>
     <span class='ocr_line' id='line_1_53' title="bbox 310 2651 2220 2710; baseline -0.003 -13"><span class='ocrx_word' id='word_1_459' title='bbox 310 2656 481 2710; x_wconf 87' lang='lat' dir='ltr'>triginta</span> <span class='ocrx_word' id='word_1_460' title='bbox 501 2656 580 2697; x_wconf 91' lang='lat' dir='ltr'>duo</span> <span class='ocrx_word' id='word_1_461' title='bbox 602 2655 729 2696; x_wconf 91' lang='lat' dir='ltr'>millia</span> <span class='ocrx_word' id='word_1_462' title='bbox 748 2668 952 2704; x_wconf 86' lang='lat' dir='ltr'>curruum,</span> <span class='ocrx_word' id='word_1_463' title='bbox 976 2661 1017 2696; x_wconf 90' lang='lat' dir='ltr'>et</span> <span class='ocrx_word' id='word_1_464' title='bbox 1035 2668 1170 2709; x_wconf 89' lang='lat' dir='ltr'>regem</span> <span class='ocrx_word' id='word_1_465' title='bbox 1190 2655 1365 2696; x_wconf 89' lang='lat' dir='ltr'>Maacha</span> <span class='ocrx_word' id='word_1_466' title='bbox 1384 2669 1476 2696; x_wconf 91' lang='lat' dir='ltr'>cum</span> <span class='ocrx_word' id='word_1_467' title='bbox 1496 2654 1648 2709; x_wconf 90' lang='lat' dir='ltr'>populo</span> <span class='ocrx_word' id='word_1_468' title='bbox 1670 2655 1765 2696; x_wconf 91' lang='lat' dir='ltr'>eius.</span> <span class='ocrx_word' id='word_1_469' title='bbox 1789 2653 1868 2703; x_wconf 85' lang='lat' dir='ltr'>Qui</span> <span class='ocrx_word' id='word_1_470' title='bbox 1888 2666 1980 2694; x_wconf 90' lang='lat' dir='ltr'>cum</span> <span class='ocrx_word' id='word_1_471' title='bbox 2001 2651 2220 2699; x_wconf 89' lang='lat' dir='ltr'>venissent,</span> 
     </span>
     <span class='ocr_line' id='line_1_54' title="bbox 309 2710 2223 2768; baseline -0.003 -11"><span class='ocrx_word' id='word_1_472' title='bbox 309 2715 591 2757; x_wconf 79' lang='lat' dir='ltr'>castrametati</span> <span class='ocrx_word' id='word_1_473' title='bbox 620 2719 717 2755; x_wconf 90' lang='lat' dir='ltr'>sunt</span> <span class='ocrx_word' id='word_1_474' title='bbox 744 2728 764 2755; x_wconf 91' lang='lat' dir='ltr'>e</span> <span class='ocrx_word' id='word_1_475' title='bbox 792 2714 953 2768; x_wconf 82' lang='lat' dir='ltr'>regione</span> <span class='ocrx_word' id='word_1_476' title='bbox 981 2715 1168 2756; x_wconf 88' lang='lat' dir='ltr'>Medaba.</span> <span class='ocrx_word' id='word_1_477' title='bbox 1199 2714 1289 2755; x_wconf 90' lang='lat' dir='ltr'>Filii</span> <span class='ocrx_word' id='word_1_478' title='bbox 1319 2727 1481 2768; x_wconf 89' lang='lat' dir='ltr'>quoque</span> <span class='ocrx_word' id='word_1_479' title='bbox 1509 2714 1687 2756; x_wconf 87' lang='lat' dir='ltr'>Ammon</span> <span class='ocrx_word' id='word_1_480' title='bbox 1715 2711 1949 2767; x_wconf 88' lang='lat' dir='ltr'>congregati</span> <span class='ocrx_word' id='word_1_481' title='bbox 1977 2711 2026 2753; x_wconf 89' lang='lat' dir='ltr'>de</span> <span class='ocrx_word' id='word_1_482' title='bbox 2054 2710 2223 2752; x_wconf 90' lang='lat' dir='ltr'>urbibus</span> 
     </span>
     <span class='ocr_line' id='line_1_55' title="bbox 310 2771 2222 2823; baseline -0.003 -8"><span class='ocrx_word' id='word_1_483' title='bbox 310 2775 402 2817; x_wconf 90' lang='lat' dir='ltr'>suis.</span> <span class='ocrx_word' id='word_1_484' title='bbox 437 2780 638 2815; x_wconf 88' lang='lat' dir='ltr'>venerunt</span> <span class='ocrx_word' id='word_1_485' title='bbox 671 2774 723 2815; x_wconf 87' lang='lat' dir='ltr'>ad</span> <span class='ocrx_word' id='word_1_486' title='bbox 754 2773 916 2815; x_wconf 86' lang='lat' dir='ltr'>bellum.</span> <span class='ocrx_word' id='word_1_487' title='bbox 981 2775 996 2797; x_wconf 75' lang='lat' dir='ltr'>s</span> <span class='ocrx_word' id='word_1_488' title='bbox 1027 2774 1147 2823; x_wconf 85' lang='lat' dir='ltr'>Quod</span> <span class='ocrx_word' id='word_1_489' title='bbox 1178 2787 1270 2814; x_wconf 90' lang='lat' dir='ltr'>cum</span> <span class='ocrx_word' id='word_1_490' title='bbox 1303 2774 1484 2815; x_wconf 88' lang='lat' dir='ltr'>audisset</span> <span class='ocrx_word' id='word_1_491' title='bbox 1515 2773 1664 2821; x_wconf 86' lang='lat' dir='ltr'>David,</span> <span class='ocrx_word' id='word_1_492' title='bbox 1698 2772 1810 2814; x_wconf 90' lang='lat' dir='ltr'>misit</span> <span class='ocrx_word' id='word_1_493' title='bbox 1843 2771 1954 2819; x_wconf 79' lang='lat' dir='ltr'>Ioab,</span> <span class='ocrx_word' id='word_1_494' title='bbox 1989 2775 2029 2812; x_wconf 89' lang='lat' dir='ltr'>et</span> <span class='ocrx_word' id='word_1_495' title='bbox 2060 2782 2222 2812; x_wconf 91' lang='lat' dir='ltr'>omnem</span> 
     </span>
     <span class='ocr_line' id='line_1_56' title="bbox 310 2829 2224 2887; baseline -0.003 -13"><span class='ocrx_word' id='word_1_496' title='bbox 310 2833 532 2874; x_wconf 84' lang='lat' dir='ltr'>exercitum</span> <span class='ocrx_word' id='word_1_497' title='bbox 568 2833 747 2874; x_wconf 91' lang='lat' dir='ltr'>virorum</span> <span class='ocrx_word' id='word_1_498' title='bbox 781 2833 969 2874; x_wconf 84' lang='lat' dir='ltr'>fortium:</span> <span class='ocrx_word' id='word_1_499' title='bbox 1034 2835 1049 2857; x_wconf 79' lang='lat'><strong>³</strong></span> <span class='ocrx_word' id='word_1_500' title='bbox 1083 2833 1310 2887; x_wconf 90' lang='lat' dir='ltr'>egressique</span> <span class='ocrx_word' id='word_1_501' title='bbox 1345 2832 1414 2873; x_wconf 90' lang='lat' dir='ltr'>filii</span> <span class='ocrx_word' id='word_1_502' title='bbox 1447 2832 1638 2881; x_wconf 84' lang='lat' dir='ltr'>Ammon,</span> <span class='ocrx_word' id='word_1_503' title='bbox 1675 2832 1912 2873; x_wconf 85' lang='lat' dir='ltr'>direxerunt</span> <span class='ocrx_word' id='word_1_504' title='bbox 1946 2830 2073 2871; x_wconf 87' lang='lat' dir='ltr'>aciem</span> <span class='ocrx_word' id='word_1_505' title='bbox 2107 2829 2224 2870; x_wconf 86' lang='lat' dir='ltr'>iuxta</span> 
     </span>
     <span class='ocr_line' id='line_1_57' title="bbox 311 2888 2222 2946; baseline -0.003 -13"><span class='ocrx_word' id='word_1_506' title='bbox 311 2898 473 2946; x_wconf 89' lang='lat' dir='ltr'>portam</span> <span class='ocrx_word' id='word_1_507' title='bbox 503 2892 701 2933; x_wconf 86' lang='lat' dir='ltr'>civitatis:</span> <span class='ocrx_word' id='word_1_508' title='bbox 731 2905 841 2945; x_wconf 88' lang='lat' dir='ltr'>reges</span> <span class='ocrx_word' id='word_1_509' title='bbox 871 2897 1021 2939; x_wconf 75' lang='lat' dir='ltr'>autern,</span> <span class='ocrx_word' id='word_1_510' title='bbox 1053 2892 1121 2946; x_wconf 92' lang='lat' dir='ltr'>qui</span> <span class='ocrx_word' id='word_1_511' title='bbox 1151 2893 1203 2933; x_wconf 89' lang='lat' dir='ltr'>ad</span> <span class='ocrx_word' id='word_1_512' title='bbox 1231 2891 1427 2932; x_wconf 86' lang='lat' dir='ltr'>auxilium</span> <span class='ocrx_word' id='word_1_513' title='bbox 1457 2892 1541 2933; x_wconf 91' lang='lat' dir='ltr'>eius</span> <span class='ocrx_word' id='word_1_514' title='bbox 1569 2896 1779 2939; x_wconf 87' lang='lat' dir='ltr'>venerant,</span> <span class='ocrx_word' id='word_1_515' title='bbox 1809 2888 2030 2943; x_wconf 86' lang='lat' dir='ltr'>separatim</span> <span class='ocrx_word' id='word_1_516' title='bbox 2058 2888 2099 2929; x_wconf 89' lang='lat' dir='ltr'>in</span> <span class='ocrx_word' id='word_1_517' title='bbox 2128 2900 2222 2941; x_wconf 88' lang='lat' dir='ltr'>agro</span> 
     </span>
     <span class='ocr_line' id='line_1_58' title="bbox 311 2950 2225 3005; baseline -0.004 -12"><span class='ocrx_word' id='word_1_518' title='bbox 311 2957 525 2993; x_wconf 86' lang='lat' dir='ltr'>steterunt.</span> <span class='ocrx_word' id='word_1_519' title='bbox 588 2954 623 2976; x_wconf 86' lang='lat'>¹⁰</span> <span class='ocrx_word' id='word_1_520' title='bbox 655 2952 785 3005; x_wconf 82' lang='lat' dir='ltr'>Igitur</span> <span class='ocrx_word' id='word_1_521' title='bbox 818 2951 916 2992; x_wconf 87' lang='lat' dir='ltr'>Ioab</span> <span class='ocrx_word' id='word_1_522' title='bbox 949 2950 1177 3005; x_wconf 90' lang='lat' dir='ltr'>intelligens</span> <span class='ocrx_word' id='word_1_523' title='bbox 1210 2951 1360 2992; x_wconf 91' lang='lat' dir='ltr'>bellum</span> <span class='ocrx_word' id='word_1_524' title='bbox 1393 2965 1442 2992; x_wconf 89' lang='lat' dir='ltr'>ex</span> <span class='ocrx_word' id='word_1_525' title='bbox 1474 2952 1657 2997; x_wconf 79' lang='lat' dir='ltr'>adverso,</span> <span class='ocrx_word' id='word_1_526' title='bbox 1692 2956 1733 2992; x_wconf 89' lang='lat' dir='ltr'>et</span> <span class='ocrx_word' id='word_1_527' title='bbox 1763 2954 1857 3003; x_wconf 91' lang='lat' dir='ltr'>post</span> <span class='ocrx_word' id='word_1_528' title='bbox 1888 2954 2048 3002; x_wconf 89' lang='lat' dir='ltr'>tergum</span> <span class='ocrx_word' id='word_1_529' title='bbox 2081 2952 2225 2988; x_wconf 90' lang='lat' dir='ltr'>contra</span> 
     </span>
     <span class='ocr_line' id='line_1_59' title="bbox 311 3005 2223 3064; baseline -0.003 -12"><span class='ocrx_word' id='word_1_530' title='bbox 311 3024 351 3052; x_wconf 87' lang='lat' dir='ltr'>se</span> <span class='ocrx_word' id='word_1_531' title='bbox 371 3011 466 3059; x_wconf 85' lang='lat' dir='ltr'>fieri,</span> <span class='ocrx_word' id='word_1_532' title='bbox 487 3010 606 3064; x_wconf 87' lang='lat' dir='ltr'>elegit</span> <span class='ocrx_word' id='word_1_533' title='bbox 624 3011 732 3052; x_wconf 93' lang='lat' dir='ltr'>viros</span> <span class='ocrx_word' id='word_1_534' title='bbox 750 3011 992 3052; x_wconf 82' lang='lat' dir='ltr'>fortissimos</span> <span class='ocrx_word' id='word_1_535' title='bbox 1011 3011 1060 3052; x_wconf 90' lang='lat' dir='ltr'>de</span> <span class='ocrx_word' id='word_1_536' title='bbox 1078 3011 1266 3052; x_wconf 87' lang='lat' dir='ltr'>universo</span> <span class='ocrx_word' id='word_1_537' title='bbox 1288 3010 1422 3055; x_wconf 81' lang='lat' dir='ltr'>Israel,</span> <span class='ocrx_word' id='word_1_538' title='bbox 1444 3016 1484 3052; x_wconf 89' lang='lat' dir='ltr'>et</span> <span class='ocrx_word' id='word_1_539' title='bbox 1502 3010 1680 3064; x_wconf 84' lang='lat' dir='ltr'>perrexit</span> <span class='ocrx_word' id='word_1_540' title='bbox 1698 3014 1842 3051; x_wconf 87' lang='lat' dir='ltr'>contra</span> <span class='ocrx_word' id='word_1_541' title='bbox 1858 3008 2019 3062; x_wconf 86' lang='lat' dir='ltr'>Syrum.</span> <span class='ocrx_word' id='word_1_542' title='bbox 2067 3008 2098 3030; x_wconf 89' lang='lat'>¹¹</span> <span class='ocrx_word' id='word_1_543' title='bbox 2118 3005 2223 3046; x_wconf 88' lang='lat' dir='ltr'>Reli-</span> 
     </span>
     <span class='ocr_line' id='line_1_60' title="bbox 313 3068 2223 3124; baseline -0.003 -14"><span class='ocrx_word' id='word_1_544' title='bbox 313 3083 435 3124; x_wconf 85' lang='lat' dir='ltr'>quam</span> <span class='ocrx_word' id='word_1_545' title='bbox 470 3075 606 3110; x_wconf 86' lang='lat' dir='ltr'>autem</span> <span class='ocrx_word' id='word_1_546' title='bbox 641 3076 798 3123; x_wconf 91' lang='lat' dir='ltr'>partem</span> <span class='ocrx_word' id='word_1_547' title='bbox 832 3069 972 3123; x_wconf 91' lang='lat' dir='ltr'>populi</span> <span class='ocrx_word' id='word_1_548' title='bbox 1005 3070 1118 3111; x_wconf 90' lang='lat' dir='ltr'>dedit</span> <span class='ocrx_word' id='word_1_549' title='bbox 1150 3070 1225 3111; x_wconf 92' lang='lat' dir='ltr'>sub</span> <span class='ocrx_word' id='word_1_550' title='bbox 1258 3083 1383 3110; x_wconf 88' lang='lat' dir='ltr'>manu</span> <span class='ocrx_word' id='word_1_551' title='bbox 1414 3070 1555 3110; x_wconf 90' lang='lat' dir='ltr'>Abisai</span> <span class='ocrx_word' id='word_1_552' title='bbox 1587 3069 1726 3110; x_wconf 83' lang='lat' dir='ltr'>fratris</span> <span class='ocrx_word' id='word_1_553' title='bbox 1757 3068 1837 3111; x_wconf 85' lang='lat' dir='ltr'>sui:</span> <span class='ocrx_word' id='word_1_554' title='bbox 1886 3072 1927 3108; x_wconf 85' lang='lat' dir='ltr'>et</span> <span class='ocrx_word' id='word_1_555' title='bbox 1958 3070 2223 3120; x_wconf 84' lang='lat' dir='ltr'>perrexerunt</span> 
     </span>
     <span class='ocr_line' id='line_1_61' title="bbox 313 3124 2223 3183; baseline -0.004 -13"><span class='ocrx_word' id='word_1_556' title='bbox 313 3135 453 3171; x_wconf 84' lang='lat' dir='ltr'>contra</span> <span class='ocrx_word' id='word_1_557' title='bbox 480 3128 579 3169; x_wconf 82' lang='lat' dir='ltr'>filios</span> <span class='ocrx_word' id='word_1_558' title='bbox 603 3129 791 3170; x_wconf 82' lang='lat' dir='ltr'>Ammon.</span> <span class='ocrx_word' id='word_1_559' title='bbox 845 3131 875 3153; x_wconf 80' lang='lat'>¹2</span> <span class='ocrx_word' id='word_1_560' title='bbox 897 3129 1114 3183; x_wconf 87' lang='lat' dir='ltr'>Dixitque:</span> <span class='ocrx_word' id='word_1_561' title='bbox 1138 3129 1178 3169; x_wconf 86' lang='lat' dir='ltr'>Si</span> <span class='ocrx_word' id='word_1_562' title='bbox 1203 3129 1345 3170; x_wconf 87' lang='lat' dir='ltr'>vicerit</span> <span class='ocrx_word' id='word_1_563' title='bbox 1367 3142 1431 3169; x_wconf 86' lang='lat' dir='ltr'>me</span> <span class='ocrx_word' id='word_1_564' title='bbox 1453 3129 1591 3182; x_wconf 87' lang='lat' dir='ltr'>Syrus,</span> <span class='ocrx_word' id='word_1_565' title='bbox 1616 3127 1767 3169; x_wconf 88' lang='lat' dir='ltr'>auxilio</span> <span class='ocrx_word' id='word_1_566' title='bbox 1791 3127 1866 3168; x_wconf 87' lang='lat' dir='ltr'>eris</span> <span class='ocrx_word' id='word_1_567' title='bbox 1888 3125 2005 3167; x_wconf 89' lang='lat' dir='ltr'>mihi:</span> <span class='ocrx_word' id='word_1_568' title='bbox 2029 3124 2062 3165; x_wconf 90' lang='lat' dir='ltr'>si</span> <span class='ocrx_word' id='word_1_569' title='bbox 2084 3128 2223 3165; x_wconf 89' lang='lat' dir='ltr'>autem</span> 
     </span>
     <span class='ocr_line' id='line_1_62' title="bbox 312 3182 2224 3242; baseline -0.003 -15"><span class='ocrx_word' id='word_1_570' title='bbox 312 3189 595 3242; x_wconf 79' lang='lat' dir='ltr'>superaverint</span> <span class='ocrx_word' id='word_1_571' title='bbox 612 3193 652 3228; x_wconf 88' lang='lat' dir='ltr'>te</span> <span class='ocrx_word' id='word_1_572' title='bbox 671 3188 736 3229; x_wconf 82' lang='lat' dir='ltr'>filii</span> <span class='ocrx_word' id='word_1_573' title='bbox 757 3189 946 3233; x_wconf 77' lang='lat' dir='ltr'>Ammon,</span> <span class='ocrx_word' id='word_1_574' title='bbox 966 3201 1032 3229; x_wconf 91' lang='lat' dir='ltr'>ero</span> <span class='ocrx_word' id='word_1_575' title='bbox 1049 3188 1124 3229; x_wconf 92' lang='lat' dir='ltr'>tibi</span> <span class='ocrx_word' id='word_1_576' title='bbox 1144 3188 1183 3228; x_wconf 92' lang='lat' dir='ltr'>in</span> <span class='ocrx_word' id='word_1_577' title='bbox 1200 3188 1444 3242; x_wconf 70' lang='lat' dir='ltr'>praesidium.</span> <span class='ocrx_word' id='word_1_578' title='bbox 1493 3190 1524 3212; x_wconf 78' lang='lat'>¹³</span> <span class='ocrx_word' id='word_1_579' title='bbox 1540 3188 1791 3230; x_wconf 80' lang='lat' dir='ltr'>Confortare.</span> <span class='ocrx_word' id='word_1_580' title='bbox 1811 3191 1852 3227; x_wconf 89' lang='lat' dir='ltr'>et</span> <span class='ocrx_word' id='word_1_581' title='bbox 1869 3196 2038 3239; x_wconf 81' lang='lat' dir='ltr'>agamus</span> <span class='ocrx_word' id='word_1_582' title='bbox 2054 3182 2224 3224; x_wconf 84' lang='lat' dir='ltr'>viriliter</span> 
     </span>
     <span class='ocr_line' id='line_1_63' title="bbox 316 3243 2222 3302; baseline -0.003 -15"><span class='ocrx_word' id='word_1_583' title='bbox 316 3260 384 3300; x_wconf 85' lang='lat' dir='ltr'>pro</span> <span class='ocrx_word' id='word_1_584' title='bbox 412 3247 561 3301; x_wconf 89' lang='lat' dir='ltr'>populo</span> <span class='ocrx_word' id='word_1_585' title='bbox 590 3253 741 3289; x_wconf 87' lang='lat' dir='ltr'>nostro.</span> <span class='ocrx_word' id='word_1_586' title='bbox 770 3253 810 3288; x_wconf 83' lang='lat' dir='ltr'>et</span> <span class='ocrx_word' id='word_1_587' title='bbox 836 3260 908 3302; x_wconf 91' lang='lat' dir='ltr'>pro</span> <span class='ocrx_word' id='word_1_588' title='bbox 936 3247 1104 3288; x_wconf 88' lang='lat' dir='ltr'>urbibus</span> <span class='ocrx_word' id='word_1_589' title='bbox 1130 3247 1205 3287; x_wconf 85' lang='lat' dir='ltr'>Dei</span> <span class='ocrx_word' id='word_1_590' title='bbox 1233 3247 1378 3289; x_wconf 83' lang='lat' dir='ltr'>nostri:</span> <span class='ocrx_word' id='word_1_591' title='bbox 1406 3247 1608 3288; x_wconf 88' lang='lat' dir='ltr'>Dominus</span> <span class='ocrx_word' id='word_1_592' title='bbox 1634 3251 1772 3287; x_wconf 88' lang='lat' dir='ltr'>autem</span> <span class='ocrx_word' id='word_1_593' title='bbox 1800 3244 1910 3299; x_wconf 92' lang='lat' dir='ltr'>quod</span> <span class='ocrx_word' id='word_1_594' title='bbox 1934 3243 1976 3284; x_wconf 91' lang='lat' dir='ltr'>in</span> <span class='ocrx_word' id='word_1_595' title='bbox 2002 3247 2222 3297; x_wconf 88' lang='lat' dir='ltr'>conspectu</span> 
     </span>
     <span class='ocr_line' id='line_1_64' title="bbox 312 3305 2223 3360; baseline -0.003 -14"><span class='ocrx_word' id='word_1_596' title='bbox 312 3320 384 3346; x_wconf 87' lang='lat' dir='ltr'>suo</span> <span class='ocrx_word' id='word_1_597' title='bbox 412 3307 562 3348; x_wconf 85' lang='lat' dir='ltr'>bonnm</span> <span class='ocrx_word' id='word_1_598' title='bbox 590 3312 661 3351; x_wconf 82' lang='lat' dir='ltr'>est,</span> <span class='ocrx_word' id='word_1_599' title='bbox 690 3306 822 3347; x_wconf 83' lang='lat' dir='ltr'>faciet.</span> <span class='ocrx_word' id='word_1_600' title='bbox 879 3308 910 3331; x_wconf 74' lang='lat'>¹⁴</span> <span class='ocrx_word' id='word_1_601' title='bbox 935 3306 1118 3347; x_wconf 86' lang='lat' dir='ltr'>Perrexit</span> <span class='ocrx_word' id='word_1_602' title='bbox 1143 3319 1235 3359; x_wconf 88' lang='lat' dir='ltr'>ergo</span> <span class='ocrx_word' id='word_1_603' title='bbox 1264 3306 1374 3350; x_wconf 81' lang='lat' dir='ltr'>Ioab,</span> <span class='ocrx_word' id='word_1_604' title='bbox 1404 3312 1443 3347; x_wconf 87' lang='lat' dir='ltr'>et</span> <span class='ocrx_word' id='word_1_605' title='bbox 1468 3305 1643 3360; x_wconf 90' lang='lat' dir='ltr'>populus</span> <span class='ocrx_word' id='word_1_606' title='bbox 1671 3305 1739 3359; x_wconf 92' lang='lat' dir='ltr'>qui</span> <span class='ocrx_word' id='word_1_607' title='bbox 1764 3310 1854 3345; x_wconf 85' lang='lat' dir='ltr'>curn</span> <span class='ocrx_word' id='word_1_608' title='bbox 1882 3316 1927 3344; x_wconf 92' lang='lat' dir='ltr'>eo</span> <span class='ocrx_word' id='word_1_609' title='bbox 1953 3306 2052 3351; x_wconf 83' lang='lat' dir='ltr'>erat,</span> <span class='ocrx_word' id='word_1_610' title='bbox 2081 3305 2223 3342; x_wconf 85' lang='lat' dir='ltr'>contra</span> 
     </span>
     <span class='ocr_line' id='line_1_65' title="bbox 312 3360 2222 3419; baseline -0.003 -14"><span class='ocrx_word' id='word_1_611' title='bbox 312 3365 459 3419; x_wconf 80' lang='lat' dir='ltr'>Syrum</span> <span class='ocrx_word' id='word_1_612' title='bbox 489 3366 540 3406; x_wconf 86' lang='lat' dir='ltr'>ad</span> <span class='ocrx_word' id='word_1_613' title='bbox 568 3365 769 3419; x_wconf 74' lang='lat' dir='ltr'>praelium:</span> <span class='ocrx_word' id='word_1_614' title='bbox 799 3370 838 3406; x_wconf 86' lang='lat' dir='ltr'>et</span> <span class='ocrx_word' id='word_1_615' title='bbox 871 3366 1026 3419; x_wconf 78' lang='lat' dir='ltr'>fugavit</span> <span class='ocrx_word' id='word_1_616' title='bbox 1055 3379 1132 3407; x_wconf 90' lang='lat' dir='ltr'>eos.</span> <span class='ocrx_word' id='word_1_617' title='bbox 1191 3367 1221 3389; x_wconf 78' lang='lat'>¹⁵</span> <span class='ocrx_word' id='word_1_618' title='bbox 1249 3365 1373 3406; x_wconf 89' lang='lat' dir='ltr'>Porro</span> <span class='ocrx_word' id='word_1_619' title='bbox 1402 3364 1471 3406; x_wconf 89' lang='lat' dir='ltr'>filii</span> <span class='ocrx_word' id='word_1_620' title='bbox 1499 3365 1678 3406; x_wconf 88' lang='lat' dir='ltr'>Ammon</span> <span class='ocrx_word' id='word_1_621' title='bbox 1705 3363 1889 3404; x_wconf 90' lang='lat' dir='ltr'>videntes</span> <span class='ocrx_word' id='word_1_622' title='bbox 1918 3361 2028 3416; x_wconf 90' lang='lat' dir='ltr'>quod</span> <span class='ocrx_word' id='word_1_623' title='bbox 2053 3360 2222 3414; x_wconf 80' lang='lat' dir='ltr'>fugisset</span> 
     </span>
    </p>
   </div>
   <div class='ocr_carea' id='block_1_12' title="bbox 447 3493 807 3534">
    <p class='ocr_par' dir='ltr' id='par_1_15' title="bbox 447 3493 807 3534">
     <span class='ocr_line' id='line_1_66' title="bbox 447 3493 807 3534; baseline 0.003 -9"><span class='ocrx_word' id='word_1_624' title='bbox 447 3493 498 3534; x_wconf 75' lang='grc'>19,</span> <span class='ocrx_word' id='word_1_625' title='bbox 523 3494 537 3526; x_wconf 87' lang='grc'><strong>1</strong></span> <span class='ocrx_word' id='word_1_626' title='bbox 562 3494 599 3525; x_wconf 65' lang='lat'>³2</span> <span class='ocrx_word' id='word_1_627' title='bbox 621 3493 678 3526; x_wconf 82' lang='lat' dir='ltr'>Sin</span> <span class='ocrx_word' id='word_1_628' title='bbox 703 3493 754 3530; x_wconf 77' lang='grc'>10,</span> <span class='ocrx_word' id='word_1_629' title='bbox 779 3495 807 3526; x_wconf 81' lang='grc'>1.</span> 
     </span>
    </p>
   </div>
  </div>
 </body>
</html>
