2356 3760
154 169 183 209 7,
208 168 305 207 3—8,
332 168 375 201 10
804 166 943 199 ΒΕΑῚἸ
970 166 1162 200 IOANle
1188 167 1411 201 APOSTOLI
1953 170 2048 210 1197

153 262 311 315 signmn
328 262 404 302 Dei
423 261 523 301 vivi:
544 267 583 302 et
601 260 794 301 clamavit
813 272 910 300 voce
929 273 1077 313 magna
1095 265 1291 313 quattuor
1308 260 1482 313 Angelis,
1504 260 1649 313 quibus
1668 261 1811 301 datum
1829 267 1890 302 est
1907 276 2048 303 nocere

153 326 279 368 terrae,
301 326 342 361 et
360 320 474 365 mari,
521 322 536 343 3
555 319 709 359 dicens:
732 317 865 359 Nolite
885 331 1026 359 nocere
1046 324 1173 365 terrae,
1195 324 1235 359 et
1255 319 1367 368 mari,
1389 332 1518 372 neque
1539 318 1761 366 arboribus,
1784 321 2048 374 quoadusque

151 378 353 431 signemus
384 391 519 419 servos
549 377 624 418 Dei
654 376 781 418 nostri
810 376 850 417 in
881 377 1083 417 frontibus
1114 391 1263 418 eorum.

256 439 271 462 ⁴
290 437 346 478 Et
367 436 504 477 audivi
525 448 738 477 numerum
759 435 1023 488 signatorum,
1046 441 1211 476 eentum
1233 435 1505 489 quadraginta
1526 442 1722 489 quattuor
1742 436 1867 477 millia
1887 438 2046 490 signati,
2091 452 2215 475 quorum

151 509 201 535 ex
226 496 335 536 omni
360 495 469 536 tribu
494 494 666 535 filiorum
694 493 827 535 Israel.
880 496 894 517 5
920 494 983 534 Ex
1009 494 1116 534 tribu
1145 494 1247 534 Iuda
1271 494 1484 535 duodecim
1509 494 1635 534 millia
1658 495 1823 548 signati:
1851 495 1914 535 Ex
1940 496 2047 537 tribu
2085 487 2221 543 33&OEss

154 554 299 594 Ruben
322 553 535 594 duodecim
556 552 682 592 millia
702 552 868 605 signati:
892 552 955 592 Ex
977 552 1085 593 tribu
1108 553 1197 593 Gad
1220 553 1434 594 duodecim
1457 553 1581 593 millia
1601 553 1766 606 signati:
1819 555 1834 577 6
1855 554 1918 594 Ex
1942 555 2049 594 tribu

150 613 251 652 Aser
273 612 486 653 duodecim
508 611 633 651 millia
655 610 820 664 signati:
846 611 909 651 Ex
932 611 1040 651 tribu
1066 611 1257 664 Nephtali
1281 611 1494 652 duodecim
1517 611 1643 652 millia
1665 612 1829 665 signati:
1854 612 1918 652 Ex
1942 613 2049 653 tribu

150 671 336 711 Manasse
369 669 581 711 duodecim
615 669 740 710 millia
772 669 936 723 signati:
1001 672 1014 693 7
1048 670 1111 710 Ex
1144 669 1252 711 tribu
1285 670 1446 710 Simeon
1480 670 1693 711 duodecim
1726 670 1851 711 millia
1882 671 2048 724 signati:

151 729 215 769 Ex
239 729 348 770 tribu
371 729 468 769 Levi
492 727 705 769 duodecim
730 728 852 768 millia
877 728 1042 781 signati:
1069 729 1132 768 Ex
1156 728 1264 769 tribu
1292 729 1475 769 Issachar
1498 729 1711 769 duodecim
1736 729 1859 769 millia
1882 729 2048 783 signati:

153 791 168 811 ⁸
201 788 265 828 Ex
298 788 407 829 tribu
440 786 620 827 Zabulon
655 786 867 827 duodecim
901 787 1026 827 millia
1058 787 1223 840 signati:
1260 787 1322 827 Ex
1356 787 1464 828 tribu
1501 787 1644 840 loseph
1678 787 1891 828 duodecim
1924 788 2051 829 millia

151 846 316 900 signati:
346 846 411 886 Ex
438 845 547 886 tribu
578 845 790 886 Beniamin
818 846 1032 886 duodecim
1061 846 1183 886 millia
1213 846 1372 899 signati.

257 907 272 928 ⁹
294 905 392 946 Post
413 904 497 945 haec
520 904 603 944 vidi
626 904 789 945 turbam
812 918 1016 957 magnam,
1042 918 1164 958 quam
1187 905 1442 945 dinumerare
1466 918 1582 945 nemo
1606 910 1768 957 poterat
1790 918 1838 946 ex
1862 906 2047 946 omnibus
2075 908 2223 966 i³⁵³¹¹¹¹1ffli

149 963 350 1017 gentibus,
375 968 416 1004 et
438 962 638 1009 tribubus,
664 969 703 1004 et
726 962 897 1016 populis,
923 969 962 1003 et
985 963 1148 1017 linguis:
1173 969 1328 1004 stantes
1353 969 1447 1004 ante
1472 963 1676 1012 thronum,
1702 969 1741 1004 et
1765 963 1804 1004 in
1828 949 2245 1017 0003110011ιυὲοῗ-ῗ-Ᾱὲἶιῖ,

151 1022 266 1075 Agni,
289 1021 426 1062 amicti
447 1021 558 1062 stolis
580 1021 692 1069 albis,
715 1028 755 1062 et
776 1021 920 1075 palmae
940 1022 979 1062 in
1000 1022 1187 1063 manibus
1209 1035 1365 1062 eorum:
1414 1025 1448 1046 1⁰
1467 1028 1508 1063 et
1528 1022 1763 1063 clamabant
1783 1036 1880 1063 voce
1900 1013 2245 1075 magna'³‘²¹¹⁰‘¹¹⁶¹¹¹¹‘·

150 1081 347 1122 dicentes:
370 1080 485 1121 Salus
508 1081 593 1120 Deo
616 1086 765 1126 nostro,
790 1080 858 1134 qui
879 1081 992 1122 sedet
1013 1094 1132 1134 super
1153 1081 1358 1126 thronum,
1382 1087 1422 1121 et
1442 1081 1570 1134 Agno.
1621 1083 1650 1105 11
1673 1081 1726 1121 Et
1749 1094 1885 1121 omnes
1906 1081 2049 1134 Angeli

150 1139 319 1180 stabant
345 1139 386 1180 in
414 1139 584 1179 circuitu
613 1139 760 1187 throni,
791 1145 831 1180 et
858 1140 1073 1187 seniorum,
1103 1146 1144 1180 et
1172 1145 1369 1193 quattuor
1397 1139 1652 1180 animalium:
1682 1144 1723 1180 et
1750 1139 1982 1181 ceciderunt
2010 1140 2049 1180 in

150 1203 370 1251 conspectu
385 1197 519 1238 throni
535 1198 576 1237 in
591 1197 712 1238 facies
727 1211 832 1245 suas,
849 1203 889 1239 et
905 1198 1179 1239 adsueverunt
1194 1199 1340 1245 Deum,
1385 1200 1414 1222 ¹²
1429 1198 1620 1245 dicentes,
1637 1198 1779 1239 Amen.
1799 1198 2047 1243 Benedictio,

150 1262 192 1297 et
210 1256 384 1305 claritas,
406 1262 447 1297 et
465 1256 677 1309 sapientia,
699 1262 738 1297 et
757 1257 981 1307 gratiarum
1001 1257 1121 1306 actio,
1142 1257 1281 1300 honor,
1303 1262 1344 1297 et
1363 1257 1505 1305 virtus,
1527 1261 1567 1297 et
1586 1256 1785 1297 fortitudo
1804 1257 1890 1297 Deo
1910 1262 2049 1297 nostro

150 1315 191 1356 in
220 1315 365 1356 saecula
394 1315 642 1363 saeculorum,
674 1316 815 1356 Amen.

255 1376 287 1398 ¹3
314 1374 369 1414 Et
396 1374 605 1427 respondit
632 1387 735 1414 unus
764 1374 812 1414 de
841 1374 1075 1419 senioribus,
1106 1380 1145 1414 et
1174 1374 1277 1415 dixit
1307 1374 1420 1414 mihi:
1453 1374 1517 1419 Hi,
1549 1374 1614 1428 qui
1646 1374 1784 1414 amicti
1812 1380 1907 1414 sunt
1935 1374 2047 1414 stolis
2090 1386 2214 1428 (1110111111

150 1432 263 1477 albis.
294 1433 362 1487 qui
390 1432 508 1473 sunt?
539 1439 578 1473 et
608 1433 712 1472 unde
742 1432 964 1472 venerunt?
1022 1435 1050 1456 ¹⁴
1079 1433 1133 1473 Et
1161 1432 1244 1472 dixi
1272 1432 1344 1472 illi:
1374 1432 1547 1472 Domine
1575 1432 1642 1481 mi,
1674 1439 1717 1473 tu
1745 1433 1831 1473 scis.
1862 1433 1917 1473 Et
1944 1415 2243 1477 dixitm‘ssffilililui

149 1491 266 1532 mihi:
301 1491 354 1531 Hi
385 1496 492 1539 sunt,
527 1491 594 1544 qui
628 1498 826 1531 venerunt
858 1491 905 1531 de.
938 1491 1200 1531 tribulatione
1232 1504 1391 1542 magna,
1425 1497 1465 1531 et
1496 1490 1685 1531 laverunt
1715 1491 1838 1531 stolas
1870 1504 1975 1536 suas,
2008 1497 2049 1531 et
2083 1491 2222 1544 ‘'‘Qsg‘fffi

150 1549 446 1591 dealbaverunt
474 1563 538 1590 eas
568 1550 608 1589 in
637 1549 831 1602 sanguine
861 1549 975 1602 Agni.
1036 1551 1064 1573 ¹⁵
1094 1550 1181 1589 ideo
1211 1556 1306 1590 sunt
1335 1556 1429 1590 ante
1459 1549 1652 1589 thronum
1680 1549 1768 1597 Dei,
1799 1555 1838 1590 et
1867 1549 2049 1589 serviunt

150 1609 185 1649 ei
210 1609 273 1650 die
299 1622 344 1650 ac
370 1614 488 1649 nocte
515 1608 553 1648 in
579 1608 732 1660 templo
758 1608 859 1648 eius:
887 1615 927 1649 et
953 1608 1021 1662 qui
1047 1608 1159 1649 sedet
1186 1608 1224 1648 in
1251 1608 1411 1657 throno,
1438 1607 1644 1649 habitabit
1669 1621 1788 1660 super
1812 1608 1916 1647 illos:

150 1669 306 1708 1“anon
338 1667 526 1713 esurient,
559 1680 689 1720 neque
721 1667 859 1707 sitient
891 1667 1076 1720 amplius,
1164 1681 1235 1707 nec
1266 1667 1383 1707 cadet
1415 1679 1534 1719 super
1564 1666 1651 1706 illos
1683 1666 1752 1711 sol,
1787 1680 1915 1719 neque
1947 1666 2050 1706 ullus

410 1731 550 1766 aestus:

152 1787 184 1810 ¹7
206 1784 399 1839 quoniam
412 1785 565 1837 Agnus,
586 1784 653 1837 qui
678 1784 717 1825 in
741 1785 873 1825 medio
899 1784 1032 1825 throni
1057 1790 1129 1831 est,
1146 1791 1257 1838 reget
1280 1784 1378 1830 illos,
1396 1791 1436 1825 et
1455 1784 1628 1825 deducet
1651 1797 1716 1824 eos
1735 1784 1787 1824 ad
1806 1784 1900 1824 vitae
1918 1785 2049 1824 fontes

416 1856 628 1897 aquarum,
714 1849 774 1884 bet
804 1843 1009 1897 absterget
1036 1844 1145 1884 Deus
1174 1857 1336 1884 omnem
1362 1843 1586 1896 lacrymam
1614 1842 1665 1883 ab
1697 1842 1818 1883 oculis
1847 1855 1996 1884 eorum.

680 1948 717 1987 4.
749 1946 925 1988 Solutio
957 1947 1137 1998 septimi
1169 1947 1322 1998 sigilli,
1350 1948 1390 1998 8,
1410 1947 1530 1987 1—6.

254 2017 292 2060 8.
350 2020 361 2042 1
390 2017 446 2058 Et
465 2031 555 2058 cum
577 2017 800 2070 aperuisset
818 2018 991 2071 sigillum
1012 2018 1244 2071 septimum,
1266 2018 1421 2058 factum
1442 2023 1502 2058 est
1521 2017 1725 2058 silentium
1748 2017 1785 2057 in
1806 2016 1913 2065 ezelo,
1936 2016 2049 2070 quasi
2065 2016 2242 2075 21?}5,.¹1’1‘'‘³,3.¹,¹„.

149 2075 284 2117 media
304 2075 415 2117 hora.
467 2078 480 2100 ²
504 2076 558 2117 Et
582 2076 663 2116 vidi
687 2083 843 2129 septem
864 2076 1038 2130 Angelos
1061 2082 1217 2118 stantes
1240 2077 1281 2117 in
1304 2082 1523 2129 conspectu
1546 2076 1639 2116 Dei:
1665 2081 1705 2116 et
1727 2076 1834 2116 datae
1857 2080 1952 2116 sunt
1974 2075 2048 2115 illis
2064 2070 2152 2114 tuiis
2170 2086 2243 2110 alius

150 2140 306 2189 septem
333 2134 454 2176 tubae.
511 2137 526 2159 3
553 2134 607 2175 Et
636 2135 736 2176 alius
764 2135 941 2189 Angelus
970 2136 1095 2184 venit,
1125 2141 1166 2177 et
1193 2136 1309 2176 stetit
1337 2142 1432 2176 ante
1461 2135 1587 2175 altare
1615 2134 1768 2175 habens
1798 2133 2050 2175 thuribulum
2074 2128 2233 2181 manh‘JLlO,

150 2207 336 2235 aureum:
358 2199 397 2235 et
418 2194 517 2234 data
536 2200 630 2234 sunt
650 2193 706 2233 illi
726 2194 890 2235 incensa
908 2194 1051 2241 multa,
1073 2200 1120 2235 ut
1139 2194 1255 2235 daret
1275 2194 1323 2235 de
1344 2193 1595 2234 orationibus
1615 2198 1850 2234 sanctorum
1871 2193 2051 2232 omnium

150 2266 270 2306 super
290 2252 417 2293 altare
439 2265 619 2299 aureum,
643 2252 752 2306 quod
774 2258 835 2293 est
856 2258 951 2293 ante
974 2253 1166 2293 thronum
1188 2253 1274 2293 Dei.
1325 2254 1339 2276 ⁴
1361 2252 1416 2293 Et
1437 2252 1619 2292 ascendit
1640 2253 1775 2292 fumus
1798 2251 2052 2291 incensorum

151 2312 199 2352 de
222 2311 471 2352 orationibus
494 2316 729 2352 sanctorum
751 2311 799 2351 de
822 2325 946 2351 manu
966 2311 1109 2365 Angeli
1131 2324 1267 2351 coram
1289 2311 1387 2351 Deo.
1437 2312 1452 2334 5
1474 2310 1527 2350 Et
1550 2310 1706 2362 accepit
1726 2309 1903 2362 Angelus
1927 2309 2053 2349 thuri-

151 2370 304 2419 bulum,
330 2376 371 2411 et
393 2370 579 2422 implevit
602 2369 702 2409 illud
726 2370 774 2410 de
798 2370 887 2423 igne
912 2370 1062 2418 altaris,
1089 2375 1129 2410 et
1152 2369 1262 2410 misit
1286 2369 1326 2409 in
1351 2375 1512 2417 terram,
1539 2374 1579 2409 et
1603 2369 1713 2409 facta
1736 2373 1831 2408 sunt
1856 2367 2050 2410 tonitrua.

150 2435 191 2470 et
220 2442 350 2478 voces,
381 2434 421 2469 et
450 2428 621 2481 fulgura,
653 2435 693 2470 et
722 2434 976 2470 terraemotus
1005 2442 1188 2482 magnus.
1249 2430 1264 2451 ⁶
1292 2427 1348 2469 Et
1376 2433 1531 2480 septem
1560 2426 1714 2480 Angeli,
1747 2426 1815 2480 qui
1844 2426 2053 2467 habebant

150 2493 306 2541 septem
336 2487 469 2535 tubas,
501 2494 835 2541 praeparaverunt
865 2502 904 2528 se
935 2493 981 2529 ut
1011 2487 1113 2528 tuba
1141 2492 1344 2528 canerent.

809 2608 1028 2662 PARS
1069 2607 1399 2661 TERTIA.

444 2695 717 2762 Septem
754 2693 938 2746 tubae
979 2695 1318 2757 canenteS,
1355 2691 1412 2756 8,
1443 2692 1639 2757 7—-14,
1661 2692 1766 2745 20.

963 2791 1018 2793 μ
1025 2788 1050 2796 —0
1057 2783 1218 2801 *πο-μὶ

675 2833 715 2883 Ι.
756 2832 867 2884 Sex
907 2833 1150 2898 priores,
1190 2831 1239 2893 8,
1268 2832 1421 2892 7—9,
1447 2831 1525 2881 21.

554 2925 593 2964 1.
624 2923 787 2975 Prima,
817 2922 1034 2973 secunda,
1063 2922 1211 2973 tertia,
1240 2922 1418 2973 quarta,
1445 2922 1485 2971 8,
1504 2922 1528 2961 7
1533 2921 1650 2960 -12.
1815 2971 1821 2982 Ι

257 2995 271 3018 ⁷
288 2994 344 3035 Et
358 2994 511 3047 primus
527 2994 704 3047 Angelus
720 2994 823 3036 tuba
838 2994 995 3044 cecinit,
1014 3000 1054 3035 et
1070 2995 1182 3035 facta
1197 2999 1257 3034 est
1271 2993 1439 3046 grando,
1458 2998 1498 3033 et
1515 2991 1627 3045 ignis,
1646 2991 1769 3032 mista
1783 2991 1824 3032 in
1841 2991 2047 3044 sanguine,
2090 2991 2217 3030 ⁴3³.s²²¹¹‘¹⁰·

151 3058 192 3094 et
213 3052 381 3094 missum
404 3058 465 3093 est
487 3052 528 3092 in
551 3058 713 3102 terram,
738 3059 779 3094 et
802 3053 924 3094 tertia
945 3066 1037 3106 pars
1062 3059 1178 3093 terrae
1201 3052 1416 3093 combusta
1438 3056 1510 3100 est,
1536 3056 1576 3091 et
1600 3049 1721 3090 tertia
1743 3063 1834 3103 pars
1859 3050 2047 3089 arborum
2089 3034 2214 3089 sssfissiiiffi

151 3116 409 3153 concremata
439 3116 511 3160 est,
544 3117 584 3152 et
616 3125 733 3152 omne
764 3112 921 3152 foenum
952 3111 1078 3152 viride
1109 3110 1369 3152 combustum
1401 3116 1473 3150 est.

257 3171 272 3193 8
300 3169 355 3209 Et.
382 3169 581 3210 secundus
609 3169 785 3223 Angelus
814 3170 916 3210 tuba
943 3170 1105 3211 cecinit:
1135 3174 1176 3210 et
1204 3175 1418 3222 tamquam
1446 3181 1560 3208 mons
1590 3180 1758 3220 magnus
1787 3167 1876 3219 igne
1904 3165 2048 3206 ardens

150 3228 294 3269 missus
321 3233 381 3268 est
406 3227 446 3268 in
471 3240 594 3276 mare,
621 3233 662 3269 et
686 3228 798 3269 facta
822 3234 883 3269 est
908 3228 1030 3269 tertia
1054 3241 1147 3281 pars
1172 3227 1293 3268 maris
1319 3226 1494 3281 sanguis,
1550 3228 1565 3250 ⁹
1590 3231 1631 3267 et
1655 3230 1817 3265 mortua
1842 3229 1901 3264 est
1929 3223 2050 3264 tertia

150 3300 243 3340 pars
265 3291 459 3328 creaturae
481 3298 632 3333 eorum,
657 3299 746 3339 quae
767 3286 976 3328 habebant
998 3286 1153 3327 animas
1174 3286 1215 3326 in
1238 3286 1351 3335 mari,
1376 3292 1416 3326 et
1438 3284 1559 3326 tertia
1580 3297 1671 3337 pars
1694 3282 1860 3323 navium
1883 3281 2047 3323 interiit.

255 3348 291 3370 1⁰
320 3345 376 3386 Et
406 3344 549 3386 tertius
580 3344 757 3397 Angelus
789 3344 891 3385 tuba
921 3345 1083 3385 cecinit:
1116 3350 1157 3385 et
1188 3344 1333 3385 cecidit
1363 3345 1412 3384 de
1443 3343 1538 3384 caelo
1569 3342 1685 3383 stella
1715 3353 1874 3395 magna,
1904 3340 2047 3380 ardens
2109 3340 2192 3365 &⁰¹¹³

2095 3376 2207 3405 ardens,

150 3408 365 3458 tamquam
393 3402 540 3451 facula,
572 3408 612 3443 et
642 3402 786 3444 cecidit
815 3402 856 3443 in
886 3403 1050 3444 tertiam
1080 3407 1239 3456 partem
1268 3402 1496 3451 fluminum,
1528 3406 1568 3442 et
1596 3400 1637 3440 in
1667 3399 1799 3440 fontes
1829 3410 2046 3452 aquarum:

284 3494 315 3535 7,
336 3495 378 3529 16
400 3494 453 3528 als
474 3494 527 3534 49,
550 3494 601 3528 10.
625 3514 667 3519 -
688 3494 730 3528 17
750 3494 804 3528 bis
826 3494 879 3535 25,
901 3494 936 3535 83
962 3495 1017 3528 Inf
1037 3495 1090 3534 21,
1113 3495 1142 3528 4.

2111 3171 2194 3188 mons

2095 3199 2207 3227 arden&
