2356 3760
306 167 384 207 370
1147 164 1294 198 LIBER
1328 165 1372 198 ΙΙ.
1999 167 2031 208 3,
2058 169 2155 209 9-4,
2181 169 2223 202 22

309 259 440 301 aureis
461 259 563 299 texit
584 271 685 305 eam,
709 258 825 311 quasi
844 257 1011 298 talentis
1030 258 1243 299 sexcentis.
1292 260 1307 283 ⁹
1326 258 1405 299 Sed
1424 264 1465 299 et
1484 259 1621 300 clavos
1640 259 1737 300 fecit
1757 272 1911 306 aureos,
1935 261 1994 302 ita
2012 266 2060 303 ut
2078 262 2224 315 singuli

309 318 413 359 clavi
450 318 566 359 siclos
604 317 912 370 quinquagenos
948 317 1246 369 appenderent:
1285 317 1490 358 caenacula
1525 331 1688 372 quoque
1724 318 1829 359 texit
1865 332 1975 361 auro.
2041 323 2076 345 ¹⁰
2111 321 2225 362 Fecit

309 378 433 418 etiam
456 377 495 417 in
519 378 639 417 domo
662 375 802 416 Sancti
824 379 1060 416 sanctorum
1083 375 1291 417 cherubim
1314 376 1428 425 duos,
1452 390 1571 429 opere
1592 378 1812 418 statuario:
1836 383 1877 419 et
1898 378 2004 419 texit
2024 392 2090 420 eos
2112 392 2223 420 auro.

310 439 340 461 ¹¹
372 436 458 477 Aiae
489 434 698 476 cherubim
730 434 876 487 viginti
908 434 1057 474 cubitis
1088 435 1430 481 extendebantur,
1491 436 1550 476 ita
1580 442 1627 476 ut
1659 449 1741 476 una
1771 436 1836 477 ala
1865 436 2036 478 haberet
2067 439 2226 479 cubitos

311 496 489 549 quinque
526 499 565 534 et
604 499 790 546 tangeret
826 493 1022 545 parictem
1060 493 1224 534 domus:
1263 498 1304 534 et
1339 494 1469 534 altera
1504 495 1684 549 quinque
1720 495 1880 537 cubitos
1915 496 2081 545 habens,
2120 497 2226 537 alam

311 560 495 605 tangeret
518 552 684 593 alterius
706 552 868 593 cherub.
921 553 952 576 12
973 551 1167 593 Similiter
1188 552 1338 593 cherub
1361 553 1527 593 alterius
1549 553 1624 603 ala,
1650 554 1829 608 quinque
1850 554 2033 596 habebat
2053 555 2226 603 cubitos,

310 619 351 654 ct
379 612 574 665 tangebat
602 611 818 665 parietem:
847 616 888 651 et
913 610 980 651 ala
1004 611 1088 651 eius
1115 611 1245 652 altera
1270 612 1450 665 quinque
1477 612 1722 659 cubitorum,
1751 612 1859 654 alam
1886 614 2036 655 cherub
2063 614 2230 655 alterius

311 671 588 721 contingebat.
648 672 679 694 ¹³
710 670 839 723 Igitur
868 669 942 710 alae
970 670 1184 723 utriusque
1212 670 1421 712 cherubim
1452 684 1642 724 expansae
1670 677 1798 721 erant,
1830 677 1872 713 et
1900 673 2231 714 extendebantur

311 744 382 784 per
403 730 563 771 cubitos
586 729 750 783 viginti:
774 728 849 782 ipsi
872 734 1009 770 autem
1034 729 1205 769 stabant
1225 729 1369 770 erectis
1390 730 1575 783 pedibus,
1601 735 1642 771 et
1662 730 1784 771 facies
1805 744 1945 773 eorum
1967 737 2084 773 erant
2105 744 2232 773 versae

311 791 362 831 ad
396 790 637 831 exteriorem
671 788 852 829 domum.
915 790 946 812 ¹⁴
984 788 1117 828 aFecit
1150 801 1313 842 quoque
1346 788 1482 830 velum
1515 802 1565 830 ex
1597 789 1834 843 hyacintho,
1869 803 2062 844 purpura,
2097 804 2229 839 cocco,

311 854 353 890 et
383 849 522 902 bysso:
555 854 590 888 et
625 847 803 888 intexuit
834 847 868 887 ei
899 846 1121 888 cherubim.

131 921 272 980 msffffioe
418 921 447 942 ¹5
480 918 608 958 bAnte
636 918 741 958 fores
769 917 894 957 ctiam
923 915 1066 969 templi
1095 917 1197 957 duas
1225 916 1447 965 columnas,
1479 930 1568 971 quae
1597 918 1767 971 triginta
1794 924 1834 960 et
1863 920 2042 974 quinque
2071 919 2233 961 cubitos

147 968 152 979 ⁴
251 972 256 979 “
276 975 282 983 ’
313 978 522 1019 habebant
546 976 795 1018 altitudinis:
819 987 940 1029 porro
964 975 1103 1029 capita
1124 988 1277 1026 earum,
1303 977 1484 1031 quinque
1507 977 1752 1019 cubitorum.
1805 980 1840 1002 ¹⁶
1863 978 2031 1020 Necnon
2054 983 2095 1020 et
2118 978 2234 1032 quasi

312 1036 523 1079 catenulas
546 1037 585 1076 in
609 1035 785 1081 oraculo,
810 1039 852 1075 et
874 1035 1136 1088 superposuit
1157 1047 1225 1076 eas
1248 1036 1453 1089 capitibus
1475 1036 1778 1077 columnarum:
1802 1037 2088 1091 malogranata
2109 1038 2234 1078 etiam

312 1101 491 1140 centum,
521 1108 611 1148 quae
636 1093 835 1135 catenulis
860 1093 1117 1147 interposuit.
1174 1096 1207 1119 ¹⁷
1235 1094 1350 1148 Ipsas
1376 1108 1539 1149 quoque
1565 1095 1776 1137 columnas
1801 1097 1939 1150 posuit
1964 1096 2005 1137 in
2030 1095 2234 1137 vestibulo

313 1155 468 1209 templi,
500 1167 624 1195 unam
654 1167 679 1194 a
706 1153 872 1201 dextris,
904 1158 946 1193 et
974 1152 1146 1193 alteram
1176 1166 1200 1194 a
1227 1153 1419 1194 sinistris:
1450 1167 1552 1203 eam,
1584 1167 1675 1208 quae
1703 1168 1727 1195 a
1755 1155 1909 1197 dextris
1938 1160 2037 1204 erat,
2069 1155 2237 1197 vocavit

318 1215 475 1255 lachin:
506 1219 546 1255 et
574 1226 664 1267 quae
691 1213 744 1253 ad
770 1212 929 1261 laevam,
959 1212 1082 1253 Booz.

149 1282 271 1344 ,gflfffg'h
420 1285 457 1328 4.
514 1287 528 1308 ¹
560 1283 675 1324 Fecit
708 1295 871 1336 quoque
904 1281 1033 1323 altare
1065 1296 1224 1323 aeneum
1257 1283 1403 1337 viginti
1436 1284 1670 1325 cubitorum
1702 1283 1982 1338 longitudinis,
2017 1290 2058 1326 et
2090 1283 2237 1338 viginti

316 1345 548 1386 cubitorum
576 1342 822 1391 latitudinis,
854 1346 896 1382 et
925 1342 1064 1383 decem
1095 1342 1328 1383 cubitorum
1360 1342 1601 1384 altitudinis.
1910 1390 1914 1394 .

165 1414 258 1472 552ζῖξῖ
421 1412 436 1434 2
473 1409 600 1449 cMare
630 1408 755 1448 etiam
785 1406 903 1447 fusile
933 1407 1071 1448 decem
1102 1407 1252 1448 cubitis
1282 1420 1306 1448 a
1333 1407 1441 1449 labio
1473 1421 1601 1462 usque
1631 1408 1683 1449 ad
1712 1408 1880 1458 labium,
1912 1408 2137 1450 rotundum
2166 1419 2238 1461 per

317 1469 551 1511 circuitum:
588 1467 768 1521 quinque
802 1466 962 1507 cubitos
995 1465 1178 1506 habebat
1211 1466 1453 1516 altitudinis,
1489 1472 1531 1508 et
1563 1467 1768 1508 funiculus
1802 1467 1972 1522 triginta
2004 1467 2237 1509 cubitorum

318 1528 529 1570 ambiebat
546 1539 693 1581 gyrum
712 1525 809 1566 eius.
857 1527 872 1549 ³
890 1524 1124 1566 Similitudo
1145 1538 1308 1579 quoque
1327 1526 1451 1567 boum
1472 1530 1560 1567 erat
1578 1527 1719 1567 subter
1737 1526 1849 1577 illud,
1870 1532 1912 1568 et
1930 1527 2069 1568 decem
2089 1525 2237 1567 cubitis

319 1588 506 1642 quaedam
545 1585 796 1626 extrinsecus
833 1584 1046 1633 caelaturae,
1088 1584 1203 1638 quasi
1241 1584 1401 1626 duobus
1438 1585 1623 1626 versibus
1659 1585 1799 1626 alvum
1836 1586 1959 1627 maris
1996 1585 2235 1627 circuibant.

318 1648 452 1689 Boves
484 1651 623 1686 autem
655 1649 773 1686 erant
802 1643 959 1684 fusiles:
1018 1645 1034 1668 ⁴¹
1064 1649 1106 1684 et
1136 1644 1270 1697 ipsum
1301 1643 1413 1685 Mare
1444 1657 1565 1698 super
1595 1644 1810 1686 duodecim
1842 1645 1968 1687 boves
1998 1644 2239 1699 impositum

318 1712 418 1751 erat,
451 1717 625 1759 quorum
656 1708 737 1745 tres
767 1703 1040 1757 respiciebant
1069 1703 1122 1743 ad
1151 1702 1409 1757 Aquilonem,
1442 1708 1483 1744 et
1512 1703 1579 1744 alii
1610 1708 1690 1744 tres
1721 1704 1773 1745 ad
1802 1704 2087 1745 Occidentem:
2117 1715 2238 1757 porro

319 1772 401 1807 tres
421 1765 488 1805 alii
507 1763 729 1811 Meridiem,
752 1768 794 1804 et
813 1767 894 1803 tres
916 1762 985 1816 qui
1003 1761 1148 1816 reliqui
1167 1767 1297 1811 erant,
1319 1762 1542 1812 Orientem,
1564 1762 1763 1804 habentes
1782 1776 1894 1804 mare
1913 1762 2236 1816 superpositum:

318 1825 546 1879 posteriora
570 1828 708 1864 autem
734 1823 859 1864 boum
884 1826 1002 1862 erant
1025 1821 1269 1862 intrinsecus
1292 1822 1367 1863 sub
1393 1822 1507 1863 mari.
1560 1823 1576 1846 ⁵
1598 1822 1724 1863 Porro
1750 1822 1926 1863 vastitas
1949 1822 2034 1862 eius
2057 1820 2240 1862 habebat

318 1896 552 1925 mensuram
568 1881 707 1936 palmi,
727 1886 768 1922 et
782 1881 938 1922 labium
956 1880 1061 1921 illius
1079 1886 1167 1922 erat
1185 1881 1300 1935 quasi
1316 1880 1471 1922 labium
1489 1880 1635 1930 caliciS,
1655 1881 1719 1922 vel
1736 1881 1907 1935 repandi
1923 1880 2012 1922 lilii:
2031 1880 2239 1934 capiebat-

321 1957 398 1998 que
428 1943 508 1984 tria
537 1939 664 1982 millia
692 1945 899 1981 metretas.

154 2005 278 2067 0233
428 2009 444 2032 θ
474 2007 589 2048 Fecit
622 2018 785 2060 quoque
817 2005 993 2046 conchas
1025 2006 1183 2046 decem:
1218 2010 1260 2046 et
1290 2005 1429 2059 posuit
1461 2005 1641 2060 quinque
1674 2019 1698 2046 a
1729 2005 1896 2055 dextris,
1931 2010 1972 2046 et
2005 2004 2184 2059 quinque
2217 2015 2241 2044 a

321 2067 504 2113 sinistris,
537 2071 584 2106 ut
612 2065 801 2106 lavarent
830 2065 871 2105 in
901 2065 956 2105 eis
986 2065 1135 2113 omnia,
1168 2077 1259 2118 quae
1287 2064 1329 2105 in
1358 2063 1644 2106 holocaustum
1675 2064 1853 2106 oblaturi
1882 2068 2018 2106 erant:
2049 2076 2168 2118 porro
2198 2062 2240 2103 in

322 2126 423 2167 mari
453 2125 684 2166 sacerdotes
712 2123 973 2164 lavabantur.

130 2193 304 2253 mg‘d‘gfflm
429 2193 443 2215 ⁷
468 2190 583 2231 Fecit
607 2194 746 2230 autem
772 2194 814 2230 et
838 2188 1085 2229 candelabra
1109 2201 1232 2229 aurea
1255 2189 1394 2229 decem
1420 2188 1645 2229 secundum
1669 2188 1856 2242 speciem,
1884 2201 1967 2242 qua
1990 2188 2100 2229 iussa
2123 2191 2241 2228 erant

134 2246 162 2289 εῖτ
186 2243 300 2293 mensa-¹,
323 2251 424 2292 fieri:
453 2254 494 2291 et
518 2249 657 2304 posuit
683 2261 731 2289 ea
754 2248 796 2288 in
822 2248 988 2301 templo,
1018 2248 1198 2301 quinque
1224 2261 1248 2288 a
1272 2247 1438 2296 dextris,
1467 2252 1508 2288 et
1534 2247 1715 2301 quinque
1741 2260 1765 2288 a
1789 2247 1974 2288 sinistris.
2030 2248 2046 2271 ⁸
2071 2246 2240 2288 Necnon

322 2316 364 2352 et
384 2322 544 2350 mensas
565 2309 723 2349 decem:
746 2312 787 2348 et
806 2307 946 2361 posuit
965 2319 1032 2348 eas
1052 2306 1093 2348 in
1114 2305 1281 2361 templo,
1305 2306 1485 2361 quinque
1507 2319 1531 2347 a
1550 2306 1717 2355 dextris,
1741 2311 1782 2347 et
1803 2306 1983 2360 quinque
2004 2319 2029 2347 a
2047 2305 2238 2347 sinistris:

323 2369 481 2424 phialas
512 2380 674 2422 quoque
704 2379 847 2407 aureas
877 2370 1054 2407 centum.

173 2436 262 2461 ““W
431 2436 446 2459 ⁹
472 2433 587 2474 Fecit
613 2432 737 2473 etiam
766 2431 917 2472 atrium
943 2431 1216 2480 sacerdotum,
1246 2435 1287 2473 et
1313 2430 1523 2471 basilicam
1549 2431 1764 2484 grandem:
1793 2435 1835 2471 et
1861 2430 1966 2471 ostia
1992 2430 2033 2471 in
2060 2429 2238 2479 basilica,

326 2507 415 2548 quae
434 2493 539 2533 texit
558 2505 645 2533 aere.
695 2493 731 2515 ¹⁰
749 2491 874 2532 Porro
893 2503 1005 2531 mare
1025 2490 1163 2544 posuit
1181 2490 1222 2531 in
1241 2490 1368 2531 latere
1388 2490 1533 2531 dextro
1553 2494 1698 2531 contra
1715 2489 1925 2531 Orientem
1945 2489 1998 2530 ad
2015 2489 2238 2530 Meridiem.

138 2558 302 2621 ωᾞξζίξῗῃρ
432 2560 461 2582 ¹¹
484 2558 599 2598 Fecit
621 2561 761 2597 autem
785 2555 929 2596 Hiram
951 2556 1115 2604 lebetes,
1141 2560 1182 2596 et
1204 2567 1399 2609 creagras,
1425 2559 1466 2596 et
1488 2554 1664 2608 phialas:
1689 2559 1730 2596 et
1752 2553 1975 2608 complevit
1997 2567 2117 2596 omne
2138 2567 2241 2608 opus

156 2628 288 2654 Iordanis
325 2618 427 2671 regis
442 2618 484 2658 in
499 2617 621 2658 domo
636 2615 731 2656 Dei:
776 2617 807 2639 12
822 2615 899 2656 hoc
914 2620 987 2664 est,
1006 2614 1216 2655 columnas
1232 2615 1345 2663 duas,
1364 2620 1405 2655 et
1420 2613 1621 2668 epistylia,
1640 2619 1682 2655 et
1696 2614 1846 2668 capita,
1863 2618 1905 2655 et
1921 2613 2037 2667 quasi
2053 2613 2241 2667 quaedam

131 2670 311 2728 ⁰922³dfff¹⁹³
328 2676 535 2725 retiacula,
556 2688 645 2729 quae
662 2675 799 2728 capita
816 2679 1000 2728 tegerent
1015 2687 1136 2727 super
1151 2673 1353 2728 epistylia.
1399 2675 1431 2698 13
1446 2673 1732 2727 Malogranata
1748 2685 1911 2727 quoque
1928 2672 2239 2726 quadringenta,

328 2742 369 2778 et
390 2734 587 2777 retiacula
608 2735 688 2775 duo
712 2734 772 2775 ita
792 2738 839 2774 ut
862 2733 945 2774 bini
968 2733 1129 2774 ordines
1150 2733 1528 2787 malogranatorum
1550 2732 1718 2785 singulis
1739 2731 1944 2773 retiaculis
1964 2731 2240 2785 iungerentur,

328 2809 418 2850 quae
438 2798 699 2849 protegerent
720 2792 921 2846 epistylia,
945 2797 987 2833 et
1008 2792 1146 2846 capita
1166 2792 1460 2834 columnarum.
1513 2793 1544 2816 ¹¹
1566 2792 1691 2832 Bases
1712 2791 1837 2832 etiam
1858 2791 1966 2839 fecit,
1990 2796 2032 2832 et
2053 2790 2239 2839 conchas,

329 2868 430 2909 quas
450 2853 709 2908 superposuit
731 2852 913 2893 basibus:
962 2853 994 2876 ¹⁵
1015 2865 1125 2892 mare
1146 2865 1285 2901 unum,
1309 2851 1434 2892 boves
1455 2864 1617 2905 quoque
1637 2850 1853 2892 duodecim
1872 2850 1948 2891 sub
1967 2850 2082 2891 mari.
2132 2850 2167 2874 ¹⁶
2186 2849 2243 2890 Et

327 2914 491 2961 lebetes
524 2918 565 2953 et
595 2925 789 2966 creagras,
822 2915 864 2951 et
892 2910 1062 2964 phialas,
1095 2911 1245 2952 Omnia
1274 2923 1374 2951 vasa
1401 2910 1499 2951 fecit
1528 2909 1736 2951 Salomoni
1767 2909 1911 2950 Hiram
1940 2913 2059 2963 pater
2088 2908 2171 2949 eius
2200 2909 2242 2949 in

329 2974 450 3014 domo
474 2972 640 3013 Domini
665 2985 713 3012 ex
737 2983 813 3013 aere
838 2970 1116 3011 mundissimo.
1171 2971 1204 2994 ¹⁷
1231 2970 1278 3010 In
1300 2969 1461 3023 regione
1487 2969 1672 3011 Iordanis
1695 2968 1804 3009 fudit
1827 2981 1875 3009 ea
1896 2980 1968 3009 rex
1989 2968 2032 3009 in
2055 2967 2243 3021 argillosa

329 3039 438 3073 terra
458 3032 563 3072 inter
583 3031 746 3077 Sochot,
771 3035 812 3071 et
832 3029 1071 3071 Saredatha.
1123 3030 1157 3053 ¹⁸
1178 3029 1281 3070 Erat
1302 3033 1441 3070 autern
1462 3028 1686 3069 multitudo
1708 3040 1901 3069 vasorum
1920 3026 2240 3074 innumerabilis,

328 3092 388 3133 ita
416 3096 463 3131 ut
494 3091 747 3139 ignoraretur
775 3090 936 3143 pondus
965 3089 1063 3129 aeris.

156 3153 292 3178 ⁸³¹⁰¹¹¹⁰¹¹
433 3158 468 3181 ¹⁹
499 3155 694 3208 Fecitque
725 3153 918 3195 Salomon
950 3153 1088 3194 onmia
1119 3166 1219 3194 vasa
1249 3154 1395 3193 domus
1425 3152 1514 3199 Dei,
1549 3157 1590 3193 et
1622 3151 1749 3193 altare
1782 3163 1962 3200 aureum,
1996 3155 2038 3191 et
2068 3163 2240 3198 mensas,

132 3188 369 3263 issssssl'klifssszss'11.et
393 3228 513 3268 super
536 3227 603 3255 eas
627 3226 753 3267 panes
777 3212 1083 3267 propositionis:
1136 3214 1172 3237 2⁰
1195 3211 1441 3253 candelabra
1465 3224 1627 3265 quoque
1651 3224 1743 3252 cum
1767 3210 1939 3251 lucernis
1962 3209 2044 3250 suis
2068 3214 2115 3250 ut
2138 3209 2243 3250 luce-

190 3260 261 3284 s³⁰¹⁸
329 3280 420 3314 rent
450 3280 545 3314 ante
576 3272 784 3314 oraculum
816 3272 933 3312 iuxta
962 3271 1084 3312 ritum
1118 3285 1166 3311 ex
1197 3284 1294 3312 auro
1325 3270 1559 3325 purissimo:
1618 3272 1649 3294 2¹
1680 3269 1941 3311 et'florentia
1970 3268 2170 3322 quaedam,
2203 3273 2244 3309 et

329 3333 525 3376 lucernas.
549 3337 589 3373 et
609 3332 781 3384 forcipes
803 3344 963 3371 aureos:
987 3330 1124 3371 omnia
1144 3331 1192 3371 de
1214 3343 1311 3371 auro
1333 3329 1600 3370 mundissimo
1621 3329 1734 3370 facta
1753 3333 1860 3370 sunt.
1911 3329 1943 3352 22
1964 3327 2245 3380 Thymiateria

332 3404 506 3447 quoque,
532 3397 573 3431 et
597 3390 818 3438 thuribula,
845 3396 885 3431 et
908 3389 1078 3443 phialas,
1105 3394 1146 3430 et
1170 3389 1407 3430 mortariola
1429 3402 1478 3429 ex
1503 3401 1600 3429 auro
1625 3387 1851 3442 purissimo.
1878 3387 1934 3427 Et
1957 3386 2062 3427 ostia
2085 3386 2244 3427 caelavit

464 3518 506 3552 14
532 3517 601 3550 aMt
627 3518 679 3557 27,
704 3518 756 3550 51.
785 3537 825 3541 —
852 3517 892 3551 15
918 3517 972 3550 bIr
995 3517 1049 3557 52,
1076 3517 1127 3550 20.
1158 3536 1199 3540 -
1223 3516 1255 3558 4,
1283 3517 1303 3549 2
1333 3518 1365 3549 cl
1394 3516 1446 3561 Rg
1471 3516 1502 3557 7,
1527 3516 1578 3549 23.
