2356 3760
129 106 182 144 26,
208 103 328 144 1-ss27,
352 104 373 136 9
939 102 1225 136 PsA-Lnorzru
1948 110 2024 152 499

750 195 916 244 26(27).
948 195 1183 235 Protectoi·
1212 194 1425 236 derelicti.

236 280 250 303 ¹
278 278 464 320 Psalmus
493 279 630 320 David
659 278 896 331 priusquam
925 278 1120 319 liniretur.
1179 278 1334 321 XXVI.

189 383 390 424 Dominus
419 382 662 423 illuminatio
691 394 793 426 mea,
825 386 866 421 et
894 381 1001 422 salus
1029 394 1131 425 mea.
1216 395 1335 435 quem
1364 383 1541 424 timebo?
2044 390 2220 430 Dominus-in

189 442 389 484 Dominus
416 446 623 494 protector
649 440 746 481 vitae
772 453 882 484 meze,
965 453 989 480 a
1016 454 1095 494 quo
1124 441 1362 493 trepidabo?
2049 427 2211 490 333233553?

152 502 166 524 2
190 501 301 542 Dum
330 499 577 553 appropiant
605 512 725 552 super
752 512 817 539 me
846 504 1048 545 nocentes,
1125 504 1172 539 ut
1201 500 1325 539 edant
1354 513 1492 541 carnes
1521 514 1649 541 meas:

193 559 270 608 Qui
298 558 499 599 tribulant
528 571 591 598 me
620 557 771 598 inimici
800 558 890 606 mei,
974 557 1050 612 ipsi
1078 557 1273 598 infirma-ti
1303 565 1398 599 sunt
1427 565 1467 600 et
1497 559 1738 600 ceciderunt.

151 621 168 643 ³
189 618 230 658 Si
247 617 474 659 consistant
490 617 707 658 adversum
723 630 787 657 me
804 621 949 665 castra,
1007 616 1267 658 nontimebit
1284 630 1351 657 eor
1366 631 1513 658 meum.

188 676 230 717 Si
246 682 417 729 exurgat
433 676 650 716 adversum
679 688 743 716 me
772 675 966 729 praelium,
1050 675 1091 716 in
1120 675 1196 716 hoc
1226 688 1296 728 ego
1327 676 1509 728 sperabo.

151 737 166 759 ⁴
191 735 326 776 Unam
345 734 444 788 petii
464 748 488 774 a
505 735 695 778 Domino,
761 734 866 775 hanc
885 734 1100 788 requiram.

189 799 235 835 ut
266 794 492 834 inhabitem
522 793 563 833 in
591 793 712 835 domo
742 793 907 834 Domini
973 793 1160 834 omnibus
1190 793 1331 834 diebus
1361 793 1458 833 vitae
1486 806 1602 833 meze:

192 853 249 894 Ut
276 853 438 894 videam
467 852 726 906 voluptatem
753 852 931 896 Domini.
1015 857 1056 892 et
1083 852 1245 893 visitem
1273 851 1474 905 templum
1502 852 1597 893 eius.

151 914 167 936 ὅ
191 912 393 960 Quoniam
421 911 635 952 abscondit
661 924 725 951 me
751 911 792 951 in
819 911 1082 952 tabernaculo
1110 924 1201 952 suo:
1271 910 1311 950 in
1339 910 1402 951 die
1428 910 1628 951 malorum

189 970 370 1024 protexit
396 983 460 1010 me
486 970 527 1010 in
557 970 796 1011 abscondito
825 969 1077 1011 tabernaculi
1105 969 1176 1010 sui.
1263 971 1278 993 ⁶
1307 970 1353 1010 In
1380 975 1499 1022 petra
1525 969 1724 1010 exaltavit
1752 982 1834 1008 me:

190 1034 232 1071 et
261 1042 369 1070 nunc
400 1029 600 1070 exaltavit
632 1034 757 1083 caput
786 1042 920 1069 meum
1007 1042 1127 1082 super
1156 1028 1338 1069 inimicos
1368 1042 1490 1069 meos.

191 1088 376 1132 Circuivi.
405 1093 446 1129 et
474 1088 684 1129 immolavi
714 1087 755 1128 in
785 1088 1048 1129 tabernaculo
1078 1087 1161 1128 eius
1244 1087 1421 1128 hostia-m
1444 1087 1762 1128 vocifera-tionis:
1842 1086 2029 1135 cantabo,

394 1151 436 1188 et
463 1147 667 1201 psalmum
697 1147 829 1188 dicam
859 1147 1048 1188 Domino.

153 1253 168 1275 ⁷
192 1252 354 1293 Exaudi
376 1252 551 1294 Domine
574 1265 715 1296 vocem
738 1265 884 1300 meam,
909 1263 991 1305 qua
1011 1250 1187 1291 clamavi
1209 1251 1260 1291 ad
1283 1257 1341 1290 te:
1400 1250 1583 1290 miserere
1606 1249 1696 1296 mei,
1722 1256 1763 1290 et
1784 1250 1931 1290 exaudi
1954 1263 2028 1291 me.
2047 1248 2226 1307 ffiffi'sslgdsffl‘sj

153 1312 169 1334 ⁸
193 1311 282 1352 Tibi
306 1311 411 1352 dixit
433 1324 501 1353 cor
523 1325 672 1354 meum,
695 1310 916 1364 exquisivit
938 1315 979 1350 te
1002 1310 1123 1350 facies
1146 1322 1254 1350 mea:
1312 1309 1456 1349 faciem
1480 1314 1595 1348 tuam
1618 1308 1793 1349 Domine
1816 1309 2029 1361 requiram.
2086 1302 2189 1348 plo'rat-

154 1371 170 1394 ⁹
195 1370 255 1411 Ne
283 1376 446 1411 avertas
473 1370 618 1411 faciem
647 1376 761 1410 tuam
790 1382 814 1409 a
840 1382 922 1408 me:
1004 1381 1053 1408 ne
1080 1368 1254 1408 declines
1282 1367 1322 1408 in
1349 1368 1407 1407 ira
1435 1380 1459 1407 a
1485 1380 1600 1408 servo
1628 1372 1711 1407 tuo.

191 1429 367 1470 Adiutor
416 1443 529 1469 meus
591 1434 696 1469 esto:
819 1440 867 1467 ne
921 1427 1176 1480 derelinquas
1228 1440 1304 1474 me,
1360 1440 1489 1480 neque
1547 1425 1742 1478 despicias
1808 1438 1872 1465 me
1925 1426 2034 1466 Deus

397 1487 586 1528 salutaris
621 1500 746 1528 meus.

135 1547 171 1570 ¹⁰
193 1547 395 1595 Quoniam
424 1552 543 1600 pater
570 1559 696 1590 meus.
728 1551 769 1586 et
797 1552 930 1586 mater
958 1558 1049 1585 mea
1077 1545 1378 1598 dereliquerunt
1408 1557 1489 1584 me:
1578 1543 1777 1585 Dominus
1809 1549 1945 1584 autem
1976 1556 2036 1583 as-

398 1605 573 1659 sumpsit
601 1618 677 1646 1110.

136 1666 165 1688 ¹¹
193 1665 339 1719 Legem
359 1678 464 1718 pone
483 1664 582 1705 mihi
600 1664 774 1705 Domine
794 1664 833 1703 in
854 1662 921 1703 via
939 1668 1029 1703 tua:
1099 1668 1140 1703 et
1158 1662 1282 1715 dirige
1301 1675 1365 1703 me
1384 1662 1423 1702 in
1443 1662 1630 1703 semitam
1649 1666 1803 1701 rectam
1870 1666 2037 1714 propter

397 1723 580 1765 inimicos
610 1736 731 1765 meos,

137 1785 167 1807 ¹²
194 1782 255 1824 Ne
283 1783 498 1824 tradideris
525 1796 590 1823 me
618 1783 659 1823 in
687 1782 843 1822 animas
873 1781 1158 1822 tribulantium
1187 1793 1269 1821 me:
1351 1780 1543 1834 quoniam
1572 1779 1875 1819 insurrexerunt
1903 1779 1943 1818 in
1972 1791 2035 1818 me

399 1847 524 1883 testes
553 1841 693 1895 iniqui,
777 1846 818 1881 et
847 1840 1023 1881 mentita
1051 1845 1112 1881 est
1140 1839 1333 1893 iniquitas
1363 1839 1449 1880 sibi.

137 1903 169 1926 ¹3
194 1901 320 1942 Credo
352 1901 488 1941 videre
519 1901 628 1941 bona
656 1900 822 1941 Domini
904 1899 944 1939 in
975 1904 1084 1939 terra
1112 1898 1352 1939 viventium.

136 1962 168 1984 ¹⁴¹
194 1960 382 2013 Expecta
416 1960 653 2008 Dominum,
747 1958 916 1999 viriliter
960 1971 1049 2011 age:
1094 1962 1133 1998 01
1170 1958 1422 1998 confortetur
1465 1969 1532 1997 eor
1575 1962 1702 2004 tuum,
1801 1959 1841 1995 et
1885 1955 2036 1995 sustine

399 2018 634 2060 Dominum.

600 2141 651 2180 27
661 2138 768 2190 (28).
799 2138 1069 2191 Deprecatio
1100 2137 1144 2178 et
1173 2137 1428 2189 gratiarum
1461 2136 1592 2177 actio.

241 2223 428 2264 Psalmus
456 2223 533 2277 ipsi
560 2223 710 2265 David.
741 2222 922 2264 XXVII.

158 2330 171 2352 ¹
195 2329 261 2370 Ad
288 2333 329 2369 te
357 2328 534 2370 Domine
562 2328 759 2377 clamabo,
842 2327 954 2368 Deus
981 2341 1096 2368 meus
1125 2339 1174 2367 ne
1203 2326 1318 2367 sileas
1347 2338 1371 2366 a
1399 2339 1480 2365 me:
2060 2324 2227 2385 '23¹ngssss

196 2401 246 2428 ne
277 2387 441 2441 quando
471 2392 608 2428 taceas
638 2400 662 2427 a
689 2400 766 2436 me,
850 2392 891 2427 et
921 2386 1174 2427 assimilabor
1202 2384 1540 2426 descendentibus
1571 2382 1608 2423 in
1638 2383 1783 2423 lacum.
2069 2394 2215 2455 nuffiatcla‘

158 2448 173 2471 2
196 2446 360 2487 Exaudi
382 2446 558 2491 Domine
581 2459 723 2488 vocem
746 2445 1042 2500 deprecationis
1066 2458 1165 2485 meae
1189 2445 1287 2485 dum
1311 2457 1379 2486 oro
1405 2443 1457 2484 ad
1480 2448 1539 2483 te:
1597 2442 1694 2482 dum
1718 2440 1867 2482 extollo
1891 2453 2035 2481 manus

400 2518 511 2546 meas
541 2505 593 2546 ad
622 2505 821 2559 templum
851 2510 1039 2545 sanctum
1069 2510 1199 2545 tuum.

158 2567 174 2590 ³
198 2565 258 2605 Ne
290 2563 410 2605 simul
441 2564 581 2605 trahas
612 2577 677 2605 me
709 2577 801 2605 cum
833 2563 1134 2618 peccatoribus:
1206 2568 1247 2603 et
1278 2575 1371 2603 cum
1404 2559 1666 2615 operantibus
1697 2558 1957 2612 iniquitatem
1989 2570 2038 2598 110

399 2623 546 2677 perdas
575 2636 658 2663 me:

197 2682 276 2732 Qui
302 2682 529 2736 loquuntur
555 2695 698 2736 pacem
726 2695 819 2723 cum
847 2682 1032 2736 proximo
1062 2694 1146 2730 suo,
1228 2679 1339 2720 mala
1366 2684 1503 2720 autem
1532 2679 1572 2719 in
1601 2676 1788 2719 cordibus
1816 2688 1965 2717 eorum.

159 2744 174 2767 ⁴¹
197 2742 264 2783 Da
303 2741 379 2782 illis
423 2742 648 2782 secundum
685 2754 810 2795 opera
847 2754 997 2789 eorum,
1082 2745 1123 2780 et
1166 2739 1389 2780 secundum
1432 2737 1657 2791 nequitiam
1701 2734 2036 2776 adinventionum

400 2800 593 2854 ipsorum.

197 2859 430 2901 Secundum
448 2872 572 2913 opera
588 2872 787 2900 manuum
807 2871 946 2900 eorum
965 2859 1098 2899 tribue
1119 2857 1212 2898 illis:
1292 2856 1414 2897 redde
1431 2853 1739 2896 retributionem
1764 2865 1902 2893 eorum
1929 2851 2036 2904 ipsis.

159 2921 174 2944 ⁵
198 2918 401 2968 Quoniam
430 2931 513 2959 non
541 2918 830 2959 intellexerunt
859 2930 982 2971 opera
1010 2916 1187 2964 Domini,
1272 2921 1313 2956 01
1341 2915 1382 2956 111
1412 2926 1535 2968 opera
1563 2924 1759 2952 manuum
1789 2910 1872 2951 eius

198 2978 381 3019 destrues
410 2976 509 3026 11100,
541 2982 583 3018 01
609 2990 692 3018 11011
721 2976 938 3018 aedificabis
968 2989 1045 3017 eos.

159 3084 175 3107 ⁶
198 3082 443 3124 Benedictus
471 3082 690 3124 Dominus:
774 3081 967 3135 quoniam
996 3079 1207 3121 exaudivit
1236 3092 1376 3120 vocem
1406 3075 1699 3130 deprecationis
1728 3087 1838 3116 meae.
2064 3074 2218 3140 '‘xgssffissssff

159 3143 174 3166 7
196 3142 397 3184 Dominus
427 3141 590 3183 adiutor
616 3153 742 3189 meus,
774 3144 815 3181 et
842 3144 1050 3194 protector
1076 3152 1209 3179 meus:
2104 3146 2173 3174 agit.

198 3200 239 3242 in
267 3200 353 3254 ipso
383 3200 563 3254 speravit
592 3212 661 3241 cor
687 3212 836 3249 meum,
868 3204 907 3239 et
938 3199 1101 3239 adiutus
1131 3210 1232 3238 sum.

198 3259 254 3301 Et
282 3259 467 3300 refloruit
496 3272 588 3300 caro
618 3271 727 3299 mea:
812 3262 853 3298 et
882 3271 932 3298 ex
961 3256 1176 3298 voluntate
1205 3268 1295 3295 mea
1326 3254 1550 3295 confitebor
1579 3252 1625 3294 ei.

160 3320 176 3343 ⁸
197 3318 398 3360 Dominus
425 3317 625 3360 fortitudo
653 3316 781 3370 plebis
808 3329 907 3357 suae:
990 3321 1029 3356 et
1057 3319 1263 3369 protector
1290 3312 1565 3353 salvationum
1593 3311 1730 3353 christi
1759 3310 1819 3350 sui
1847 3312 1918 3348 est.

160 3379 175 3401 ⁹
198 3377 366 3419 Salvum
396 3377 461 3417 fac
489 3376 688 3430 populum
717 3380 835 3417 tuum
865 3375 1050 3422 Domine,
1084 3379 1123 3414 et
1154 3372 1320 3413 benedic
1349 3370 1566 3412 hereditati
1597 3376 1695 3410 tuae:
1768 3372 1806 3407 et
1835 3378 1925 3418 rege
1954 3376 2029 3411 005,

403 3440 443 3476 01
472 3435 619 3476 extolle
647 3434 734 3476 illos
764 3447 891 3487 usque
920 3433 960 3473 in
990 3438 1197 3473 aeternum.

1882 3490 1956 3530 32²³<
