2356 3760
147 100 221 139 129,
248 99 387 140 7—133,
414 100 433 132 :2
960 100 1245 135 PsALMORi‘M
1964 112 2039 153 557

167 195 180 216 Τ
200 193 304 241 Quia
333 194 443 247 apud
472 194 695 235 Dominum
724 193 1015 234 misericordia:
1100 202 1139 234 et
1171 195 1333 247 copiosa
1363 197 1473 248 apud
1504 210 1594 237 eum
1627 200 1860 255 redemptio.

166 254 181 275 ⁸
199 251 254 292 Et
283 251 366 305 ipse
395 252 566 294 redimet
599 251 731 295 Israel,
816 264 865 291 ex
895 252 1082 293 omnibus
1112 253 1398 306 iniquitatibus
1428 254 1522 296 eius.

749 368 970 416 130(131).
1000 368 1189 408 Animus
1220 368 1453 411 humiliati.

252 441 264 463 ¹
293 439 505 480 Canticum
535 438 736 491 graduum
766 439 914 480 David.
972 438 1143 480 CXXX.

197 544 371 585 Domine
399 556 479 584 non
508 548 569 583 est
598 541 826 583 exaltatum
859 555 926 584 cor
954 556 1109 584 meum:
1201 557 1330 596 neque
1360 544 1453 585 elati
1484 553 1578 586 sunt
1608 547 1711 587 oculi
1742 549 1830 588 mei.
2086 550 2204 575 ¹¹0mi¹¹0

199 603 340 656 Neque
370 601 578 643 ambulavi
606 601 647 641 in
677 601 852 654 magnis:
935 615 1066 655 neque
1095 601 1135 642 in
1164 601 1417 643 mirabilibus
1447 617 1566 657 super
1594 618 1668 645 me.
2066 586 2221 645 ⁰⁴’nti1‘iifna'

165 663 180 685 ²
198 661 238 702 Si
267 675 348 702 non
377 660 584 701 humiliter
611 660 856 700 sentiebam:
939 661 1009 701 sed
1037 660 1217 702 exaltavi
1246 661 1425 701 animam
1453 675 1604 703 meam:

197 720 311 761 Sicut
340 719 572 761 ablactatus
601 724 662 759 est
691 732 812 772 super
840 724 971 760 matre
1000 733 1084 766 sua,
1169 719 1228 760 ita
1255 720 1469 761 retributio
1499 721 1538 761 in
1570 722 1706 762 anima
1733 736 1835 765 mea.

165 779 340 833 3Speret
372 778 495 819 Israel
523 778 564 818 in
593 777 783 824 Domino.
868 791 917 818 ex
947 778 1022 819 hoc
1052 792 1158 819 nunc
1188 784 1229 819 et
1258 792 1386 832 usque
1415 779 1454 819 in
1484 780 1687 821 saeculum.

711 894 784 935 131
799 894 932 944 (132).
963 893 1158 945 Requies
1188 893 1268 934 Dei
1297 894 1341 934 in
1373 893 1497 936 Sion.

250 968 263 989 ¹
293 964 507 1006 Canticum
535 964 750 1017 graduum.
808 963 1003 1005 CXXXI.

196 1070 402 1111 Memento
432 1069 607 1111 Domine
637 1069 786 1114 David,
870 1076 910 1109 et
941 1070 1070 1111 omnis
1101 1068 1424 1110 mansuetudinis
1455 1070 1557 1111 eius:
2095 1077 2200 1117 Votgum

166 1132 181 1154 ²
198 1129 313 1171 Sicut
340 1128 492 1169 iuravit
520 1128 710 1175 Domino,
796 1134 938 1169 votum
969 1129 1085 1169 vovit
1113 1129 1199 1169 Deo
1232 1129 1372 1170 Iacob:
2085 1112 2210 1141 Dffldffl'

165 1191 181 1213 ³
203 1188 264 1230 aSi
288 1188 480 1229 introiero
506 1188 547 1228 in
574 1186 884 1228 tabernaculum
906 1188 1050 1228 domus
1077 1201 1186 1232 meae.
1259 1187 1291 1227 si
1318 1188 1533 1228 ascendero
1560 1188 1600 1229 in
1626 1187 1775 1230 lectum
1802 1191 1920 1232 strati
1946 1192 2042 1232 mei:

165 1249 181 1272 ‘¹
198 1247 240 1289 Si
260 1247 408 1288 dedero
428 1259 616 1288 somnum
636 1246 760 1287 oculis
779 1246 889 1289 meis.
948 1252 986 1287 et
1009 1246 1211 1300 palpebris
1232 1246 1330 1286 meis
1351 1246 1702 1288 dormitationem:
1760 1251 1774 1273 ³
1793 1249 1846 1289 Et
1864 1250 2043 1303 requiem

408 1306 661 1359 temporibus
690 1305 807 1346 meis:

198 1366 326 1407 donec
355 1365 562 1406 inveniam
592 1364 726 1405 locum
755 1363 944 1407 Domino.
1030 1362 1340 1404 tabernaculum
1369 1363 1456 1404 Deo
1488 1364 1622 1406 Iacob.

165 1470 302 1511 ⁶Ecce
332 1469 564 1511 audivimus
594 1482 683 1509 eam
712 1469 754 1509 in
783 1469 988 1522 Ephrata:
1072 1468 1301 1509 invenimus
1330 1481 1420 1509 eam
1449 1468 1490 1509 in
1519 1469 1672 1522 campis
1701 1469 1823 1512 silvae.
2073 1473 2223 1534 “afflg‘ffl

166 1531 179 1553 ⁷
200 1528 464 1570 Introibimus
484 1528 524 1569 in
545 1527 854 1569 tabernaculum
875 1527 977 1568 eius:
1036 1527 1295 1568 adorabimus
1315 1527 1356 1568 in
1378 1527 1476 1575 loco,
1493 1528 1562 1568 ubi
1582 1533 1785 1570 steterunt
1807 1530 1927 1583 pedes
1946 1530 2041 1573 eius.
2088 1544 2209 1573 foederis,

164 1590 180 1613 ⁸
201 1588 345 1641 bSurge
374 1587 549 1629 Domine
578 1587 618 1628 in
648 1587 828 1640 requiem
858 1592 985 1635 tuam,
1070 1591 1115 1627 tu
1146 1592 1186 1627 et
1215 1599 1310 1627 arca
1337 1586 1670 1628 sanctificationis
1700 1593 1791 1629 tuae.

165 1647 435 1688 ⁹Sacerdotes
464 1647 525 1687 tui
555 1646 780 1687 induantur
807 1646 1026 1686 iustitiam:
1109 1651 1151 1686 et
1179 1645 1310 1686 sancti
1339 1646 1400 1686 tui
1429 1645 1625 1687 exultent.

147 1709 180 1731 ¹⁰
196 1706 368 1760 Propter
396 1706 533 1746 David
563 1718 725 1746 servum
754 1710 885 1751 tuum,
969 1718 1050 1745 non
1080 1710 1242 1745 avertas
1271 1705 1415 1745 faciem
1445 1704 1591 1745 Christi
1621 1705 1694 1746 tui.

146 1814 175 1836 ¹¹
198 1811 356 1852 Iuravit
389 1811 589 1852 Dominus
623 1810 760 1851 David
846 1810 1075 1856 veritatem,
1111 1815 1151 1850 et
1186 1823 1266 1850 non
1300 1809 1565 1851 frustrabitur
1597 1823 1705 1851 eam:
2065 1811 2221 1872 ggfflffifljtig

203 1871 269 1912 ede
298 1870 434 1912 fructu
464 1869 617 1911 ventris
647 1869 707 1910 tui
789 1882 939 1923 ponam
969 1882 1089 1922 super
1116 1869 1253 1910 sedem
1282 1873 1410 1910 tuam.
2226 1866 2230 1869 ’

145 1932 176 1954 ¹²
195 1929 237 1970 Si
270 1929 538 1971 custodierint
572 1928 641 1969 filii
674 1928 734 1970 tui
769 1933 1064 1969 testa-mentum
1097 1941 1245 1974 meum,
1344 1933 1386 1969 et
1418 1928 1654 1969 testimonia
1685 1942 1777 1969 mea
1805 1930 1904 1978 haze,
1955 1943 2044 1983 quae

407 1988 559 2029 docebo
589 2001 674 2028 eos:

195 2047 251 2088 Et
280 2047 350 2088 filii
379 2060 517 2088 eorum
548 2060 675 2100 usque
704 2046 745 2087 in
774 2046 977 2090 saeculum,
1062 2046 1263 2087 sedebunt
1291 2059 1411 2099 super
1439 2046 1574 2086 sedem
1604 2052 1731 2087 tuam.

144 2109 175 2131 ¹³
196 2107 399 2155 Quoniam
428 2106 547 2160 elegit
576 2106 776 2146 Dominus
806 2105 920 2146 Sion:
1004 2104 1122 2158 elegit
1151 2117 1241 2145 eam
1270 2104 1309 2145 in
1340 2105 1639 2145 habitationem
1668 2105 1755 2146 sibi.

144 2168 175 2190 ¹⁴
197 2166 295 2206 Haec
324 2165 481 2219 requies
511 2178 603 2205 mea
632 2165 671 2205 in
702 2164 893 2205 saeculum
923 2163 1074 2204 saeculi:
1163 2163 1228 2204 hic
1257 2163 1454 2206 habitabo
1486 2164 1677 2217 quoniam
1708 2164 1806 2217 elegi
1836 2177 1950 2206 eam.-

146 2227 177 2250 15
198 2224 375 2266 Viduam
403 2224 487 2265 eius
516 2223 755 2265 benedicens
784 2223 1039 2264 benedicam:
1120 2235 1317 2276 pauperes
1345 2223 1428 2264 eius
1455 2224 1649 2264 saturabo
1676 2223 1861 2276 panibus,

145 2285 180 2308 ¹⁶
197 2283 437 2325 Sacerdotes
467 2283 551 2324 eius
580 2283 749 2324 iuduam
779 2282 966 2323 salutari:
1049 2287 1091 2322 et
1119 2282 1249 2322 sancti
1279 2281 1362 2322 eius
1391 2282 1643 2323 exultatione
1673 2281 1929 2323 exultabunt.

145 2344 178 2367 ¹⁷
198 2342 322 2384 dIlluc
351 2343 575 2396 producam
605 2355 728 2383 cornu
758 2341 907 2386 David,
991 2341 1134 2394 paravi
1162 2340 1369 2381 lucernam
1398 2341 1556 2382 Christo
1587 2354 1687 2382 meo.

143 2402 179 2426 ¹⁸
198 2401 387 2443 Inimicos
403 2401 487 2442 eius
501 2401 670 2442 induam
686 2400 940 2442 confusione:
997 2412 1117 2453 super
1131 2400 1264 2453 ipsum
1281 2405 1418 2440 autem
1435 2399 1634 2441 efflorebit
1650 2400 1917 2441 sanctificatio
1938 2412 2039 2441 mea.

669 2515 890 2567 132033).
921 2515 1179 2556 Iucunditas
1210 2514 1523 2556 fraternitatis.

248 2592 262 2614 1
291 2589 506 2631 Canticum
534 2589 736 2643 graduum
765 2587 914 2629 David.
972 2586 1190 2629 CXXXII.

195 2694 300 2736 Ecce
330 2707 453 2749 quam
483 2693 648 2741 bonum,
680 2697 722 2733 et
751 2705 875 2746 quarn
904 2692 1127 2734 iucundum
1209 2693 1396 2734 habitare
1424 2692 1569 2733 fratres
1597 2691 1638 2732 in
1667 2704 1813 2732 unum:
2076 2689 2212 2750 Sgffifflffi·

163 2755 179 2778 ‘-’
195 2753 310 2795 Sicut
331 2757 586 2807 unguentum
608 2752 649 2792 in
671 2751 816 2805 capite,
885 2753 995 2805 quod
1016 2751 1225 2793 descendit
1246 2751 1287 2792 in
1309 2751 1491 2799 barbam,
1516 2751 1684 2791 barbam
1706 2750 1854 2793 Aaron.
1923 2749 2038 2798 Quod
2060 2744 2227 2786 mustratxir.

404 2811 614 2853 descendit
642 2811 683 2852 in
713 2823 826 2852 oram
856 2811 1090 2852 vestimenti
1120 2811 1222 2851 eius:

162 2871 300 2913 3sicut
331 2884 395 2913 ros
430 2871 624 2915 Hermon,
661 2869 730 2923 qui
762 2869 971 2911 descendit
1004 2870 1045 2911 in
1077 2876 1261 2911 montem
1290 2869 1398 2911 Sion.
1482 2868 1683 2916 Quoniam
1716 2866 1794 2907 illic
1827 2866 2043 2908 mandavit

403 2929 604 2971 Dominus
634 2928 971 2977 benedictionem,
1055 2933 1097 2970 et
1125 2929 1255 2969 vitam
1286 2940 1412 2981 usque
1441 2927 1482 2968 in
1511 2925 1714 2967 saeculum.

739 3044 961 3095 133034).
990 3043 1250 3085 Benedicflo
1279 3043 1443 3083 finalis.

247 3119 261 3142 1
289 3116 504 3158 Canticum
531 3116 745 3169 graduum.
803 3115 1045 3156 CXXXIII.

2017 3214 2023 3221 ·
2064 3209 2174 3233 Petitur
2192 3208 2221 3230 et

194 3221 298 3263 Ecce
315 3235 423 3263 nunc
438 3219 664 3263 benedicite
677 3220 913 3269 Dominum,
929 3233 1068 3261 omnes
1087 3217 1386 3260 serviDoniini:
1437 3216 1515 3265 Qui
1533 3216 1651 3257 statis
1670 3216 1710 3258 in
1728 3216 1848 3257 domo
1861 3214 2036 3262 Domini,
2095 3243 2186 3267 datur·

402 3280 444 3321 in
473 3279 586 3320 atriis
615 3279 760 3320 domus
789 3278 864 3319 Dei
894 3279 1034 3328 nostri,
1093 3281 1107 3303 2
1138 3278 1186 3318 In
1215 3277 1402 3318 noctibus

274 3395 348 3437 131,
380 3394 401 3428 3
424 3395 463 3428 ²2
488 3394 547 3429 Sm
573 3395 603 3430 7.
629 3395 658 3428 2.
693 3415 735 3419 —
765 3396 785 3428 8
810 3395 849 3428 b2
874 3395 941 3428 Par
965 3395 996 3435 6,
1022 3395 1073 3428 41.
1108 3415 1149 3417 —
1182 3395 1221 3427 11
1251 3393 1286 3425 2¹2
1312 3392 1370 3425 Sm
1397 3392 1427 3432 7,
1454 3392 1509 3431 12;
1545 3391 1590 3425 Lc
1616 3393 1646 3431 1,
1671 3391 1729 3430 553
1763 3391 1827 3422 Act
1852 3389 1881 3424 2.
1906 3387 1955 3419 30.
1996 3403 2037 3408 —

143 3443 183 3476 17
206 3441 296 3475 dMal
318 3442 350 3482 3,
375 3443 410 3482 1;
437 3441 482 3476 Lc
507 3444 538 3482 1,
563 3442 614 3476 69.
789 3444 792 3445 ⁷
