2356 3760
272 181 348 222 502
1146 179 1295 214 LIBER
1933 182 1988 224 31,
2013 182 2133 223 8—33‚
2159 183 2177 215 7

295 276 311 298 ⁸
337 274 594 316 Intellectum
618 275 693 316 tibi
719 275 837 318 dabo.
864 279 905 315 et
929 275 1128 315 instruam
1152 280 1194 315 te
1217 275 1259 316 in
1283 275 1351 316 via
1373 275 1460 324 hac,
1489 289 1570 330 qua
1591 275 1803 330 gradieris:
1861 276 2032 319 firmabo
2057 290 2178 331 super

535 340 575 375 te
605 334 740 375 oculos
770 347 891 374 meos.

294 394 308 416 ⁹
333 392 468 434 Nolite
492 392 576 433 fieri
601 393 705 433 sicut
730 405 858 446 equus
882 398 923 433 et
946 392 1092 439 mulus,
1121 392 1267 446 quibus
1291 406 1372 434 non
1398 399 1459 434 est
1483 393 1723 435 intellectus.
1785 393 1833 433 In
1858 406 1973 435 camo
1999 399 2041 435 et
2064 395 2176 436 freno

535 451 721 492 maxillas
750 464 888 492 eorum
918 451 1159 504 constringe,
1245 452 1314 505 qui
1343 465 1424 493 non
1455 453 1746 506 approximant
1775 453 1828 493 ad
1857 458 1909 494 te.

274 511 310 535 ¹⁰
331 510 463 551 Multa
480 510 638 560 flagella
652 510 887 563 peccatoris,
945 516 1176 563 sperantem
1194 516 1332 551 autem
1349 511 1389 551 in
1405 511 1581 552 Domino
1603 511 1876 552 misericordia
1891 511 2175 554 circumdabit.

274 571 303 593 ¹¹
331 569 545 610 Laetamini
574 569 614 609 in
642 569 819 610 Domino
849 574 890 609 et
918 568 1100 610 exultate
1128 569 1235 614 iusti,
1320 575 1360 610 et
1387 569 1614 623 gloriamini
1643 583 1782 612 omnes
1810 571 1909 611 recti
1938 571 2069 613 corde.

981 684 1142 735 32(33).
1174 684 1293 725 Laus
1324 684 1517 726 Domini.

382 767 564 809 l'salmus
592 767 740 809 David.
773 767 959 809 XXXII.

109 878 231 903 Domino
295 875 303 896 ¹
333 872 528 913 Exultate
558 873 652 913 iusti
681 873 721 913 in
749 873 945 914 Domino:
1028 878 1159 914 rectos
1188 874 1304 914 decet
1332 873 1591 915 collaudatio.

100 913 234 943 'mmm'
292 932 589 973 ²Cons1temini
623 932 800 973 Domino
835 932 875 972 in
910 932 1085 972 cithara:
1161 933 1200 973 in
1236 932 1427 986 psalterio
1463 933 1601 974 decem
1636 932 1879 973 chordarum
1915 933 2074 987 psallite
2108 933 2177 976 illi.

291 992 307 1013 ²³
331 990 504 1031 cantate
535 990 568 1031 ei
599 991 804 1031 canticum
836 1004 1008 1032 novum:
1094 992 1195 1032 bene
1225 991 1385 1045 psallite
1415 991 1450 1032 ei
1479 992 1520 1033 in
1550 991 1852 1033 vociferatione.

105 1100 225 1159 ngffiu
292 1098 304 1120 *²
329 1096 434 1144 Quia
461 1101 617 1136 rectum
646 1101 708 1136 est
735 1096 906 1136 verbum
934 1097 1112 1145 Domini,
1196 1102 1237 1138 et
1264 1097 1402 1138 omnia
1430 1109 1553 1150 opera
1579 1096 1663 1137 eius
1692 1096 1732 1137 in
1760 1097 1850 1139 fide.

102 1170 231 1209 nix-113&
290 1157 305 1179 ὃ
329 1155 471 1206 Diligit
498 1154 813 1195 misericordiam
843 1160 884 1196 et
911 1155 1124 1196 iudicium:
1206 1156 1482 1197 misericordia
1508 1155 1674 1196 Domini
1701 1155 1823 1210 plena
1850 1162 1911 1198 est
1940 1162 2059 1199 terra.

79 1213 252 1271 WJQPKJJQS„
291 1217 305 1236 ‘³
329 1214 461 1255 Verbo
488 1214 652 1255 Domini
681 1213 763 1254 caeli
791 1214 941 1255 firmati
969 1220 1082 1255 sunt:
1164 1220 1206 1256 et
1232 1215 1376 1269 spiritu
1403 1215 1481 1256 oris
1508 1215 1592 1255 eius
1619 1215 1749 1256 omnis
1776 1215 1907 1256 virtus
1935 1229 2086 1258 eorum.

291 1275 303 1295 ⁷
328 1273 583 1327 Congregans
613 1273 718 1314 sieut
745 1273 786 1314 in
814 1278 905 1314 utre
935 1286 1062 1327 aquas
1093 1274 1232 1315 maris:
1315 1287 1470 1327 ponens
1498 1274 1540 1315 in
1569 1274 1769 1315 thesauris
1799 1275 1979 1328 abyssos.

292 1339 305 1351 “
330 1332 489 1373 'Pimeat
506 1332 729 1374 Dominum
750 1333 880 1373 omnis
901 1338 1026 1373 terra:
1085 1334 1136 1374 ab
1157 1346 1203 1375 eo
1225 1339 1363 1374 autem
1382 1339 1721 1374 commoveantur
1738 1346 1877 1375 omnes
1897 1334 2178 1376 inhabitantes

533 1393 683 1433 orbem.

290 1452 305 1475 ⁹
332 1451 555 1500 aQuoniam
585 1451 670 1505 ipse
700 1451 815 1493 dixit.
849 1456 890 1492 et
918 1452 1030 1492 facta
1060 1458 1173 1493 sunt:
1257 1452 1343 1506 ipse
1372 1451 1600 1497 mandavit,
1634 1457 1674 1492 et
1704 1457 1843 1492 ereata
1871 1456 1978 1493 sunt.

89 1562 241 1620 poggjlessm
272 1558 307 1579 ¹⁰
334 1557 529 1598 Dominus
558 1557 730 1610 dissipat
757 1557 924 1598 consilia
949 1557 1152 1611 gentium:
1234 1557 1428 1611 reprobat
1456 1562 1594 1598 autem
1623 1556 1890 1610 cogitationes
1918 1557 2177 1612 populorum,

104 1604 230 1671 ,ιῑέςίῥᾳῖ
533 1621 575 1657 et
602 1616 796 1670 reprobat
825 1615 992 1657 consilia
1019 1616 1261 1670 principum.

95 1667 234 1727 „fiffssssssssffi
273 1677 301 1699 ¹¹
329 1675 547 1716 Ponsilium
574 1682 712 1716 autem
735 1675 902 1717 Domini
925 1675 965 1716 in
990 1681 1187 1716 aeternum
1211 1680 1370 1716 manet:
1442 1675 1709 1729 cogitationes
1733 1675 1864 1716 cordis
1888 1675 1971 1716 eius
1995 1676 2036 1717 in
2059 1690 2175 1730 gene-

532 1735 690 1775 ratione
719 1740 761 1775 et
788 1735 1102 1789 generationem.

274 1797 300 1817 ¹²
330 1794 460 1835 Beata
505 1807 613 1848 gens,
663 1794 777 1835 cuius
824 1800 885 1835 est
932 1794 1144 1839 Dominus,
1195 1794 1305 1835 Deus
1353 1793 1455 1835 eius:
1558 1793 1743 1848 populus.
1796 1807 1917 1848 quem
1965 1794 2086 1848 elegit
2136 1795 2178 1836 in

532 1853 802 1895 hereditatem
832 1853 918 1895 sibi.

72 1960 254 2019 “cu‘fiuffum
272 1962 300 1982 ¹³³
327 1959 388 1999 De
417 1958 510 2000 caelo
539 1959 718 2013 respexit
745 1959 964 2001 Dominus:
1048 1959 1153 2000 vidit
1181 1972 1320 2000 omnes
1347 1958 1450 2000 filios
1478 1958 1703 2000 hominum.

84 2032 245 2070 nit-umnec
270 2020 300 2042 ¹¹
328 2018 388 2058 De
423 2024 652 2072 praeparato
687 2018 923 2060 habitaculo
957 2031 1029 2059 suo
1064 2017 1243 2072 respexit
1337 2031 1457 2072 super
1491 2031 1641 2067 omneS,
1680 2017 1749 2071 qui
1783 2017 1977 2059 habitant
2011 2023 2176 2061 terram.

81 2067 246 2095 “²⁵¹'¹⁰¹'¹¹¹‘'
271 2079 301 2101 ¹⁵
328 2077 406 2125 Qui
434 2078 554 2119 finxit
582 2078 787 2131 sigillatim
816 2079 939 2119 corda
966 2091 1123 2119 eorum:
1208 2078 1276 2131 qui
1304 2077 1495 2131 intelligit
1522 2077 1661 2118 omnia
1688 2090 1812 2130 opera
1839 2090 1989 2119 eorum.

270 2138 304 2161 ¹⁶
329 2137 420 2178 Non
441 2136 624 2178 salvatur
643 2150 713 2178 rex
734 2150 805 2190 per
825 2137 998 2178 multam
1019 2137 1235 2177 virtutem:
1306 2142 1347 2177 et
1366 2137 1477 2190 gigas
1498 2149 1579 2178 non
1600 2136 1828 2177 salvabitur
1848 2136 1888 2177 in
1908 2135 2180 2178 multitudine

532 2196 697 2237 virtutis
726 2210 819 2237 suaa.

270 2257 302 2279 ¹⁷
330 2255 469 2295 Fallax
496 2269 624 2309 equus
651 2256 703 2297 ad
730 2256 922 2296 salutem:
1004 2255 1044 2296 in
1072 2255 1330 2296 abundantia
1356 2260 1494 2295 autem
1522 2254 1687 2295 virtutis
1715 2267 1797 2295 suae
1824 2267 1905 2295 non
1933 2255 2174 2297 salvabitur.

271 2317 303 2338 ¹²³
328 2315 432 2355 Ecce
456 2315 561 2356 oculi
586 2315 752 2356 Domini
776 2328 897 2368 super
921 2320 1150 2355 metuentes
1175 2327 1286 2355 eum:
1366 2319 1408 2355 et
1431 2314 1473 2354 in
1498 2313 1564 2361 eis,
1593 2313 1663 2367 qui
1687 2319 1854 2367 sperant
1878 2327 1998 2367 super
2023 2314 2175 2355 miseri-

531 2374 669 2416 cordia
697 2374 792 2415 eius.

270 2435 305 2457 ¹⁹
330 2434 387 2474 Ut
413 2438 530 2475 eruat
556 2447 582 2474 a
605 2439 737 2475 morte
765 2433 921 2474 animas
949 2446 1106 2474 eorum:
1188 2437 1229 2474 et
1256 2432 1341 2473 alat
1367 2445 1433 2474 eos
1461 2432 1501 2473 in
1528 2433 1648 2473 fame.

72 2541 305 2606 protili-'Quum'
327 2539 478 2579 Anima
506 2545 647 2580 nostra
675 2539 850 2580 sustinet
879 2539 1121 2580 Dominum:
1211 2538 1404 2592 quoniam
1436 2538 1599 2579 adjutor
1627 2542 1668 2578 et
1698 2542 1905 2591 protector
1934 2542 2072 2579 noster
2101 2543 2176 2580 est.

82 2619 110 2651 ,ψ
131 2618 246 2641 spemn-
269 2600 296 2622 ‘21
328 2598 434 2646 Quia
458 2598 497 2638 in
524 2611 570 2639 eo
596 2598 803 2639 laetabitur
829 2611 896 2639 cor
922 2603 1125 2639 nostrum:
1206 2604 1247 2638 et
1272 2597 1313 2638 in
1339 2597 1501 2638 nomine
1528 2601 1669 2637 sancto
1696 2597 1780 2637 eius
1806 2596 2071 2650 speravimus,

91 2650 164 2671 ‘¹⁰¹¹'
186 2649 237 2672 '⁹⁵¹'
269 2659 301 2681 22
328 2658 421 2698 Fiat
451 2657 725 2698 misericordia
754 2662 828 2698 tua
856 2657 1031 2698 Domine
1061 2670 1181 2711 super
1209 2670 1300 2698 nos:
1386 2656 1734 2710 quemadmodum
1765 2655 2018 2709 speravimus
2048 2656 2089 2697 in
2119 2661 2174 2698 te.

855 2774 1021 2820 33(34).
1052 2773 1327 2825 Redemptor
1356 2772 1597 2813 iustorum.

377 2860 387 2881 ²
420 2856 582 2905 Davidi‚
616 2870 706 2898 oum
740 2856 980 2897 immutavit
1011 2855 1172 2896 vultum
1204 2869 1322 2896 suum
1354 2868 1490 2897 coram
1521 2854 1792 2900 thimeleeh,
1825 2860 1866 2895 et
1897 2854 2051 2895 dimisit
2082 2868 2173 2895 eum

273 2923 311 2956 et
342 2916 453 2957 abiit.
513 2916 550 2964 (1
582 2916 672 2969 Req.
703 2915 784 2967 21.)
842 2915 1050 2956 XXXIII.

100 3018 237 3042 ¹'‘'¹¹¹¹¹¹¹¹·‘³
291 3024 304 3044 ‘-'
333 3021 571 3062 Benedicam
603 3021 826 3062 Dominum
855 3020 895 3061 in
926 3020 1036 3061 omni
1065 3025 1265 3074 tempore:
1350 3033 1508 3074 semper
1535 3020 1622 3061 laus
1652 3019 1735 3060 eius
1764 3019 1805 3059 in
1834 3031 1901 3060 ore
1930 3032 2032 3060 meo.

89 3055 117 3076 ts.
183 3060 217 3076 s:
249 3060 252 3061 ⁷

77 3053 258 3136 'filliis-'¹¹
291 3082 306 3103 ³¹
332 3080 378 3120 ln
407 3081 583 3121 Domino
613 3080 849 3121 laudabitur
878 3079 1016 3120 anima
1044 3093 1152 3120 mea:
1237 3079 1408 3121 audiant
1436 3078 1651 3128 mansueti,
1684 3084 1725 3119 et
1753 3077 1954 3119 laetentur.

99 3125 243 3188 ὟῘξῖξῖζῙῖζὟ
297 3141 306 3162 ³
331 3139 587 3189 Magnificam
616 3140 838 3181 Dominum
869 3152 1047 3179 mecum:
1131 3144 1172 3179 et
1201 3138 1427 3179 exaltemus
1457 3151 1605 3179 nomen
1635 3137 1717 3178 eius
1747 3137 1787 3178 in
1818 3137 2006 3190 idipsum.

292 3200 307 3221 ⁵²
335 3198 543 3250 Exquisivi
583 3199 813 3241 Dominum.
848 3204 887 3238 et
923 3197 1133 3239 exaudivit
1168 3211 1249 3237 me:
1335 3203 1374 3238 et
1405 3211 1453 3238 ex
1483 3197 1672 3238 omnibus
1707 3195 2039 3237 tribulationibus
2074 3196 2175 3236 meis

536 3258 683 3310 eripuit
712 3271 786 3299 me.

293 3320 307 3338 ·’
331 3316 521 3356 Aet-,edite
553 3316 603 3356 ad
635 3330 737 3360 eum,
772 3323 812 3357 et
843 3316 1144 3357 illuminamini:
1230 3324 1270 3356 et
1300 3316 1422 3356 facies
1454 3322 1598 3356 vestra}
1628 3328 1708 3356 non
1740 3314 2054 3355 confundentur.

294 3376 305 3397 ³
339 3375 415 3415 iste
434 3388 588 3427 pauper
606 3375 811 3419 clamavit,
827 3382 866 3416 et
886 3376 1083 3416 Dominus
1103 3375 1313 3415 exaudivit
1333 3388 1443 3415 eum:
1502 3380 1543 3416 et
1562 3375 1611 3415 de
1630 3373 1818 3416 omnibus
1837 3371 2172 3413 tribulationibus

535 3434 618 3474 eius
648 3433 821 3473 salvavit
854 3448 956 3475 eum.

406 3537 459 3579 32,
483 3540 504 3572 9
530 3538 608 3571 aidi.
636 3540 685 3578 ie,
712 3539 761 3571 iz.
