2356 3760
291 100 343 142 38
1175 96 1323 130 LIBER
1964 99 1996 139 8,
2021 99 2165 139 36-10,
2191 99 2210 131 e

292 193 347 233 sic
375 192 481 232 enim
510 191 608 231 mihi
636 196 886 244 praeceptum
914 196 985 230 est.
1043 191 1078 214 ²³⁶
1105 190 1387 243 Feceruntque
1414 190 1552 230 Aaron
1580 195 1621 231 et
1650 191 1720 231 filii
1749 191 1832 232 eius
1862 197 2010 233 cuncta
2039 206 2127 246 quae
2154 193 2190 233 10

293 256 410 292 cutus
442 254 501 290 est
531 250 732 291 Dominus
764 261 834 302 per
864 261 1031 288 manum
1063 248 1206 301 Moysi.

815 353 852 391 2.
884 352 1118 404 Praecepta
1147 351 1203 392 de
1234 351 1461 403 primitiis,
1489 352 1529 402 9,
1548 352 1695 393 1—24.

103 421 272 470 ³¹³J¹⁴¹³1¹¹¹¹¹
397 420 434 462 9,
491 421 503 442 1
528 417 655 458 Facto
681 421 818 457 autem
844 422 991 457 octavo
1016 417 1091 461 die,
1118 417 1285 458 vocavit
1308 417 1467 470 Moyses
1492 417 1628 458 Aaron
1653 424 1693 458 et
1721 418 1820 459 filios
1846 419 1940 468 eius,
1968 434 2013 460 ac
2039 421 2208 461 maiores

125 462 247 530 “fflffiff
294 483 393 518 natu
417 476 550 518 lsrael.
573 477 758 529 dixitque
779 476 830 516 ad
849 475 1004 516 Aaron:
1052 478 1066 500 '2
1087 475 1195 516 Tolle
1216 476 1264 517 de
1285 480 1469 516 armento
1490 476 1665 516 vitulum
1688 491 1758 530 pro
1778 482 1957 530 peccato,
1980 484 2018 519 et
2040 480 2206 519 arietem

129 527 243 557 ‘¹⁰³'ffl’
293 538 332 577 in
361 536 659 578 holocaustum,
693 540 913 587 utrumque
943 533 1266 578 immaculatum,
1299 540 1340 575 01
1369 535 1469 575 offer
1497 534 1584 575 illos
1614 548 1750 576 coram
1780 537 1969 578 Domino.
2028 540 2042 561 ²³
2073 538 2127 578 Et
2158 538 2207 578 ad

298 595 397 636 filios
420 595 540 635 lsrael
558 594 751 647 loqueris:
773 593 917 634 Tollite
936 593 1092 634 hircum
1112 607 1184 647 pro
1204 598 1383 646 peceato,
1404 598 1445 634 01
1462 593 1652 640 vitulum,
1673 600 1797 649 atque
1816 609 1965 645 agnum
1986 595 2207 641 anniculos,

293 661 326 695 01
364 655 447 694 sine
478 652 639 693 macula
671 653 710 692 in
741 651 1038 694 holocaustum.
1097 655 1113 677 4
1146 652 1291 693 bovem
1323 657 1365 693 et
1395 653 1562 693 arietem
1597 666 1665 706 pro
1698 654 1896 707 pacificis:
1929 660 1969 695 et
2002 654 2209 695 immolate

293 726 359 753 eos
391 725 526 753 coram
563 712 748 754 Domino,
783 711 822 751 in
855 711 1051 751 sacrificio
1084 711 1335 762 singulorum
1367 711 1540 752 similam
1573 725 1831 766 conspersam
1864 713 1949 754 oleo
1982 713 2207 754 offerentes.

293 772 411 813 1101110
434 772 540 811 0111111
563 771 763 811 Dominus
787 771 1003 823 apparebit
1024 770 1152 811 vobis.
1203 772 1217 794 ⁵
1240 771 1271 810 T
1274 770 1437 811 ulerunt
1460 783 1552 824 ergo
1575 776 1724 812 cuncta
1746 785 1836 825 quae
1857 773 2029 813 iusserat
2050 773 2210 826 Moyses

293 832 351 872 ad>
373 831 523 872 ostium
551 829 821 870 tabernaculi:
851 830 921 870 ubi
948 843 1040 869 cum
1069 829 1199 870 omnis
1228 829 1451 870 multitudo
1480 834 1644 875 astaret,
1704 832 1719 854 θ
1746 831 1804 871 1111
1830 831 2009 884 Moyses:
2040 832 2122 872 Iste
2150 836 2211 871 est

293 903 435 933 sermo,
465 902 584 942 quem
611 889 801 942 praecepit
828 889 1046 929 Dominus:
1077 888 1207 936 facite,
1236 894 1276 929 et
1301 888 1517 942 apparebit
1541 889 1656 929 vobis
1682 889 1809 942 gloria
1833 890 1928 931 eius.
1985 892 1998 913 ⁷
2031 891 2081 931 Et
2105 890 2211 932 dixit

294 949 345 989 ad
377 949 531 989 Aaron:
566 948 722 988 Accede
754 948 806 988 ad
838 947 976 993 altare,
1011 952 1052 988 et
1082 947 1246 988 immola
1280 960 1351 1000 pro
1382 952 1551 1001 peccato
1584 953 1674 988 tuo:
1708 948 1808 989 offer
1838 949 2135 996 holocaustum,
2170 954 2210 990 et

293 1008 508 1061 deprecare
538 1019 609 1060 pro
642 1013 680 1047 te
710 1013 751 1046 et
780 1019 852 1059 pro
882 1006 1044 1060 populo.
1078 1019 1252 1060 0111110110,
1283 1006 1527 1047 mactaveris
1558 1007 1734 1047 hostiam
1765 1007 1916 1061 populi.
1949 1021 2019 1049 ora
2048 1021 2119 1061 pro
2150 1021 2208 1051 eo.

294 1067 399 1107 sicut
430 1066 619 1119 praicepit
650 1065 863 1106 Dominus.

123 1129 252 1190 ῑῐηωυῐῖ-
403 1128 417 1149 ⁸
446 1125 679 1178 Statimque
709 1124 845 1164 Aaron
875 1124 1068 1165 accedens
1099 1125 1151 1165 ad
1181 1124 1320 1169 altare,
1352 1124 1582 1165 immola-vit
1612 1125 1789 1166 vitulum
1819 1139 1890 1179 pro
1920 1132 2088 1179 peccato
2119 1140 2209 1167 suo:

103 1167 273 1228 iwriifin‘ssao,
297 1187 312 1209 ⁹
342 1184 455 1225 cuius
486 1183 723 1235 sanguinem
755 1182 993 1224 obtulerunt
1024 1183 1058 1224 ei
1091 1183 1161 1223 filii
1191 1184 1269 1224 sui:
1302 1184 1342 1224 in
1374 1197 1453 1237 quo
1485 1184 1643 1237 tingens
1674 1184 1860 1238 digitum,
1893 1185 2031 1239 tetigit
2061 1198 2210 1226 cornua

295 1243 446 1289 altaris,
470 1248 511 1284 et
530 1243 640 1283 fudit
659 1242 866 1283 residuum
887 1243 939 1283 ad
961 1242 1091 1283 basim
1112 1243 1207 1283 eius.
1259 1244 1294 1267 ¹⁰
1312 1242 1570 1297 Adipemque
1591 1248 1632 1283 et
1651 1243 1905 1289 renunculos,
1929 1257 1975 1285 ac
1996 1244 2208 1285 reticulum

296 1303 447 1351 iecoris,
483 1315 573 1356 111110
606 1307 700 1342 sunt
734 1315 805 1354 1110
840 1306 1019 1354 peccato,
1055 1301 1237 1343 adolevit
1268 1315 1389 1355 super
1421 1301 1560 1347 altare,
1595 1302 1701 1342 sicut
1731 1309 1980 1356 praeceperat
2012 1303 2212 1344 Dominus

294 1362 444 1415 Moysi:
502 1363 531 1386 11
560 1374 699 1402 carnes
728 1373 822 1401 vero
851 1366 893 1401 ct
919 1360 1065 1413 pellem
1093 1361 1177 1401 eius
1205 1366 1323 1402 extra
1350 1366 1484 1401 castra
1511 1361 1737 1402 combussit
1764 1362 1857 1415 igni.
1916 1364 1946 1386 12
1977 1362 2213 1403 Immolavit

295 1428 336 1461 et
372 1420 599 1461 holocausti
636 1420 865 1460 victimam:
904 1419 1224 1473 obtuleruntque
1261 1420 1295 1460 01
1334 1419 1404 1460 filii
1440 1420 1501 1460 sui
1537 1420 1775 1473 sanguinem
1813 1421 1908 1465 eius.
1949 1434 2069 1475 quem
2105 1421 2212 1461 fudit

296 1493 366 1534 per
400 1479 538 1520 altaris
573 1479 799 1519 circuitum.
863 1480 894 1502 13
927 1479 1058 1531 ipsam
1093 1479 1217 1520 etiam
1251 1479 1429 1520 hostiam
1463 1479 1503 1519 in
1537 1479 1670 1520 frusta
1702 1480 1918 1528 concisam,
1955 1493 2046 1521 cum
2082 1480 2214 1533 capite

296 1544 337 1580 et
368 1538 560 1579 membris
592 1537 757 1591 singulis
790 1537 1039 1578 obtulerunt.
1075 1551 1165 1591 111110
1197 1539 1333 1579 omnia
1365 1551 1485 1591 super
1515 1537 1642 1578 altare
1675 1539 1873 1580 cremavit
1903 1539 1997 1592 igni,
2059 1541 2089 1564 ¹⁴
2121 1539 2213 1580 lotis

296 1611 404 1651 aqua
429 1597 539 1651 prius
566 1597 768 1638 intestinis
795 1602 837 1637 et
861 1597 1044 1650 pedibus.
1100 1599 1130 1621 15
1157 1597 1212 1638 Et
1238 1610 1309 1651 pro
1336 1602 1504 1651 peccato
1530 1597 1670 1650 populi
1696 1597 1880 1645 offerens,
1908 1598 2110 1639 mactavit
2135 1598 2214 1638 hir-

297 1670 407 1697 cum:
437 1657 684 1710 expiatoque
712 1655 842 1701 alta-ri,
900 1658 934 1680 1⁶
960 1656 1057 1696 fecit
1083 1655 1381 1701 holocaustum,
1438 1658 1471 1680 1⁷
1501 1656 1654 1697 addens
1682 1656 1722 1696 in
1750 1657 1947 1698 sacrificio
1975 1657 2212 1700 libamenta.

298 1730 387 1770 quae
415 1716 569 1769 pariter
599 1715 836 1763 offeruntur,
870 1720 910 1756 et
940 1715 1105 1756 adolens
1137 1729 1184 1756 ea
1213 1729 1334 1769 super
1363 1715 1502 1764 altare,
1535 1716 1689 1769 absque
1720 1716 1956 1757 ceremoniis
1987 1715 2213 1757 holocausti

298 1775 503 1816 matutini.
566 1776 600 1799 ¹⁸
636 1774 873 1815 inmolavit
905 1779 947 1815 et
980 1775 1128 1815 bovem
1162 1779 1286 1828 atque
1321 1775 1501 1822 arietem,
1536 1774 1690 1815 hostias
1724 1775 1916 1828 pacificas
1950 1774 2109 1829 populi:
2145 1775 2215 1816 ob-

299 1834 561 1887 tuleruntque
582 1834 615 1874 ei
640 1833 709 1873 filii
730 1834 790 1874 sui
812 1833 1061 1887 sanguinem,
1086 1847 1207 1887 quem
1228 1834 1337 1875 fudit
1357 1846 1478 1887 super
1497 1833 1624 1874 altare
1645 1833 1685 1874 in
1707 1834 1934 1875 circuitum.
1985 1836 2019 1858 1⁹
2038 1834 2212 1887 Adipem

297 1900 435 1934 autem
468 1893 595 1936 bovis,
631 1898 672 1933 et
704 1893 878 1933 caudam
911 1892 1059 1939 arietis,
1093 1893 1417 1947 renunculosque
1450 1906 1542 1933 cum
1575 1893 1763 1946 adipibus
1796 1893 1889 1942 suis,
1925 1899 1966 1934 et
1997 1893 2212 1934 reticulum

298 1952 434 1993 iecoris
493 1954 529 1976 2⁰
558 1957 783 2005 posuerunt
814 1964 935 2004 super
964 1957 1141 2005 pectora.
1176 1965 1350 2006 cunique
1383 1952 1552 1993 cremati
1583 1957 1717 1993 essent
1749 1952 1887 2005 adipes
1920 1965 2040 2005 super
2071 1952 2211 1995 altare,

296 2013 326 2035 2¹
355 2016 519 2064 pectora
543 2023 694 2058 eorum,
722 2016 762 2051 et
787 2023 920 2051 armos
945 2011 1110 2051 dextros
1135 2011 1343 2064 separavit
1366 2012 1515 2058 Aaron,
1543 2010 1705 2051 elevans
1731 2024 1867 2052 coram
1891 2011 2082 2055 Domino,
2110 2011 2215 2051 sicut

299 2075 547 2123 praeceperat
580 2070 752 2123 Moyses„
815 2071 847 2093 ‘22
882 2069 937 2110 Et
971 2069 1194 2110 extendens
1229 2083 1374 2111 manus
1410 2070 1461 2110 ad
1496 2069 1706 2123 populum,
1743 2070 1953 2111 benedixit
1987 2070 2032 2111 ei.
2070 2070 2215 2124 Sicque

300 2129 510 2182 eompletis
542 2128 685 2170 hostiis
716 2141 788 2181 pro
820 2133 1000 2181 peccato,
1035 2133 1076 2169 01
1106 2128 1365 2174 holocaustis,
1400 2134 1441 2170 et
1471 2128 1663 2182 pacificis,
1698 2129 1918 2170 descendit.
1979 2131 2010 2154 23
2045 2129 2215 2181 Ingressi

300 2196 438 2229 autem
457 2188 616 2241 Moyses
635 2192 675 2228 et
692 2188 829 2228 Aaron
847 2187 887 2227 in
905 2187 1217 2228 tabernaculum
1235 2188 1470 2235 testimonii,
1490 2192 1531 2228 et
1549 2188 1739 2243 deinceps
1755 2188 1900 2241 egressi
1918 2188 2215 2230 benedixerunt

300 2247 463 2300 populo.

122 2308 265 2368 ‘¹¹¹¹,{?,¹,¹‘,iss,¹‘’
410 2306 714 2359 aApparuitque
759 2305 885 2359 gloria
923 2306 1088 2347 Domini
1127 2306 1237 2347 omni
1275 2306 1548 2347 multitudini:
1623 2307 1654 2330 2⁴
1693 2311 1733 2347 et
1771 2319 1860 2347 ecce
1898 2319 2076 2360 egressus
2115 2307 2216 2359 1111113

134 2352 255 2404 rimini.
300 2379 323 2405 a
354 2365 543 2407 Domino.
578 2365 794 2406 devoravit
824 2364 1121 2411 holocaustum,
1156 2370 1196 2406 et
1228 2365 1366 2418 adipes
1400 2366 1468 2419 qui
1500 2371 1617 2406 erant
1647 2378 1768 2419 super
1798 2364 1937 2406 altare.
1972 2365 2091 2415 Quod
2123 2379 2214 2406 011111

300 2424 498 2465 vidissent
527 2424 669 2472 turbae,
700 2423 975 2465 laudaverunt
1004 2424 1241 2473 Dominum,
1272 2431 1435 2465 ruentes
1465 2425 1506 2465 in
1536 2424 1657 2465 facies
1687 2438 1792 2465 suas,

798 2529 836 2568 3.
867 2528 1101 2581 Praecepta
1131 2529 1186 2569 de
1217 2529 1472 2580 sanctitate,
1501 2530 1567 2579 10,
1587 2529 1732 2569 1——20.

115 2600 272 2631 fastigatio
408 2594 468 2637 10.
526 2596 536 2617 1
568 2594 832 2647 Arreptisque
863 2594 1022 2643 Nadab,
1055 2599 1095 2635 et
1123 2594 1230 2635 Abiu
1264 2594 1334 2635 filii
1362 2595 1499 2635 Aaron
1530 2593 1758 2639 thuribulis,
1795 2600 2039 2648 bposuerunt
2067 2594 2213 2647 ignem,

110 2642 278 2696 ‘'sifriiiiiiifu'
300 2659 340 2693 et
361 2653 569 2694 incensum
590 2653 772 2706 desuper,
796 2653 1010 2694 offerentes
1030 2666 1167 2694 coram
1187 2654 1364 2695 Domino
1385 2654 1519 2707 ignem
1540 2653 1734 2694 alienum:
1758 2654 1868 2707 quod
1888 2653 1943 2694 eis
1963 2658 2213 2707 praecept-uni

300 2726 379 2753 non
413 2718 510 2753 erat.
572 2714 585 2736 2
618 2712 893 2766 Egressusque
924 2713 1026 2766 ignis
1059 2726 1083 2753 a
1113 2713 1302 2761 Domino,
1337 2712 1553 2754 devoravit
1584 2726 1662 2761 eos,
1697 2718 1738 2753 et
1768 2713 1920 2753 mortui
1951 2718 2047 2753 sunt
2078 2725 2214 2753 coram

303 2771 490 2812 Domino.

137 2826 250 2890 3322}
404 2833 419 2854 ³²
440 2830 637 2883 Dixitque
658 2830 817 2884 Moyses
839 2831 891 2871 ad
911 2831 1066 2871 Aaron:
1092 2831 1180 2871 Hoc
1201 2836 1262 2871 est
1284 2831 1394 2884 quod
1414 2830 1573 2871 locutus
1595 2836 1656 2872 est
1676 2831 1895 2871 Dominus:
1918 2830 2216 2872 Sanctificabor

185 2886 193 2891 ”
301 2889 339 2928 111
368 2889 426 2932 iis,
459 2889 525 2942 qui
556 2889 890 2943 appropinquant
918 2890 1028 2939 mihi,
1059 2895 1100 2931 et
1128 2890 1168 2930 111
1197 2895 1416 2943 conspectu
1446 2890 1576 2931 omnis
1604 2889 1743 2943 populi
1770 2889 2038 2943 glorificabor.
2096 2889 2213 2938 Quod

300 2947 467 2988 audiens
498 2948 623 2988 tacuit
652 2949 800 2990 Aaron.
857 2951 871 2973 ⁴
899 2949 1064 2989 Vocatis
1092 2955 1231 2990 autem
1259 2949 1418 3002 Moyses
1445 2948 1620 2997 Misaele,
1650 2953 1691 2989 et
1718 2948 1942 3002 Elisaphan
1972 2947 2062 2989 filiis
2091 2947 2212 2992 Oziel,

302 3006 434 3059 patrui
468 3007 616 3048 Aaron.
651 3007 707 3047 ait
741 3008 792 3048 ad
824 3021 908 3048 eos:
944 3008 1005 3049 Ite
1038 3013 1079 3048 et
1110 3008 1239 3049 tollite
1272 3008 1416 3049 fratres
1449 3012 1604 3049 vestros
1637 3008 1686 3048 de
1718 3012 1938 3061 conspectu
1970 3006 2212 3050 Sanctuarii,

301 3072 340 3105 et
368 3070 575 3119 asportate
604 3071 720 3106 extra
747 3072 892 3108 castra.
989 3067 1294 3121 Confestimque
1322 3071 1546 3121 pergentes,
1576 3066 1759 3107 tulerunt
1786 3079 1851 3107 eos
1879 3066 1985 3107 sicut
2010 3066 2211 3111 iacebant,

303 3125 470 3165 vestitos
496 3124 609 3165 lineis
636 3125 795 3173 tunicis,
823 3131 864 3166 et
889 3126 1093 3167 eiecerunt
1117 3127 1237 3176 foras,
1266 3131 1312 3167 ut
1337 3126 1412 3167 sibi
1436 3126 1571 3166 fuerat
1596 3125 1855 3178 imperatum.
1913 3127 1927 3149 ‘³
1951 3125 2214 3178 Locutusque

300 3190 359 3223 est
389 3184 548 3236 Moyses
578 3184 629 3223 ad
658 3183 806 3228 Aaron,
838 3190 879 3225 et
907 3185 960 3225 ad
988 3184 1168 3233 Eleazar,
1200 3191 1241 3226 et
1272 3185 1456 3225 ithamar
1487 3184 1587 3225 filios
1617 3184 1718 3224 eius:
1750 3184 1896 3238 Capita
1924 3188 2060 3224 vestra
2090 3183 2214 3224 nolite

301 3243 464 3287 nudare,
492 3247 532 3282 et
557 3241 802 3283 vestimenta
827 3243 950 3284 nolite
975 3244 1167 3293 scindere,
1194 3257 1242 3285 ne
1267 3245 1372 3285 forte
1396 3243 1638 3291 moriamini,
1665 3248 1706 3283 et
1729 3256 1849 3297 super
1872 3255 2034 3283 omnem
2059 3247 2212 3283 coetum

300 3301 454 3342 oriatur
493 3301 729 3354 indignatio.
771 3302 932 3343 Fratres
972 3303 1108 3346 vestri,
1149 3308 1190 3343 et
1228 3302 1359 3344 omnis
1398 3303 1542 3343 domus
1584 3302 1705 3343 [srael
1745 3302 1942 3355 plangant
1980 3301 2211 3342 incendium

432 3430 464 3472 9,
489 3429 532 3462 523
556 3432 594 3461 2¹2
621 3429 692 3462 Δ1100
718 3431 747 3468 2,
778 3431 823 3462 10.
875 3452 891 3453 v
923 3431 971 3472 lo,
999 3433 1015 3463 I
1042 3431 1127 3464 bNm
1154 3431 1185 3470 3,
1211 3431 1245 3470 4;
1272 3431 1325 3469 2⁴5,
1352 3432 1407 3466 ⁴51:
1436 3432 1448 3463 1
1481 3431 1545 3463 l'ar
1571 3431 1622 3469 24,
1649 3432 1677 3463 2.
