2356 3760
281 182 359 222 878
1094 175 1368 211 PROPHETIA
1991 180 2022 219 4,
2048 178 2146 220 1-5‚
2169 179 2191 213 5

509 272 580 323 ΙΙ.
620 270 952 323 Consolatio
992 269 1243 321 Miehaeae
1282 270 1594 335 prophetae,
1633 268 1685 331 4,
1713 270 1857 331 1—5‚
1885 271 1965 323 14.

845 360 883 399 1.
914 358 1157 400 Restitutio
1188 359 1360 410 populi,
1389 359 1428 409 4,
1447 358 1567 409 1-5,
1587 359 1624 399 1.

113 434 144 458 ¹¹¹
167 433 233 458 ⁵³0⁰
277 433 314 476 4.
371 435 384 457 ¹
414 432 469 474 Et
502 433 614 474 aerit:
649 432 694 472 In
723 429 944 471 novissimo
973 428 1130 470 dierum
1212 429 1289 470 erit
1317 442 1433 470 mons
1462 429 1608 470 domus
1636 429 1803 470 Domini
1832 436 2086 484 praeparatus

124 469 221 493 multa»

123 506 220 533 avuto>-
330 492 370 532 in
401 492 551 532 vertice
581 489 796 532 montium.
881 494 922 528 et
951 487 1134 528 sublimis
1164 500 1285 541 super
1314 487 1451 528 colles:

125 540 218 601 ἷῖζῖξῖζῗ,
331 557 371 591 et
403 550 529 590 fluent
562 549 613 588 ad
644 560 735 587 cum
768 546 919 599 populi.
1006 548 1020 570 2
1054 546 1106 587 Et
1137 546 1419 600 properabunt
1448 552 1588 599 gentes
1620 547 1771 594 multae,
1806 552 1847 588 et
1877 547 2033 589 dicent:

332 609 486 651 Venite.
520 606 786 647 ascendamus
818 606 870 646 ad
900 610 1083 646 montem
1114 605 1293 649 Domini.
1378 610 1419 645 et
1449 605 1501 645 ad
1531 605 1699 646 domum
1731 605 1807 646 Dei
1839 605 1980 648 Iacob:

330 675 369 708 et
401 666 561 706 docebit
593 678 664 705 nos
694 665 744 705 de
774 664 848 705 viis
879 663 972 707 suis.
1057 670 1099 704 et.
1128 663 1276 705 ibimus
1305 663 1346 704 in
1376 663 1530 704 semitis
1560 664 1662 704 eius:

331 726 426 778 quia
456 725 504 764 (le
533 723 629 764 Sion
660 723 888 775 egredietur
915 722 992 767 lex,
1077 728 1119 763 et
1148 722 1319 763 verbum
1350 722 1515 763 Domini
1545 723 1595 763 de
1627 722 1858 764 Ierusalem.

294 787 309 809 ³
332 784 383 823 Et
401 782 599 823 iudicabit
612 782 718 823 inter
732 781 904 835 populos
919 781 1083 826 multos.
1153 787 1194 822 et
1208 781 1398 834 corripiet
1411 786 1552 835 gentes
1566 780 1692 822 fortes
1707 795 1835 835 usque
1850 782 1891 822 in
1905 781 2193 837 longinquum:

330 848 371 882 et
404 841 621 883 concident
651 840 806 891 gladios
838 853 931 881 suos
963 840 1003 880 in
1037 852 1232 883 vomeres,
1319 845 1360 880 et
1391 839 1531 880 hastas
1562 852 1655 881 suas
1687 840 1728 881 in
1760 841 1930 894 ligones:

330 913 412 942 non
443 905 578 940 sumet
607 913 703 953 gens
734 899 929 940 adversus
959 904 1123 952 gentem
1152 897 1353 952 gladium:
1439 904 1480 939 et
1509 911 1591 939 non
1622 898 1780 940 discent
1809 899 1919 940 ultra
1949 899 2193 954 belligerare.

295 961 310 983 ⁴
331 959 387 1000 Et
416 959 575 999 sedebit
604 959 666 999 vir
694 958 839 999 subtus
869 958 996 998 vitem
1027 970 1156 1006 suam,
1241 962 1282 998 et
1311 957 1457 998 subtus
1487 957 1609 998 ficum
1639 970 1767 1007 suam,
1800 963 1841 999 et
1883 971 1964 999 non
2008 959 2085 1000 erit
2128 959 2197 1014 qui

543 1018 764 1058 deterreat:

334 1076 430 1130 quia
459 1089 501 1117 os
531 1076 696 1117 Domini
727 1075 981 1116 exercituum
1009 1074 1194 1116 locutum
1225 1081 1298 1116 est.

296 1137 312 1159 ⁶
334 1135 439 1183 Quia
468 1147 607 1176 omnes
638 1134 777 1188 populi
807 1133 1082 1175 ambulabunt
1112 1134 1393 1188 unusquisque
1422 1134 1463 1175 in
1492 1134 1657 1175 nomine
1685 1134 1762 1175 Dei
1791 1134 1871 1175 sui:
1955 1148 2029 1177 nos
2059 1141 2198 1177 autem

544 1193 846 1234 ambulabimus
876 1193 916 1233 in
947 1192 1111 1233 nomine
1140 1193 1307 1234 Domini
1337 1193 1413 1234 Dei
1442 1193 1571 1234 nostri
1601 1193 1641 1234 in
1672 1199 1870 1234 aeternum
1901 1199 1942 1235 et
1971 1193 2090 1236 ultra.

152 1292 200 1316 um
300 1290 314 1313 ⁶
336 1288 383 1329 In
414 1288 477 1329 dic
507 1287 586 1331 illa.
619 1286 718 1328 dicit
746 1285 960 1334 Dominus,
1045 1285 1299 1340 congregabo
1329 1284 1647 1326 claudicantem:

111 1327 247 1351 Dominus

86 1363 112 1387 11,
129 1363 267 1392 mmmm
335 1354 375 1388 et
405 1360 507 1390 eain.
541 1358 665 1400 quam
695 1344 902 1393 eieceram,
935 1344 1139 1398 colligam:
1224 1348 1266 1384 et
1296 1356 1419 1397 quam
1450 1343 1695 1385 afflixeram:

97 1405 255 1458 -ujfsiss'fssm-
301 1408 314 1429 ⁷
340 1406 414 1447 bEt
446 1418 596 1459 ponam
630 1404 930 1444 claudicantem
962 1403 1001 1444 in
1034 1403 1241 1457 reliquias:
1328 1408 1370 1443 et
1400 1416 1502 1448 eam,
1538 1416 1628 1457 quae
1657 1403 1930 1449 laboraverat,
1964 1404 2005 1445 in
2035 1411 2199 1459 gentem

148 1471 204 1495 ΝΠ,
547 1463 778 1504 robustam:

342 1530 398 1564 cet
415 1522 603 1576 regnabit
617 1521 819 1563 Dominus
836 1534 956 1574 super
972 1534 1038 1562 eos
1055 1521 1094 1562 in
1111 1526 1252 1562 monte
1267 1520 1376 1563 Sion.
1448 1534 1497 1561 ex
1513 1521 1589 1562 hoc
1605 1534 1713 1562 nunc
1729 1527 1769 1562 et
1786 1534 1914 1575 usque
1929 1522 1971 1562 in
1987 1529 2197 1565 aeternum.

299 1584 314 1606 ⁸
335 1583 389 1623 Et
420 1588 465 1622 tu
496 1580 617 1621 turris
647 1580 775 1633 gregis
858 1579 1055 1621 nebulosa
1083 1579 1175 1621 filiae
1203 1579 1299 1621 Sion

336 1654 463 1694 usque
492 1641 543 1681 ad
570 1646 610 1680 te
638 1639 793 1679 veniet:
823 1644 864 1679 et
891 1638 1027 1679 veniet
1055 1644 1239 1692 potestas
1266 1638 1410 1692 prima,
1492 1651 1661 1692 regnum
1688 1639 1780 1680 filiae
1808 1638 2040 1683 Ierusalem.

102 1738 254 1765 1‘·¹1*='¹<1¹¹³¹¹‘
301 1735 315 1757 ⁹
339 1733 455 1773 Nunc
487 1745 611 1786 quare
640 1744 812 1772 moerore
842 1730 1118 1772 contraheris?
1201 1730 1405 1784 numquid
1432 1743 1503 1772 rex
1532 1745 1614 1773 non
1644 1738 1706 1773 est
1735 1732 1822 1779 tibi,

106 1771 139 1795 de
163 1777 248 1795 manu

88 1806 268 1830 minaeorum
337 1798 409 1833 aut
440 1790 690 1833 consiliarius
720 1797 816 1831 tuus
846 1790 977 1843 periit.
1064 1789 1160 1843 quia
1189 1790 1499 1843 comprehendit
1529 1796 1570 1831 te
1599 1790 1714 1832 dolor
1743 1791 1848 1834 sicut
1876 1792 2200 1848 parturientem?

91 1848 264 1902 „bggffifssm
286 1853 320 1875 ¹⁰
336 1851 450 1893 Dole.
484 1858 523 1891 et
553 1856 693 1903 satage
724 1849 806 1890 filia
834 1849 931 1890 Sion
1015 1848 1130 1902 quasi
1159 1849 1409 1902 parturiens:

338 1910 433 1963 quia
463 1923 570 1949 nunc
599 1908 811 1962 egredieris
842 1908 890 1948 de
920 1907 1101 1957 civitate,
1186 1912 1228 1948 et
1256 1907 1463 1948 habitabis
1493 1908 1534 1949 in
1563 1908 1737 1962 regione,

336 1976 375 2009 et
407 1968 541 2009 venies
572 1980 700 2021 usque
731 1967 782 2007 ad
814 1966 1081 2020 Babylonem,
1165 1966 1221 2007 ibi
1251 1966 1502 2008 liberaberis:

337 2027 390 2068 ibi
420 2027 591 2067 redimet
622 2033 662 2067 te
691 2026 892 2067 Dominus
975 2025 1025 2066 de
1053 2038 1179 2066 manu
1209 2025 1467 2066 inimicorum
1497 2031 1675 2068 tuorum.

283 2088 312 2110 ¹¹
336 2086 389 2126 Et
421 2099 527 2126 nunc
558 2089 812 2138 congregatae
841 2090 939 2125 sunt
967 2097 1088 2137 super
1117 2090 1157 2125 te
1238 2090 1379 2138 gentes
1408 2084 1561 2134 multae,
1595 2098 1685 2139 quae
1714 2085 1875 2128 dicunt:

337 2144 578 2198 Lapidetur:
611 2150 651 2184 et
682 2143 853 2196 aspiciat
934 2143 975 2183 in
1005 2143 1101 2184 Sion
1132 2143 1271 2184 oculus
1300 2148 1449 2185 noster.

284 2206 316 2228 Π
340 2203 421 2256 Ipsi
452 2210 590 2243 autem
620 2215 701 2242 non
733 2207 1013 2254 cognoverunt
1095 2201 1362 2254 cogitationes
1392 2202 1571 2247 Domini.

338 2269 377 2302 et
405 2275 484 2302 non
512 2260 802 2301 intellexerunt
828 2260 1039 2301 consilium
1068 2260 1170 2300 eius:
1253 2259 1349 2313 quia
1375 2261 1637 2314 congregavit
1665 2275 1730 2303 eos
1759 2263 1874 2316 quasi
1900 2263 2058 2305 foenum
2085 2277 2198 2305 areae.

286 2323 317 2344 ¹3
338 2322 475 2370 Surge.
508 2326 549 2360 et
579 2319 727 2360 tritura
756 2319 838 2359 filia
866 2319 980 2360 Sion:
1067 2319 1163 2372 quia
1191 2332 1316 2360 cornu
1347 2324 1465 2360 tuum
1495 2333 1647 2373 ponam
1675 2320 1863 2371 ferreum,

339 2385 378 2420 et
408 2378 578 2433 ungulas
608 2384 699 2418 tuas
728 2391 879 2431 ponam
907 2391 1047 2418 aereas:
1131 2383 1172 2418 et
1200 2378 1450 2419 comminues
1479 2378 1651 2432 populos
1679 2380 1843 2427 multos,

339 2444 376 2478 et
403 2437 617 2478 interficies
642 2437 819 2478 Domino
843 2436 1007 2490 rapinas
1032 2449 1183 2480 eorum.
1263 2442 1304 2477 et
1327 2437 1614 2478 fortitudinem
1638 2451 1777 2480 eorum
1801 2439 1980 2482 Domino
2004 2440 2204 2482 universae

549 2502 675 2536 terrae.

286 2556 323 2598 5.
381 2558 391 2579 ¹
427 2556 542 2595 Nunc
575 2554 800 2595 vastaberis
831 2554 914 2595 filia
941 2554 1130 2595 latronis:
1217 2554 1469 2596 obsidionem
1500 2562 1725 2609 posuerunt
1756 2570 1876 2611 super
1905 2571 1990 2608 nos,

340 2614 377 2654 in
410 2614 522 2667 virga
551 2613 782 2666 percutient
811 2612 1020 2654 maxillam
1103 2612 1246 2654 iudicis
1279 2613 1413 2654 Israel.

835 2730 873 2769 2.
905 2728 1173 2770 Dominator
1202 2729 1246 2769 in
1278 2729 1431 2781 lsrael,
1460 2729 1500 2781 5,
1520 2731 1666 2772 2-14.

107 2801 126 2823 Ε
154 2801 261 2824 ¹¹1⁶·¹'·¹‘*·
306 2802 319 2823 2
343 2800 433 2839 ‹1ET
464 2800 534 2841 TU
567 2800 915 2841 BETHLEHEM
944 2799 1132 2852 Ephrata
1212 2800 1408 2853 parvulus
1439 2813 1478 2841 es
1508 2800 1549 2841 in
1579 2801 1756 2843 millibus
1788 2802 1909 2844 Iuda:

104 2836 167 2859 lwm
192 2836 263 2865 prin-

103 2877 166 2899 «ψς
192 2871 266 2899 „ms
343 2872 389 2897 ex
421 2868 459 2898 te
489 2859 585 2899 mihi
615 2859 843 2912 egredietur
924 2858 993 2912 qui
1021 2858 1073 2898 sit
1102 2858 1336 2900 dominator
1363 2859 1404 2900 in
1435 2859 1569 2909 Israel,

100 2905 267 2933 ''²‘'''¹¹‘'¹¹¹''
343 2925 380 2955 et
413 2930 590 2969 egressus
621 2918 703 2958 eius
735 2918 786 2959 ab
817 2916 944 2962 initio,
1030 2929 1054 2957 a
1082 2917 1224 2958 diebus
1255 2917 1508 2959 aeternitatis

305 2976 320 2997 ³
341 2975 511 3027 Propter
536 2976 609 3017 hoc
634 2977 749 3018 dabit
773 2990 839 3017 eos
863 2988 991 3029 usque
1015 2976 1066 3016 ad
1090 2980 1265 3029 tempus,
1292 2976 1332 3017 in
1358 2989 1438 3031 quo
1462 2978 1692 3030 parturiens
1716 2978 1864 3032 pariet:
1944 2985 1985 3021 et
2007 2980 2186 3035 reliquiae

550 3035 723 3076 fratrum
754 3035 837 3076 eius
868 3040 1161 3076 convertentur
1190 3036 1242 3076 ad
1272 3035 1372 3076 filios
1405 3036 1540 3078 Israel.

307 3092 321 3114 ⁴
346 3090 398 3131 Et
431 3093 568 3134 stabit.
605 3100 643 3134 et
679 3100 818 3146 pascet
849 3093 890 3134 in
923 3093 1167 3134 fortitudine
1200 3093 1379 3140 Domini,
1468 3094 1508 3135 in
1541 3095 1796 3137 sublimitate
1829 3096 2004 3139 nominis
2036 3098 2203 3140 Domini

552 3152 624 3191 Dei
657 3153 734 3192 sui:

344 3214 382 3305 eFt
414 3217 714 3253 convertentur.
749 3211 843 3265 quia
874 3224 980 3252 nunc
1010 3210 1342 3264 magnificabitur
1423 3225 1551 3266 usque
1582 3213 1633 3254 ad
1665 3214 1858 3255 terminos
1890 3220 2017 3256 terrae.

310 3267 325 3290 ⁶
362 3274 398 3306 :t
431 3267 503 3306 erit
535 3268 609 3308 iste
640 3282 737 3321 pax:

151 3358 228 3383 cuiue

131 3395 249 3424 sumum*
349 3372 437 3398 eum
476 3360 626 3399 venerit
662 3362 846 3414 Assyrius
881 3364 920 3404 in
955 3369 1104 3404 terram
1137 3369 1332 3409 nostram,
1420 3370 1461 3405 et
1494 3365 1658 3418 quando
1692 3364 1910 3407 calcaverit
1941 3365 1981 3406 in
2015 3366 2203 3408 domibus

141 3437 239 3453 omnes
558 3420 722 3460 nostris:

101 3466 194 3488 husten
217 3471 281 3489 qums

125 3501 256 3524 *ww*
431 3511 461 3551 4,
500 3512 516 3544 1
546 3511 597 3544 als
624 3514 653 3544 2.
682 3513 711 3544 2.
811 3514 826 3544 7
853 3514 963 3557 bsoph
991 3516 1021 3554 3,
1050 3516 1099 3548 19.
1159 3536 1165 3537 ff
1196 3515 1267 3548 ch
1294 3516 1323 3554 7,
1350 3516 1405 3555 14;
1433 3515 1478 3549 Le
1504 3517 1533 3556 1,
1559 3516 1611 3550 32.
1637 3537 1678 3540 —
1703 3517 1734 3558 5,
1772 3516 1792 3550 2
1815 3517 1888 3551 <1Mt
1911 3518 1943 3557 2,
1968 3518 2003 3558 63
2031 3517 2068 3551 10
2094 3518 2125 3558 7,
2150 3519 2203 3552 42.
