2356 3760
119 968 148 989 W
168 972 220 990 *tui

104 1006 230 1032 ium-atu.

285 115 380 153 1102
950 107 1171 141 EiusTOLA
1203 105 1338 138 ΗΕΑΊῚ
1366 104 1506 138 ΡΑἱἾᾸ
1961 104 2184 144 5,16-ἢ,5

277 204 422 243 (bristi
451 203 489 243 in
519 202 650 256 plures
678 201 915 242 abumlavit.
975 202 1007 223 ¹⁶
1034 199 1087 239 Et
1116 211 1194 239 nou
1223 197 1327 237 sicut
1354 209 1425 250 per
1451 208 1576 237 unum
1604 199 1834 247 peccatum,
1861 195 1922 237 ita
1947 201 1989 237 et
2015 197 2183 238 donum.

278 276 368 301 uam
396 262 586 302 iudicium
614 261 774 313 quidem
801 273 847 298 ex
875 272 953 298 uuo
978 258 1016 297 in
1042 255 1445 298 condemnationem:
1471 253 1603 307 gratia
1627 259 1766 294 autem
1790 266 1840 294 ex
1862 254 2003 296 multis
2027 255 2186 297 delictis

278 321 315 360 iu
340 320 680 361 iustilicatiouem.
735 320 764 341 ¹⁷
789 318 827 356 Si
852 317 955 356 enim
983 316 1099 356 unius
1124 314 1273 355 delicto
1294 326 1403 354 mors
1427 311 1615 365 regnavit
1637 324 1708 365 per
1730 324 1876 353 unum:
1901 313 2034 355 multo
2055 314 2185 368 magis

276 379 570 419 abundantiam
601 377 751 426 gin-itia*¹
781 385 816 414 et
849 374 1094 421 donationis,
1123 381 1163 413 et
1191 371 1357 413 iustitiae
1386 371 1643 423 accipientes,
1672 370 1713 410 in
1741 370 1830 412 vita
1855 372 2088 425 regnabunt
2115 385 2187 426 per

278 450 400 478 uuum
439 438 562 477 lesum
595 435 809 474 vluisuun.
870 435 901 456 ¹⁵
935 432 1062 483 igitur
1089 432 1195 472 sicut
1222 444 1293 483 per
1321 431 1439 471 unius
1469 428 1661 470 delictum
1691 428 1732 469 in
1762 442 1902 471 omnes
1930 430 2116 472 homines
2144 431 2186 472 in

275 495 673 536 condemnationemz
705 492 758 531 sic
788 499 826 531 et
856 503 927 543 pei·
955 490 1072 531 unius
1101 489 1301 531 iustitiam
1332 489 1371 529 in
1402 501 1540 529 omnes
1568 487 1753 529 homines
1781 487 1822 528 in
1851 488 2185 532 iustificationem

277 554 381 594 vilse.
443 557 471 576 ¹²·
498 553 608 592 Sicut
639 551 742 590 enim
772 563 842 602 pei·
870 548 1187 590 inobedientiam
1218 547 1336 588 unius
1364 546 1552 595 hominis,
1581 552 1816 600 peccatores
1844 547 2062 590 constituti
2089 554 2187 591 sunt

277 612 409 651 multi:
447 612 500 651 itu
535 618 570 650 et
609 623 677 661 per
711 608 826 648 unius
861 607 1150 651 obeditionem,
1186 606 1278 647 iusti
1314 605 1620 647 constituentur
1651 605 1782 646 multi.
1859 607 1896 631 ‘2⁰
1927 606 2012 648 Lex
2046 613 2185 649 autem

275 669 520 709 subintravit
542 677 585 708 ut
608 667 836 708 abundaret
857 666 1063 707 delictum.
1088 665 1167 706 Ubi
1189 670 1326 706 autem
1349 663 1580 705 abundavit
1600 663 1808 714 delictum,
1830 665 2187 719 superabundavit

272 728 413 772 gratia.
464 730 490 751 ²¹
517 734 561 767 ut
584 726 685 767 sicut
709 724 894 777 regnavit
916 730 1131 778 peecatum
1152 723 1193 764 in
1215 728 1410 764 mortem:
1434 722 1493 764 ita
1515 728 1556 763 et
1575 723 1709 776 gratia
1729 729 1871 778 regnet
1891 736 1964 777 per
1982 724 2185 766 iustitiam

274 787 309 825 in
342 786 468 826 vitam
498 795 703 833 aeternam,
734 797 803 837 per
836 784 966 824 Iesum
995 783 1201 824 Christum
1230 781 1455 824 Dominum
1484 786 1684 823 nostrum.

689 888 727 928 3.
757 887 791 926 Α
821 888 1009 938 peccato
1041 887 1203 928 actuali
1235 897 1322 927 nos
1352 886 1530 938 liberat,
1558 887 1597 938 6,
1617 887 1764 927 1-23.

377 962 413 1001 6.
471 962 479 983 ¹
512 958 618 1006 Quid
659 969 750 1009 ergo
791 956 995 997 dicemus?
1037 955 1368 1009 permanebimus
1408 955 1449 995 in
1490 962 1659 1009 peccato
1700 961 1747 997 ut
1787 956 1920 1010 gratia
1975 957 2184 999 abundet?

274 1022 285 1042 -“
314 1018 440 1058 Absit.
471 1017 546 1065 Qui
574 1016 678 1057 euim
706 1015 856 1056 mortui
883 1028 1021 1055 sumus
1048 1021 1230 1067 peccato,
1260 1015 1466 1068 quomodo
1493 1014 1628 1055 adhuc
1654 1014 1841 1056 vivemus
1867 1014 1907 1056 in
1934 1015 2027 1057 illo?
2080 1018 2096 1041 ³
2120 1016 2186 1057 An

271 1076 461 1119 ignoratis
484 1075 576 1128 quia
600 1074 844 1127 quicumque
866 1073 1065 1126 baptizati
1088 1087 1226 1114 sumus
1247 1073 1288 1114 in
1310 1073 1471 1115 Christo
1495 1073 1598 1122 Iesu,
1620 1073 1662 1114 in
1682 1079 1814 1115 morte
1835 1073 1961 1128 ipsius
1983 1075 2186 1128 baptizati

269 1135 429 1175 sumus?
477 1136 490 1158 ⁴
514 1132 768 1186 ==Consepulti
788 1133 895 1173 enim
914 1146 1053 1173 sumus
1074 1146 1165 1173 cum
1185 1132 1253 1174 illo
1272 1145 1344 1186 per
1362 1132 1616 1186 baptismum
1636 1132 1676 1173 in
1695 1138 1890 1174 mortem:
1911 1138 1959 1174 ut
1978 1135 2185 1187 quomodo

268 1193 448 1233 cbristus
473 1192 644 1233 surrexit
670 1206 692 1232 a
716 1191 887 1232 mortuis
912 1204 983 1244 per
1005 1191 1176 1245 gloriam
1200 1191 1349 1240 Patris,
1379 1191 1459 1233 bita
1482 1198 1523 1233 et
1546 1204 1620 1233 nos
1643 1191 1686 1232 in
1710 1191 1897 1234 novitate
1921 1192 2019 1234 vitae
2043 1193 2186 1234 ambu-

269 1253 405 1292 lemus.
457 1254 471 1275 ⁵
494 1251 534 1291 Si
559 1251 663 1291 enim
689 1250 960 1303 complantati
984 1250 1083 1291 facti
1107 1264 1246 1291 sumus
1270 1250 1529 1292 similitudini
1551 1250 1696 1292 mortis
1720 1250 1823 1292 eius:
1848 1250 1969 1292 simul
1992 1257 2034 1293 et
2054 1265 2186 1293 resur-

268 1310 454 1351 rectionis
487 1310 645 1350 erimus.
710 1311 724 1332 ὃ
758 1309 846 1350 Hoc
879 1309 1063 1358 scientes,
1099 1309 1195 1363 quia
1227 1315 1346 1351 vetus
1378 1310 1504 1352 homo
1536 1315 1675 1351 noster
1707 1309 1827 1351 simul
1860 1310 2076 1352 crucifixus
2109 1316 2184 1361 est,

272 1377 312 1409 ut
339 1369 572 1409 destruatur
593 1381 736 1421 eorpus
759 1368 928 1421 peccati,
952 1374 993 1409 et
1016 1367 1124 1409 ultra
1145 1382 1226 1410 non
1249 1368 1474 1410 serviamus
1496 1374 1677 1422 peceato.
1731 1370 1745 1392 ⁷
1768 1368 1847 1417 Qui
1868 1369 1977 1410 enim
1997 1375 2185 1412 mort-uus

135 1438 143 1452 ¹
172 1435 247 1486 ¹¹¹']T.,
272 1436 343 1469 est.
367 1428 608 1468 iustificatus
631 1434 690 1468 est
714 1440 734 1467 a
759 1433 937 1479 peccato.
990 1428 1005 1451 ⁸
1027 1427 1067 1468 Si
1091 1432 1230 1468 autem
1252 1427 1405 1469 mortui
1428 1440 1567 1469 sumus
1590 1441 1682 1468 cuni
1702 1427 1960 1469 CHRISTO:
1984 1428 2186 1470 credimus

252 1486 365 1539 'quia
398 1486 514 1526 simul
547 1486 669 1527 etiam
702 1486 886 1527 vivemus
918 1499 1010 1526 cum
1042 1486 1222 1528 Christo:
1284 1488 1299 1511 ⁹
1331 1487 1502 1528 scientes
1536 1487 1646 1540 quod
1678 1486 1862 1528 Christus
1892 1500 2104 1541 resurgens
2136 1501 2186 1529 ex

271 1545 439 1585 mortuis
463 1545 541 1585 iam
566 1558 644 1585 non
668 1544 851 1589 moritur,
876 1558 984 1586 mors
1007 1544 1063 1585 illi
1087 1544 1195 1586 ultra
1217 1558 1299 1587 non
1322 1545 1615 1587 dominabitur.
1667 1547 1703 1570 ¹⁰
1725 1545 1845 1594 Quod
1868 1546 1975 1587 enim
1997 1552 2186 1588 mortuus

270 1613 325 1643 est
346 1611 523 1656 peccato.
542 1611 726 1645 mortuus
743 1610 803 1645 est
819 1603 959 1645 semel:
978 1604 1088 1657 quod
1105 1610 1243 1645 autem
1260 1604 1376 1651 vivit,
1395 1604 1502 1646 vivit
1515 1605 1615 1646 Deo.
1660 1607 1690 1629 ¹¹
1710 1604 1776 1646 Ita
1790 1610 1832 1646 et
1846 1618 1920 1646 vos
1936 1604 2183 1655 existimate,

271 1676 339 1701 vos
371 1669 550 1703 mortuos
582 1662 744 1715 quidem
775 1675 858 1703 esse
888 1668 1070 1715 peceato,
1103 1662 1290 1704 viventes
1321 1669 1460 1705 autem
1488 1663 1590 1707 Deo.
1621 1663 1663 1704 in
1693 1663 1854 1705 Christo
1886 1664 1977 1705 Iesu
2005 1664 2186 1706 Domino

271 1728 419 1761 nostro.

376 1782 404 1803 ¹²
427 1780 512 1820 Nou
533 1793 624 1828 ergo
642 1786 781 1833 regnet
798 1786 1014 1833 peecatum
1032 1781 1072 1821 in
1092 1786 1228 1822 vestro
1246 1781 1411 1823 mortali
1429 1794 1595 1835 corpore
1613 1786 1660 1822 ut
1679 1781 1879 1822 obediatis
1898 1782 2186 1836 concupiscen-

199 1857 247 1878 Μ,
274 1838 336 1877 tii>-
367 1838 460 1879 eius.
522 1841 551 1863 ¹³
581 1839 658 1879 Sed
689 1852 818 1892 neque
849 1839 1077 1881 exhibeatis
1106 1840 1292 1881 membra
1322 1846 1460 1882 vestra
1490 1853 1604 1881 arma
1633 1840 1865 1893 iniquitatis
1895 1846 2083 1893 peccato:
2115 1841 2186 1882 sed

270 1897 455 1937 exhibete
482 1911 551 1938 vos
576 1898 674 1939 Deo.
703 1903 915 1951 tamquam
940 1911 990 1939 ex
1013 1899 1187 1940 mortuis
1212 1899 1417 1940 viventes:
1444 1905 1486 1940 et
1508 1899 1693 1939 membra
1718 1904 1855 1940 vestra
1879 1912 1995 1940 arma
2017 1899 2186 1941 iustitiae

273 1955 366 1995 Deo.
421 1958 450 1979 ¹⁴
476 1956 693 1997 Peccatum
719 1956 825 1997 enim
852 1957 967 1998 vobis
992 1970 1074 1999 non
1100 1957 1398 1999 dominabitur:
1426 1971 1508 1999 non
1533 1958 1641 1999 enim
1666 1958 1741 1998 sub
1766 1957 1851 2012 lege
1877 1958 1986 2007 estis,
2013 1958 2084 2000 sed
2108 1959 2184 2000 sub

271 2022 410 2056 uratia.

378 2075 405 2096 ¹⁵
427 2073 531 2121 Quid
553 2073 669 2121 erqo?
691 2075 961 2126 peccabimus,
986 2075 1180 2129 quoniam
1201 2089 1283 2117 non
1305 2090 1445 2117 sumus
1466 2076 1542 2117 sub
1562 2075 1659 2130 lege,
1683 2075 1753 2116 sed
1774 2076 1849 2116 sub
1870 2075 2028 2130 gratia?
2050 2076 2183 2118 Absit.

183 2149 218 2164 w>
274 2133 305 2153 ¹⁶
339 2131 527 2171 Nescitis
555 2133 744 2184 quoniam
772 2133 834 2173 cui
861 2134 1059 2175 exhibetis
1086 2147 1158 2176 vos
1185 2148 1322 2175 servos
1349 2135 1401 2176 ad
1427 2134 1714 2183 obediendum,
1742 2134 1847 2176 servi
1873 2134 1969 2176 estis
1995 2135 2092 2184 eius,
2120 2135 2184 2176 cui

152 2218 155 2233 ,
213 2185 246 2235 ’.ιζ
273 2189 456 2231 obeditis.
484 2190 566 2229 sive
591 2191 743 2243 peceati
771 2192 822 2232 ad
846 2198 1032 2241 mortem,
1059 2193 1144 2234 sive
1170 2193 1414 2235 obeditionis
1440 2194 1492 2234 ad
1516 2193 1743 2234 iustitiam?
1796 2195 1830 2218 1⁷
1855 2193 2020 2235 Gratias
2045 2199 2185 2235 autem

273 2247 356 2287 Deo
383 2249 488 2300 quod
515 2248 645 2289 fuistis
671 2250 772 2289 servi
798 2251 965 2303 peceati.
993 2252 1186 2293 obedistis
1211 2258 1350 2293 autem
1376 2266 1425 2293 ex
1449 2252 1570 2294 corde
1594 2252 1634 2292 in
1659 2266 1749 2293 eam
1774 2252 1949 2294 formam
1974 2253 2182 2302 doetrinae‚

272 2306 307 2345 in
332 2320 450 2359 quam
475 2308 613 2348 traditi
635 2308 741 2349 estis.
791 2311 824 2332 ¹²³
846 2309 1023 2351 Liberati
1044 2316 1183 2352 autem
1204 2325 1226 2352 a
1246 2316 1428 2365 peccato,
1451 2311 1557 2352 servi
1576 2311 1677 2353 faeti
1697 2311 1793 2352 estis
1812 2311 1991 2352 iustitiae.
2041 2313 2076 2336 ¹⁹
2097 2311 2185 2352 Hu-

272 2378 433 2405 manum
465 2366 565 2407 dico.
597 2372 763 2419 propter
792 2368 1070 2410 infirmitatem
1100 2370 1231 2410 earnis
1260 2376 1425 2411 vestrae:
1456 2370 1562 2411 sieut
1590 2370 1697 2411 enim
1727 2370 1970 2411 exhibuistis
1999 2370 2186 2411 membra

272 2431 402 2463 vestra
428 2425 575 2464 servire
600 2425 877 2468 immunditiae.
904 2434 943 2468 et
966 2428 1176 2481 iniquitati
1199 2429 1251 2470 ad
1273 2429 1550 2482 iniquitatem,
1574 2429 1634 2470 ita-
1655 2442 1763 2470 nune
1787 2428 1977 2470 exhibete
1999 2429 2185 2470 membra

273 2489 403 2521 vestra
441 2483 586 2523 servire
623 2483 787 2525 iustitize
824 2485 861 2524 in
898 2487 1276 2529 sanctificationem.
1341 2489 1377 2512 ²⁰
1412 2488 1513 2529 Cum
1549 2487 1656 2528 enim
1693 2487 1799 2528 servi
1834 2487 1975 2529 essetis
2010 2487 2182 2541 peceati,

271 2539 379 2579 liberi
406 2541 535 2581 fuistis
561 2542 735 2583 iustitife
788 2545 814 2566 ‘2¹
843 2544 970 2591 Quem
995 2559 1087 2599 ergo
1110 2546 1289 2587 fructum
1313 2547 1515 2588 habuistis
1539 2552 1638 2588 tunc
1660 2547 1701 2587 in
1724 2546 1814 2595 illis,
1838 2546 1879 2586 in
1904 2546 2052 2600 quibus
2075 2559 2184 2588 nunc

270 2599 526 2640 erubescitis?
564 2601 664 2641 Nam
699 2601 784 2640 finis
816 2601 973 2643 illorum
1006 2617 1112 2645 mors
1143 2612 1215 2646 est.
1276 2607 1308 2630 '22
1342 2606 1458 2647 Nune
1490 2619 1585 2647 vero
1616 2605 1777 2646 liberati
1809 2618 1833 2646 a
1862 2611 2045 2659 peccato,
2078 2605 2184 2646 servi

271 2664 403 2697 autem
436 2658 530 2698 faeti
561 2659 657 2701 Deo.
689 2660 846 2701 habetis
877 2662 1052 2702 fructum
1082 2669 1263 2705 vestrum
1292 2664 1333 2705 in
1362 2664 1744 2713 sanctificationem,
1775 2664 1898 2705 finem
1926 2677 2023 2706 vero
2051 2663 2183 2705 vitam

271 2725 472 2756 :etc—ruam.
536 2721 566 2741 '³²⁵
599 2718 811 2770 Stipendia
844 2719 949 2760 enim
984 2722 1152 2772 peccati,
1188 2736 1308 2764 mors.
1345 2723 1489 2764 Gratia
1523 2729 1661 2764 autem
1695 2723 1784 2771 Dei,
1820 2722 1909 2764 Vita
1941 2728 2106 2772 aetema,
2142 2722 2183 2762 in

272 2774 427 2814 ‘'bristo
465 2776 546 2815 lesu
579 2777 754 2818 Domino
786 2785 935 2819 nostro.

693 2882 729 2920 4.
760 2881 793 2920 Α
824 2882 1043 2923 servitute
1073 2883 1191 2935 legis
1222 2896 1309 2926 nos
1338 2885 1515 2936 liberat,
1544 2887 1583 2936 7,
1604 2885 1750 2926 1ffl25.

385 2961 413 2986 c.
472 2950 477 2970 ¹
515 2949 571 2987 ,Nu
603 2949 793 2992 ignoratis
821 2952 965 2992 fratres
994 2953 1231 3001 (scientibus
1258 2955 1365 2995 enim
1393 2955 1521 3009 legem
1549 2955 1711 3009 loquor)
1739 2955 1835 3009 quia
1860 2954 1925 2996 lex
1952 2955 1993 2995 in
2020 2955 2184 2996 homine

173 3000 177 3001 ⁷
213 3022 229 3037 2>
276 3004 507 3044 dominatur
533 3016 684 3057 quanto
711 3016 890 3062 tempore
918 3010 1045 3052 vivit?
1098 3014 1112 3036 2
1139 3013 1265 3053 ‹lNam
1293 3027 1383 3067 quae
1407 3015 1482 3055 sub
1508 3014 1595 3056 viro
1621 3020 1682 3055 est
1705 3013 1861 3064 mulier,
1889 3013 2055 3055 vivente
2080 3013 2181 3062 viro,

275 3061 434 3123 :difflata
463 3072 516 3101 est
547 3064 636 3106 leui:
665 3067 692 3105 si
721 3076 854 3108 autem
883 3075 1068 3110 mortuus
1095 3070 1215 3111 fuerit
1242 3072 1302 3111 vir
1326 3073 1422 3117 eius,
1451 3073 1587 3114 soluta
1611 3079 1672 3114 est
1698 3086 1721 3114 a
1744 3072 1829 3126 lege
1854 3072 1943 3114 viri.
1995 3074 2011 3097 ³
2039 3072 2180 3126 Igitur,

277 3128 436 3183 vix-intr·
467 3122 561 3164 viro,
595 3125 805 3165 vocabitur
833 3127 1016 3168 adultera
1045 3128 1075 3168 si
1104 3129 1226 3170 fuerit
1255 3144 1345 3171 cum
1375 3131 1453 3173 alio
1482 3132 1587 3173 viro:
1617 3131 1649 3173 si
1677 3137 1816 3172 autem
1843 3137 2032 3172 mortuus
2058 3130 2184 3171 fuerit

276 3191 334 3216 vir
355 3193 448 3219 eius.
472 3180 637 3219 liberata
661 3192 714 3220 est
740 3199 757 3222 a
783 3184 863 3228 lem·
885 3185 976 3225 viri:
999 3194 1044 3227 ut
1065 3200 1144 3228 non
1167 3188 1218 3229 sit
1239 3188 1425 3230 adultera
1444 3190 1474 3230 si
1496 3190 1619 3231 fuerit
1639 3204 1730 3231 eum
1751 3189 1829 3231 alio
1850 3189 1950 3231 viro.
1998 3191 2014 3214 4
2036 3189 2182 3242 Itaque

276 3236 420 3299 fratrs—5
446 3239 516 3276 uia—i
545 3247 582 3277 vt
612 3252 679 3302 vo>-
707 3243 935 3283 mortuis-ati
964 3245 1058 3286 estis
1084 3245 1157 3292 legi
1186 3259 1256 3299 pei·
1281 3261 1425 3300 corpus
1451 3249 1618 3290 Christi:
1646 3255 1691 3290 ut
1717 3249 1804 3290 sitis
1830 3248 2009 3297 alterius,
2038 3247 2106 3301 qui
2132 3260 2181 3288 ex

276 3304 442 3334 mortui>-
470 3306 696 3339 resurrexit.
724 3309 761 3338 ut
792 3302 1079 3343 fructificemus
1105 3305 1201 3345 Deo.
1254 3307 1268 3329 ⁵
1293 3306 1391 3346 (Tum
1418 3307 1524 3348 enim
1550 3321 1727 3348 essemus
1751 3308 1792 3347 in
1816 3320 1948 3355 earne,
1973 3306 2182 3360 passiones
