2356 3760
275 167 350 208 816
1085 165 1362 199 PROPHETIA
1929 169 1981 209 29,
2007 169 2149 210 20-31,
2174 171 2195 203 4

272 260 371 301 dicit
400 259 602 300 Dominus
632 259 761 299 Deus:
795 259 898 299 Eece
929 272 1001 311 ego
1032 259 1139 300 dabo
1172 259 1552 300 Nabuchodonosor
1580 272 1715 313 regem
1747 260 1970 314 Babylonis
2000 264 2041 304 in
2072 264 2196 305 Terra

272 319 460 372 AEgypti:
487 324 527 359 et
553 318 723 371 accipiet
749 317 1058 358 multitudinem
1084 318 1180 363 eius,
1208 323 1247 358 et
1273 318 1578 371 depraedabitur
1601 319 1818 359 manubias
1843 320 1939 369 eius,
1966 327 2007 363 et
2031 322 2195 376 diripiet

272 377 398 430 spolia
425 377 527 418 eius:
554 384 593 417 et
619 377 693 416 erit
719 389 870 416 merces
895 376 1091 416 exercitui
1116 376 1232 421 illius,
1287 378 1323 401 ²⁰
1346 383 1387 418 et
1412 377 1534 430 operi,
1563 390 1642 430 quo
1668 377 1838 419 servivit
1863 379 2058 421 adversus
2083 394 2191 422 earn:

272 436 364 476 dedi
393 436 426 476 ei
456 437 618 476 Terram
649 434 829 487 AEgvpfi,
859 447 932 488 pro
961 448 1005 475 eo
1036 435 1146 488 quod
1173 435 1422 476 laboraverit
1450 435 1560 485 mihi,
1591 436 1649 476 ait
1676 436 1878 477 Dominus
1905 438 2028 480 Deus.
2084 441 2115 464 ²¹
2146 440 2192 480 In

273 495 336 535 die
365 494 431 535 illo
462 493 679 548 pullulabit
710 506 833 533 cornu
864 493 1002 534 domui
1036 493 1169 537 lsrael.
1201 500 1242 535 et
1270 494 1345 535 tibi
1375 494 1481 535 dabo
1512 500 1700 548 apertum
1730 508 1773 536 os
1801 495 1842 536 in
1870 497 2004 538 medio
2034 510 2191 539 eorum:

271 560 310 594 et
340 554 466 594 scient
496 553 591 606 quia
619 565 690 604 ego
719 551 932 593 Dominus,

64 614 252 674 diffisffiigtiffis
380 611 442 654 30.
500 614 511 635 ¹
536 611 591 651 Et
613 612 769 651 factum
794 617 854 651 est
878 611 1049 651 verbum
1073 612 1239 652 Domini
1263 612 1314 652 ad
1337 625 1413 658 1119,
1439 611 1593 652 dicens:
1645 614 1659 636 2
1681 612 1756 652 Fili
1780 612 1955 654 hominis
1977 614 2191 668 propheta,

95 656 161 679 *¹*
256 669 311 711 ’91
341 671 422 711 dic:
452 670 550 710 11990
577 670 674 710 (11911
701 670 903 710 Dominus
929 670 1058 710 Deus:
1089 670 1266 718 Ululate,
1296 683 1369 719 vae,
1397 683 1459 711 vae
1485 670 1581 711 diei:
1635 673 1651 695 3
1677 671 1773 725 quia
1798 671 1917 712 iuxta
1942 678 2003 714 est
2029 673 2125 723 dies,
2153 679 2195 715 et

273 729 578 783 appropinquat
606 728 689 769 dies
715 728 900 769 Domini:
929 729 1012 769 dies
1039 730 1170 777 nubis,
1200 735 1362 782 tempus
1388 729 1584 770 Gentium
1611 729 1697 771 erit.
1752 732 1766 754 ⁴
1792 730 1848 771 Et
1873 731 2011 773 veniet
2035 732 2193 785 gladius

271 789 310 828 111
338 788 585 841 AEgyptum:
615 792 655 828 91
683 787 757 828 9111
787 801 915 841 pavor
941 787 981 828 in
1009 787 1232 841 AEthiopia,
1263 801 1355 828 cum
1384 788 1603 829 ceciderint
1630 788 1834 830 vulnerati
1862 789 1902 830 in
1930 790 2123 844 AEgypto‚
2153 797 2195 832 et

271 846 410 887 ablata
433 847 554 887 fuerit
578 846 801 887 multitudo
824 846 941 888 illius.
966 853 1005 887 et
1028 847 1241 887 destructa
1261 847 1535 888 fundamenta
1556 847 1652 888 eius.
1702 849 1717 871 5
1738 847 1961 902 AEthiopia,
1985 855 2026 890 et
2047 849 2191 904 Libya,

271 911 311 946 et
338 906 455 959 Lydi.
485 911 526 946 et
553 919 672 947 omne
699 905 900 958 reliquum
929 905 1087 958 vulgus,
1116 910 1158 946 et
1184 905 1313 953 Chub,
1343 911 1383 946 et
1411 905 1481 946 filii
1508 911 1625 947 terrae
1651 906 1827 951 foederis,
1858 920 1950 948 cum
1978 908 2032 948 eis
2058 908 2192 962 gladio

270 965 430 1005 cadent.
482 967 496 988 ⁶
518 964 614 1005 Haec
633 964 731 1005 dicit
750 964 952 1004 Dominus
971 964 1101 1005 Deus:
1122 964 1178 1005 Et
1197 970 1388 1005 corruent
1405 965 1619 1005 fulcientes
1638 965 1878 1019 AEgyptum,
1900 971 1941 1007 et
1959 967 2194 1008 destruetur

269 1023 459 1077 superbia
481 1023 638 1076 imperii
661 1023 763 1063 eius:
788 1036 811 1063 a
832 1028 942 1063 turre
963 1023 1116 1077 Syenes
1136 1023 1271 1077 gladio
1295 1024 1444 1065 cadent
1464 1023 1505 1064 in
1527 1037 1585 1069 ea,
1610 1024 1666 1064 ait
1688 1024 1891 1066 Dominus
1912 1025 2023 1066 Deus
2045 1026 2194 1067 exerci-

269 1088 400 1124 tuum.
458 1084 471 1105 ⁷
498 1088 538 1123 et
564 1082 875 1135 dissipabuntur
898 1081 939 1122 in
965 1082 1098 1123 medio
1126 1088 1327 1123 terrarum
1353 1082 1643 1131 desolatarum,
1672 1089 1712 1124 et
1738 1084 1857 1124 urbes
1882 1084 1967 1125 eius
1992 1084 2033 1124 in
2058 1085 2192 1126 medio

269 1142 488 1182 civitatum
518 1141 771 1182 desertarum
802 1146 933 1182 erunt.
994 1142 1009 1165 s
1037 1141 1093 1182 Et
1122 1142 1251 1182 scient
1281 1142 1377 1195 quia
1405 1155 1476 1195 ego
1506 1142 1727 1183 Dominus:
1759 1155 1851 1183 cum
1881 1143 2029 1184 dedero
2057 1143 2193 1197 ignem

268 1200 308 1240 in
340 1201 533 1253 ,Eg-ymo,
568 1206 607 1241 91
640 1199 773 1240 attriti
805 1200 957 1240 fuerint
989 1214 1128 1241 omnes
1161 1200 1424 1242 auxiliatores
1456 1200 1552 1242 eius.
1615 1203 1630 1224 ⁹
1663 1201 1710 1241 In
1742 1201 1806 1242 die
1836 1201 1905 1242 illa
1935 1202 2194 1256 egredientur

269 1259 404 1299 nuncii
438 1272 458 1299 a
492 1259 594 1299 facie
626 1272 717 1299 mea
749 1259 789 1299 in
822 1259 1011 1299 trieribus
1044 1259 1096 1299 ad
1129 1260 1420 1301 conterendam
1453 1259 1673 1313 AEthiopiae
1706 1260 2009 1308 confidentiam,
2045 1267 2086 1302 et
2118 1261 2193 1302 erit

268 1331 398 1371 pavor
418 1318 457 1358 in
479 1319 533 1358 eis
554 1318 594 1358 in
616 1318 679 1358 die
700 1318 881 1371 AEgypti.
906 1318 1002 1371 quia
1023 1318 1177 1371 absque
1198 1318 1323 1360 dubio
1345 1318 1494 1360 veniet.
1544 1320 1580 1343 ¹⁰
1600 1318 1698 1359 Haec
1719 1319 1818 1360 dicit
1837 1319 2040 1360 Dominus
2060 1320 2190 1361 Deus:

269 1390 422 1417 cessare
454 1377 602 1417 faciam
635 1377 944 1417 multitudinem
976 1377 1145 1431 AEgypti
1177 1377 1217 1417 in
1249 1391 1375 1418 manu
1408 1377 1789 1419 Nabuchodonosor
1818 1378 1921 1431 regis
1953 1378 2189 1432 Babylonis,

268 1438 298 1460 ¹¹
331 1436 422 1489 11139
453 1442 493 1477 91
521 1435 697 1490 11011111113
728 1436 811 1476 91113
842 1449 933 1476 011111
965 1449 1010 1477 90
1040 1436 1251 1477 fortissimi
1281 1436 1476 1478 Gentium
1507 1437 1766 1477 adducentur
1795 1437 1847 1477 ad
1876 1436 2192 1491 disperdendam

268 1500 438 1535 terram:
467 1501 506 1536 et
535 1495 815 1549 evaginabunt
841 1495 997 1549 gladios
1024 1508 1117 1537 suos
1144 1509 1265 1549 super
1291 1496 1537 1549 AEgyptum:
1567 1501 1608 1536 et
1633 1495 1865 1549 implebunt
1892 1501 2042 1537 terram
2068 1496 2192 1538 inter—

268 1554 396 1595 fectis.
443 1556 474 1578 ¹2
491 1554 546 1595 Et
560 1554 709 1595 faciam
727 1554 863 1595 alveos
880 1554 1095 1595 fluminum
1114 1554 1260 1603 aridos,
1279 1560 1320 1595 et
1336 1555 1499 1595 tradam
1515 1560 1667 1595 terram
1683 1555 1723 1594 in
1740 1568 1886 1595 manus
1902 1555 2190 1608 pessimorum:

268 1618 308 1653 et
326 1613 531 1666 dissipabo
549 1619 712 1661 terram,
732 1619 771 1653 et
788 1613 1086 1666 plenitudinem
1104 1613 1188 1654 eius
1203 1626 1329 1653 manu
1347 1613 1584 1661 alienorum,
1603 1627 1674 1667 ego
1691 1614 1894 1654 Dominus
1909 1614 2070 1655 locutus
2087 1628 2189 1656 sum.

59 1671 246 1732 dggffiffflfffi
376 1674 407 1696 ¹³
446 1672 563 1713 ³Haec
597 1672 695 1712 dicit
729 1671 931 1713 Dominus
964 1672 1094 1712 Deus:
1130 1672 1187 1712 Et
1220 1672 1453 1726 disperdam
1487 1671 1744 1721 simulachra,
1781 1677 1823 1713 et
1856 1685 2010 1713 cessare
2043 1673 2192 1714 faciam

96 1727 105 1732 ⁸
249 1728 375 1771 'idola
406 1731 454 1771 de
484 1731 703 1784 Memphis:
736 1736 777 1771 et
805 1731 890 1771 dux
919 1731 968 1771 de
999 1731 1122 1771 Terra
1149 1731 1319 1785 AEgypti
1349 1744 1430 1772 non
1460 1731 1536 1772 erit
1565 1730 1758 1784 amplius:
1790 1736 1830 1772 et
1859 1731 1966 1773 dabo
1996 1736 2192 1773 terrorem

266 1790 306 1830 in
335 1790 455 1830 Terra
482 1790 663 1843 AEgypti.
719 1792 751 1813 ¹¹
776 1789 832 1830 Et
858 1789 1091 1843 disperdam
1118 1796 1269 1831 terram
1296 1790 1539 1838 Phathures,
1568 1796 1609 1831 et
1635 1790 1741 1831 dabo
1769 1790 1902 1843 ignem
1928 1790 1969 1830 in
1996 1791 2188 1844 Taphnis,

266 1854 307 1889 et
330 1849 479 1889 faciam
503 1849 654 1889 iudicia
676 1849 716 1889 in
740 1849 1001 1890 Alexandria.
1055 1851 1086 1873 ¹5
1110 1849 1166 1889 Et
1189 1849 1398 1890 effundam
1423 1849 1749 1902 indignationem
1772 1862 1907 1889 meam
1931 1862 2052 1903 super
2074 1849 2191 1891 Pelu-

267 1908 370 1948 sium
401 1908 525 1949 robur
555 1908 736 1962 AEgypti.
769 1912 809 1948 et
838 1908 1081 1949 interficiam
1112 1908 1423 1949 multitudinem
1453 1908 1723 1957 Alexandriae,
1783 1909 1818 1932 ¹⁶
1848 1914 1888 1948 et
1918 1908 2025 1950 dabo
2055 1908 2190 1962 ignem

266 1967 306 2007 in
334 1967 533 2020 *Egyptoz
564 1967 677 2021 quasi
706 1967 937 2020 parturiens
965 1967 1120 2008 dolebit
1146 1967 1366 2013 Pelusium,
1396 1972 1437 2008 et
1463 1967 1714 2008 Alexandria
1740 1967 1816 2008 erit
1842 1967 2053 2021 dissipata,
2082 1972 2123 2008 et
2148 1967 2190 2008 in

266 2026 467 2079 Memphis
494 2026 693 2080 angustia}
720 2026 981 2079 quotidianae.
1037 2028 1070 2050 ¹⁷
1099 2026 1272 2067 Iuvenes
1300 2026 1571 2080 HeliopoleOS,
1600 2031 1640 2067 et
1667 2026 1841 2067 Bubasti
1866 2025 2000 2080 gladio
2027 2027 2187 2073 cadent,

266 2091 306 2125 et
338 2084 434 2138 111399
466 2085 641 2139 captivae
673 2086 886 2126 ducentur.
947 2087 982 2109 ¹⁸
1014 2085 1068 2126 Et
1100 2085 1141 2125 in
1174 2085 1354 2139 Taphnis
1386 2085 1586 2139 nigrescet
1617 2085 1713 2129 (1193,
1748 2098 1840 2126 011111
1873 2085 2102 2126 contrivero
2134 2085 2190 2127 ibi

266 2152 426 2197 sceptra
458 2144 638 2198 rEgypti.
673 2149 713 2184 et
744 2144 935 2185 defecerit
967 2144 1007 2184 in
1039 2158 1086 2185 ea
1116 2145 1307 2198 superbia
1336 2145 1533 2198 potentiae
1564 2144 1666 2185 eius:
1699 2144 1829 2198 ipsam
1860 2144 1989 2185 nubes
2021 2144 2187 2198 operiet,

266 2203 356 2243 filiae
387 2208 525 2243 autem
557 2203 641 2243 eius
671 2203 712 2242 in
743 2203 1031 2256 captivitatem
1063 2203 1276 2244 ducentur.
1337 2205 1372 2227 ¹⁹
1402 2203 1457 2244 Et
1486 2203 1637 2244 iudicia
1665 2203 1815 2244 faciam
1846 2202 1886 2243 in
1917 2203 2117 2257 AEgypto:
2149 2208 2190 2244 et

267 2262 394 2302 scient
425 2262 521 2315 quia
548 2275 619 2315 ego
648 2262 862 2302 Dominus.

87 2327 235 2374 *naghiffln
373 2322 409 2344 2⁰
428 2320 483 2361 Et
503 2320 660 2361 factum
682 2326 742 2361 est
763 2321 803 2360 in
825 2321 1040 2361 undecimo
1063 2334 1181 2365 anno.
1204 2321 1245 2361 in
1266 2321 1396 2374 primo
1417 2334 1567 2368 mense,
1590 2320 1630 2361 in
1652 2321 1826 2374 septima
1847 2321 2008 2370 mensis,
2030 2321 2189 2362 factum

82 2369 239 2428 lffilgessffiss
267 2387 322 2420 931
362 2380 533 2420 verbum
568 2380 733 2421 Domini
769 2380 820 2419 ad
854 2393 929 2425 1119,
967 2380 1121 2420 (1199113;
1184 2381 1215 2403 ‘²¹
1264 2379 1339 2420 Fili
1373 2379 1548 2421 hominis
1582 2379 1795 2420 brachium
1829 2379 2053 2420 Pharaonis
2086 2380 2189 2434 regis

265 2439 434 2492 *Egypti
457 2439 652 2492 confregi:
677 2445 716 2479 et
739 2452 829 2479 9999
851 2452 932 2479 11011
955 2444 1016 2479 931
1038 2439 1283 2480 obvolutum
1306 2444 1353 2479 ut
1373 2439 1659 2479 restitueretur
1680 2438 1714 2479 ei
1737 2438 1903 2487 sanitas,
1928 2443 1975 2479 ut
1995 2438 2190 2492 ligaretur

264 2498 423 2551 panniS,
444 2504 483 2538 et
500 2498 741 2538 fasciaretur
757 2497 945 2546 1111190113,
965 2503 1010 2538 111
1027 2503 1190 2551 19991110
1208 2498 1352 2539 robore
1370 2502 1507 2551 posset
1524 2503 1661 2538 tenere
1677 2496 1871 2550 gladium.
1917 2498 1949 2521 ‘²²
1966 2497 2191 2551 Propterea

265 2557 349 2597 haee
376 2557 474 2597 dicit
499 2556 701 2598 Dominus
727 2557 856 2597 Deus:
884 2556 989 2597 Ecce
1016 2570 1087 2610 ego
1115 2557 1166 2598 ad
1191 2556 1449 2597 Pharaonem
1474 2569 1609 2610 regem
1635 2556 1817 2610 AEgypti,
1846 2561 1887 2596 et
1912 2556 2189 2597 comminuam

267 2616 478 2657 brachium
510 2616 593 2656 eius
624 2616 741 2659 forte.
776 2616 845 2656 sed
877 2615 1152 2656 confractum:
1186 2621 1225 2657 et
1257 2616 1442 2657 deiiciani
1473 2615 1655 2669 gladium
1687 2615 1736 2656 de
1767 2628 1893 2655 manu
1924 2615 2026 2656 eius:
2086 2617 2119 2640 ²³
2149 2619 2190 2656 et

266 2675 495 2728 dispergam
530 2674 755 2728 AEgyptum
790 2674 830 2714 in
864 2674 1077 2718 Gentibus,
1113 2681 1154 2716 et
1186 2674 1396 2715 ventilabo
1431 2688 1497 2716 eos
1530 2675 1571 2715 in
1603 2674 1732 2715 terris.
1794 2675 1827 2698 ²⁴
1858 2673 1914 2714 Et
1947 2673 2188 2715 confortabo

267 2734 433 2774 brachia
466 2734 567 2787 regis
604 2734 839 2787 Babylonis
876 2734 1065 2787 daboque
1099 2734 1281 2787 gladium
1315 2747 1453 2774 meum
1486 2734 1527 2774 in
1561 2746 1687 2773 manu
1722 2733 1823 2773 eius:
1860 2737 1902 2773 et
1935 2733 2188 2787 confringam

267 2793 434 2834 brachia
450 2793 687 2837 Pharaonis,
708 2798 747 2833 91
764 2798 928 2846 gement
945 2793 1166 2846 gemitibus
1184 2792 1388 2834 interfecti
1407 2805 1543 2833 coram
1561 2792 1662 2833 facie
1681 2792 1776 2832 eius.
1822 2793 1855 2815 2⁵
1872 2791 1928 2832 Et
1946 2792 2187 2833 confortabo

267 2852 432 2893 brachia
461 2852 563 2906 regis
595 2852 830 2905 Babylonis,
863 2856 903 2892 et
934 2852 1099 2892 brachia
1130 2852 1354 2893 Pharaonis
1385 2851 1619 2892 concident:
1651 2857 1692 2891 et
1721 2851 1849 2891 scient
1880 2850 1976 2904 quia
2005 2863 2076 2904 ego
2105 2850 2188 2892 Do-

267 2911 411 2954 minus.
433 2924 525 2951 cum
544 2911 691 2952 dedero
710 2910 891 2964 gladium
910 2924 1047 2951 meum
1066 2910 1106 2951 in
1125 2924 1250 2951 manu
1268 2911 1370 2964 regis
1392 2910 1626 2964 Babylonis,
1648 2915 1689 2950 et
1707 2909 1938 2950 extenderit
1956 2922 2049 2949 eum
2068 2923 2189 2963 3111191

267 2970 431 3010 Terram
453 2970 633 3023 Egypti.
684 2971 718 2993 '³⁶
739 2970 793 3010 Et
816 2970 1045 3023 dispergam
1068 2969 1296 3023 AEgvptum
1316 2969 1356 3009 in
1378 2970 1577 3018 nationes,
1602 2974 1642 3009 et
1663 2967 1872 3008 ventilabo
1895 2980 1961 3009 eos
1981 2968 2023 3008 in
2044 2974 2184 3017 terras,

266 3034 305 3068 91
337 3029 463 3069 scient
495 3030 589 3082 quia
620 3042 692 3082 ego
723 3029 936 3070 Dominus.

105 3089 222 3148 ¹2ng‘
374 3086 436 3130 31.
494 3091 503 3112 ¹
539 3088 594 3128 Et
625 3088 783 3128 factum
815 3094 877 3128 est
907 3088 947 3128 in
981 3101 1087 3128 anno
1121 3088 1348 3137 undecimo,
1383 3087 1504 3128 tertio
1537 3099 1686 3131 mense,
1721 3099 1803 3126 una
1834 3085 1995 3134 mensis,
2028 3085 2186 3127 factum

91 3160 230 3184 sumnus.
269 3152 324 3185 est
359 3147 527 3186 verbum
558 3147 722 3187 Domini
752 3148 802 3187 ad
832 3160 907 3192 1119,
939 3147 1093 3187 (1109113;
1151 3149 1165 3170 2
1193 3146 1268 3186 Fili
1296 3146 1471 3187 hominis
1500 3145 1564 3187 dic
1592 3144 1796 3185 Pharaoni
1824 3144 1906 3198 regi
1934 3143 2115 3198 AEgypti,
2146 3149 2187 3185 et

268 3204 417 3257 populo
444 3206 544 3245 eius:
573 3205 644 3247 (isui
670 3205 808 3246 similis
833 3206 968 3246 factus
993 3219 1033 3246 es
1058 3205 1097 3246 in
1124 3205 1407 3257 magnitudine
1433 3204 1530 3245 tua?
1581 3206 1597 3229 ³
1622 3204 1726 3244 Ecce
1751 3203 1878 3243 Assur
1903 3203 2018 3256 quasi
2043 3203 2186 3244 cedrus

266 3264 306 3303 in
334 3264 501 3307 Libano.
533 3264 697 3317 pulcher
721 3265 855 3309 ramis,
884 3270 925 3305 et
950 3264 1163 3306 frondibus
1190 3277 1438 3311 nemorosus,
1466 3263 1729 3316 excelsusque
1756 3261 1986 3311 altitudine,
2015 3267 2056 3302 91
2080 3261 2187 3303 111191·

267 3323 490 3363 condensas
518 3323 680 3363 frondes
708 3323 913 3364 elevatum
942 3330 1001 3364 est
1029 3336 1224 3364 cacumen
1252 3323 1347 3364 eius.
1403 3324 1417 3346 ⁴
1443 3322 1573 3376 Aquae
1599 3321 1834 3362 nutrierunt
1859 3319 1985 3368 illum,
2014 3320 2186 3375 abyssus

267 3381 467 3422 exaltavit
500 3381 629 3422 illum:
690 3382 858 3422 flumina
890 3382 973 3423 eius
1005 3382 1233 3423 manabant
1265 3382 1304 3422 in
1336 3381 1506 3423 circuitu
1538 3381 1722 3421 radicum
1753 3379 1849 3428 eius,
1883 3384 1924 3420 et
1953 3379 2062 3421 rivos
2093 3392 2186 3421 suos

400 3508 453 3549 30,
480 3508 521 3541 13
547 3508 652 3541 azaeli
683 3510 733 3547 13,
759 3510 788 3542 ’3.
