2356 3760
759 411 1443 501 EPISTOLA

258 534 684 620 BEATI
757 534 1183 623 PAULI
1252 530 1941 621 APOSTOLI

624 665 735 718 AD
778 665 1269 719 CORINTHIOS
1308 665 1578 718 PRIMA.

861 844 1124 895 Exordium,
1155 845 1194 895 1,
1216 845 1335 884 1-9.

250 916 286 959 1.
342 917 355 939 1
384 914 535 955 Paulus
560 920 728 956 vocatus
752 915 973 969 Apostolus
1000 915 1089 956 lesu
1112 915 1261 956 Christi
1283 928 1354 968 per
1376 913 1633 955 voluntatem
1656 912 1743 961 Dei,
1769 916 1810 952 et
1831 910 2049 952 Sosthenes
2070 911 2230 977 affiffissffi

145 975 283 1023 frater,
328 976 342 998 2
359 973 548 1014 Ecclesiae
565 973 652 1023 Dei,
673 987 762 1027 quae
779 980 839 1015 est
856 973 1051 1023 Corinthi,
1071 973 1336 1015 sanctificatis
1353 973 1393 1012 in
1412 972 1570 1013 Christo
1591 971 1692 1020 Iesu,
1713 969 1868 1011 vocatis
1885 968 2048 1016 sanctis,
2215 963 2241 975 ‘'

145 1047 238 1074 cum
257 1032 455 1081 omnibus,
479 1031 546 1085 qui
564 1032 760 1073 invocant
777 1046 925 1074 nomen
944 1032 1109 1074 Domini
1128 1032 1256 1073 nostri
1277 1033 1365 1073 Iesu
1385 1030 1544 1079 Christi,
1564 1030 1605 1070 in
1625 1028 1734 1071 omni
1752 1028 1839 1069 loco
1857 1028 2049 1081 ipsorum,

145 1097 186 1133 et
213 1096 365 1132 nostro.
422 1093 437 1115 3
466 1090 610 1131 Gratia
638 1091 765 1140 vobis,
797 1097 838 1132 et
867 1104 948 1145 pax
978 1105 1001 1132 a
1029 1092 1116 1132 Deo
1146 1092 1267 1132 Patre
1297 1096 1448 1139 nostro,
1480 1095 1520 1130 et
1550 1088 1727 1129 Domino
1759 1087 1849 1127 Iesu
1878 1085 2050 1127 Christo.

249 1152 265 1174 4
292 1149 455 1191 Gratias
485 1162 559 1203 ago
587 1149 675 1191 Deo
704 1164 793 1191 meo
822 1163 980 1203 semper
1007 1163 1079 1203 pro
1110 1150 1224 1191 vobis
1253 1149 1293 1189 in
1322 1148 1454 1202 gratia
1482 1147 1568 1196 Dei,
1602 1159 1690 1200 quae
1719 1146 1818 1186 data
1846 1151 1907 1185 est
1936 1144 2050 1185 vobis
2076 1148 2237 1208 esfflffium

144 1209 185 1249 in
209 1208 368 1250 Christo
396 1208 502 1249 Iesu:
554 1210 569 1232 ⁵
594 1209 704 1262 quod
726 1209 766 1249 in
792 1208 979 1250 omnibus
1004 1208 1150 1249 divites
1174 1208 1273 1248 facti
1297 1207 1392 1248 estis
1416 1206 1456 1246 in
1480 1206 1559 1255 illo,
1586 1205 1626 1245 in
1651 1203 1760 1246 omni
1786 1204 1921 1249 verbo,
1948 1207 1988 1243 et
2011 1202 2053 1242 in
2194 1203 2199 1207 '

146 1267 256 1309 omni
286 1266 472 1308 scientia:
533 1268 548 1290 ⁶
577 1266 682 1307 sicut
713 1267 992 1309 testimonium
1024 1267 1170 1307 Christi
1201 1267 1488 1308 confirmatum
1520 1270 1580 1305 est
1609 1264 1649 1303 in
1681 1262 1814 1303 vobis:
1875 1263 1888 1285 ⁷
1918 1261 1978 1301 ita
2008 1265 2054 1300 ut

145 1326 245 1366 nihil
277 1325 394 1367 vobis
428 1325 532 1366 desit
565 1325 604 1365 in
638 1325 720 1366 ulla
752 1326 894 1379 gratia,
931 1326 1244 1379 expectantikms
1277 1324 1567 1365 revelationem
1601 1320 1765 1363 Domini
1800 1319 1927 1361 nostri
1964 1319 2052 1360 Iesu

146 1384 306 1434 Christi,
368 1387 382 1408 ⁸
415 1384 482 1438 qui
514 1390 554 1425 et
585 1384 843 1425 confirmabit
876 1398 946 1425 vos
978 1398 1104 1438 usque
1136 1384 1175 1423 in
1206 1384 1327 1424 finem
1360 1383 1443 1423 sine
1475 1381 1651 1430 crimine,
1684 1380 1724 1419 in
1756 1379 1819 1419 die
1850 1378 2052 1419 adventus

145 1443 312 1485 Domini
337 1442 465 1483 nostri
494 1443 584 1483 Iesu
611 1442 770 1484 Christi.
827 1444 842 1467 ⁹
873 1442 1040 1483 aFidelis
1065 1443 1194 1484 Deus:
1222 1455 1293 1496 per
1319 1455 1439 1496 quem
1466 1439 1602 1482 vocati
1628 1438 1723 1480 estis
1748 1438 1789 1478 in
1815 1436 2052 1478 societatem

146 1501 215 1542 filii
244 1502 329 1543 eius
360 1501 450 1542 Iesu
481 1500 629 1542 Christi
658 1501 824 1543 Domini
852 1501 992 1543 nostri.

828 1616 1046 1669 PARS
1088 1615 1371 1670 PRIOR.

356 1701 694 1755 correctio
733 1717 1000 1755 morum
1038 1703 1396 1766 malorum,
1436 1701 1479 1764 1,
1507 1699 1710 1764 10-6,
1738 1698 1843 1751 20.

1014 1800 1024 1808 ο
1058 1799 1192 1810 ><><=o

292 1846 333 1897 Ι.
373 1846 769 1912 Reprehensio
809 1845 1199 1897 contentionis
1240 1845 1513 1910 partium,
1553 1845 1592 1898 l.
1620 1842 1810 1904 10—4‚
1838 1842 1915 1892 21.

443 1937 481 1976 1.
512 1936 754 1977 Contentio
785 1937 862 1976 uni
893 1937 1122 1989 baptismo
1154 1937 1384 1977 contraria
1414 1936 1498 1986 est,
1527 1933 1758 1985 1,10—16.

254 2009 288 2031 ¹⁰
306 2006 483 2047 Obsecro
503 2012 640 2047 autem
662 2020 733 2047 vos
752 2006 897 2047 fratres
920 2020 988 2061 per
1008 2020 1154 2047 nomen
1174 2005 1340 2047 Domini
1360 2005 1487 2046 nostri
1511 2005 1600 2045 Iesu
1621 2002 1786 2044 Christi:
1810 2008 1856 2044 ut
1875 2002 2051 2055 idipsum
2075 2006 2239 2066 sciiiffim

149 2065 292 2107 dicatis
317 2078 466 2113 omnes,
492 2070 532 2105 et
554 2078 635 2106 non
659 2064 740 2105 sint
763 2065 802 2104 in
826 2065 941 2105 vobis
965 2065 1202 2106 schismata:
1228 2064 1315 2106 sitis
1338 2070 1476 2105 autem
1500 2062 1668 2117 perfecti
1689 2062 1731 2102 in
1754 2062 1895 2102 eodem
1918 2074 2049 2110 sensu,
2176 2058 2202 2071 ‘’

149 2129 190 2165 et
213 2124 254 2165 in
281 2124 421 2165 eadem
448 2123 662 2165 sententia.
718 2126 747 2147 11
773 2123 1054 2177 Significatum
1081 2129 1142 2164 est
1167 2123 1274 2164 enim
1300 2122 1399 2164 mihi
1425 2122 1473 2163 de
1500 2121 1615 2163 vobis
1640 2121 1786 2162 fratres
1812 2119 1890 2161 mei
1916 2120 1966 2160 ab
1993 2119 2052 2168 iis,

150 2182 219 2237 qui
242 2188 338 2224 sunt
361 2182 514 2231 Chloes,
541 2182 637 2236 quia
659 2182 942 2223 contentiones
966 2188 1062 2223 sunt
1084 2182 1190 2223 inter
1213 2195 1297 2223 vos.
1345 2184 1375 2206 12
1401 2181 1489 2222 Hoc
1512 2186 1651 2221 autem
1675 2179 1776 2228 dico,
1799 2179 1908 2232 quod
1932 2191 2054 2219 unus-

151 2241 320 2296 quisque
339 2246 521 2282 vestrum
540 2241 655 2282 dicit:
677 2241 763 2294 Ego
782 2241 945 2294 quidem
965 2255 1053 2281 sum
1072 2240 1206 2281 Pauli:
1227 2253 1299 2294 ego
1318 2245 1456 2281 autem
1481 2238 1664 2292 bApollo:
1685 2251 1757 2291 ego
1775 2251 1870 2278 vero
1889 2237 2052 2290 Cephae:

150 2313 222 2354 ego
251 2306 389 2341 autem
420 2298 579 2341 Christi.

254 2361 286 2383 13
301 2358 467 2399 Divisus
484 2364 546 2399 est
562 2358 769 2399 Christus?
790 2358 1000 2412 Numquid
1016 2358 1166 2399 Paulus
1184 2357 1398 2398 crucifixus
1415 2362 1476 2398 est
1492 2369 1565 2409 pro
1582 2354 1721 2396 vobis?
1741 2359 1814 2395 aut
1829 2354 1870 2394 in
1887 2353 2050 2394 nomine
2074 2353 2238 2419 ¹³31}ssssng

150 2416 266 2458 Pauli
302 2416 500 2470 baptizati
536 2416 654 2458 estis?
718 2419 749 2441 1⁴
783 2416 945 2458 Gratias
981 2430 1056 2470 ago
1090 2417 1189 2465 Deo,
1228 2415 1337 2469 quod
1372 2414 1575 2456 neminem
1610 2419 1791 2454 vestrum
1828 2411 2048 2466 baptizavi,
2113 2431 2197 2449 unus.

158 2475 249 2517 cnisi
281 2475 479 2529 Crispum,
513 2482 554 2516 et
585 2475 743 2516 Caium:
804 2478 835 2500 ¹5
867 2475 1008 2529 nequis
1040 2475 1150 2516 dicat
1182 2475 1291 2529 quod
1323 2474 1363 2514 in
1395 2473 1557 2515 nomine
1588 2485 1678 2513 meo
1710 2470 1910 2525 baptizati
1941 2470 2048 2511 estis.

152 2536 186 2559 1⁶
201 2534 417 2588 Baptizavi
432 2539 570 2575 autem
585 2539 626 2575 et
639 2534 858 2588 Stephanae
873 2534 1059 2575 domum:
1077 2539 1255 2575 ceterum
1270 2532 1404 2574 nescio
1418 2532 1450 2574 si
1466 2545 1585 2586 quem
1601 2530 1725 2572 alium
1740 2529 2048 2583 baptizaverim.

424 2639 462 2678 2.
493 2637 737 2679 Contentio
766 2638 843 2677 uni
874 2637 1094 2678 doctrinae
1125 2637 1355 2678 contraria
1383 2635 1468 2686 est,
1496 2636 1535 2685 1,
1555 2635 1707 2685 17—3‚
1727 2634 1786 2673 4³.

256 2709 289 2732 1⁷
316 2707 408 2748 Non
433 2706 539 2748 enim
564 2707 674 2748 misit
698 2721 762 2748 me
787 2708 968 2749 Christus
995 2707 1215 2761 baptizare,
1241 2707 1311 2748 sed
1336 2705 1629 2759 evangelizare:
1660 2710 1761 2745 dnon
1786 2704 1825 2743 in
1852 2702 2051 2756 sapientia
2081 2706 2231 2736 Sapientia

153 2765 278 2815 verbi,
303 2772 350 2807 ut
372 2778 454 2806 non
478 2772 699 2807 evacuetur
722 2780 819 2807 crux
844 2766 1002 2807 Christi.
1056 2767 1090 2790 1⁸
1113 2766 1293 2806 Verbum
1317 2765 1423 2806 enim
1449 2764 1574 2805 crucis
1598 2762 1861 2817 pereuntibus
1887 2760 2049 2814 quidem
2091 2742 2221 2816 bisnissa

153 2824 330 2865 stultitia
354 2830 431 2866 est:
458 2823 504 2865 iis
530 2829 680 2874 autem,
709 2825 777 2878 qui
802 2825 904 2866 salvi
929 2825 1046 2873 fiunt,
1072 2824 1112 2865 id
1138 2830 1200 2865 est
1223 2823 1353 2873 nobis,
1387 2822 1479 2864 Θ1)θί
1504 2822 1633 2863 virtus
1659 2826 1730 2862 est.
1785 2822 1819 2844 ¹⁹
1843 2819 2050 2873 Scriptum
2097 2814 2213 2842 ‘mecm’

153 2888 214 2923 est
243 2883 367 2923 enim:

210 2941 395 2981 fPerdam
427 2941 669 2994 sapientiam
701 2942 959 2995 sapientium,
1050 2946 1091 2982 et
1120 2941 1381 2994 prudentiam
1412 2939 1675 2993 prudentium
1706 2938 1946 2991 reprobabo.

153 3001 190 3024 2⁰
210 2998 310 3040 gUbi
339 2999 521 3052 sapiens?
554 3000 622 3041 ubi
651 3000 805 3041 scriba?
889 3000 958 3041 ubi
987 2999 1239 3053 conquisitor
1266 2999 1384 3040 huius
1414 2998 1571 3040 saeculi?

258 3057 404 3098 Nonne
436 3057 605 3099 stultam
638 3059 745 3100 fecit
765 3059 875 3100 Deus
909 3058 1151 3111 sapientiam
1183 3058 1302 3099 huius
1334 3056 1501 3098 mundi?
1575 3058 1606 3080 21
1640 3056 1746 3097 Nam
1780 3054 1875 3108 quia
1906 3053 1947 3093 in
1978 3052 2055 3093 Dei

155 3115 356 3169 sapientia
380 3128 461 3156 non
487 3117 679 3170 cognovit
703 3118 880 3158 mundus
905 3130 976 3170 per
1001 3116 1244 3170 sapientiam
1269 3117 1421 3156 Deum:
1449 3114 1602 3167 placuit
1626 3114 1714 3155 Deo
1739 3127 1810 3167 per
1835 3111 2055 3154 stultitiam

154 3174 454 3228 praedicationis
476 3175 608 3216 salvos
630 3174 761 3216 facere
784 3176 1003 3216 credentes.
1054 3178 1085 3200 22
1108 3175 1311 3223 Quoniam
1334 3179 1375 3215 et
1398 3173 1523 3214 Iudaei
1546 3172 1660 3226 signa
1681 3176 1841 3226 petunt,
1865 3176 1906 3212 et
1927 3169 2055 3211 Graeci

155 3232 398 3286 sapientiam
437 3239 642 3286 quaerunt:
708 3236 740 3259 2³
777 3247 850 3275 nos
888 3238 1026 3275 autem
1064 3233 1331 3287 praedicamus
1370 3231 1575 3273 Christum
1613 3231 1868 3272 crucifixum:
1911 3228 2055 3269 Iudaeis

157 3291 321 3345 quidem
354 3290 604 3341 scandalum,
639 3292 839 3333 Gentibus
873 3298 1010 3333 autem
1045 3292 1277 3340 stultitiam,
1338 3293 1371 3315 24
1404 3290 1499 3344 ipsis
1533 3295 1670 3331 autem
1705 3287 1860 3331 vocatis
1897 3286 2054 3333 Iudaeis,

290 3382 319 3424 1.
344 3363 426 3415 931
449 3382 535 3415 Thes
556 3383 587 3422 5
609 3383 660 3416 24.
687 3404 728 3407 -
753 3384 795 3417 12
814 3385 900 3417 bAct
922 3383 972 3423 18,
994 3384 1045 3416 24.
1073 3405 1113 3407 ff
1139 3383 1180 3416 14
1204 3383 1287 3415 eAct
1306 3381 1359 3422 18,
1379 3381 1409 3415 8.
1436 3401 1477 3405 —
1502 3382 1543 3415 17
1563 3380 1640 3414 dlnf
1660 3381 1690 3420 2,
1712 3381 1740 3413 1.
1767 3380 1802 3420 43
1828 3380 1848 3412 2
1869 3379 1930 3412 Ρη
1948 3379 1979 3412 1,
2004 3376 2056 3410 16.

156 3449 199 3453 -
222 3429 264 3462 18
291 3428 398 3462 onom
423 3430 452 3469 1,
479 3429 529 3463 16.
557 3450 598 3452 ψ
622 3429 664 3464 19
689 3430 735 3464 trs
754 3431 806 3471 29,
826 3432 876 3464 14.
904 3451 945 3454 -
969 3430 1011 3464 20
1031 3431 1082 3464 gis
1101 3430 1153 3468 33,
1174 3429 1224 3463 18.
