2356 3760
146 104 201 144 18,
227 103 370 138 20—19.
396 104 439 136 14
968 101 1233 136 SAPIENTIAE
1963 114 2040 155 619

145 198 183 222 ‘2⁰
199 196 350 250 Tetigit
374 201 513 238 autem
538 200 637 236 tunc
661 200 702 236 et
726 195 853 235 iustos
879 195 1055 236 tentatio
1079 196 1233 239 mortis,
1313 202 1355 238 et
1378 200 1596 240 commotio
1628 200 1668 240 in
1693 213 1823 244 eremo
1847 204 1958 245 facta
1980 210 2042 247 est

405 253 698 296 multitudinis:
783 253 853 293 sed
882 265 964 294 non
995 254 1064 294 diu
1094 255 1317 307 permansit
1345 256 1406 296 ira
1434 260 1518 297 tua.

145 316 177 338 2¹
198 314 445 368 aProperans
468 313 574 353 enim
596 312 718 353 homo
750 310 833 351 sine
857 310 1020 364 querela
1041 312 1247 366 deprecari
1268 326 1340 367 pro
1363 314 1534 367 populis,
1610 316 1814 369 proferens
1837 320 2041 362 servitutis

406 385 488 413 suae
525 375 699 417 scutum,
793 369 1018 411 orationem
1057 376 1098 411 et
1135 384 1206 424 per
1242 371 1451 413 incensum
1489 374 1814 427 deprecationem
1853 377 2037 431 allegans.

197 431 349 473 restitit
394 431 473 477 irae,
518 434 560 470 et
605 428 727 468 finem
765 427 961 481 imposuit
1015 429 1257 471 necessitati.
1342 431 1557 472 ostendens
1601 433 1793 485 quonia-m
1841 439 1935 476 tuus
1983 443 2043 477 est

409 487 600 529 famulus.

146 551 178 574 22
197 548 307 590 Vicit
329 553 468 588 antem
490 546 643 593 turbas,
668 558 750 586 non
771 545 813 586 in
834 545 989 586 virtute
1011 546 1199 600 corporis
1223 560 1297 587 nec
1319 552 1535 588 armaturae
1556 550 1752 602 potentia,
1830 552 1899 592 sed
1920 552 2042 593 verbo

406 605 532 654 illum,
565 604 634 658 qui
662 617 703 644 se
731 604 924 653 vexabat,
956 604 1138 653 subiecit,
1222 605 1451 646 iura-menta
1479 612 1708 659 parentum.
1748 614 1789 649 et
1826 615 2044 651 testamen-

406 669 496 705 tum
526 675 860 704 commemorans.

144 726 177 749 2³
197 724 299 765 Cum
334 723 441 764 enim
474 722 556 762 iam
602 721 825 762 acervatim
866 721 1104 763 cecidissent
1138 735 1258 776 super
1292 722 1532 763 alterutrum
1567 724 1729 770 mortui,
1818 725 2041 773 interstitit,

407 786 449 822 et
471 780 708 834 amputavit
729 780 942 834 impetum,
1021 785 1062 821 et
1085 781 1223 822 divisit
1246 780 1368 825 illam.
1395 793 1484 835 quae
1508 781 1561 822 ad
1583 782 1698 823 vivos
1722 783 1898 824 ducebat
1920 784 2040 826 viam.

146 843 178 867 24
200 841 271 882 bIn
291 845 405 882 veste
425 839 532 881 enim
551 839 724 893 poderis,
748 851 872 893 quam
892 839 1085 888 habebat,
1108 844 1221 881 totus
1241 845 1329 881 erat
1349 840 1455 881 orbis
1476 846 1693 881 terrarum:
1768 847 1808 882 et
1827 848 2041 895 parentum

405 897 610 952 magnalia
624 898 665 938 in
682 902 880 951 quattuor
895 898 1104 939 ordinibus
1117 897 1301 952 lapidum
1318 904 1434 939 erant
1449 898 1619 952 sculpta.
1689 904 1730 940 et
1744 900 2046 949 magnificentia

406 962 482 998 tua
508 957 550 997 111
579 957 812 997 diademate
841 956 985 1010 capitis
1013 956 1118 998 illius
1147 956 1308 1011 sculpta
1336 962 1433 998 erat.
1823 950 1831 953 ⁴

145 1019 178 1042 ‘³⁵
199 1017 273 1058 His
297 1022 436 1058 autem
466 1015 585 1057 cessit
609 1015 678 1069 qui
704 1015 1016 1063 exterminabat,
1051 1021 1092 1057 et
1114 1015 1200 1057 haec
1233 1015 1434 1056 extimuit.
1513 1021 1599 1056 erat
1632 1015 1738 1057 enim
1762 1016 1847 1058 sola
1869 1017 2044 1059 tentatio

407 1075 476 1116 irae
504 1074 718 1115 sufficiens

146 1179 211 1223 19.
266 1181 280 1203 ¹
297 1179 437 1233 Impiis
453 1184 591 1220 autem
607 1191 734 1232 usque
750 1179 790 1219 in
805 1178 1071 1220 novissimum
1087 1179 1170 1220 sine
1186 1178 1458 1219 misericordia
1472 1178 1531 1218 ira
1545 1180 1790 1231 supervenit.
1858 1180 2042 1221 Praescie—
2080 1191 2099 1224 3¹
2120 1187 2212 1224 ¹³⁰¹&

407 1238 481 1279 bat
509 1237 615 1278 enim
644 1242 685 1277 et
712 1238 853 1278 futura
879 1236 1057 1279 illorum:
2079 1226 2214 1283 ¹¹}ub¹}¹‹?;”

166 1298 182 1321 2
200 1296 393 1350 quoniam
425 1309 517 1337 cum
549 1295 625 1349 ipsi
655 1296 931 1349 permisissent
957 1301 1003 1336 ut
1034 1309 1074 1336 se
1106 1296 1334 1339 educerent..
1420 1299 1462 1336 et
1492 1308 1583 1335 cum
1615 1308 1764 1349 magna
1794 1296 2045 1338 solicitudine

408 1355 696 1409 praemisissent
724 1353 823 1402 illos,
907 1354 1262 1407 consequebantur
1289 1353 1376 1394 illos
1405 1353 1649 1406 poenitentia
1678 1354 1770 1395 acti.

166 1417 182 1439 3
206 1414 368 1455 cAdhuc
401 1413 507 1454 enim
539 1413 645 1453 inter
676 1425 821 1452 manus
854 1412 1051 1453 habentes
1083 1412 1251 1454 luctum.
1335 1416 1377 1452 et
1409 1411 1664 1465 deplorantes
1698 1413 1750 1453 ad
1781 1418 2047 1454 monumenta

409 1476 677 1519 mortuorum,

199 1531 320 1572 aliam
339 1531 413 1571 sibi
435 1534 743 1583 assumpserunt
763 1529 1051 1583 cogitationem
1072 1529 1310 1570 inscientiae:
1392 1534 1433 1569 et
1454 1543 1553 1582 quos
1574 1535 1762 1583 rogantes
1782 1530 2044 1583 proiecerant.

407 1589 481 1631 hos
510 1594 724 1642 tamquam
754 1588 948 1641 fugitivos
977 1589 1344 1642 persequebantur:

166 1651 181 1674 ⁴
198 1648 376 1690 ducebat
400 1647 506 1688 enim
530 1646 617 1688 illos
642 1647 694 1688 ad
717 1647 825 1687 hunc
849 1646 970 1687 finem
995 1647 1118 1700 digna
1140 1647 1373 1688 necessitas:
1442 1651 1483 1687 et
1506 1646 1662 1695 horum,
1690 1660 1779 1700 quae
1803 1647 2044 1690 acciderant.

408 1705 838 1748 commemorationem
868 1705 1129 1754 amittebant,

198 1771 246 1807 ut
289 1779 379 1820 quae
425 1766 594 1807 deerant
641 1764 867 1813 tormentis,
915 1763 1088 1818 repleret
1130 1764 1308 1818 punitio:
1382 1766 1397 1787 ⁵
1434 1770 1475 1805 et
1522 1763 1695 1818 populus
1744 1764 1907 1817 quidem
1952 1769 2046 1805 tuus

406 1823 646 1865 mirabiliter
674 1823 877 1871 transiret,
960 1822 1016 1864 illi
1046 1828 1183 1864 autem
1213 1836 1362 1864 novam
1392 1827 1565 1864 mortem
1594 1822 1834 1864 invenirent.

166 1884 341 1925 ⁶Omnis
370 1883 477 1924 enim
506 1887 694 1923 creatura
721 1882 773 1923 ad
801 1895 920 1922 suum
948 1895 1073 1935 genus
1103 1882 1154 1923 ab
1180 1881 1295 1923 initio
1320 1881 1627 1935 refigurabatur.
1710 1881 1937 1922 deserviens
1965 1881 2045 1922 tuis

408 1941 633 1996 praeceptis,
717 1945 763 1981 ut
791 1940 905 1994 pueri
935 1941 996 1981 tui
1025 1940 1327 1981 custodirentur
1355 1939 1476 1981 illaesi.

166 2003 180 2025 ⁷
199 2001 306 2042 Nam
335 2001 463 2042 nubes
492 2005 627 2041 castra
659 2012 797 2040 eorum
836 1999 1123 2047 obumbrabat,
1214 2003 1255 2039 et
1286 2012 1335 2039 ex
1374 2011 1492 2052 aqua,
1537 2011 1626 2052 quae
1668 2003 1762 2039 ante
1803 2003 1901 2045 erat,
1941 2004 2047 2039 terra

409 2059 524 2100 arida
552 2058 755 2112 apparuit,

199 2124 241 2160 et
277 2119 319 2159 in
352 2117 455 2159 inari
486 2118 608 2158 rubro
649 2116 717 2157 via
751 2116 835 2157 sine
866 2116 1170 2170 impedimento.
1248 2122 1289 2157 et
1319 2129 1486 2170 campus
1507 2115 1735 2169 germinans
1767 2116 1815 2156 de
1844 2115 2046 2169 profundo

408 2176 552 2218 nimio:

169 2238 273 2291 Sper
314 2249 435 2290 quem
475 2235 605 2277 omnis
645 2234 759 2276 natio
796 2234 999 2279 transivit,
1041 2246 1131 2287 quae
1171 2234 1385 2287 tegebatur
1427 2239 1497 2273 tua
1538 2246 1674 2280 manu,
1753 2232 1936 2273 videntes
1976 2238 2049 2273 tua

406 2293 609 2335 mirabilia
636 2298 678 2333 et
705 2298 900 2335 monstra.

166 2355 428 2408 ⁹Tamquam
466 2352 573 2394 enim
611 2352 704 2406 equi
741 2352 997 2406 depaverunt
1034 2364 1179 2399 escam,
1286 2356 1327 2391 et
1364 2355 1576 2403 tamquam
1614 2349 1707 2403 agni
1745 2349 2045 2397 exultaverunt,

408 2411 717 2466 magnificantes
747 2416 788 2451 te
817 2410 1004 2459 Domine,
1039 2410 1108 2464 qui
1135 2409 1316 2451 liberasti
1346 2408 1445 2450 illos.

148 2474 184 2497 ¹⁰
198 2472 397 2513 Memores
418 2470 524 2511 enim
547 2475 664 2511 erant
685 2469 818 2511 adhuc
831 2482 982 2518 eorum,
1001 2482 1091 2523 quae
1110 2469 1151 2510 in
1172 2468 1352 2509 incolatu
1373 2467 1531 2508 illorum
1546 2467 1658 2507 facta
1677 2466 1851 2514 fuerant,
1909 2479 2047 2519 quem—

409 2529 632 2571 admodum
670 2540 743 2582 pro
782 2528 948 2569 natione
988 2527 1225 2569 annualium
1274 2526 1416 2567 eduxit
1464 2530 1572 2566 terra
1619 2538 1789 2571 muscas,
1897 2530 1938 2565 et
1974 2536 2046 2578 pro

408 2587 586 2642 piscibus
615 2586 820 2628 eructavit
847 2587 996 2628 fluvius
1024 2585 1332 2628 multitudinem
1360 2597 1564 2625 ranarum.

149 2650 176 2673 1¹
199 2646 450 2690 dNovissime
468 2652 606 2688 autem
624 2645 817 2687 viderunt
833 2659 984 2687 novam
1003 2650 1231 2687 creaturam
1250 2644 1400 2691 avium,
1473 2656 1563 2683 cum
1582 2641 1750 2683 adducti
1766 2641 2048 2695 concupiscen-

408 2705 469 2747 tia
495 2704 812 2760 postulaverunt
841 2717 950 2746 escas
981 2703 1236 2758 epulationis,

148 2814 179 2837 ¹2
200 2812 250 2853 In
277 2811 520 2853 allocutione
547 2809 655 2852 enim
683 2809 879 2858 desiderii,
963 2808 1146 2850 ascendit
1171 2807 1247 2848 illis
1275 2808 1324 2848 de
1351 2806 1454 2847 inari
1481 2810 1775 2859 ortygometra:
2080 2808 2222 2874 ’ἓξὲξ

200 2876 242 2912 et
258 2870 496 2912 vexationes
518 2868 801 2923 peccatoribus
824 2871 1158 2922 supervenerunt.
1231 2879 1312 2907 non
1341 2865 1423 2905 sine
1450 2863 1536 2910 illis,
1561 2876 1650 2917 quae
1672 2868 1767 2904 ante
1788 2862 1900 2903 facta
1916 2865 2044 2909 erant,
2063 2878 2114 2904 Dei
2136 2879 2241 2904 vexato

410 2927 659 2983 argumentis
687 2940 759 2982 per
786 2927 871 2968 vim
899 2926 1136 2968 fulminum:
2070 2920 2232 2974 assjigssgggt·

199 2988 305 3030 iuste
334 2986 442 3028 enim
470 2986 737 3041 patiebantur
764 2986 988 3027 secundum
1017 2997 1110 3025 suas
1139 2983 1352 3037 nequitias.
1434 2983 1466 3006 13
1502 2980 1666 3021 Etenim
1704 2978 2048 3021 detestabiliorem

409 3044 779 3099 inhospitalitatem
806 3044 1092 3086 instituerunt:
1969 3042 1972 3043 ’

201 3105 269 3147 alii
313 3104 479 3160 quidem
522 3103 684 3157 ignotos
720 3116 803 3145 non
843 3102 1095 3156 recipiebant
1139 3101 1329 3143 advenas.
1408 3096 1474 3138 alii
1516 3102 1654 3139 autem
1701 3097 1828 3138 bonos
1868 3094 2048 3149 hospites

408 3163 452 3204 in
480 3162 720 3204 servitutem
748 3162 1000 3216 redigebant.

148 3225 181 3249 ¹⁴¹
199 3223 257 3265 Et
276 3236 359 3265 non
381 3221 511 3264 solum
533 3220 631 3269 haec,
659 3220 731 3262 sed
751 3226 793 3262 et
814 3220 915 3261 alius
939 3219 1105 3274 quidam
1126 3222 1332 3271 respectus
1353 3214 1512 3256 illorum
1535 3218 1639 3256 erat:
1716 3212 1908 3268 quoniam
1930 3210 2048 3252 inviti

408 3279 661 3334 recipiebant
689 3284 915 3320 extraneos.

146 3436 170 3471 S
267 3380 435 3470 6210³Nm
460 3389 513 3429 16,
538 3388 589 3422 46.
616 3409 658 3412 —
682 3388 725 3422 :24
749 3388 824 3421 bEx
849 3387 902 3427 28,
930 3387 958 3420 6.
988 3408 1029 3410 —
1057 3386 1108 3427 19,
1147 3385 1168 3417 3
1196 3384 1266 3417 cEx
1292 3383 1344 3423 14,
1370 3383 1401 3416 5.
1428 3403 1469 3406 —
1495 3384 1534 3416 11
1559 3382 1633 3416 dEx
1658 3381 1709 3414 16.
1737 3379 1792 3419 13;
1817 3379 1885 3411 Nm
1909 3378 1960 3414 11,
1985 3374 2042 3412 31;

172 3447 220 3481 up
244 3438 263 3470 1
290 3463 298 3478 ,
322 3458 353 3470 2.
