2356 3760
114 170 167 211 16,
192 170 313 211 8—16,
337 169 377 203 31
974 168 1138 202 REGUM
1934 177 2011 218 303

713 260 751 300 5.
781 259 858 299 Eia
887 270 970 299 rex
999 260 1151 309 lsrael,
1179 260 1245 310 16,
1264 261 1414 300 8—14.

221 334 236 356 ³
260 333 380 374 Anno
406 332 600 386 vigesimo
626 335 741 371 sexto
767 330 849 370 Asa
874 330 975 383 regis
1004 330 1118 378 Iuda,
1146 330 1333 383 regnavit
1357 330 1434 371 Ela
1458 330 1561 372 filius
1590 332 1721 373 Baasa
1745 347 1864 388 super
1890 338 2012 379 Israel
2054 336 2178 376 ,ΤΗΠΡΨ

114 391 154 431 in
181 391 332 432 Thersa
358 391 517 432 duobus
544 389 671 430 annis.
2055 377 2175 401 mmm*

222 452 237 473 ⁹
264 450 320 491 Et
346 448 560 490 rebellavit
587 452 729 488 contra
758 460 849 487 eum
877 459 1017 487 servus
1046 460 1140 487 suus
1170 446 1344 493 Zambri,
1375 448 1458 487 dux
1486 448 1629 489 mediae
1656 450 1782 502 partis
1811 453 2011 505 equitum:
2062 453 2171 476 ffl'ffiffl

114 514 202 549 erat
231 514 369 549 autem
398 506 474 547 Ela
502 506 543 546 in
574 506 726 546 Thersa
755 505 909 551 bibens,
941 509 983 545 et
1010 503 1260 545 temulentus
1290 505 1331 545 in
1360 506 1481 547 domo
1510 506 1614 547 Arsa
1642 508 1821 560 praefecti
1850 510 2011 552 Thersa.
2067 487 2168 548 ἓξὲξ

115 569 150 591 ¹⁰
186 567 367 607 alrruens
401 578 492 619 ergo
527 564 700 612 Zambri,
736 564 946 617 percussit,
982 568 1023 604 et
1055 562 1203 603 occidit
1236 576 1327 603 eum
1361 577 1467 605 anno
1501 564 1694 617 vigesimo
1727 567 1900 620 septimo
1934 569 2015 609 Asa

114 625 215 679 regis
249 625 363 673 Iuda,
398 628 439 665 et
468 623 656 677 regnavit
686 635 758 677 pro
790 636 848 663 eo.
908 623 940 646 11
970 620 1154 674 Cumque
1184 627 1403 675 regnasset,
1452 627 1494 663 et
1523 623 1693 664 sedisset
1723 638 1842 678 super
1871 626 2015 668 solium

115 683 210 731 eius,
227 682 426 737 percussit
441 695 603 723 omnem
618 681 787 722 domum
804 680 949 729 Baasa,
966 685 1008 720 et
1021 693 1103 721 non
1118 679 1335 733 dereliquit
1349 694 1397 720 ex
1413 694 1460 721 ea
1473 681 1722 734 mingentem
1739 684 1789 724 ad
1803 685 2012 737 parietem,

114 747 155 783 et
177 741 429 796 propinquos
453 745 495 782 et
518 740 668 781 amicos
693 740 789 781 eius.
843 741 873 763 12
896 737 1142 792 Delevitque
1167 738 1329 779 Zambri
1354 751 1515 779 omnem
1540 740 1706 780 domum
1732 741 1875 791 Baasa,
1901 743 2018 785 iuxta

114 801 286 842 verbum
306 799 485 847 Domini,
509 799 619 852 quod
638 798 799 840 locutus
819 797 955 838 fuerat
975 797 1026 838 ad
1049 797 1182 837 Baasa
1201 796 1243 837 in
1263 810 1388 837 manu
1411 797 1510 838 Iehu
1530 798 1752 851 prophetae,
1801 802 1833 825 ¹³
1852 807 2018 854 propter

114 859 305 900 universa
319 863 489 913 peccata
507 857 651 904 Baasa,
671 862 712 898 et
726 862 897 910 peecata
913 855 990 897 Ela
1005 854 1076 896 filii
1092 855 1188 904 eius,
1209 855 1278 909 qui
1293 862 1579 909 peccaverunt,
1598 861 1640 897 et
1654 870 1819 910 peecare
1836 859 2018 901 fecerunt

116 917 239 959 Israel
266 921 536 971 provocantes
563 915 789 957 Dominum
816 915 950 956 Deum
980 913 1104 955 Israel
1130 914 1171 954 in
1199 913 1454 955 vanitatibus
1482 915 1575 956 suis.

219 978 251 1001 ¹4
277 975 451 1030 Reliqua
474 979 613 1016 autem
637 987 870 1016 sermonum
894 973 982 1021 Ela,
1009 977 1050 1014 et
1074 972 1211 1014 omnia
1236 986 1326 1027 quae
1348 973 1457 1021 fecit,
1483 987 1617 1015 nonne
1640 974 1725 1016 haec
1749 975 1901 1030 scripta
1923 982 2019 1018 sunt
2042 978 2151 1009 ‘estqua
2174 980 2202 1003 ¹¹1

2035 1013 2155 1039 historia
2172 1021 2210 1038 re—

113 1034 154 1076 in
182 1034 303 1076 Libro
331 1035 549 1076 verborum
578 1033 735 1075 dierum
762 1045 903 1086 regum
933 1030 1080 1073 Israel?
2033 1049 2211 1079 gammam.

660 1137 699 1177 6.
729 1136 906 1177 Zambri
935 1147 1018 1177 rex
1048 1135 1199 1186 lsrael,
1226 1135 1293 1186 16,
1311 1135 1483 1176 15—22.

219 1212 251 1234 1⁵
276 1210 395 1251 Anno
422 1208 617 1264 vigesimo
644 1207 818 1262 septimo
844 1208 928 1249 Asa
952 1207 1054 1261 regis
1084 1208 1197 1252 Iuda.
1226 1207 1414 1261 regnavit
1440 1206 1602 1248 Zambri
1628 1212 1783 1260 septem
1810 1207 1951 1249 diebus
1979 1208 2019 1249 in
2062 1210 2186 1250 {semme

115 1269 283 1310 Thersa:
314 1281 433 1323 porro
463 1268 662 1309 exercitus
693 1267 908 1308 obsidebat
936 1267 1180 1308 Gebbethon
1209 1267 1351 1307 urbem
1381 1265 1731 1307 Philisthinorum.
2063 1252 2184 1275 mmm„

219 1329 254 1352 ¹⁶
286 1327 470 1381 Cumque
502 1326 684 1368 audisset
716 1325 929 1367 rebellasse
962 1325 1136 1371 Zambri,
1172 1330 1213 1366 et
1246 1324 1437 1366 occidisse
1469 1336 1616 1377 regem,
1650 1324 1747 1365 fecit
1778 1324 1854 1365 sibi
1887 1338 2019 1376 regem
2038 1326 2210 1385 ss·'‘3⁸'0¹⁰e·

114 1385 244 1428 omnis
276 1386 400 1427 Israel
428 1386 554 1433 Amri,
616 1385 685 1440 qui
714 1389 803 1426 erat
830 1384 1017 1438 princeps
1046 1383 1202 1424 militiae
1231 1396 1352 1437 super
1382 1382 1505 1423 Israel
1533 1382 1574 1423 in
1604 1382 1668 1423 die
1697 1382 1765 1423 illa
1793 1382 1834 1423 in
1864 1383 2017 1424 eastris.
2055 1368 2208 1423 arissaiffg's

114 1447 149 1469 ¹⁷
168 1445 365 1486 Ascendit
385 1458 477 1498 ergo
497 1444 623 1492 Amri,
646 1449 688 1485 et
707 1443 837 1485 omnis
861 1442 984 1483 Israel
1004 1455 1097 1483 cum
1117 1456 1162 1483 eo
1184 1442 1232 1483 de
1253 1441 1510 1488 Gebbethon,
1533 1446 1574 1481 et
1593 1440 1838 1482 obsidebant
1858 1441 2020 1483 Thersa.

114 1505 150 1528 ¹⁸
179 1503 330 1545 Videns
360 1508 499 1544 autem
529 1501 692 1543 Zambri
723 1502 832 1555 quod
862 1500 1136 1555 expugnanda
1164 1505 1270 1541 esset
1298 1499 1456 1546 civitas,
1487 1499 1688 1553 ingressus
1718 1504 1780 1540 est
1808 1499 2020 1553 palatium,

114 1567 156 1604 et
175 1562 385 1604 succendit
404 1575 445 1603 se
465 1574 557 1603 cum
577 1561 699 1603 domo
719 1560 846 1614 regia:
867 1565 909 1601 et
927 1564 1114 1601 mortuus
1134 1565 1196 1600 est
1241 1561 1276 1583 ¹⁹
1295 1558 1336 1599 in
1356 1558 1533 1612 peccatis
1554 1558 1648 1605 suis,
1671 1571 1761 1612 quae
1778 1564 2021 1612 peccaverat

113 1621 265 1662 faciens
293 1620 447 1662 malum
475 1633 611 1662 coram
638 1619 830 1667 Domino,
861 1623 902 1660 et
929 1617 1143 1660 ambulans
1171 1618 1212 1658 in
1241 1617 1309 1658 via
1337 1617 1562 1666 Ieroboam‚
1593 1622 1634 1658 et
1660 1617 1701 1657 in
1728 1622 1896 1671 peccato
1924 1617 2020 1664 eius,

115 1693 194 1734 quo
224 1680 321 1721 feeit
348 1692 515 1734 peccare
547 1678 681 1720 Israel.

219 1741 255 1764 2⁰
279 1738 453 1792 Reliqua
477 1743 616 1779 autem
641 1750 873 1779 sermonum
899 1735 1073 1784 Zambri,
1101 1740 1142 1777 et
1165 1735 1403 1776 insidiarum
1430 1734 1525 1780 eius,
1552 1738 1594 1775 et
1617 1734 1858 1788 tyrannidis,
1886 1748 2019 1776 nonne
2044 1734 2153 1765 ¹⁰¹¹0¹¹¹²¹
2178 1736 2204 1759 ¹¹¹

113 1798 198 1840 haec
223 1797 375 1852 scripta
400 1802 497 1839 sunt
521 1797 562 1838 in
588 1796 709 1838 Libro
736 1797 953 1837 verborum
979 1795 1136 1836 dierum
1161 1807 1301 1848 regum
1329 1793 1476 1834 Israel?
2033 1770 2214 1836 ,Zilssssi'lss‘ssalfil

218 1858 249 1881 2¹
269 1856 383 1897 Tunc
401 1856 555 1897 divisus
575 1861 637 1897 est
654 1855 829 1910 populus
851 1853 974 1895 Israel
992 1853 1034 1894 in
1053 1853 1154 1894 duas
1173 1858 1328 1907 partes:
1349 1852 1484 1893 media
1501 1864 1594 1905 pars
1613 1851 1752 1906 populi
1771 1852 2020 1905 sequebatur
2059 1851 2190 1910 {fflgglfff

114 1915 271 1957 Thebni
288 1915 415 1956 filium
435 1915 598 1963 Gineth,
619 1920 667 1955 ut
684 1914 952 1955 constitueret
969 1925 1061 1953 eum
1079 1925 1231 1966 regem:
1252 1917 1293 1952 et
1310 1911 1445 1952 media
1461 1923 1555 1964 pars
1573 1910 1698 1951 Amri.
1746 1912 1777 1934 22
1795 1910 2018 1951 Praevaluit
2039 1920 2207 1945 adversaru-

114 1979 253 2016 autem
278 1974 465 2028 populus,
494 1973 562 2027 qui
588 1978 676 2014 erat
700 1985 792 2013 cum
817 1972 943 2020 Amri,
970 1971 1121 2025 populo
1148 1970 1217 2024 qui
1242 1970 1490 2023 sequebatur
1515 1969 1672 2010 Thebni
1697 1968 1824 2009 filium
1849 1969 2017 2010 Gineth:

114 2038 381 2087 mortuusque
411 2037 472 2074 est
501 2031 670 2077 Thebni,
702 2036 742 2072 et
771 2030 958 2081 regnavit
986 2029 1110 2071 Amri.

685 2136 724 2175 7.
754 2134 875 2174 Amri
905 2144 989 2173 rex
1019 2132 1170 2183 lsrael,
1197 2132 1264 2182 16,
1283 2132 1457 2172 23—28.

218 2209 251 2233 2³
272 2208 392 2249 Anno
414 2205 621 2260 trigesimo
645 2205 776 2259 primo
799 2205 882 2245 Asa
903 2204 1006 2257 regis
1032 2203 1136 2244 Iuda
1157 2202 1345 2256 regnavit
1366 2201 1481 2243 Amri
1503 2214 1624 2255 super
1647 2200 1782 2250 Israel,
1807 2201 2020 2243 duodecim
2064 2205 2188 2246 ,Ts‘mpflffi

114 2267 248 2308 annis:
279 2266 320 2307 in
349 2266 502 2307 Thersa
529 2264 717 2319 regnavit
745 2277 815 2304 sex
844 2263 973 2305 annis.
2065 2247 2186 2271 ”npem'

218 2328 250 2350 21
278 2324 474 2378 Emitque
501 2329 684 2366 montem
712 2322 906 2364 Samariae
933 2335 957 2363 a
983 2321 1124 2363 Somer
1151 2321 1310 2362 duobus
1338 2319 1503 2361 talentis
1532 2318 1706 2372 argenti:
1736 2323 1777 2359 et
1803 2319 2021 2360 aedificavit
2048 2321 2203 2381 ssdiflfflfiffi

114 2398 219 2433 eum,
247 2390 289 2426 et
312 2383 480 2425 vocavit
503 2395 652 2424 nomen
678 2381 871 2430 civitatis,
900 2394 1023 2434 quam
1050 2384 1300 2427 extruxerat,
1327 2378 1491 2420 nomine
1517 2378 1655 2419 Semer
1678 2376 1843 2418 Domini
1869 2377 2019 2418 montis
2053 2363 2198 2385 'amar'ae'

113 2443 351 2485 Samariam.

219 2504 251 2527 ²⁵
280 2501 396 2543 Fecit
424 2505 563 2542 autem
593 2499 707 2541 Amri
736 2499 890 2540 malum
919 2498 961 2539 in
991 2502 1212 2551 conspectu
1242 2496 1421 2545 Domini,
1453 2500 1494 2536 et
1523 2498 1713 2548 operatus
1744 2499 1805 2535 est
1834 2494 2020 2548 nequiter
2059 2496 2190 2535 nequltia

115 2574 235 2615 super
260 2574 411 2609 omnes,
440 2559 509 2613 qui
533 2559 701 2600 fuerunt
726 2563 821 2599 ante
847 2570 952 2598 eum.
1006 2558 1042 2581 ²⁶
1066 2555 1390 2609 Ambulavitque
1414 2554 1456 2595 in
1482 2553 1592 2595 omni
1617 2552 1685 2594 via
1712 2552 1923 2594 Ieroboam
1949 2552 2018 2593 filii
2084 2537 2165 2561 regffi'

116 2620 266 2669 Nabat,
300 2625 342 2661 et
372 2618 414 2660 in
445 2617 622 2672 peccatis
655 2617 739 2658 eius
772 2616 919 2670 quibus
951 2628 1117 2670 peccare
1148 2615 1301 2656 fecerat
1334 2613 1474 2654 Israel:
1508 2617 1556 2653 ut
1586 2611 1765 2652 irritaret
1796 2611 2019 2653 Dominum

114 2679 248 2720 Deum
279 2677 402 2719 Israel
430 2677 472 2718 in
501 2675 756 2718 vanitatibus
785 2675 878 2716 suis.

221 2739 254 2762 2⁷
275 2736 449 2791 Reliqua
467 2740 605 2777 autem
623 2747 856 2776 sermonum
873 2733 1000 2782 Amri,
1021 2737 1062 2774 et
1079 2731 1217 2786 praelia
1234 2731 1330 2777 eius,
1353 2743 1442 2785 quae
1458 2730 1594 2784 gessit,
1614 2742 1747 2770 nonne
1765 2728 1849 2769 haec
1867 2728 2018 2782 scripta
2042 2730 2151 2762 renqua
2175 2733 2204 2756 in

2034 2766 2156 2792 historia
2172 2774 2211 2791 ro-

115 2801 212 2837 sunt
232 2796 273 2836 in
295 2795 417 2837 Libro
439 2795 657 2836 verborum
680 2793 836 2834 dierum
857 2805 997 2846 regum
1022 2791 1168 2832 Israel?
1218 2792 1254 2816 ²⁸
1274 2789 1563 2842 Dormivitque
1583 2787 1697 2828 Amri
1719 2800 1811 2828 eum
1832 2786 2017 2841 patribus
2032 2808 2100 2833 gum
2115 2802 2201 2828 maci

115 2855 209 2904 suis,
237 2859 279 2896 et
304 2853 487 2908 sepultus
514 2858 576 2894 est
601 2852 642 2893 in
669 2851 871 2894 Samaria:
899 2850 1166 2905 regnavitque
1193 2849 1335 2890 Achab
1362 2848 1465 2889 filius
1493 2847 1575 2888 eius
1601 2858 1674 2899 pro
1700 2859 1758 2887 eo.

304 2970 405 3021 ΙΙΙ.
443 2970 642 3021 Achab
682 2970 740 3020 et
778 2968 1005 3019 Iezabel
1044 2967 1105 3017 in
1144 2965 1346 3026 Israel,
1386 2964 1463 3023 16,
1490 2961 1718 3023 29—22,
1745 2960 1835 3013 40.

524 3060 564 3100 1.
595 3058 834 3101 Generalis
865 3057 1110 3111 descriptio
1140 3057 1330 3108 imperii,
1357 3055 1423 3105 16,
1442 3054 1613 3094 29—34.

218 3134 253 3157 2⁹
282 3132 425 3173 Achab
456 3144 551 3172 vero
582 3130 686 3171 filius
717 3129 832 3170 Amri
861 3128 1050 3183 regnavit
1079 3140 1199 3181 super
1231 3125 1353 3167 Israel
1384 3138 1490 3166 anno
1521 3123 1726 3178 trigesimo
1758 3128 1905 3165 octavo
1936 3122 2018 3163 Asa
2060 3129 2183 3169 ‚Temese

113 3191 215 3245 regis
238 3191 352 3232 Iuda.
375 3191 431 3232 Et
450 3189 638 3243 regnavit
657 3188 799 3229 Achab
820 3187 925 3228 filius
945 3186 1060 3227 Amri
1080 3199 1201 3240 super
1222 3184 1345 3226 Israel
1364 3183 1406 3224 in
1426 3182 1611 3224 Samaria
1630 3182 1776 3236 viginti
1796 3186 1838 3223 et
1857 3181 2016 3222 duobus
2059 3171 2182 3195 mmm*

114 3263 242 3291 annis.

217 3310 254 3333 ³⁰
280 3308 336 3349 Et
361 3307 459 3349 fecit
484 3306 627 3348 Achab
655 3305 759 3346 fflius
786 3304 901 3346 Amri
928 3303 1082 3345 malum
1110 3303 1151 3344 in
1179 3305 1399 3356 conspectu
1426 3300 1593 3342 Domini
1619 3312 1739 3353 super
1766 3311 1916 3347 omnes,
1947 3297 2015 3350 qui
2037 3300 2199 3326 id0¹0¹³tsif²

113 3367 280 3408 fuerunt
298 3371 394 3408 ante
414 3379 519 3408 eum.
563 3367 595 3390 ³¹
616 3364 700 3406 Nec
719 3363 881 3405 suffecit
900 3363 935 3404 ei
954 3367 1002 3404 ut
1020 3361 1251 3404 ambularet
1269 3360 1310 3401 in
1329 3358 1507 3414 peccatis
1529 3359 1753 3406 Ieroboam,
1770 3356 1840 3398 filii
1859 3356 2013 3397 Nabat:
2078 3336 2158 3365 few

246 3498 287 3532 10
312 3499 350 3531 ae
376 3497 430 3543 Rg
455 3499 487 3535 9,
512 3498 564 3532 31.
