2356 3760
116 74 169 114 15,
195 73 335 114 18—16,
361 73 400 105 17
872 70 1276 105 PARALIPOMENON
1937 79 2012 120 355

118 168 423 220 stitueruntque
438 165 621 206 Levitas:
639 165 799 205 Heman
814 163 941 203 filium
958 163 1051 207 Ioel.
1069 169 1109 204 et
1124 165 1173 204 de
1186 165 1380 205 fratribus
1396 166 1478 206 cius
1493 166 1631 219 Asaph
1646 168 1771 210 filium
1788 171 2011 213 Barachiae:

119 227 167 267 de
192 225 281 266 filiis
305 237 400 266 vero
425 224 582 272 Meretri,
608 222 803 263 fratribus
828 235 984 262 eorum:
1010 222 1150 262 Ethan
1174 223 1299 263 filium
1325 224 1486 264 Casaiae.
1541 226 1575 248 1⁸
1599 224 1653 265 Et
1677 239 1768 267 cum
1793 230 1846 268 eis
1870 231 2013 271 fratres

119 297 276 326 eorum:
302 284 344 325 in
367 283 543 325 secundo
568 281 718 329 ordine,
746 280 995 325 Zachariam,
1022 286 1063 321 et
1088 281 1185 325 Ben,
1213 286 1253 322 et
1280 282 1410 330 Iaziel,
1438 288 1478 323 et
1501 282 1784 333 Semiramoth,
1811 292 1851 326 et
1876 288 2011 336 lahiel,

120 348 160 384 et
181 343 272 387 Ani,
298 342 428 390 Eliab‚
453 346 494 381 et
516 339 727 387 Banaiam,
753 344 794 380 et
815 339 1025 387 Maasiam,
1050 344 1091 379 et
1113 339 1399 387 Mathathiam,
1426 345 1466 381 et
1488 340 1691 393 Eliphalu‚
1716 347 1757 383 et
1778 344 2012 391 Maceniam,

120 407 161 443 et
183 402 431 447 Obededom,
457 403 498 439 et
521 397 656 443 Iehiel,
680 397 883 438 ianitores.
936 399 970 421 ¹⁹
992 397 1116 438 Porro
1140 403 1336 446 cantores,
1363 398 1534 447 Heman,
1559 399 1709 453 Asaph,
1735 406 1774 441 et
1797 402 1953 451 Etham
1976 404 2016 444 in

121 460 317 515 cymbalis
348 457 467 499 aeneis
500 462 801 510 concrepantes.
862 458 899 480 2⁰
930 456 1144 496 Zacharias
1177 462 1326 501 autem.
1361 462 1402 498 et
1434 458 1554 505 Oziel,
1589 463 1630 499 et
1661 459 1943 509 Semiramoth,
1978 467 2018 502 et

123 518 259 566 Iahiel,
281 522 322 558 et
339 516 430 565 Ani,
452 520 493 556 et
511 515 641 563 Eliab,
664 520 705 555 et
723 515 908 563 Maasias,
930 519 971 555 et
991 514 1167 555 Banaias
1185 515 1226 555 in
1245 515 1375 555 nablis
1395 529 1543 556 arcana
1561 517 1796 559 cantabant.
1845 521 1875 543 21
1894 520 2017 561 Porro

121 575 384 623 Mathathias,
407 579 449 615 et
468 573 671 627 Eliphalu,
695 578 737 615 et
755 573 970 618 Maeonias,
995 578 1035 614 et
1056 573 1304 622 Obededom,
1329 579 1369 614 et
1392 574 1524 622 Iehiel,
1548 579 1589 615 et
1609 575 1769 621 Ozaziu,
1794 577 1833 617 in
1855 578 2019 618 citharis

120 649 191 690 pro
219 639 368 676 octava
393 633 596 674 canebant
622 632 833 685 epinicion.
888 633 920 656 22
946 631 1172 673 Chonenias
1199 637 1336 673 autem
1362 633 1548 686 princeps
1573 633 1821 683 Levitarum,
1850 637 2019 689 prophe-

121 694 188 735 tiae
203 698 387 747 praeerat‚
407 692 459 732 ad
474 691 774 745 praecinendam
791 691 1027 732 melodiam:
1046 695 1133 731 erat
1151 691 1300 745 quippe
1317 691 1436 731 valde
1453 691 1622 745 sapiens.
1669 694 1701 716 2³
1717 692 1771 733 Et
1789 694 2017 738 Barachias,

121 758 162 794 et
181 752 353 793 Elcana:
374 750 566 791 ianitores
586 763 698 791 arcae.
747 752 779 775 24
798 750 921 792 Porro
942 750 1145 797 Sebenias,
1167 754 1209 790 et
1228 750 1436 803 Iosaphat,
1458 755 1499 790 et
1519 750 1555 790 N
1560 750 1761 799 athanael,
1784 757 1823 792 et
1842 753 2018 797 Amas-ai,

122 817 163 853 et
188 810 413 858 Zacharias,
442 814 484 850 et
510 809 697 857 Banaias,
726 814 767 850 et
793 808 948 849 Eliezer
972 809 1212 857 sacerdotes,
1241 808 1486 862 clangebant
1511 809 1621 849 tubis
1648 822 1783 850 coram
1810 824 1903 851 arca
1926 811 2019 851 Dei:

122 875 163 911 et
191 869 440 917 Obededom,
473 873 513 909 et
544 867 675 908 Iehias
705 873 821 909 erant
850 867 1042 908 ianitores
1071 880 1183 908 arcae.

225 929 258 952 2⁵
279 927 430 981 aIgitur
445 926 582 967 David
599 932 639 967 et
656 940 795 968 omnes
812 927 983 967 maiores
1000 932 1101 967 natu
1120 926 1255 975 Israel,
1275 931 1316 967 et
1331 926 1485 968 tribuni
1503 926 1637 968 ierunt
1654 927 1705 968 ad
1722 927 2022 981 deportandum
2064 937 2188 989 1221'321117

122 999 258 1028 arcam
289 986 453 1027 foederis
482 985 649 1027 Domini
681 986 730 1026 de
761 986 882 1027 domo
915 985 1152 1027 Obededom
1184 998 1275 1026 curn
1307 985 1460 1026 laetitia.
1521 987 1556 1010 2⁶
1587 985 1769 1039 Cumque
1801 987 2023 1027 adiuvisset
2044 973 2209 1040 ‹ipiedffiiii’n

121 1046 232 1087 Deus
259 1045 436 1093 Levitas‚
468 1044 537 1098 qui
563 1044 788 1097 portabant
815 1057 951 1085 arcam
978 1044 1141 1085 foederis
1167 1044 1344 1092 Domini,
1373 1044 1693 1085 immolabantur
1719 1050 1874 1098 septem
1901 1045 2020 1093 tauri,
2067 1043 2184 1096 Tafgss'

123 1110 164 1146 et
189 1109 345 1158 septem
373 1103 529 1145 arietes.
584 1105 618 1127 '2⁷
644 1104 769 1145 Porro
796 1103 933 1144 David
959 1109 1047 1144 erat
1072 1103 1241 1144 indutus
1266 1103 1372 1144 stola
1397 1103 1573 1156 byssina,
1602 1107 1643 1143 et
1668 1104 1844 1145 universi
1870 1104 2024 1145 Levitae
2042 1107 2227 1136 suamaffert,

123 1163 192 1217 qui
214 1163 440 1217 portabant
462 1175 611 1209 arcam,
637 1167 904 1216 cantoresque
927 1168 968 1203 et
990 1162 1216 1203 Chonenias
1238 1162 1425 1216 princeps
1446 1161 1671 1215 prophetia-3
1692 1162 1797 1203 inter
1820 1168 2021 1204 cantores:

122 1222 259 1264 David
284 1227 423 1263 autem
448 1221 572 1262 etiarn
597 1221 766 1262 indutus
791 1227 878 1262 erat
903 1221 1036 1275 ephod
1060 1221 1176 1262 lineo.
1230 1222 1265 1245 2⁸
1290 1221 1593 1274 Universusque
1621 1220 1743 1261 Israel
1768 1222 2025 1262 deducebant

123 1294 259 1322 arcam
281 1281 445 1322 foederis
468 1280 634 1321 Domini
657 1280 697 1320 in
720 1280 857 1327 iubilo,
881 1285 922 1321 et
944 1280 1079 1321 sonitu
1105 1279 1294 1327 buccinae,
1314 1284 1354 1320 et
1376 1279 1498 1323 tubis,
1522 1284 1563 1320 et
1585 1279 1794 1333 cymbalis,
1817 1285 1858 1321 et
1880 1280 2021 1327 nablis,

123 1345 164 1381 et
193 1339 359 1381 citharis
390 1344 691 1392 concrepantes,
751 1341 786 1363 ²⁹
815 1339 998 1391 Cumque
1028 1338 1278 1391 pervenisset
1308 1350 1403 1378 arca
1430 1338 1593 1378 foederis
1622 1338 1787 1379 Domini
1817 1352 1944 1392 usque
1974 1339 2024 1379 ad

123 1398 343 1440 Civitatem
371 1398 520 1445 David,
551 1397 699 1438 Michol
728 1397 810 1438 filia
836 1396 933 1438 Saul
961 1396 1208 1450 prospiciens
1235 1409 1307 1450 per
1333 1397 1566 1445 fenestram,
1597 1397 1702 1438 vidit
1729 1411 1861 1451 regem
1890 1397 2026 1438 David

123 1457 342 1498 saltantem
373 1461 497 1510 atque
534 1456 763 1502 ludentem,
804 1462 845 1497 et
882 1455 1068 1509 despexit
1104 1468 1196 1496 eum
1234 1456 1274 1496 in
1313 1456 1431 1497 corde
1469 1469 1552 1497 suo.
1626 1456 1689 1499 16.
1745 1458 1758 1480 1
1787 1456 2027 1497 Attulerunt

127 1515 269 1570 bigitur
298 1528 434 1556 arcam
466 1515 554 1563 Dei,
596 1520 637 1555 et
669 1515 971 1556 constituerunt
1001 1528 1089 1555 eam
1118 1515 1160 1555 in
1192 1514 1325 1556 medio
1354 1514 1618 1563 tabernaculi,
1656 1515 1764 1569 quod
1796 1516 2028 1556 tetenderat

123 1575 157 1616 ei
196 1575 351 1615 David:
390 1580 432 1615 et
470 1574 708 1616 obtulerunt
745 1574 1003 1618 holocausta.
1045 1579 1086 1614 et
1122 1573 1293 1627 pacifica
1328 1586 1464 1615 coram
1501 1574 1599 1616 Deo.
1658 1576 1673 1599 2
1701 1573 1883 1628 Cumque
1920 1587 2026 1615 com-

124 1633 271 1687 plesset
313 1633 450 1674 David
491 1633 662 1675 offerens
699 1633 956 1679 holocausta,
1009 1638 1050 1673 et
1090 1632 1279 1686 pacifica,
1330 1633 1538 1673 benedixit
1578 1633 1727 1687 populo
1773 1633 1813 1673 in
1866 1633 2026 1674 nomine

123 1692 300 1734 Domini.
358 1694 373 1717 ³
402 1692 458 1733 Et
486 1692 627 1733 divisit
657 1692 854 1733 universis
884 1705 955 1745 per
985 1691 1174 1745 singulos,
1214 1704 1238 1732 a
1266 1691 1352 1733 viro
1385 1705 1512 1745 usque
1542 1692 1594 1733 ad
1628 1692 1836 1732 mulierem
1873 1696 2026 1733 tortam

124 1751 251 1805 panis,
284 1756 325 1793 et
352 1757 512 1805 partem
541 1764 640 1792 assae
667 1751 798 1792 carnis
827 1750 998 1799 bubalae,
1029 1756 1070 1791 et
1096 1750 1245 1791 frixam
1273 1750 1359 1792 oleo
1387 1750 1572 1792 similam.

227 1812 242 1835 4
258 1810 562 1864 Constituitque
578 1823 713 1851 coram
731 1823 825 1851 arca
839 1809 1004 1851 Domini
1021 1810 1070 1850 de
1085 1809 1251 1857 Levitis,
1271 1810 1339 1863 qui
1355 1809 1644 1857 ministrarent,
1664 1815 1705 1851 et
1720 1810 2028 1851 recordarentur
2083 1814 2179 1832 00s³¹¹¹

2056 1849 2122 1867 arca
2154 1843 2203 1868 Le-

124 1882 291 1922 operum
321 1869 417 1918 eius,
448 1875 490 1911 et
517 1869 800 1923 glorificarent,
833 1874 957 1922 atque
985 1868 1202 1909 laudarent
1230 1868 1453 1910 Dominum
1482 1868 1616 1910 Deum
1648 1868 1787 1910 Israel:
1844 1871 1859 1893 5
1887 1869 2025 1922 Asaph
2052 1878 2127 1903 vitas
2151 1878 2209 1902 lau-

124 1928 359 1981 principem,
391 1933 432 1969 et
460 1929 683 1969 secundum
712 1928 797 1969 eius
825 1927 1081 1968 Zachariam:
1110 1927 1235 1968 Porro
1267 1927 1403 1975 Iahiel,
1435 1932 1476 1968 et
1503 1927 1787 1976 Semiramoth,
1819 1932 1859 1968 et
1889 1927 2022 1976 Iehiel,
2048 1913 2210 1978 ωἶζῖῑῗῖιῖῒ,

124 1992 165 2028 et
187 1986 475 2035 Mathathiam,
502 1992 543 2028 et
566 1986 696 2034 Eliab,
723 1991 764 2028 et
787 1987 998 2033 Banaiam,
1025 1991 1066 2028 et
1089 1986 1345 2027 Obededom:
1373 1985 1495 2027 Iehiel
1518 1999 1638 2039 super
1660 1999 1812 2039 organa
1833 1986 2024 2039 psalterii,

124 2050 165 2086 et
180 2045 307 2099 lyras:
324 2046 465 2099 Asaph
482 2050 621 2086 autem
637 2051 685 2086 ut
701 2045 898 2099 cymbalis
914 2050 1169 2098 personaret3
1216 2046 1231 2069 ⁶
1248 2044 1446 2085 Banaiam
1464 2057 1571 2093 vero,
1591 2050 1632 2086 et
1650 2044 1769 2086 Iaziel
1785 2045 2024 2094 sacerdotes,

124 2117 266 2146 canere
295 2104 398 2145 tuba
426 2104 573 2158 iugiter
601 2116 737 2145 coram
767 2117 861 2144 arca
888 2104 1052 2145 foederis
1080 2103 1257 2145 Domini.

231 2164 245 2188 ⁷
262 2163 311 2204 In
325 2163 392 2205 illo
408 2163 472 2205 die
486 2163 584 2204 fecit
598 2163 735 2204 David
749 2163 973 2216 principem
991 2163 1043 2203 ad
1057 2162 1336 2204 confitendum
1352 2162 1528 2204 Domino
1544 2162 1695 2216 Asaph,
1714 2168 1754 2204 et
1768 2163 1914 2205 fratres
1930 2163 2024 2204 eius.
2059 2158 2204 2182 “animum

2052 2193 2210 2224 gratiarum

466 2224 482 2247 ⁸
517 2222 792 2264 eConfitemini
820 2221 1010 2269 Domino,
1042 2226 1083 2262 et
1112 2221 1300 2263 invocate
1329 2234 1477 2262 nomen
1507 2221 1608 2263 eius:
2043 2228 2219 2267 actioniseis

464 2286 583 2323 notas
611 2281 734 2322 facite
762 2281 804 2322 in
833 2280 992 2335 populis
1023 2281 1333 2321 adinventiones
1362 2280 1457 2322 eius.
2080 2264 2181 2293 trad1t,

467 2343 484 2365 ⁹
511 2340 685 2382 Cantate
714 2340 761 2389 ei,
793 2345 834 2381 et
862 2339 1022 2394 psallite
1051 2339 1104 2380 ei:

465 2405 506 2440 et
534 2404 697 2440 narrate
726 2399 865 2441 onmia
892 2398 1094 2439 mirabilia
1121 2399 1217 2440 eius.

466 2460 501 2483 1⁰
528 2458 714 2499 Laudate
743 2471 891 2500 nomen
921 2462 1109 2499 sanctum
1139 2457 1241 2498 eius:

464 2517 626 2558 laetetur
654 2530 722 2559 cor
751 2517 1019 2571 quaerentium
1048 2517 1284 2559 Dominum.

466 2579 497 2601 11
527 2576 704 2625 Quaerite
732 2576 968 2618 Dominum.
1000 2581 1041 2617 et
1070 2576 1266 2617 virtutem
1296 2576 1398 2617 eius:

467 2636 634 2689 quaerite
662 2635 808 2676 faciem
837 2635 921 2676 eius
950 2647 1118 2688 semper.

466 2696 498 2719 12
527 2694 814 2736 Recordamini
842 2693 1089 2735 mirabilium
1118 2693 1202 2735 eius
1233 2707 1322 2748 quae
1350 2694 1464 2734 fecit:

464 2753 671 2807 signorum
699 2752 817 2802 illius,
849 2758 890 2794 et
917 2753 1158 2794 iudiciorum
1188 2753 1266 2794 oris
1295 2752 1390 2794 eius.

466 2814 498 2838 ¹³
525 2812 672 2854 Semen
702 2811 826 2853 Israel
854 2813 959 2853 servi
988 2812 1090 2853 eius:

465 2871 535 2913 filii
565 2872 688 2913 Iacob
718 2871 834 2912 electi
863 2871 958 2913 eius.

466 2932 497 2955 14
528 2930 619 2984 Ipse
647 2930 849 2972 Dominus
877 2930 987 2971 Deus
1017 2936 1172 2971 noster:

464 2989 506 3030 in
534 2989 725 3030 universa
752 2994 862 3030 terra
889 2989 1039 3030 iudicia
1066 2989 1161 3031 eius.

466 3049 498 3072 ¹⁵
528 3047 813 3089 Recordamini
842 3048 883 3088 in
913 3048 1205 3101 sempiternum
1234 3048 1344 3101 pacti
1373 3047 1475 3088 eius:

465 3106 670 3156 sermonis,
704 3120 824 3161 quem
853 3107 1045 3160 praecepit
1073 3107 1115 3147 in
1143 3106 1252 3147 mille
1279 3105 1569 3160 generationes.

466 3167 500 3189 1⁶
529 3165 659 3214 Quem
687 3166 843 3219 pepigit
871 3179 964 3206 cum
992 3165 1220 3207 Abraham:

465 3228 506 3265 et
534 3224 752 3265 iuramenti
780 3224 885 3265 illius
915 3237 1007 3265 cum
1039 3224 1164 3266 Isaac.

465 3284 499 3306 ¹⁷
529 3282 585 3324 Et
613 3283 828 3324 constituit
855 3283 956 3324 illud
986 3283 1109 3325 Iacob
1138 3283 1179 3324 in
1208 3287 1475 3337 praeceptum:

257 3415 298 3450 25
319 3416 357 3449 ³2
376 3415 434 3449 Sm
455 3416 485 3456 6,
506 3416 556 3449 12.
584 3436 625 3440 ——
651 3416 703 3457 16,
724 3417 742 3449 1
763 3416 801 3449 b2
821 3416 879 3450 Sm
900 3415 930 3456 6,
952 3417 1002 3450 17.
1029 3437 1071 3441 —
1095 3417 1115 3451 8
1139 3416 1197 3450 cPs
1218 3415 1291 3455 104,
1312 3416 1346 3455 1;
1370 3415 1402 3449 Is
1422 3415 1474 3454 12,
1495 3415 1524 3448 4.

1736 3467 1811 3508 Q*
