2356 3760
255 192 332 232 686
1067 187 1094 221 Ρ
1102 187 1347 222 ROPHETIA
1879 191 1932 230 22,
1955 190 2096 231 20-23‚
2122 190 2164 224 18

68 281 290 348 Ρῑζῃῐξζξῗξωῖθ
306 283 362 324 Et
390 283 467 324 erit
494 283 535 324 in
564 282 629 323 die
657 281 742 323 illa:
827 281 991 323 Vocabo
1021 294 1184 323 servum
1212 295 1350 323 meum
1379 282 1550 324 Eliacim
1580 282 1707 324 filium
1739 283 1778 324 H
1807 283 1900 333 ⁵ciae,

62 352 224 378 ficationem
253 345 283 366 2¹
305 347 346 383 et
375 342 543 382 induam
573 340 685 382 illum
717 340 857 381 tunica
885 345 970 389 tua,
1054 345 1096 382 et
1124 341 1283 392 cingulo
1314 346 1385 383 tuo
1416 342 1656 383 confortabo
1687 355 1792 391 eum,

63 388 229 418 ‘'mmm“
305 406 347 442 et
368 406 618 454 potestatem
642 406 757 440 tuam
781 399 888 440 dabo
910 399 953 440 in
975 412 1100 440 manu
1124 400 1226 441 eius:
1304 406 1345 441 et
1367 402 1443 442 erit
1467 401 1581 455 quasi
1605 406 1723 455 pater
1744 401 2030 443 habitantibus
2054 403 2164 444 Ieru—

515 459 651 507 salem,
683 463 725 499 et
753 457 893 499 domui
924 458 1038 500 Iuda.

251 520 284 543 2²
308 519 384 559 aEt
409 519 515 559 dabo
542 518 699 558 clavem
725 517 870 557 domus
897 517 1034 558 David
1059 530 1181 571 super
1204 518 1420 559 humerum
1447 519 1548 559 eius:
1629 524 1671 560 et
1699 518 1886 573 baperiet,
1914 524 1956 560 et
1980 533 2062 561 non
2088 521 2164 562 erit

515 576 584 630 qui
613 575 798 617 claudat:
881 582 922 617 et
951 576 1127 623 claudet,
1160 582 1202 618 et
1229 591 1311 618 non
1341 577 1417 618 erit
1447 577 1515 631 qui
1545 578 1713 632 aperiat.

252 638 285 662 ²³
305 636 358 677 Et
380 637 499 686 figam
520 635 632 676 illum
651 634 849 688 paxillum
869 634 910 675 in
928 634 1015 676 loco
1035 634 1154 680 fideli.
1229 642 1271 677 et
1289 636 1365 677 erit
1383 636 1423 677 in
1443 636 1587 677 solium
1606 637 1742 689 gloriae
1760 637 1900 679 domui
1917 637 2046 691 patris
2065 637 2163 679 eius.

61 745 232 805 d{'‡³}⁰‡„¹³,³‘
358 742 390 764 ²⁴
408 740 464 781 Et
481 741 732 794 suspendent
749 753 871 793 super
887 753 980 781 eum
999 753 1161 782 omnem
1178 740 1348 794 gloriam
1367 741 1512 782 domus
1530 742 1658 795 patris
1677 742 1772 791 eius,
1794 753 1986 784 vasorum
2004 741 2165 783 diversa

79 787 215 846 pradia.
252 812 410 853 genera,
443 812 561 840 omne
592 812 663 840 vas
693 798 912 853 parvulum
942 812 967 840 a
994 800 1101 840 vasis
1132 805 1382 841 craterarum
1411 813 1540 854 usque
1570 801 1623 842 ad
1652 814 1770 842 omne
1800 813 1873 842 vas
1902 800 2161 842 musicorum.

251 860 283 882 ²⁵
316 858 362 898 In
394 858 458 899 die
488 858 558 899 illa
586 858 686 899 dicit
715 858 916 899 Dominus
948 859 1219 899 exercituum:
1252 859 1472 900 Auferetur
1501 859 1689 913 paxillus,
1723 860 1792 914 qui
1823 859 1928 901 fixus
1957 859 2094 900 fuerat
2122 859 2163 900 in

250 916 338 959 loco
362 917 488 958 fideli:
514 922 556 958 et
578 918 800 971 frangetur,
826 922 868 958 et
891 918 1022 967 cadet,
1048 922 1090 958 et
1112 917 1263 972 peribit
1286 918 1397 973 quod
1419 919 1672 973 pependerat
1693 918 1734 960 in
1758 932 1816 968 eo,
1844 919 1941 973 quia
1962 918 2164 960 Dominus

251 975 413 1018 locutus
443 982 514 1018 est.

857 1081 923 1121 11.
954 1080 1018 1122 De
1049 1081 1155 1122 fatis
1185 1081 1305 1133 Tyri,
1333 1082 1399 1134 23,
1418 1082 1564 1123 1—18.

64 1153 229 1184 suscriptio:
357 1151 421 1195 23.
477 1154 491 1177 ¹
521 1152 634 1194 Onus
664 1152 771 1206 Tyri.

63 1224 228 1285 ugffbffggff·
306 1222 471 1264 Ululate
500 1236 625 1263 naves
654 1222 796 1263 maris:
880 1223 977 1277 quia
1004 1228 1173 1264 vastata
1200 1228 1263 1264 est
1291 1224 1449 1273 domus,

304 1282 412 1322 unde
441 1281 578 1323 venire
607 1288 923 1323 consueverant:
1007 1282 1056 1324 de
1086 1282 1210 1324 Terra
1237 1282 1397 1324 Cethim
1426 1283 1653 1325 revelatum
1683 1288 1745 1325 est
1773 1283 1840 1325 eis.

269 1341 451 1382 ²Tacete
493 1341 561 1395 qui
603 1340 800 1382 habitatis
842 1341 882 1382 in
923 1341 1073 1382 insula:
1167 1342 1442 1396 negotiatores
1482 1342 1643 1384 Sidonis
1684 1343 1998 1384 transfretantes
2038 1354 2161 1384 mare.

512 1399 772 1453 repleverunt
802 1405 853 1442 te.

266 1461 282 1484 ³
304 1458 351 1499 In
375 1459 490 1513 aquis
514 1459 653 1500 multis
677 1472 813 1500 semen
839 1460 931 1506 Nili,
956 1460 1097 1501 messis
1119 1459 1297 1501 fluminis
1320 1461 1455 1514 fruges
1478 1460 1581 1502 eius:
1659 1465 1701 1502 et
1722 1461 1835 1502 facta
1856 1464 1919 1501 est
1939 1459 2164 1514 negotiatio

511 1518 708 1572 gentium.

266 1579 281 1601 4
302 1577 506 1618 Erubesce
535 1577 680 1619 Sidon:
764 1577 823 1619 ait
851 1578 959 1619 enim
988 1591 1117 1619 mare:
1148 1578 1350 1620 fortitudo
1379 1578 1502 1619 maris
1532 1579 1687 1620 dicens:

302 1636 394 1677 Non
423 1637 636 1690 parturivi,
669 1642 710 1677 et
739 1650 820 1678 non
850 1637 999 1690 peperi.
1084 1642 1125 1678 et
1153 1651 1235 1678 non
1265 1637 1443 1678 enutrivi
1472 1638 1651 1683 iuvenes,
1683 1651 1756 1678 nec
1786 1638 1839 1678 ad
1867 1638 2165 1678 incrementum

511 1695 684 1749 perduxi
713 1695 900 1749 virgines.

266 1756 281 1780 ⁵
301 1754 403 1796 Cum
434 1755 621 1796 auditum
651 1754 775 1795 fuerit
804 1754 843 1795 in
873 1754 1066 1809 AEgypto,
1151 1754 1351 1796 dolebunt
1380 1768 1473 1796 cum
1502 1755 1708 1797 audierint
1736 1755 1786 1797 de
1815 1755 1941 1809 Tyro:

266 1815 282 1838 ὓ
302 1814 488 1855 Transite
517 1814 658 1863 maria,
742 1813 897 1855 ululate
928 1814 996 1868 qui
1025 1813 1224 1855 habitatis
1254 1814 1295 1855 in
1324 1814 1474 1855 insula:

266 1874 279 1896 ⁷
302 1873 514 1927 Numquid
542 1886 623 1914 non
652 1878 791 1914 vestra
817 1873 902 1914 haec
931 1878 1003 1920 est,
1036 1886 1126 1927 quae
1152 1873 1406 1927 gloriabatur
1486 1886 1510 1915 a
1537 1873 1679 1915 diebus
1707 1873 1889 1927 pristinis
1917 1873 1958 1914 in
1987 1873 2164 1927 antiqui-

514 1938 601 1974 tate
630 1932 727 1973 sua?

302 1991 455 2033 ducent
483 2004 573 2032 eam
602 1992 725 2045 pedes
755 1991 816 2033 sui
844 1991 962 2046 longe
1045 1992 1098 2033 ad
1126 1992 1479 2046 peregrinandum.

50 2101 227 2162 efgefflffiikffi
267 2098 282 2120 ⁸
303 2097 400 2146 Quis
440 2097 638 2151 cogitavit
676 2097 753 2138 hoc
791 2110 912 2151 super
950 2097 1104 2152 Tyrum
1144 2097 1353 2152 quondam
1393 2102 1643 2139 coronatam.
1739 2096 1852 2138 cuius
1890 2097 2164 2151 negotiatores

231 2158 236 2165 ’
511 2156 724 2210 principes,
756 2156 963 2198 institores
993 2156 1077 2198 eius
1107 2156 1251 2210 inclyti
1280 2156 1421 2198 terrae?

267 2218 282 2239 ⁹
302 2215 503 2257 Dominus
533 2216 786 2257 exercituum
817 2215 1016 2270 cogitavit
1044 2215 1132 2263 hoc,

302 2280 349 2315 ut
374 2275 608 2316 detraheret
633 2274 865 2328 superbiam
892 2274 1023 2316 omnis
1047 2274 1194 2329 gloriae.
1275 2280 1317 2315 et
1342 2275 1394 2315 ad
1418 2274 1684 2328 ignominiam
1710 2274 1930 2315 deduceret
1954 2274 2164 2315 universos

513 2334 687 2388 inclytos
719 2339 845 2375 terrae.

250 2394 287 2418 ¹⁰
303 2393 445 2434 Transi
478 2398 629 2434 terram
663 2398 779 2434 tuam
814 2393 930 2447 quasi
963 2393 1115 2434 flumen
1148 2393 1231 2434 filia
1262 2393 1397 2437 maris,
1486 2406 1567 2434 non
1601 2397 1662 2433 est
1695 2392 1901 2445 cingulum
1934 2392 2043 2433 ultra
2075 2392 2163 2433 tibi.

249 2454 276 2476 ¹¹
301 2452 470 2493 Manum
499 2465 613 2493 suam
643 2452 830 2493 extendit
857 2465 978 2506 super
1004 2465 1127 2501 mare,
1210 2452 1476 2494 conturbavit
1502 2465 1644 2505 regna:

301 2511 502 2553 Dominus
532 2511 749 2552 mandavit
778 2512 972 2553 adversus
1003 2511 1210 2561 Chanaan,
1295 2516 1343 2552 ut
1371 2516 1599 2553 contereret
1627 2511 1752 2551 fortes
1783 2510 1879 2554 eius,

249 2572 281 2594 ¹²
302 2576 343 2611 et
362 2571 486 2611 dixit:
508 2571 599 2612 Non
620 2570 782 2611 adiicies
801 2570 911 2612 ultra
929 2576 976 2612 ut
993 2570 1184 2624 glorieris,
1260 2570 1507 2611 calumniam
1526 2570 1730 2611 sustinens
1751 2569 1863 2623 virgo
1883 2569 1966 2610 filia
1984 2568 2163 2611 Sidonis:

300 2629 341 2670 in
368 2630 526 2671 Cethim
554 2643 798 2683 consurgens
825 2631 1057 2679 transfreta,
1138 2630 1193 2671 ibi
1220 2643 1382 2684 quoque
1408 2643 1490 2671 non
1516 2629 1592 2670 erit
1616 2629 1774 2683 requies
1800 2629 1887 2670 tibi.

250 2690 281 2713 ¹³
302 2688 406 2730 Ecce
434 2694 544 2730 terra
572 2689 854 2730 Chaldaeorum
884 2689 976 2730 talis
1005 2688 1181 2743 populus
1209 2702 1292 2731 non
1319 2689 1411 2738 fuit,
1494 2688 1621 2729 Assur
1648 2688 1843 2729 fundavit
1871 2701 1979 2728 eam:

302 2748 341 2788 in
367 2748 655 2802 captivitatem
680 2748 953 2789 traduxerunt
978 2749 1168 2789 robustos
1193 2749 1288 2795 eius,
1369 2747 1625 2789 suffoderunt
1650 2748 1792 2789 domos
1817 2747 1913 2795 eius,
1939 2752 2165 2801 posuerunt

513 2820 602 2848 eam
632 2807 673 2848 in
702 2808 875 2849 ruinam.

270 2865 469 2907 ¹¹Ululate
497 2880 622 2907 naves
650 2866 784 2916 maris,
868 2866 965 2921 quia
991 2866 1212 2908 devastata
1237 2872 1300 2908 est
1325 2866 1526 2908 fortitudo
1555 2870 1703 2907 vestra.

68 2972 130 3031 ⁸⁹3³
140 2974 216 3031 ¹135&
357 2973 387 2995 ¹⁵
410 2972 462 3012 Et
485 2972 559 3013 erit
580 2973 620 3013 in
642 2972 705 3013 die
726 2972 811 3012 illa:
837 2972 883 3013 In
905 2971 1108 3014 oblivione
1129 2972 1205 3012 eris
1226 2985 1248 3013 o
1271 2972 1375 3026 Tyre
1396 2972 1660 3025 septuaginta
1681 2971 1808 3014 annis.
1832 2971 1937 3011 sicut
1958 2970 2041 3010 dies
2062 2969 2165 3022 regis

72 3030 215 3067 effabitur.
255 3030 389 3070 unius:
413 3038 503 3083 post
525 3031 788 3085 septuaginta
807 3037 946 3072 autem
968 3045 1095 3072 annos
1116 3031 1191 3072 erit
1212 3031 1318 3085 Tyro
1342 3030 1456 3085 quasi
1477 3031 1683 3071 canticum
1704 3030 1937 3071 meretricis
1987 3030 2023 3053 ¹⁶
2042 3029 2165 3069 Sume

252 3089 464 3137 citharam,
485 3090 605 3131 circui
625 3091 836 3131 civitatem
855 3090 1047 3131 meretrix
1066 3090 1260 3132 oblivioni
1279 3090 1451 3131 tradita:
1472 3090 1573 3130 bene
1592 3103 1702 3139 cane,
1722 3089 1940 3143 frequenta
1958 3087 2162 3129 canticum

253 3154 297 3189 ut
321 3148 512 3189 memoria
540 3149 599 3189 tui
623 3150 686 3191 sit.
740 3151 773 3174 ¹⁷
798 3149 853 3190 Et
877 3150 953 3190 erit
976 3155 1070 3203 post
1093 3149 1357 3203 septuaginta
1380 3162 1526 3190 annos:
1552 3149 1747 3189 visitabit
1770 3148 1971 3189 Dominus
1996 3147 2161 3200 Tyrum,

251 3213 291 3248 et
323 3207 489 3248 reducet
522 3221 608 3248 eam
644 3209 693 3249 ad
728 3210 931 3250 mercedes
965 3222 1075 3249 suas:
1111 3214 1151 3249 et
1183 3222 1343 3249 rursum
1376 3208 1646 3249 fornicabitur
1677 3221 1770 3248 cum
1802 3205 2000 3248 universis
2032 3204 2163 3259 regnis

253 3272 368 3307 terrae
392 3279 512 3320 super
535 3267 679 3307 faeiem
705 3274 832 3309 terrae.
886 3270 920 3292 ¹⁸
945 3269 1001 3309 Et
1025 3272 1145 3309 erunt
1168 3267 1465 3320 negotiationes
1490 3267 1586 3311 eius,
1614 3273 1655 3307 et
1678 3267 1882 3307 mercedes
1907 3265 1990 3306 eius
2014 3264 2164 3305 sancti-

252 3325 382 3366 ficata}
420 3326 615 3367 Domino:
656 3340 735 3366 non
775 3327 1013 3373 condentur,
1054 3340 1185 3381 neque
1222 3331 1489 3379 reponentur:
1531 3326 1627 3380 quia
1663 3326 1736 3375 his,
1778 3325 1847 3380 qui
1884 3323 2165 3365 habitaverint

251 3397 384 3425 coram
418 3385 607 3427 Domino.
641 3385 715 3425 erit
746 3386 968 3437 negotiatio
999 3386 1095 3428 eius.
1128 3390 1176 3427 ut
1204 3386 1457 3426 manducent
1484 3385 1526 3426 in
1556 3385 1830 3433 saturitatem,
1862 3388 1904 3425 et
1933 3382 2165 3424 vestiantur

254 3456 379 3496 usque
407 3444 459 3484 ad
486 3449 749 3485 vetustatem.

386 3548 428 3581 22
453 3550 545 3593 aApc
569 3549 600 3589 3,
626 3549 654 3583 7.
684 3570 686 3572 >
716 3571 722 3573 -
750 3549 831 3583 bIob
858 3552 908 3590 12,
936 3552 985 3584 14.
