2356 3760
255 202 330 243 682
1066 199 1341 234 PROPHETIA
1895 202 1947 239 16,
1973 201 2112 234 11—18.
2138 201 2161 233 5

300 295 439 335 vinum
472 295 511 335 in
544 294 733 335 torculari
765 306 842 334 non
876 293 1049 334 calcabit
1081 294 1150 347 qui
1181 294 1334 334 calcare
1366 299 1653 334 consueverat:
1740 306 1878 334 vocem
1910 294 2159 335 calcantium

509 353 671 394 abstuli.

248 415 278 437 ¹⁴¹
298 413 429 465 Super
455 413 530 453 hoc
560 420 703 452 venter
730 424 843 451 meus
872 411 922 451 ad
952 411 1074 451 Moab
1157 411 1271 465 quasi
1301 410 1459 452 cithara
1486 410 1661 454 sonabit.

299 476 338 512 et
370 472 521 512 viscera
555 484 640 510 mea
724 470 774 510 ad
806 482 967 510 murum
998 470 1102 511 cocti
1130 470 1280 511 lateris.

39 577 219 638 ff¹cs³¹¹ssoffi¹ffig
247 579 277 601 ¹²
298 577 351 618 Et
382 577 474 617 erit:
504 589 595 616 cum
625 574 858 628 apparuerit
889 575 997 628 quod
1025 574 1229 616 laboravit
1309 574 1431 616 Moab
1459 587 1579 627 super
1606 574 1771 614 excelsis
1799 574 1891 616 suis.

38 631 43 637 “
92 620 101 643 ¹
147 635 151 637 ’
224 633 228 637 ’
298 635 545 686 ingredietur
575 634 624 674 ad
656 639 796 674 sancta
828 647 898 673 sua
931 639 977 674 ut
1006 634 1201 677 obsecret.
1286 639 1327 674 et
1357 646 1437 673 non
1467 632 1633 674 valebit.

352 708 382 729 ¹³
402 705 489 745 Hoc
510 704 692 747 verbum,
715 704 821 757 quod
842 703 1001 745 locutus
1021 709 1080 744 est
1098 703 1300 744 Dominus
1320 703 1372 744 ad
1390 703 1512 744 Moab
1531 716 1579 743 ex
1599 708 1715 744 tunc:
1763 705 1794 727 ¹⁴
1812 709 1851 744 et
1871 716 1979 744 nunc
1996 703 2156 744 locutus

245 771 306 805 est.
332 764 544 806 Dominus.
572 763 726 803 dicens:
762 763 802 803 ln
830 763 959 803 tribus
986 763 1102 803 annis
1129 762 1243 816 quasi
1270 762 1365 803 anni
1391 762 1626 802 mercenarii
1652 764 1859 803 auferetur
1883 762 2010 815 gloria
2034 762 2156 803 Moab

245 836 365 876 super
392 823 502 863 omni
530 822 680 875 populo
710 821 851 865 multo.
882 827 921 862 et
950 822 1201 875 relinquetur
1226 835 1378 874 parvus
1406 826 1446 862 et
1474 821 1669 864 modicus
1698 834 1959 875 nequaquam
1988 820 2154 862 multus.

579 937 618 978 5.
649 937 713 977 De
743 937 1005 978 vastatione
1036 937 1246 977 Damasci
1278 936 1321 977 et
1352 936 1505 987 lsrael,
1533 936 1600 987 17,
1619 936 1765 988 1-18,
1784 939 1823 978 7.

62 1011 221 1041 1111011111οἓ
352 1010 414 1053 17.
473 1012 480 1033 1
513 1010 626 1050 Onus
655 1008 859 1049 Damasci.

75 1087 207 1141 3332&
299 1080 403 1120 Ecce
434 1079 660 1119 Damascus
691 1078 848 1118 desinet
878 1091 961 1118 esse
991 1078 1148 1122 civitas,
1234 1084 1275 1118 et
1304 1078 1381 1118 erit
1409 1078 1515 1118 sicut
1544 1090 1712 1119 acervus
1742 1077 1925 1131 lapidum
1955 1078 1996 1118 111
2026 1078 2154 1119 ruina.

74 1132 205 1180 &aaut
264 1140 278 1162 ‘-'
298 1138 512 1179 Derelictae
542 1138 729 1178 civitates
760 1137 886 1178 Aroer
914 1137 1101 1191 gregibus
1132 1142 1262 1179 erunt.
1348 1142 1390 1177 et
1418 1136 1672 1190 requiescent
1703 1136 1768 1181 ibi.
1800 1142 1842 1177 et.
1872 1150 1951 1177 non
1982 1137 2058 1178 erit
2089 1137 2155 1190 qui

508 1202 723 1238 exterreat.

262 1259 278 1281 3
298 1256 354 1297 Et
381 1256 555 1297 cessabit
584 1255 833 1297 adiutorium
863 1255 914 1296 ab
943 1255 1153 1309 Ephraim,
1236 1261 1277 1296 et
1304 1268 1473 1308 regnum
1502 1268 1525 1295 a
1552 1255 1774 1296 Damasco:

298 1321 339 1357 et.
360 1315 539 1369 reliquiae
561 1315 686 1369 Syrife
709 1315 813 1355 sicut
835 1314 962 1364 gloria
984 1314 1157 1355 filiorum
1184 1314 1307 1355 Israel
1330 1319 1467 1355 erunt:
1545 1314 1644 1355 dicit
1665 1314 1866 1355 Dominus
1889 1314 2157 1355 exercituum.

51 1420 228 1481 Iagsssjq‘sste,
264 1424 278 1445 ⁴
299 1421 353 1462 Et
374 1421 450 1462 erit
470 1421 508 1461 in
530 1420 593 1461 die
613 1420 698 1460 illa:
721 1419 1007 1460 attenuabitur
1025 1418 1152 1470 gloria
1174 1419 1308 1465 Iacob,
1383 1425 1424 1460 et
1442 1419 1647 1473 pinguedo
1667 1419 1798 1460 carnis
1818 1419 1902 1460 eius
1923 1425 2157 1460 marcescet.

67 1491 212 1519 uuabitur,
263 1483 278 1504 5
299 1481 354 1521 Et
374 1480 449 1521 erit
470 1480 573 1520 sicut
595 1491 842 1532 congregans
863 1478 903 1518 in
923 1491 1051 1518 messe
1073 1479 1183 1532 quod
1203 1478 1409 1522 restiterit.
1485 1484 1526 1519 et
1546 1478 1758 1519 brachium
1779 1478 1863 1519 eius
1883 1478 2014 1532 spicas
2032 1478 2158 1532 leget:

297 1545 339 1580 et
354 1539 429 1580 erit
445 1539 550 1580 sicut
567 1551 748 1592 quaerens
764 1537 895 1591 spicas
911 1537 952 1577 in
968 1536 1072 1577 valle
1090 1537 1306 1591 Raphaim.
1354 1539 1370 1562 ⁶
1385 1538 1439 1578 Et
1454 1537 1708 1591 relinquetur
1722 1537 1762 1578 in
1778 1550 1823 1578 eo
1840 1537 1946 1578 sicut
1960 1550 2157 1580 racemus.

508 1603 547 1639 et
578 1598 684 1638 sicut.
713 1597 895 1637 excussio
927 1596 1023 1637 oleae

297 1658 471 1699 duarum
504 1656 567 1697 vel
600 1656 723 1696 trium
756 1655 955 1696 olivarum
987 1655 1027 1695 in
1059 1655 1298 1696 summitate
1329 1655 1443 1698 rami.
1530 1655 1614 1696 sive
1647 1660 1845 1708 quattuor
1876 1662 1948 1696 aut
1981 1656 2162 1709 quinque

509 1716 548 1756 in
580 1715 859 1756 cacuminibus
889 1714 972 1754 eius
1002 1714 1159 1755 fructus
1189 1714 1292 1755 eius:

297 1776 397 1817 dicit
425 1775 626 1817 Dominus
656 1775 767 1815 Deus
800 1773 934 1814 lsrael.

38 1879 134 1938 {¹¹¹2}
146 1879 241 1944 &331¹
263 1882 276 1904 ⁷
300 1881 347 1921 In
379 1880 442 1921 die
474 1880 539 1920 illa
571 1879 834 1920 inclinabitur
863 1879 985 1919 homo
1018 1879 1068 1919 ad
1101 1878 1317 1919 Factorem
1348 1892 1479 1924 suum,
1567 1884 1606 1920 et
1638 1879 1742 1920 oculi
1773 1878 1857 1920 eius
1889 1879 1941 1920 ad
1972 1886 2162 1920 sanctum

108 1950 172 1979 ciet,
513 1939 635 1979 Israel
665 1938 899 1992 respicient:

265 2002 280 2023 Β
299 2005 339 2040 et
366 2012 447 2040 non
471 1998 736 2039 inclinabitur
760 1998 809 2038 ad
838 1996 995 2046 altaria,
1025 2010 1115 2051 quae
1139 1996 1324 2038 fecerunt
1348 2010 1494 2038 manus
1520 1997 1622 2038 eius:
1703 2004 1742 2038 et
1770 2010 1859 2050 quae
1884 1997 2041 2050 operati
2066 2004 2161 2037 sunt

508 2057 624 2111 digiti
654 2057 737 2097 eius
767 2070 849 2098 non
879 2056 1078 2110 respiciet,
1109 2055 1221 2097 lucos
1251 2061 1291 2097 et
1322 2056 1502 2098 delubra.

37 2165 230 2226 offlffisagffie
265 2167 279 2186 ³⁹
302 2164 349 2204 111
369 2163 432 2204 (110
452 2163 520 2203 illa
539 2168 657 2203 erunt
679 2162 867 2203 civitates
887 2161 1141 2203 fortitudinis
1161 2161 1245 2202 eius
1265 2161 1468 2202 derelictae
1487 2162 1592 2203 sicut
1613 2167 1761 2211 aratra,
1784 2166 1826 2202 et
1844 2166 1999 2215 segetes
2073 2175 2166 2215 quae

225 2222 229 2228 ’
509 2222 710 2263 derelietae
739 2226 835 2262 sunt
865 2234 889 2261 a
916 2220 1019 2261 facie
1048 2220 1223 2261 filiorum
1255 2219 1390 2269 Israel,
1422 2226 1463 2261 et
1493 2221 1567 2261 eris
1598 2222 1770 2263 deserta.

247 2284 282 2306 ¹0
300 2282 405 2331 Quia
436 2281 565 2322 oblita
597 2294 636 2321 es
668 2280 743 2320 Dei
776 2279 991 2321 salvatoris
1024 2279 1096 2323 tui.
1199 2284 1240 2320 et
1271 2279 1387 2320 fortis
1420 2279 1617 2321 adiutoris
1650 2280 1710 2320 tui
1742 2293 1824 2320 non
1856 2293 1897 2320 es
1928 2280 2161 2321 recordata:

299 2346 513 2394 propterea
556 2339 763 2393 plantabis
805 2338 1106 2392 plantationem
1150 2338 1322 2385 fidelem.
1420 2343 1461 2379 et
1502 2352 1666 2392 germen
1710 2338 1887 2379 alienum
1930 2339 2160 2380 seminabis.

248 2402 276 2424 ¹¹
302 2400 346 2440 In
378 2399 441 2440 die
470 2398 738 2453 plantationis
769 2404 850 2439 tuae
877 2398 1076 2443 labrusca,
1161 2403 1201 2438 et
1230 2410 1350 2438 mane
1379 2411 1515 2438 semen
1545 2403 1664 2439 tuum
1693 2397 1872 2439 florebit:

299 2458 439 2500 ablata
468 2464 530 2499 est
559 2458 698 2499 messis
728 2457 769 2498 in
799 2457 862 2498 die
892 2456 1143 2505 hereditatis,
1228 2461 1270 2497 et
1298 2456 1453 2498 dolebit
1481 2457 1672 2510 graviter.

57 2571 89 2625 ¹³⁶
113 2570 230 2625 {22³3}
250 2566 280 2588 ¹²
304 2564 372 2605 Vae
403 2563 659 2605 multitudini
691 2562 935 2616 populorum
967 2561 1203 2605 multorum.
1290 2566 1335 2602 ut
1366 2561 1590 2602 multitudo
1622 2562 1745 2603 maris
1776 2562 1978 2603 sonantis:

62 2608 225 2667 §Sul-mla,
302 2628 342 2664 et
374 2623 576 2664 tumultus
609 2623 835 2666 turbarum,
921 2621 1026 2662 sicut
1057 2620 1213 2661 sonitus
1245 2633 1446 2674 aquarum
1477 2620 1714 2662 multarum.

250 2685 281 2707 ¹³
301 2683 519 2724 Sonabunt
547 2681 687 2735 populi
767 2680 873 2721 sicut
900 2680 1056 2721 sonitus
1086 2693 1287 2733 aquarum
1315 2679 1619 2723 immdantium.

301 2747 340 2782 et
370 2741 598 2795 increpabit
628 2754 733 2789 eum,
817 2744 856 2780 et
885 2739 1013 2791 fugiet
1042 2738 1201 2793 procul:
1232 2743 1273 2780 et
1300 2738 1483 2792 rapietur

302 2801 408 2842 sicut
434 2800 568 2854 pulvis
596 2799 798 2840 montium
826 2812 850 2840 a
875 2799 976 2839 facie
1005 2798 1128 2842 venti,
1210 2803 1250 2838 et
1277 2797 1383 2838 sieut
1409 2798 1529 2839 turbo
1558 2811 1694 2839 coram
1721 2804 1980 2852 tempestate.

251 2862 282 2884 ¹¹
305 2860 351 2900 111
378 2865 560 2913 tempore
587 2872 763 2912 vespere.
793 2863 831 2898 et
859 2871 948 2899 ecce
976 2857 1176 2898 turbatio:
1256 2857 1297 2897 in
1323 2857 1542 2906 matutino,
1571 2863 1611 2898 et
1636 2871 1718 2898 non
1744 2857 1950 2899 subsistet.

303 2919 385 2959 haec
415 2924 473 2959 est
504 2932 595 2972 pars
625 2931 776 2960 eorum.
809 2917 877 2970 qui
907 2922 1177 2957 vastaverunt
1206 2930 1291 2963 nos,
1376 2920 1417 2956 et
1444 2929 1528 2957 sors
1558 2916 1837 2969 diripientium
1866 2929 1950 2958 nos,

68 3023 239 3088 Ηζξξῇξῖξξω
255 3022 316 3066 18.
375 3026 383 3046 ¹
414 3024 484 3064 Vae
513 3031 628 3064 terrie
656 3022 843 3077 cymbalo
873 3022 1041 3064 alarum.
1127 3036 1216 3075 quae
1243 3028 1303 3062 est
1332 3029 1445 3063 trans
1473 3022 1641 3062 fiumina
1670 3021 1900 3075 *Ethiopiae

58 3075 226 3123 'annuarum
271 3084 285 3105 2
308 3082 375 3134 qui
402 3082 529 3122 mittit
557 3083 595 3123 in
624 3096 732 3123 mare.
759 3082 924 3135 legatos,
1005 3086 1045 3121 et
1071 3081 1110 3121 in
1138 3082 1244 3121 vasis
1271 3081 1417 3135 papyri
1442 3094 1562 3134 super
1587 3094 1726 3134 aquas.

307 3141 367 3180 lte
386 3141 512 3187 angeli
534 3142 688 3181 veloces
708 3141 758 3182 ad
775 3147 938 3191 geniem
957 3140 1208 3185 convulsam,
1229 3146 1268 3181 et
1287 3140 1570 3181 dilaceratam:
1643 3140 1696 3181 ad
1712 3139 1911 3193 populum
1930 3138 2162 3181 terribilem.

514 3206 605 3252 post
638 3214 756 3253 quem
788 3214 868 3241 non
899 3205 960 3240 est
989 3199 1109 3240 alius:

305 3258 356 3298 ad
375 3264 533 3307 gentem
557 3266 842 3311 expectantem
863 3264 903 3299 et
924 3258 1217 3303 conculcatam,
1292 3259 1404 3299 euius
1424 3258 1679 3312 diripuerunt
1699 3257 1870 3298 flumina
1889 3262 2039 3298 terram
2059 3257 2164 3298 eius:

269 3319 285 3342 ³
306 3330 444 3358 omnes
473 3317 723 3357 habitatores
753 3318 871 3362 orbis,
956 3317 1024 3371 qui
1052 3317 1267 3359 moramini
1295 3317 1335 3358 in
1365 3322 1482 3363 terra,

305 3389 395 3416 cum
416 3375 618 3416 elevatum
641 3377 760 3417 fuerit
778 3377 936 3425 signum
956 3377 995 3417 in
1014 3376 1235 3422 montibus,
1258 3376 1460 3425 videbitis,
1533 3382 1574 3417 et
1592 3376 1821 3429 clangorem
1842 3375 1951 3416 tubae
1970 3375 2164 3416 audietis:

270 3437 285 3459 ‘²
307 3435 403 3488 quia
431 3434 513 3475 haec
543 3435 638 3475 dicit
673 3436 868 3476 Dominus
897 3436 949 3476 ad
976 3449 1059 3476 me:
1142 3435 1368 3484 Quiescam,
1399 3440 1440 3476 et
1468 3435 1731 3476 considerabo
1760 3435 1801 3475 in
1827 3433 1914 3475 loco
1944 3447 2033 3475 meo

305 3493 411 3534 sicut
441 3493 662 3534 meridiana
695 3493 763 3533 lux
796 3494 903 3535 clara
932 3500 1004 3538 est.
1091 3499 1132 3535 et
1162 3494 1264 3534 sicut
1297 3495 1424 3535 nubes
1455 3494 1553 3535 roris
1583 3494 1624 3534 in
1655 3493 1718 3534 die
1749 3493 1899 3534 messis.

268 3554 284 3578 ⁵
304 3553 412 3593 Ante
441 3566 608 3593 messem
639 3552 742 3592 enim
774 3559 884 3593 totus
913 3554 1101 3597 effloruit.
1184 3559 1225 3594 et
1251 3553 1474 3594 immatura
1499 3553 1693 3607 perfectio
1720 3552 1978 3606 germinabit.
