2356 3760
148 143 201 183 10,
226 144 344 183 3—11‚
370 145 412 177 15
793 145 933 179 BEATI
959 145 1150 180 10ANN1s
1175 145 1399 180 APOSTOLI
1944 147 2045 188 1199

149 249 268 289 super
287 250 410 287 mare,
432 237 640 279 sinistrum
660 243 799 278 autem
819 251 938 291 super
958 244 1125 280 terram:
1173 242 1188 263 3
1208 246 1248 281 et
1269 238 1463 281 clamavit
1483 251 1581 280 voce
1600 251 1760 291 magna,
1785 239 2046 293 quemadmo-

149 294 247 335 dum
277 308 369 336 cum
397 296 459 336 leo
488 296 607 349 rugit.
639 295 694 336 Et
724 309 816 337 cum
845 296 1071 345 clamasset,
1102 297 1241 339 locuta
1268 303 1364 339 sunt
1394 302 1551 351 septem
1582 297 1762 338 tonitrua
1793 311 1909 339 voces
1939 311 2044 339 suas.

148 355 163 376 ⁴
183 353 239 394 Et
259 367 351 395 cum
370 354 509 395 locuta
527 354 699 395 fuissent
717 359 874 407 septem
894 355 1077 396 tonitrua
1097 369 1214 397 voces
1235 369 1340 406 suas,
1363 369 1434 410 ego
1454 355 1676 408 scripturus
1697 368 1824 396 eram:
1848 362 1887 397 et
1908 356 2045 396 audivi

149 424 291 452 vocem
316 412 365 453 de
389 412 484 453 caelo
509 412 712 453 dicentem
736 412 853 453 mihi:
881 413 1004 467 Signa
1030 428 1118 467 quae
1141 413 1279 455 locuta
1303 422 1398 455 sunt
1423 420 1579 467 septem
1605 413 1804 455 tonitrua:
1832 419 1871 455 et
1895 414 1976 455 noli
2001 427 2048 455 ea

149 469 330 512 scribere.

252 530 268 553 ⁵
292 528 367 570 aEt
387 528 564 583 angelus,
589 541 709 582 quem
730 529 813 570 vidi
834 536 1014 572 stantem
1035 544 1155 584 super
1174 544 1296 579 mare,
1320 538 1359 572 et
1380 544 1500 584 super
1519 536 1682 576 terram,
1704 531 1857 572 levavit
1878 543 2046 571 manum
2082 535 2219 560 nuntium

149 600 264 627 suam
283 587 336 627 ad
354 587 514 628 caelum:
564 589 578 611 ⁶
595 592 636 628 et
653 587 805 629 iuravit
823 602 894 641 per
911 589 1119 630 viventem
1138 590 1179 630 in
1197 590 1343 630 saecula
1361 590 1610 638 saeculorum,
1632 589 1700 643 qui
1719 589 1872 630 creavit
1891 589 2044 633 caelum,
2083 577 2219 645 ῗὲὲῖἶξῖἶῖἑ

149 651 190 686 et
208 658 255 686 ea
274 658 364 699 quae
380 646 422 687 in
441 658 486 687 00
504 650 618 686 sunt:
639 652 680 687 et
698 652 861 696 terram,
882 653 923 689 et
941 660 988 688 ea
1007 660 1096 701 quae
1114 648 1155 689 in
1174 660 1222 688 ea
1239 653 1352 689 sunt:
1374 654 1414 689 et
1432 661 1554 697 mare,
1575 654 1616 689 01.
1635 660 1682 688 ea
1701 660 1790 701 quae
1807 648 1847 688 111
1867 660 1913 688 eo
1932 653 2045 688 sunt:
2105 641 2196 667 amm·

149 703 255 752 Quia
280 709 442 757 tempus
468 716 549 744 11011
577 704 651 745 erit
679 705 871 758 amplius:
929 707 942 730 ⁷
970 706 1040 747 sed
1065 706 1107 747 in
1134 705 1275 747 diebus
1303 706 1412 747 vocis
1439 705 1601 759 septimi
1628 706 1771 759 angeli,
1800 720 1892 747 011111
1919 718 2050 759 coepe-

148 762 202 803 rit
235 761 338 803 tuba
371 775 524 811 canere,
561 763 912 805 consummabitur
945 764 1185 818 mysterium
1219 764 1307 811 Dei,
1343 765 1448 805 sicut
1482 765 1777 818 evangelizavit
1810 777 1881 817 per
1914 777 2048 805 servos

149 833 241 861 suos
270 820 507 874 Prophetas.

255 880 270 903 8
295 879 351 920 Et
377 879 515 919 audivi
541 892 683 920 vocem
709 880 758 921 de
784 880 879 922 caelo
905 881 1053 922 iterum
1078 881 1314 935 loquentem
1340 894 1511 927 mecum,
1540 887 1580 923 et
1606 881 1827 922 dicentem:
1855 881 1979 929 Vade,
2008 887 2048 922 et
2088 881 2217 942 “ffiufflu

149 937 284 991 accipe
306 937 455 978 librum
480 943 667 991 apertum
692 939 741 980 de
764 952 889 980 manu
914 939 1043 994 angeli
1068 940 1215 981 stantis
1239 953 1359 994 super
1382 953 1504 988 mare,
1530 945 1571 981 et
1594 953 1714 993 super
1737 947 1899 981 terram.
1954 941 1970 963 ⁹
1993 939 2048 980 Et
2086 924 2218 978 αξη-ἕω.

148 996 228 1036 abii
256 995 308 1036 ad
335 996 536 1049 angelum,
564 997 699 1038 dicens
727 996 774 1047 ei,
803 1003 849 1039 ut
876 998 992 1039 daret
1017 998 1117 1039 mihi
1142 998 1303 1040 librum.
1332 998 1387 1039 Et
1414 998 1517 1039 dixit
1545 998 1661 1039 mihi:
1693 998 1862 1051 bAccipe
1887 997 2048 1042 librum,

148 1060 189 1096 et
205 1054 357 1096 devora
372 1054 505 1095 illum:
523 1060 564 1096 et
579 1055 701 1097 faciet
718 1056 929 1097 amaricari
945 1062 1131 1098 ventrem
1149 1063 1279 1106 tuum,
1298 1057 1424 1099 sedin
1442 1070 1507 1098 ore
1524 1062 1595 1097 tuo
1612 1056 1687 1098 erit
1703 1057 1819 1097 dulce
1836 1063 2050 1110 tamquam

148 1113 238 1155 mel.
294 1115 330 1137 ¹⁰
354 1113 410 1154 Et
437 1113 573 1167 accepi
598 1113 747 1155 librum
774 1115 823 1156 de
850 1128 974 1156 manu
1002 1116 1144 1169 angeli,
1174 1123 1213 1157 01
1241 1115 1435 1157 devoravi
1460 1115 1593 1156 illum:
1621 1122 1662 1157 et
1688 1121 1775 1156 erat
1801 1115 1841 1155 in
1869 1128 1935 1155 ore
1961 1127 2051 1155 meo

148 1178 363 1225 tamquam
386 1171 467 1213 mel
491 1171 625 1213 dulce:
652 1178 693 1214 et
718 1186 810 1214 cum
836 1174 1093 1215 devorassem
1119 1188 1224 1224 eum,
1252 1174 1497 1215 amaricatus
1522 1180 1583 1215 est
1608 1179 1750 1215 venter
1774 1187 1905 1214 meus:
1955 1175 1985 1198 ¹1
2010 1180 2052 1214 et

148 1229 252 1271 dixit
272 1229 389 1270 mihi:
411 1230 586 1283 Oportet
606 1236 646 1272 te
666 1231 814 1273 iterum
834 1233 1078 1286 prophetare
1099 1232 1311 1276 Gentibus.
1335 1238 1375 1274 et
1395 1232 1566 1286 populis.
1590 1238 1630 1273 et
1648 1232 1807 1286 linguis,
1830 1237 1870 1273 et
1890 1231 2050 1285 regibus

147 1288 298 1330 multis.
341 1303 344 1306 ’

740 1350 779 1390 2.
809 1349 910 1390 Duo
939 1349 1085 1390 testes
1115 1349 1210 1400 Dei,
1238 1350 1304 1399 11,
1324 1350 1469 1390 1—14.

253 1412 316 1454 11.
372 1414 385 1436 1
414 1411 470 1452 Et
500 1411 620 1452 datus
652 1418 712 1454 est
742 1413 840 1454 mihi
870 1414 1049 1455 calamus
1080 1414 1218 1455 similis
1250 1414 1383 1467 virgae.
1416 1420 1456 1454 et
1486 1413 1642 1455 dictum
1673 1419 1733 1454 est
1763 1413 1880 1454 mihi:
1911 1413 2048 1466 Surge,
2101 1417 2208 1457 Gfflfftffl

148 1476 190 1512 et
214 1469 357 1511 metire
383 1470 582 1523 templum
609 1470 696 1520 Dei,
726 1477 766 1513 et
793 1471 933 1522 altare,
962 1477 1002 1513 et
1029 1472 1246 1514 adorantes
1273 1472 1313 1513 in
1341 1485 1398 1513 00.
1455 1474 1468 1496 ²
1495 1472 1646 1513 atrium
1673 1477 1824 1515 autem.
1854 1472 1963 1525 quod
1991 1476 2052 1512 est
2100 1454 2208 1528 ῗξῖᾣῗῖ

148 1529 243 1570 foris
272 1528 483 1582 templum,
513 1528 608 1570 eiice
635 1529 755 1579 foras,
786 1535 826 1571 et
854 1544 903 1572 ne
930 1530 1110 1572 metiaris
1137 1530 1254 1571 illud:
1286 1530 1479 1584 quoniam
1507 1530 1652 1571 datum
1680 1535 1741 1571 est
1768 1529 1981 1578 Gentibus,
2011 1524 2255 1588 etsscta‘fffiffifn

148 1588 359 1629 civitatem
386 1592 572 1628 sanctam
600 1588 817 1630 calcabunt
844 1589 1049 1630 mensibus
1079 1589 1351 1644 quadraginta
1379 1589 1556 1630 duobus:

251 1648 267 1671 3
283 1652 323 1687 01
340 1645 446 1686 dabo
464 1645 622 1687 duobus
640 1647 812 1689 testibus
829 1648 940 1697 meis,
958 1653 999 1689 et
1014 1648 1323 1702 prophetabunt
1340 1647 1481 1689 diebus
1498 1647 1605 1688 mille
1622 1647 1806 1688 ducentis
1824 1647 2047 1700 sexaginta.
2070 1651 2128 1711 dtuo
2145 1652 2238 1711 ‚tffitffi

148 1704 286 1746 amicti
309 1704 445 1746 saccis.
497 1707 512 1729 ⁴
537 1704 590 1745 Hi
614 1713 709 1746 sunt
733 1706 824 1747 duae
847 1707 974 1756 olivae,
1001 1712 1040 1747 01
1065 1706 1145 1747 (1110
1170 1707 1414 1748 candelabra
1436 1707 1478 1747 in
1502 1711 1721 1760 conspectu
1744 1705 1910 1746 Domini
1934 1710 2050 1746 terrae
2076 1693 2231 1753 ρῗζῗιιὲῖέῗ-

148 1768 316 1805 stantes.
371 1764 386 1787 5
413 1763 468 1804 Et
496 1763 527 1804 si
557 1764 645 1817 quis
673 1764 847 1806 voluerit
874 1778 940 1806 003
969 1779 1122 1814 1100010,
1152 1765 1253 1819 ignis
1281 1765 1389 1807 exiet
1416 1765 1465 1806 de
1494 1777 1559 1805 ore
1587 1777 1738 1813 eorum,
1767 1769 1808 1805 et
1835 1763 2049 1804 devorabit
2111 1757 2195 1784 bufli*

147 1821 330 1863 inimicos
352 1834 510 1862 eorum:
532 1827 573 1863 et
593 1822 626 1863 si
648 1823 736 1876 quis
758 1824 932 1865 voluerit
953 1837 1019 1865 eos
1040 1824 1195 1873 laedere,
1220 1824 1274 1865 310
1297 1829 1459 1877 oportet
1479 1837 1572 1864 011111
1594 1823 1733 1864 occidi.
1786 1825 1800 1847 ⁶
1822 1822 1876 1863 Hi
1897 1821 2051 1863 habent

147 1885 397 1934 potestatem
426 1880 641 1921 claudendi
670 1882 824 1932 caelum,
855 1896 905 1923 ne
934 1882 1051 1936 pluat
1079 1882 1221 1924 diebus
1250 1882 1475 1936 prophetiae
1503 1882 1702 1935 ipsorum:
1733 1887 1774 1922 et
1801 1885 2051 1934 potestatem

147 1938 302 1980 habent
324 1952 444 1992 super
466 1952 592 1993 aquas
616 1940 879 1982 convertendi
903 1955 968 1983 eas
991 1941 1032 1982 in
1054 1942 1306 1995 sanguinem,
1331 1947 1372 1983 et
1393 1946 1602 1994 percutere
1626 1946 1777 1982 terram
1800 1939 1909 1980 omni
1932 1939 2052 1992 plaga

149 1998 484 2052 quotiescumque
513 1998 727 2040 voluerint.

255 2057 269 2080 ⁷
295 2056 352 2097 Et
377 2069 470 2097 eum
496 2056 673 2099 finierint
699 2058 980 2100 testimonium
1007 2072 1138 2109 suum,
1167 2058 1309 2106 bestia,
1339 2072 1429 2113 quae
1455 2057 1637 2099 ascendit
1664 2057 1713 2098 de
1740 2057 1899 2110 abysso,
1928 2056 2050 2097 faciet
2063 2057 2234 2118 ngiggfftigr

148 2115 365 2156 adversum
388 2127 453 2156 eos
478 2115 640 2166 bellum,
666 2122 706 2158 et
730 2117 866 2159 vincet
888 2117 988 2167 illos,
1013 2123 1054 2159 et
1077 2117 1233 2160 occidet
1257 2130 1335 2159 eos.
1390 2119 1405 2141 ⁸
1427 2117 1483 2158 Et.
1506 2129 1675 2171 corpora
1697 2128 1836 2157 eorum
1858 2114 2051 2156 iacebunt
2236 2111 2242 2122 '

146 2174 188 2215 in
214 2173 358 2227 plateis
384 2173 562 2215 civitatis
588 2187 758 2228 magnae,
787 2189 877 2229 quae
902 2181 1074 2217 vocatur
1098 2176 1364 2230 spiritualiter
1387 2176 1578 2221 Sodoma,
1606 2180 1647 2217 et
1672 2174 1887 2229 AEgyptus,
1916 2173 1985 2214 ubi
2011 2178 2052 2214 et

146 2232 347 2273 Dominus
377 2244 516 2273 eorum
545 2233 759 2275 crucifixus
789 2239 861 2275 est.

254 2293 270 2315 9
294 2290 350 2332 Et
376 2290 575 2333 videbunt
602 2291 651 2333 de
677 2291 877 2342 tribubus,
905 2298 946 2334 et
971 2292 1143 2346 populis,
1172 2298 1213 2334 et
1237 2292 1395 2346 linguis,
1423 2298 1464 2334 et
1489 2291 1689 2333 Gentibus
1716 2303 1885 2344 corpora
1910 2294 2238 2354 eorum12823115112133113

148 2362 219 2403 per
248 2354 329 2390 tres
361 2349 457 2399 dies,
491 2355 531 2391 et
563 2349 796 2392 dimidium:
840 2356 881 2392 et
912 2364 1081 2405 corpora
1112 2364 1250 2392 eorum
1281 2364 1363 2392 non
1394 2350 1529 2392 sinent
1560 2349 1656 2404 poni
1686 2349 1728 2390 in
1759 2348 2046 2390 monumentis.
2091 2336 2149 2360 p⁰p
2210 2349 2215 2357 ”

149 2410 185 2433 1⁰
217 2414 258 2449 et
289 2407 567 2449 inhabitantes
602 2414 753 2450 terram
784 2409 1024 2463 gaudebunt
1058 2423 1178 2463 super
1209 2409 1310 2458 illos,
1347 2414 1387 2450 et
1419 2408 1771 2450 iucundabuntur:
1808 2412 1848 2448 et
1880 2418 2051 2448 munera

148 2466 316 2508 mittent
336 2465 523 2516 invicem,
548 2467 741 2521 quoniam
762 2467 804 2509 hi
826 2468 907 2509 duo
929 2467 1139 2522 prophetae
1161 2468 1445 2509 cruciaverunt
1466 2480 1545 2517 003,
1570 2467 1639 2521 qui
1660 2465 1907 2507 habitabant
1929 2477 2050 2518 super

148 2530 309 2566 terram.

252 2586 284 2608 11
300 2583 356 2625 Et
370 2588 465 2637 post
481 2583 564 2626 dies
580 2586 673 2628 tres.
692 2590 733 2626 et
749 2585 976 2636 dimidium,
995 2586 1159 2639 spiritus
1176 2585 1272 2627 vitae
1289 2598 1312 2626 a
1327 2586 1414 2626 Deo
1430 2584 1602 2625 intravit
1618 2584 1659 2625 in
1675 2596 1753 2625 eos.
1772 2583 1827 2624 Et
1843 2587 2047 2624 steterunt
2058 2583 2245 2643 egeissnugffiffin

148 2655 268 2695 super
290 2641 412 2695 pedes
438 2655 543 2692 suos,
570 2648 611 2685 et
635 2644 759 2685 timor
782 2657 953 2698 magnus
979 2644 1124 2686 cecidit
1148 2657 1269 2698 super
1293 2657 1371 2693 003,
1399 2643 1468 2698 qui
1493 2643 1685 2684 viderunt
1709 2654 1787 2683 eos.
1841 2643 1872 2666 12
1898 2640 1953 2681 Et.
1978 2653 2047 2680 au-
2073 2653 2241 2680 ascendent.

148 2700 310 2742 dierunt
343 2713 486 2742 vocem
518 2714 710 2756 magnam
744 2702 794 2744 de
826 2703 934 2753 caelo,
971 2703 1174 2744 dicentem
1207 2702 1279 2744 eis:
1315 2701 1532 2744 Ascendite
1565 2701 1655 2742 huc.
1692 2700 1746 2741 Et
1781 2698 2051 2740 ascenderunt

147 2759 188 2800 in
217 2759 359 2801 caelum
385 2758 427 2800 in
454 2759 580 2801 nube:
611 2766 652 2802 et
679 2760 871 2803 viderunt
897 2761 985 2803 illos
1012 2761 1165 2803 inimici
1193 2774 1343 2802 eorum.

252 2819 285 2842 1³
301 2817 358 2859 Et
374 2817 415 2858 in
432 2817 502 2858 illa
518 2818 618 2860 hora
634 2819 767 2861 factus
787 2825 848 2862 est
865 2825 1119 2862 terraemotus
1138 2832 1322 2874 magnus,
1342 2824 1383 2861 et
1400 2818 1557 2860 decima
1575 2829 1666 2871 pars
1685 2816 1863 2858 civitatis
1882 2814 2046 2857 cecidit:
2063 2820 2125 2880 ²³¹}ss
2142 2820 2242 2880 33³5?ss

149 2881 191 2917 et
213 2876 343 2917 occisa
364 2881 461 2918 sunt
481 2875 523 2917 in
545 2882 780 2920 terraemotu
801 2878 969 2920 nomina
989 2878 1203 2920 hominum
1225 2884 1381 2932 septem
1404 2876 1546 2918 millia:
1571 2882 1611 2917 et
1633 2874 1775 2929 reliqui
1797 2874 1838 2916 in
1860 2874 2048 2915 timorem
2074 2874 2228 2916 conversis⁴

149 2939 245 2975 sunt
276 2934 398 2984 missi,
433 2939 474 2976 et
506 2934 706 2978 dederunt
736 2937 906 2991 gloriam
936 2937 1025 2978 Deo
1058 2937 1154 2979 caeli.

253 2994 286 3017 14
310 2992 382 3033 Vae
406 2993 630 3035 secundum
657 2995 776 3036 abiit:
805 3001 846 3037 et
872 3009 962 3037 ecce
988 3008 1050 3037 vae
1075 2995 1244 3037 tertium
1271 2994 1407 3036 veniet
1433 2993 1526 3035 cito.

574 3099 674 3150 III.
714 3099 973 3166 Septima
1009 3100 1165 3160 tuba,
1203 3099 1272 3159 11,
1300 3097 1513 3159 15-14,
1539 3097 1630 3149 20.

606 3188 645 3229 1.
676 3187 852 3230 Laetitia
878 3189 1082 3231 victoriae
1111 3188 1156 3228 in
1187 3188 1314 3239 caelo,
1341 3187 1409 3240 11,
1429 3186 1602 3228 15-19.

254 3257 285 3280 ¹⁵
299 3254 355 3297 Et
373 3255 569 3309 septimus
585 3258 750 3311 angelus
769 3259 872 3301 tuba
885 3259 1048 3302 cecinit:
1069 3263 1110 3301 et
1124 3259 1245 3301 factae
1262 3263 1358 3300 sunt
1372 3270 1493 3299 voces
1507 3270 1666 3312 magnae
1680 3257 1721 3297 111
1738 3255 1833 3299 caelo
1847 3255 2045 3297 dicentes:
2106 3254 2197 3280 Voces

2075 3290 2229 3315 victoriam

149 3312 324 3355 Factum
355 3318 416 3355 est
445 3326 615 3368 regnum
643 3315 765 3358 huius
795 3318 951 3368 mundi,
983 3317 1150 3359 Domini
1180 3316 1308 3358 nostri
1339 3320 1381 3357 et
1412 3316 1558 3358 Christi
1590 3316 1685 3365 eius,
1719 3320 1760 3356 et
1790 3313 1975 3369 regnabit
2005 3312 2047 3353 in
2060 3325 2240 3354 nuntiantes,

150 3373 296 3414 saecula
323 3372 580 3414 saeculorum:
611 3373 753 3417 Amen.

282 3462 336 3506 10,
360 3463 382 3498 ὅ
405 3463 481 3498 aDn
505 3465 558 3505 12,
584 3466 613 3499 7.
639 3486 682 3489 -—
704 3466 725 3500 9
748 3466 818 3500 bEz
841 3466 872 3507 3,
898 3469 927 3501 1.
