2356 3760
90 1413 232 1443 salueistia

87 1449 234 1479 sectanda,

112 3234 204 3262 pecca!
211 3240 227 3256 a

130 3274 206 3291 vana

106 3303 232 3327 vstandm

267 157 344 198 626
1146 152 1293 186 LIBER
1979 155 2008 194 6,
2035 156 2131 191 (ἰ--Δῖ,
2158 156 2178 187 4

288 249 303 272 ⁶
321 247 441 289 Multi
470 247 628 301 pacifici
657 247 738 288 sint
770 246 856 291 tibi,
942 251 983 287 et
1014 246 1263 287 consiliarius
1293 246 1347 287 sit
1376 246 1451 287 tibi
1483 258 1586 287 unus
1616 246 1666 287 de
1696 245 1816 288 mille.

288 308 302 330 ⁷
320 306 362 348 Si
392 306 572 360 possides
603 307 792 353 amicum,
825 305 866 346 in
896 305 1127 346 tentatione
1157 305 1318 359 posside
1348 318 1453 352 eum,
1539 309 1580 345 et
1610 317 1659 345 ne
1689 304 1806 346 facile
1837 306 1976 347 credas
2006 306 2053 348 ei.

289 368 304 389 ³
321 366 398 406 Est
449 365 556 407 enim
611 365 764 406 amicus
808 364 1033 405 secundum
1088 369 1250 417 tempus
1295 377 1426 409 suum,
1520 368 1561 404 ct
1604 376 1685 404 non
1728 365 1986 417 permanebit
2028 365 2069 407 in
2114 366 2177 405 die

530 422 818 465 tribulationis.

289 486 303 507 ²·
321 483 375 524 Et
411 488 473 524 est
502 482 655 523 amicus
686 481 755 535 qui
784 482 1039 523 convertitur
1076 482 1128 523 ad
1164 481 1438 523 inimicitiam:
1530 486 1571 522 et
1598 486 1660 523 est
1690 482 1843 524 amicus
1874 482 1942 536 qui
1971 482 2110 523 odium
2137 487 2176 522 et

528 541 671 589 rixam,
704 545 745 581 et.
774 540 955 581 convitia
983 540 1223 582 denudabit.

267 603 303 625 ¹⁰
320 601 396 641 Est
423 605 561 641 autem
590 599 743 640 amicus
771 600 903 640 socius
931 612 1091 649 mensae,
1174 606 1216 641 et
1242 612 1324 641 non
1363 599 1619 653 permanebit
1645 599 1686 640 in
1714 600 1778 640 die
1805 599 2071 641 necessitatis.

268 662 298 684 1¹
319 659 485 700 Amicus
515 659 547 699 si
576 659 846 712 permanserit
874 658 991 702 fixus,
1023 659 1099 699 erit
1131 658 1207 699 tibi
1237 658 1352 712 quasi
1383 657 1610 712 ooaequalis‚
1695 663 1736 699 et
1764 658 1805 699 in
1835 658 2068 700 domesticis
2096 658 2179 699 tuis

529 717 772 759 fiducialiter
800 722 912 769 aget:

268 779 299 801 ¹2
319 777 351 817 si
376 776 654 818 humiliaverit
678 789 718 817 se
744 782 888 818 contra
912 781 964 819 te.
992 782 1033 817 et
1058 790 1082 817 a
1105 776 1208 817 facie
1232 780 1307 818 tua
1331 776 1591 817 absconderit
1615 789 1667 821 se.
1748 776 1984 817 unanimem
2009 776 2179 817 habebis

530 835 753 877 amicitiam
784 836 946 877 bonam.

268 897 300 920 ¹³
320 895 384 936 Ab
414 894 586 936 inimicis
616 895 696 936 tuis
727 907 926 948 separare,
1011 899 1053 936 et
1082 895 1134 936 ab
1164 894 1304 936 amicis
1333 895 1414 936 tuis
1444 895 1626 936 attende.

268 957 300 979 ¹²
320 954 486 996 Amicus
515 953 654 1002 fidelis,
684 954 886 1007 protectio
915 953 1050 995 fortis:
1131 953 1201 1008 qui
1229 959 1367 995 autem
1396 953 1556 995 invenit
1582 953 1708 1002 illum,
1738 953 1897 995 invenit
1924 953 2177 995 thesaurum.

268 1015 299 1037 ¹⁵
318 1012 461 1054 Amico
485 1012 593 1054 fideli
616 1012 727 1054 nulla
751 1018 812 1053 est
835 1013 1101 1066 comparatio,
1179 1017 1221 1053 et
1243 1026 1325 1054 non
1349 1017 1411 1053 est
1433 1012 1557 1066 digna
1583 1012 1825 1067 ponderatio
1849 1012 1936 1054 auri
1959 1017 2001 1053 et
2023 1010 2181 1065 argenti

529 1077 673 1113 contra
702 1071 932 1112 bonitatem
962 1071 1056 1113 fidei
1084 1070 1201 1113 illius.

268 1133 302 1155 ¹⁶
320 1131 485 1172 Amicus
517 1130 656 1180 fidelis,
692 1131 1039 1172 medicamentum
1070 1130 1168 1172 vitae
1207 1136 1249 1172 et.
1278 1129 1620 1172 immortalitatis:
1706 1135 1747 1172 et
1777 1130 1847 1185 qui
1876 1134 2070 1171 metuunt
2098 1129 2181 1170 Do-

528 1190 698 1239 minum,
730 1190 942 1231 invenient
970 1189 1095 1232 illum.

268 1251 300 1273 ¹⁷
320 1249 398 1298 Qui
425 1249 544 1290 timet
569 1249 716 1292 Deum.
755 1262 870 1303 aeque
897 1249 1067 1290 habebit
1093 1249 1317 1291 amicitiam
1344 1250 1513 1291 bonam:
1596 1249 1790 1304 quoniam
1817 1249 2041 1291 secundum
2067 1246 2181 1288 illum

529 1309 605 1349 erit
634 1308 788 1349 amicus
818 1307 935 1350 illius.

268 1415 303 1438 1⁸
320 1413 396 1454 Fili
419 1427 443 1455 a
464 1414 680 1455 iuventute
703 1418 777 1455 tua
799 1413 939 1467 excipe
962 1413 1203 1460 doctrinam,
1281 1417 1323 1455 et
1344 1426 1473 1468 usque
1496 1414 1548 1456 ad
1575 1426 1697 1456 canos
1718 1414 1900 1456 invenies
1922 1414 2179 1469 sapientiam.

268 1474 302 1498 1⁹
321 1473 445 1522 Quasi
470 1473 502 1514 is
529 1473 598 1526 qui
624 1477 726 1521 arat,
755 1478 796 1514 et
821 1473 1008 1521 seminat,
1037 1473 1183 1514 accede
1218 1473 1271 1514 ad
1296 1485 1398 1519 eam,
1479 1478 1521 1515 et
1545 1473 1700 1514 sustine
1725 1473 1853 1515 bonos
1878 1473 2036 1515 fructus
2061 1472 2178 1515 illius.

265 1534 301 1556 '20
318 1532 359 1573 in
385 1545 504 1586 opere
530 1531 637 1573 enim
663 1532 788 1586 ipsius
815 1532 1007 1585 exiguum
1042 1531 1259 1577 laborabis,
1339 1536 1381 1572 et
1406 1532 1487 1574 cito
1512 1532 1606 1573 edes
1631 1532 1681 1573 de
1705 1532 2036 1585 generationibus
2061 1531 2178 1574 illius.

266 1593 295 1615 '2¹
319 1591 453 1640 Quam
485 1604 629 1644 aspera
659 1596 721 1632 est
762 1590 934 1631 nimium
966 1591 1169 1644 sapientia
1199 1590 1374 1632 indoctis
1406 1591 1652 1638 hominibus,
1739 1596 1780 1633 et
1810 1605 1893 1633 non
1924 1591 2183 1645 permanebit

529 1650 569 1690 in
598 1649 668 1690 illa
696 1662 847 1691 excors.

266 1711 298 1734 22
320 1709 444 1758 Quasi
466 1708 612 1763 lapidis
635 1708 766 1749 virtus
788 1709 978 1762 probatio
1001 1708 1077 1750 erit
1098 1708 1140 1751 in
1162 1707 1249 1758 illis,
1327 1713 1369 1750 et
1389 1722 1472 1751 non
1494 1709 1820 1751 demorabuntur
1840 1710 2033 1764 proiicere
2055 1709 2178 1752 illam.

267 1770 299 1793 2³
319 1768 532 1822 Sapientia
549 1768 656 1809 enim
676 1768 872 1809 doctrinae
890 1768 1114 1809 secundum
1133 1781 1283 1810 nomen
1301 1773 1363 1809 est
1380 1769 1477 1815 eius,
1545 1773 1587 1810 et
1604 1782 1686 1810 non
1705 1773 1767 1810 est
1783 1768 1924 1810 multis
1941 1769 2179 1810 manifesta:

530 1827 677 1881 quibus
709 1832 848 1868 autem
879 1827 1043 1881 cognita
1072 1832 1145 1875 est,
1178 1832 1393 1881 permanet
1422 1841 1552 1882 usque
1582 1828 1634 1869 ad
1665 1833 1930 1882 conspectum
1960 1828 2048 1870 Dei.

267 1889 299 1911 '2⁴
318 1886 428 1928 Audi
454 1886 521 1935 fili,
550 1892 591 1927 et
617 1886 753 1940 accipe
780 1885 991 1927 consilium
1018 1885 1260 1931 intellectus.
1342 1891 1384 1928 et
1408 1900 1458 1928 ne
1485 1886 1650 1928 abiicias
1677 1886 1890 1928 consilium
1915 1901 2065 1929 meum.

267 1947 299 1970 25
322 1945 445 1987 Iniice
471 1946 617 2000 pedem
644 1950 763 1986 tuum
789 1945 830 1986 in
857 1945 1072 1999 compedes
1098 1945 1215 1991 illius,
1297 1950 1338 1987 et
1364 1946 1403 1988 in
1430 1950 1596 2000 torques
1622 1945 1727 1987 fflius
1754 1945 1901 1988 collum
1928 1952 2066 1988 tuum:

267 2004 471 2046 2⁶subiice
501 2004 717 2046 humerum
747 2009 878 2054 tuum,
912 2010 953 2046 et
981 2010 1103 2059 porta
1131 2004 1254 2051 illam,
1339 2011 1379 2046 et
1408 2018 1459 2047 ne
1490 2005 1681 2047 acedieris
1710 2005 1882 2047 vinculis
1912 2006 2008 2048 eius.

269 2066 303 2088 ²⁷
324 2064 371 2104 In
394 2063 505 2105 omni
527 2063 663 2105 animo
686 2068 759 2105 tuo
782 2064 927 2105 accede
951 2064 1002 2105 ad
1024 2063 1147 2113 illam,
1225 2068 1266 2106 et
1287 2064 1328 2105 in
1351 2064 1462 2106 omni
1483 2065 1639 2106 virtute
1660 2070 1735 2106 tua
1756 2078 1953 2107 conserva
1973 2065 2061 2106 vias
2084 2065 2180 2107 eius.

269 2124 304 2147 2⁸
324 2122 534 2177 Investiga
552 2122 675 2171 illam,
699 2127 740 2163 et
759 2122 1093 2164 manifestabitur
1113 2123 1200 2172 tibi,
1276 2129 1318 2164 et
1337 2124 1550 2165 continens
1570 2124 1704 2166 factus
1724 2137 1774 2166 ne
1795 2123 2051 2179 derelinquas
2072 2138 2181 2166 eam:

268 2184 304 2206 2⁹
321 2181 362 2222 in
382 2181 613 2223 novissimis
632 2181 739 2223 enim
759 2181 940 2223 invenies
959 2182 1140 2236 requiem
1159 2182 1200 2223 in
1220 2195 1278 2229 ea,
1353 2187 1394 2223 et
1413 2188 1677 2224 convertetur
1695 2183 1771 2225 tibi
1789 2183 1831 2225 in
1851 2182 2180 2226 oblectationem.

268 2242 306 2266 ³⁰
321 2241 378 2282 Et
408 2246 528 2282 erunt
558 2240 633 2282 tibi
664 2241 879 2295 compedes
910 2241 994 2282 eius
1024 2241 1065 2282 in
1094 2242 1392 2295 protectionem
1432 2242 1698 2291 fortitudinis,
1785 2247 1826 2284 et
1855 2243 1972 2284 bases
2002 2243 2180 2292 virtutis,

531 2305 573 2342 et
602 2304 768 2354 torques
796 2299 902 2341 illius
931 2300 972 2341 in
1002 2299 1150 2341 stolam
1179 2300 1332 2355 gloriae:

268 2362 300 2384 ³¹
321 2359 443 2400 decor
472 2358 579 2400 enim
609 2359 706 2400 vitae
737 2363 798 2400 est
826 2358 868 2400 in
898 2358 977 2408 illa,
1063 2364 1104 2401 et
1133 2359 1298 2401 vincula
1326 2359 1431 2401 illius
1462 2359 1679 2414 alligatura
1707 2361 1907 2403 salutaris.

269 2420 301 2444 32
321 2417 480 2460 Stolam
510 2417 645 2472 gloriae
675 2418 818 2459 indues
849 2431 951 2467 eam,
1037 2423 1079 2459 et
1109 2431 1300 2461 coronam
1330 2419 1617 2473 gratulationis
1647 2433 1895 2474 superpones
1926 2420 2013 2463 tibi.

270 2480 302 2503 ³³
323 2477 410 2523 Fili,
430 2477 462 2518 si
480 2477 704 2519 attenderis
721 2477 832 2525 mihi,
852 2477 998 2519 disces:
1067 2483 1107 2519 et
1124 2478 1156 2519 si
1173 2478 1546 2520 accommodaveris
1564 2478 1747 2521 animum
1764 2485 1896 2529 tumn,
1915 2480 2076 2534 sapiens
2093 2480 2180 2522 eris,

268 2538 301 2562 ³⁴
322 2536 363 2578 Si
378 2536 634 2577 inclinaveris
687 2549 825 2578 aurem
875 2541 1004 2581 tuam,
1058 2537 1231 2591 excipies
1283 2537 1532 2579 doctrinam:
1637 2543 1678 2579 et
1724 2538 1756 2579 si
1802 2538 1988 2580 dilexeris
2029 2539 2180 2585 audire,

534 2595 694 2649 sapiens
725 2595 812 2637 eris.

269 2656 302 2679 ³⁵
324 2654 392 2695 aIn
416 2653 681 2696 multitudine
704 2655 1036 2709 presbyterorum
1067 2655 1332 2709 prudentium
1356 2661 1431 2703 sta,
1511 2662 1552 2698 et
1574 2657 1784 2711 sapientiae
1806 2656 1967 2699 illorum
1991 2670 2041 2699 ex
2064 2658 2184 2700 corde

533 2726 786 2767 coniungere,

324 2778 370 2814 ut
426 2785 587 2814 omnem
645 2772 922 2814 narrationem
980 2774 1056 2815 Dei
1117 2774 1245 2828 possis
1305 2774 1455 2818 audire.
1560 2780 1601 2815 et
1652 2775 1869 2829 proverbia
1918 2775 2049 2817 laudis
2100 2788 2181 2817 non

535 2831 734 2885 effugiant
765 2846 789 2872 a
818 2838 870 2874 te.

271 2893 306 2916 ³⁶
322 2891 378 2932 Et
415 2891 447 2932 si
486 2891 634 2932 videris
676 2896 898 2937 sensatum,
946 2891 1093 2945 evigila
1121 2893 1173 2933 ad
1215 2906 1319 2937 eum,
1391 2899 1432 2934 et
1469 2893 1618 2947 gradus
1655 2893 1851 2934 ostiorum
1887 2892 1992 2934 illius
2022 2898 2183 2935 exterat

534 2963 604 3004 pes
634 2956 741 2991 tuus.

271 3010 305 3032 ³⁷
330 3009 583 3063 bCogitatum
623 3014 741 3050 tuum
780 3009 886 3051 habe
934 3010 973 3051 in
1023 3011 1236 3064 praeceptis
1273 3011 1361 3057 Dei,
1456 3016 1497 3052 et
1534 3011 1576 3052 in
1614 3011 1821 3052 mandatis
1860 3011 1965 3053 illius
2004 3011 2182 3052 maxime

535 3068 720 3109 assiduus
750 3073 855 3109 esto:

325 3131 365 3167 et
395 3127 478 3180 ipse
508 3127 623 3168 dabit
653 3127 727 3168 tibi
758 3140 836 3171 cor.
922 3133 963 3169 et
992 3129 1321 3182 concupiscentia
1349 3129 1559 3183 sapientiae
1588 3129 1755 3170 dabitur
1783 3129 1870 3171 tibi.

277 3231 312 3273 7.
370 3235 378 3255 ¹
408 3232 496 3272 Noli
519 3233 649 3273 facere
673 3232 791 3281 mala,
818 3238 857 3273 et
881 3246 962 3274 non
988 3239 1025 3274 te
1049 3234 1367 3287 apprehendent.
1447 3238 1460 3258 “-’
1483 3235 1655 3276 Discede
1678 3234 1729 3275 ab
1753 3234 1904 3288 iniquo,
1930 3239 1970 3274 et
1993 3233 2183 3276 deficient

536 3291 642 3332 mala
673 3292 744 3333 abs
775 3297 826 3333 te.

293 3353 308 3374 ³
327 3349 413 3396 Fili,
442 3362 522 3391 non
549 3350 719 3391 semines
746 3350 855 3391 mala
880 3351 920 3391 in
947 3351 1065 3392 sulcis
1093 3351 1312 3398 iniustitiae.
1395 3358 1435 3394 et
1461 3366 1542 3394 non
1568 3358 1696 3394 metes
1723 3366 1771 3393 ea
1795 3352 1836 3392 in
1862 3351 2110 3405 septuplum.

294 3410 309 3433 ⁴
328 3408 418 3449 Noli
451 3421 625 3462 quaerer(¹
658 3423 679 3448 a
710 3410 874 3450 domino
906 3410 1115 3459 ducatum,
1202 3424 1331 3464 neque
1363 3425 1383 3452 a
1415 3425 1505 3465 rege
1536 3411 1773 3453 cathedram
1804 3410 1979 3452 honoris.

407 3511 449 3545 35
475 3487 550 3545 affl
574 3514 605 3553 ὅ,
631 3514 660 3546 9.
705 3534 709 3536 >
755 3514 795 3547 37
822 3515 884 3548 ὴΡε
910 3516 940 3554 1,
966 3516 995 3548 2.
