2356 3760
119 87 172 127 22,
198 86 338 127 11—23,
364 85 406 119 28
873 85 1279 120 PARALIPOMENON
1941 97 2013 138 361

118 178 217 219 mihi
241 178 282 219 in
306 178 446 228 filium,
473 184 514 221 et
537 193 608 234 ego
632 191 698 220 ero
722 177 778 218 illi
801 178 842 217 in
865 183 1044 231 patrem:
1070 179 1322 232 firmaboque
1345 180 1488 222 solium
1512 184 1622 235 regni
1646 185 1730 225 eius
1753 200 1869 240 super
1895 189 2017 230 Israel

118 237 160 278 in
189 242 398 280 aeternum.
456 240 487 263 ¹¹
517 238 635 278 Nunc
663 249 754 290 ergo
784 236 840 277 fili
867 236 934 283 mi,
966 237 1018 277 sit
1045 237 1246 278 Dominus
1274 243 1421 282 tecum.
1453 245 1493 281 et
1521 254 1766 294 prosperare,
1798 254 1837 285 et
1864 247 2017 288 aedifica

119 296 287 337 domum
317 297 493 338 Domino
522 296 608 336 Deo
637 300 722 343 tuo,
754 295 859 340 sicut
887 294 1048 336 locutus
1077 301 1138 336 est
1167 296 1216 336 de
1244 301 1296 337 te.
1356 299 1386 321 12
1416 298 1497 339 Det
1527 312 1687 353 quoque
1716 301 1790 341 tibi
1819 303 2017 346 Dominus

119 356 380 408 prudentiam
406 360 447 395 et
469 366 643 402 sensum,
670 358 718 394 ut
741 366 875 407 regere
899 354 1027 406 possis
1054 353 1188 397 Israel.
1215 360 1255 395 et
1280 356 1482 397 custodire
1505 357 1632 411 legem
1657 359 1822 400 Domini
1845 361 1919 401 Dei
1943 364 2014 404 tui.

120 416 152 439 ¹³
183 415 295 455 Tunc
326 413 430 454 enim
460 412 653 465 proficere
682 412 846 466 poteris,
878 412 911 452 si
941 412 1178 453 custodieris
1207 414 1416 463 mandata,
1450 420 1490 456 et
1519 416 1678 460 iudicia,
1712 430 1800 471 quae
1830 421 2019 472 praecepit

119 473 320 514 Dominus
351 471 483 524 Moysi
515 476 562 512 ut
594 471 756 512 doceret
791 470 932 511 Israel:
967 471 1196 512 confortare
1229 477 1269 512 et
1301 472 1469 514 viriliter
1501 487 1584 528 age,
1619 488 1668 515 ne
1700 476 1855 526 timeas,
1890 491 2019 531 neque

120 544 282 585 paveas.
338 532 370 554 ¹4
396 529 500 571 Ecce
527 543 598 583 ego
625 530 666 570 111
691 534 935 583 paupertate
961 542 1053 570 mea
1077 530 1305 583 praeparavi
1330 531 1533 585 impensas
1560 533 1703 574 domus
1729 535 1907 585 Domini,
1935 537 2021 577 auri

119 590 278 631 talenta
304 593 469 629 centum
497 588 634 637 millia,
665 594 706 629 et
734 589 890 642 argenti
916 588 1025 628 mille
1052 588 1179 629 millia.
1205 589 1472 630 talentorum:
1502 591 1589 631 aeris
1616 605 1722 638 vero,
1754 598 1794 633 et
1820 594 1913 635 ferri
1940 608 2021 636 non

120 653 181 689 est
211 648 384 701 pondus,
419 647 596 688 vincitur
626 647 732 688 enim
765 660 956 688 numerus
987 647 1287 701 magnitudine:
1320 647 1429 701 ligna
1459 654 1499 690 et
1529 649 1683 703 lapides
1714 653 1939 705 praeparavi
1970 654 2021 693 ad

119 707 310 747 universa
335 706 552 759 impendia.
608 708 639 730 ¹⁵
665 706 803 747 Habes
831 719 991 759 quoque
1017 706 1213 759 plurimos
1239 706 1424 755 artifices,
1451 707 1637 754 latomos,
1666 714 1707 749 et
1732 711 2019 759 caementarios,

120 765 376 818 artificesque
416 764 628 818 lignorum,
671 770 713 805 et
754 765 935 806 omnium
977 765 1127 806 artium
1169 765 1221 806 ad
1260 765 1492 807 faciendum
1534 780 1635 820 opus
1674 768 2020 820 prudentissimos,

120 826 155 849 ¹⁶
180 825 222 865 in
247 837 344 864 auro
371 828 411 864 et
437 829 604 877 argento
631 829 672 865 et
697 837 772 865 aere
798 829 838 864 et
863 824 980 869 ferro,
1009 824 1121 864 cuius
1146 837 1228 865 non
1254 829 1315 865 est
1340 837 1542 866 numerus.
1571 825 1696 879 Surge
1721 826 1853 879 igitur,
1882 833 1922 868 et
1946 828 2021 877 fac,

120 888 161 924 et
189 883 264 923 erit
290 882 492 923 Dominus
521 887 669 924 tecum.

224 942 258 965 ¹⁷
277 941 476 994 Praecepit
497 954 658 995 quoque
677 941 814 983 David
834 942 990 982 cunctis
1009 942 1260 995 principibus
1282 942 1416 991 Israel,
1438 948 1485 983 ut
1504 943 1748 984 adiuvarent
1767 944 2024 986 Salomonem
2042 946 2218 976 1³¹³¹¹⁰¹1³¹¹³¹¹³

118 1000 246 1041 filium
277 1013 407 1041 suum.
467 1001 502 1024 ¹⁸
530 1000 713 1044 Cernitis.
746 1000 944 1054 inquiens,
978 1001 1086 1054 quod
1116 1001 1317 1042 Dominus
1346 1001 1457 1042 Deus
1486 1008 1620 1042 vester
1649 1003 1859 1044 vobiscum
1890 1004 1953 1051 sit,
1985 1009 2026 1045 et

119 1059 277 1100 dederit
299 1059 415 1100 vobis
435 1059 615 1112 requiem
637 1072 709 1113 per
729 1059 956 1108 circuitum,
981 1065 1021 1100 et
1042 1060 1256 1101 tradiderit
1278 1073 1417 1101 omnes
1438 1060 1621 1102 inimicos
1642 1066 1798 1103 vestros
1818 1062 1859 1102 in
1880 1075 2025 1104 manus

120 1124 289 1167 vestras,
322 1123 363 1159 et
392 1118 576 1159 subiecta
605 1119 657 1159 sit
686 1124 796 1159 terra
824 1131 959 1159 coram
989 1119 1178 1160 Domino.
1211 1124 1252 1160 et
1281 1132 1416 1160 coram
1446 1119 1596 1172 populo
1627 1120 1722 1161 eius.
1781 1122 1815 1145 ¹⁹
1844 1121 2026 1163 Praebete

119 1177 244 1231 igitur
272 1177 396 1218 corda
423 1182 561 1218 vestra
589 1182 630 1218 et
659 1178 816 1218 animas
846 1183 1013 1223 vestras,
1045 1184 1092 1218 ut
1122 1178 1312 1231 quaeratis
1340 1177 1564 1219 Dominum
1592 1178 1725 1219 Deum
1756 1185 1955 1220 vestrum:
1986 1186 2027 1222 et

120 1236 362 1290 consurgite,
396 1241 437 1277 et
467 1236 666 1277 aedificate
697 1237 976 1278 sanctuarium
1008 1237 1184 1278 Domino
1216 1237 1315 1280 Deo.
1349 1242 1396 1277 ut
1426 1236 1713 1278 introducatur
1743 1251 1836 1278 arca
1865 1239 2027 1280 foederis

118 1295 296 1343 Domini,
328 1300 369 1336 et
398 1307 498 1335 vasa
525 1295 701 1337 Domino
732 1300 979 1343 consecrata,
1011 1295 1051 1335 in
1081 1296 1261 1338 domum,
1295 1307 1384 1348 quae
1412 1294 1638 1336 aedifieatur
1665 1297 1819 1337 nomini
1848 1297 2025 1339 Domini.

393 1400 432 1439 2.
462 1399 701 1449 Numerus,
730 1399 868 1449 vices,
899 1399 1197 1439 ministerium
1229 1398 1501 1450 Levstarum,
1529 1400 1595 1450 23,
1613 1401 1758 1441 1—32.

224 1469 288 1513 23.
344 1471 358 1494 1
395 1469 525 1523 Igitur
560 1470 697 1510 David
732 1483 854 1510 senex
891 1475 931 1511 et
966 1469 1110 1523 plenus
1145 1470 1313 1519 dierum,
1351 1483 1483 1524 regem
1521 1471 1736 1513 constituit
1770 1471 2027 1513 Salomonem

118 1529 247 1570 filium
273 1541 393 1569 suum
419 1541 540 1582 super
566 1528 702 1570 Israel.
757 1531 772 1553 2
798 1529 853 1570 Et
880 1529 1141 1583 congregavit
1168 1542 1307 1570 omnes
1333 1529 1533 1583 principes
1562 1530 1695 1577 Israel,
1725 1535 1766 1571 et
1790 1531 2027 1573 Sacerdotes

118 1596 244 1642 atque
269 1587 446 1629 Levitas.
500 1589 516 1612 ³
541 1588 837 1641 Numeratique
863 1594 959 1629 sunt
984 1588 1138 1629 Levitae
1163 1601 1187 1628 a
1212 1588 1381 1642 triginta
1406 1589 1533 1632 annis,
1562 1594 1602 1630 et
1626 1602 1766 1643 supra:
1794 1594 1834 1630 et
1858 1590 2028 1632 inventa

117 1652 215 1688 sunt
236 1647 406 1700 triginta
427 1652 518 1688 octo
540 1646 667 1687 11111110
687 1647 879 1688 virorum.
929 1649 944 1672 4
966 1647 1029 1687 Ex
1051 1647 1112 1688 his
1135 1647 1250 1688 electi
1272 1653 1379 1692 sunt.
1405 1652 1445 1688 et
1467 1648 1675 1689 distributi
1696 1648 1736 1689 in
1758 1648 2026 1690 ministerium

117 1706 263 1748 domus
285 1706 452 1747 Domini
475 1706 620 1760 viginti
644 1711 843 1760 quattuor
864 1705 1008 1747 millia:
1033 1707 1343 1759 praepositorum
1368 1712 1505 1747 autem
1529 1712 1570 1747 et
1592 1707 1773 1748 iudicum
1796 1721 1865 1749 sex
1887 1708 2023 1750 millia.

120 1767 135 1790 ⁵
160 1765 285 1806 Porro
315 1770 513 1818 quattuor
538 1764 664 1806 millia
689 1765 899 1806 ianitores:
929 1770 969 1806 et
995 1765 1168 1806 totidem
1196 1765 1339 1818 psaltae
1366 1770 1556 1806 canentes
1582 1765 1758 1807 Domino
1785 1766 1825 1806 in
1853 1767 2023 1820 organis,

119 1837 210 1878 quae
237 1824 390 1865 fecerat
419 1824 471 1865 ad
500 1825 741 1865 canendum.

225 1885 241 1907 ⁶
264 1883 320 1924 Et
343 1883 554 1924 distribuit
577 1896 644 1924 eos
667 1883 804 1924 David
828 1896 900 1936 per
923 1883 1029 1924 vices
1059 1883 1251 1924 Β11110111111
1276 1883 1385 1926 Levi.
1412 1884 1566 1924 Gerson
1591 1884 1790 1933 videlicet,
1817 1890 1858 1925 et
1881 1884 2023 1934 Caath,

118 1947 159 1983 et
185 1942 344 1983 Merari.
404 1943 417 1965 ⁷
445 1942 535 1983 Filii
563 1942 734 1983 Gerson:
764 1942 938 1990 Leedan,
969 1947 1010 1983 et
1035 1942 1178 1983 Semei.
1237 1943 1252 1965 Β
1278 1942 1368 1982 Filii
1395 1942 1576 1983 Leedan:
1604 1943 1790 1996 princeps
1819 1943 1956 1991 Iahiel,
1985 1949 2027 1985 et

119 2000 288 2049 Zethan,
311 2005 352 2041 et
373 2000 467 2047 Ioel,
490 2006 582 2042 tres.
634 2002 649 2025 ⁹
667 2000 758 2041 Filii
777 2001 926 2042 Semei:
947 2000 1160 2046 80101111111,
1183 2006 1224 2042 01
1245 2000 1394 2049 Hosiel,
1416 2006 1457 2042 et
1475 2001 1598 2049 Aran,
1619 2006 1719 2042 tres:
1740 2002 1806 2042 isti
1826 2002 2025 2056 principes

117 2059 365 2100 familiarum
393 2059 568 2100 Leedan.
627 2061 662 2083 ¹⁰
688 2059 813 2100 Porro
842 2059 912 2100 filii
940 2059 1082 2104 Semei,
1113 2059 1282 2107 Leheth,
1313 2064 1354 2100 et
1381 2059 1485 2108 Ziza,
1516 2065 1557 2101 et
1586 2060 1691 2105 Iaus,
1722 2065 1763 2101 et
1791 2060 1929 2102 Baria:
1959 2062 2027 2103 isti

117 2118 187 2159 filii
215 2118 358 2163 Sernei.
390 2123 599 2172 quattuor.
657 2120 687 2142 ¹¹
715 2118 818 2159 Erat
846 2123 983 2159 autem
1013 2118 1169 2159 Leheth
1197 2119 1317 2172 prior,
1348 2118 1442 2159 Ziza
1468 2119 1687 2160 secundus:
1716 2132 1834 2173 porro
1865 2120 1958 2161 Iaus
1987 2125 2028 2161 et

118 2177 241 2218 Baria
259 2190 340 2218 non
360 2177 594 2218 habuerunt
612 2177 807 2231 plurimos
827 2177 940 2226 filios,
963 2182 1003 2218 et
1022 2177 1170 2219 idcirco
1190 2178 1231 2218 in
1251 2190 1333 2218 una
1351 2177 1517 2227 familia,
1539 2191 1701 2231 unaque
1721 2178 1841 2219 domo
1862 2191 2026 2232 compu-

116 2237 196 2278 tati
222 2241 329 2277 sunt.
385 2238 416 2260 12
442 2236 532 2277 Filii
558 2236 707 2277 Caath:
734 2236 916 2281 Amram,
944 2241 985 2277 et
1013 2236 1136 2285 Isaar,
1166 2236 1345 2281 Hebron,
1374 2242 1415 2277 et
1440 2236 1562 2281 Oziel,
1592 2242 1799 2290 quattuor.
1856 2239 1887 2262 ¹3
1916 2237 2026 2279 bFilii

116 2296 298 2345 Amram,
335 2295 484 2344 Aaron,
522 2300 564 2336 et
597 2295 769 2349 Moyses.
815 2295 1134 2349 cSeparatusque
1168 2301 1230 2337 est
1263 2295 1401 2336 Aaron
1435 2301 1482 2336 ut
1515 2296 1767 2337 ministraret
1800 2296 1840 2336 in
1874 2296 2025 2338 Sancto

117 2360 365 2403 sanctorum,
385 2354 470 2408 ipse
488 2359 530 2395 et
547 2354 617 2396 11111
635 2355 719 2395 01118
736 2355 777 2395 111
796 2355 1102 2408 sempiternum,
1123 2359 1164 2396 et
1182 2354 1363 2396 adoleret
1380 2354 1589 2395 incensum
1607 2355 1783 2396 Domino
1802 2356 2024 2396 secundum

118 2413 243 2455 ritum
269 2426 400 2461 suum,
430 2426 476 2454 ac
502 2413 757 2455 benediceret
782 2414 937 2455 nomini
962 2414 1047 2455 eius
1072 2413 1113 2454 in
1138 2418 1395 2467 perpetuum.
1451 2415 1482 2438 ¹⁴
1507 2413 1637 2466 Moysi
1665 2427 1824 2467 quoque
1850 2413 2024 2455 hominis

117 2472 193 2513 Dei
213 2472 283 2513 filii
303 2472 562 2513 annumerati
582 2478 678 2513 sunt
697 2473 738 2513 in
757 2473 868 2514 tribu
888 2473 998 2514 Levi.
1049 2474 1079 2497 ¹⁵
1102 2472 1213 2513 dFilii
1232 2473 1381 2525 Moysi:
1404 2472 1583 2517 Gersom,
1606 2478 1647 2513 et
1666 2472 1830 2513 Eliezer.
1880 2474 1914 2497 ¹⁶
1933 2472 2023 2513 Filii

117 2531 304 2573 Gersom:
332 2531 485 2572 Subuel
510 2531 676 2585 primus
732 2533 765 2556 ¹⁷
791 2532 976 2573 Fuerunt
1002 2536 1140 2573 autem
1167 2531 1236 2572 filii
1263 2531 1434 2573 Eliezer:
1464 2531 1653 2573 Rohobia
1677 2532 1848 2585 primus:
1876 2536 1917 2572 et
1942 2544 2022 2573 non

117 2595 235 2632 erant
261 2589 416 2631 Eliezer
442 2590 512 2631 filii
539 2590 617 2632 alii.
647 2590 772 2632 Porro
800 2590 870 2632 filii
899 2591 1088 2632 Rohobia
1113 2590 1375 2644 multiplicati
1402 2595 1498 2631 sunt
1525 2590 1655 2631 nimis.
1712 2592 1746 2614 18
1772 2590 1862 2630 Filii
1892 2590 2021 2630 Isaar:

116 2649 318 2691 Salomith
352 2649 518 2703 primus.
583 2651 618 2674 ¹⁹
652 2649 743 2691 Filii
779 2649 965 2691 Hebron:
1004 2650 1136 2691 Ieriau
1171 2650 1337 2703 primus,
1374 2649 1562 2690 Amarias
1597 2649 1808 2697 secundus,
1848 2648 2023 2690 Iahaziel

116 2708 273 2758 tertius,
306 2707 510 2749 Iecmaam
539 2713 721 2762 quartus.
778 2710 814 2734 2⁰
839 2709 930 2750 Filii
958 2709 1087 2751 Oziel:
1116 2708 1251 2750 Micha
1278 2709 1444 2762 primus,
1477 2708 1580 2749 Iesia
1606 2708 1816 2749 secundus.
1874 2709 1905 2732 ²¹
1932 2707 2022 2748 Filii

116 2767 280 2809 Merari:
299 2767 464 2816 Moholi,
484 2772 525 2809 et
541 2767 657 2809 Musi.
677 2767 767 2808 Filii
784 2768 954 2810 Moholi:
973 2767 1154 2817 Eleazar,
1174 2772 1215 2809 et
1232 2768 1307 2809 Cis.
1355 2769 1386 2792 22
1402 2767 1588 2808 Mortuus
1606 2771 1666 2807 est
1684 2771 1821 2807 autem
1839 2766 2019 2813 Eleazar,

117 2831 158 2867 et
184 2839 267 2868 non
293 2825 440 2868 habuit
466 2826 580 2875 filios,
610 2827 679 2868 sed
708 2826 827 2867 filias:
858 2832 1182 2881 acceperuntque
1210 2839 1277 2867 eas
1305 2826 1374 2867 filii
1401 2826 1465 2867 Cis
1492 2826 1637 2866 fratres
1665 2838 1816 2866 earum.
1873 2827 1905 2849 2³
1932 2824 2020 2865 Filii

116 2884 240 2926 Musi:
270 2885 433 2931 Moholi.
466 2890 507 2926 et
535 2885 654 2933 Eder,
687 2892 728 2926 et
758 2885 965 2935 Ierimoth,
997 2891 1090 2928 tres.

221 2945 254 2969 2⁴¹
272 2943 326 2984 Hi
343 2943 414 2984 filii
431 2944 530 2985 Levi
547 2945 589 2985 in
607 2944 929 2999 cognationibus,
951 2950 992 2986 et
1008 2944 1171 2986 familiis
1190 2944 1282 2991 suis,
1303 2944 1504 2997 principes
1521 2955 1592 2996 per
1609 2943 1728 2991 vices,
1749 2948 1789 2983 et
1807 2955 2021 2983 numerum

116 3003 299 3056 capitum
323 3002 584 3056 singulorum,
612 3004 681 3057 qui
704 3003 912 3045 faciebant
935 3017 1058 3057 opera
1080 3003 1293 3045 ministerii
1316 3003 1461 3044 domus
1485 3001 1650 3043 Domini
1674 3014 1699 3042 a
1721 3001 1866 3055 viginti
1890 3001 2018 3050 annis,

116 3067 158 3103 et
182 3074 315 3115 supra.
369 3063 401 3086 25
426 3061 544 3103 Dixit
568 3062 675 3103 enim
700 3062 855 3104 David:
884 3063 1083 3117 Requiem
1109 3062 1222 3104 dedit
1246 3062 1448 3103 Dominus
1472 3060 1583 3101 Deus
1610 3060 1733 3101 Israel
1756 3060 1906 3113 populo
1933 3072 2017 3104 suo,

116 3125 157 3162 et
186 3120 486 3162 habitationem
519 3120 737 3162 Ierusalem
768 3134 895 3175 usque
925 3121 967 3162 in
998 3127 1207 3163 aeternum.
1268 3122 1302 3145 2⁶
1334 3120 1416 3160 Nec
1448 3119 1523 3160 erit
1554 3119 1675 3161 officii
1705 3119 1942 3160 Levitarum
1972 3123 2020 3159 ut

115 3179 225 3220 ultra
238 3184 405 3233 portent
420 3179 743 3229 tabernaculum,
762 3186 803 3222 et
818 3181 956 3222 omnia
971 3194 1071 3222 vasa
1086 3181 1169 3222 01118
1186 3180 1238 3221 ad
1253 3178 1581 3220 ministrandum.
1627 3179 1660 3202 ²⁷
1678 3178 1803 3218 quta
1816 3181 2020 3230 praecepta

116 3251 278 3292 quoque
308 3238 445 3279 David
475 3239 697 3280 novissima
726 3240 1021 3293 supputabitur
1050 3251 1242 3280 numerus
1272 3237 1445 3279 filiorum
1476 3237 1575 3279 Levi
1606 3250 1630 3278 a
1658 3237 1803 3291 viginti
1833 3235 1948 3276 annis
1978 3239 2019 3274 et

115 3309 249 3350 supra.
296 3299 330 3322 2⁸
347 3297 404 3338 Et
421 3302 541 3338 erunt
557 3298 633 3339 sub
650 3310 775 3339 manu
793 3298 968 3340 filiorum
984 3298 1123 3340 Aaron
1140 3298 1182 3339 in
1200 3297 1355 3338 cultum
1374 3296 1519 3337 domus
1536 3295 1714 3344 Domini,
1734 3295 1776 3336 in
1794 3292 2014 3340 vestibulis,

247 3423 300 3466 23,
320 3424 340 3458 6
362 3423 451 3468 aSup
472 3424 502 3465 6,
524 3426 553 3459 1.
578 3444 621 3449 -
645 3424 688 3459 13
711 3424 802 3468 bSup
827 3424 857 3465 6,
878 3425 907 3458 2.
934 3445 977 3449 —
1005 3424 1097 3458 eHbr
1116 3423 1147 3465 5,
1168 3423 1198 3457 4.
1224 3443 1267 3447 —
1290 3423 1332 3457 15
1352 3422 1426 3456 dEx
1446 3423 1477 3463 2,
1498 3422 1556 3463 22;
1578 3421 1630 3463 18,
1651 3421 1681 3456 3.

2060 982 2199 1012 praecipit.

2056 1470 2207 1502 Numerus,

2089 1882 2173 1913 vices,

2063 2940 2190 2965 ministe-

2084 2981 2168 3000 rium.
