2356 3760
125 102 157 141 5,
184 102 279 141 6—6‚
307 103 347 133 14
983 100 1189 135 MICHAEAE
1949 109 2025 150 879

179 199 220 234 et
249 193 536 235 suscitabimus
567 206 688 247 super
717 205 809 233 eum
840 198 996 246 septem
1028 200 1221 247 pastores,
1307 200 1349 235 et
1379 200 1471 236 octo
1503 196 1695 248 primates
1728 198 1920 242 homines.

143 253 158 276 ⁶
177 252 234 293 Et
258 257 428 305 pascent
455 258 605 293 terram
631 252 758 292 Assur
782 251 823 291 in
848 250 994 304 gladio,
1076 258 1117 294 et
1144 258 1293 294 terram
1322 253 1500 294 Nemrod
1527 254 1568 294 in
1594 253 1741 296 lanceis
1768 257 1869 298 eius:

178 315 219 351 et
246 309 437 352 liberabit
466 311 517 351 ab
546 310 672 350 Assur

178 382 270 410 cum
300 369 457 410 venerit
485 369 525 409 in
556 374 705 409 terram
735 372 929 416 nostram,
1015 374 1055 409 et
1084 382 1176 410 cum
1206 369 1424 411 calcaverit
1452 370 1493 411 in
1523 370 1670 412 finibus
1699 373 1858 414 nostris.

142 429 156 451 ⁷
177 428 233 469 Et
262 433 381 468 erunt
409 426 587 481 reliquiae
618 426 740 467 Iacob
821 426 863 467 in
891 426 1024 468 medio
1054 427 1298 480 populorum
1327 428 1551 470 multorum

178 486 293 539 quasi
322 499 385 527 ros
416 499 440 526 a
467 484 656 531 Domino,
741 490 782 525 et
812 484 926 538 quasi
956 484 1073 527 stillae
1101 499 1222 539 super
1250 487 1430 531 herbam,

179 557 268 598 quae
296 557 377 585 non
407 548 598 597 expectat
627 542 772 591 virum,
857 549 897 584 et
926 557 1007 584 non
1036 544 1297 597 praestolatur
1325 545 1426 586 filios
1457 545 1679 588 hominum.

141 604 156 626 ⁸
177 603 233 643 Et
262 608 381 643 erunt
407 601 585 656 reliquiae
612 600 735 642 Iacob
814 601 856 642 in
883 602 1083 644 Gentibus
1110 603 1150 644 in
1178 603 1311 644 medio
1338 604 1582 657 populorum
1610 605 1844 651 multorum,

178 661 294 715 quasi
320 661 382 702 leo
409 660 450 701 in
477 659 669 701 iumentis
696 659 903 710 silvarum,
986 666 1027 702 et
1056 661 1171 715 quasi
1198 661 1358 703 catulus
1384 661 1509 703 leonis
1538 663 1578 704 in
1604 664 1790 717 gregibus
1818 679 2028 719 pecorum:

177 719 247 773 qui
278 733 370 760 cum
401 718 618 766 transierit,
651 724 693 759 et
723 718 1034 768 conculcaverit,
1120 725 1161 761 et
1191 720 1354 774 ceperit,
1387 733 1469 761 non
1500 726 1560 761 est
1592 722 1660 775 qui
1691 729 1818 765 eruat.

140 780 156 802 ⁹
176 777 443 819 Exaltabitur
473 789 618 818 manus
652 782 726 818 tua
756 790 877 831 super
908 778 1044 819 hostes
1077 783 1181 825 tuos,
1269 784 1311 819 et
1343 792 1481 820 omnes
1514 779 1664 821 inimici
1697 781 1758 822 tui
1789 782 2027 825 interibunt.

124 885 160 907 ¹⁰
176 883 232 924 Et
261 882 336 923 erit
364 881 405 922 in
435 881 498 923 die
527 881 606 929 illa,
691 881 790 923 dicit
817 882 1036 924 Dominus:
2048 895 2080 913 ⁸⁴²
2098 888 2220 935 Quique

176 942 369 982 Auferam
399 953 523 994 equos
553 946 646 981 tuos
676 940 725 981 de
754 940 887 982 medio
918 941 989 990 tui,
1074 947 1115 982 et
1144 942 1375 996 disperdam
1407 943 1622 997 quadrigas
1655 950 1757 986 tuas.
2063 931 2204 988 „pssfflzm

124 1003 155 1024 11
176 1000 232 1041 Et
259 999 428 1054 perdam
458 999 646 1040 civitates
676 1005 793 1041 terrae
822 1005 914 1049 tuae,
999 1006 1040 1041 et
1069 1001 1276 1042 destruam
1308 1014 1445 1042 omnes
1475 1002 1721 1043 munitiones
1752 1008 1855 1053 tuas,
2062 994 2210 1059 bfflsssssft

177 1065 218 1099 et
246 1059 428 1100 auferam
456 1057 657 1099 maleficia
685 1058 734 1099 de
763 1071 889 1100 manu
918 1064 1001 1105 tua,
1086 1065 1127 1100 et
1156 1059 1428 1101 divinationes
1458 1074 1539 1101 non
1569 1067 1688 1102 erunt
1716 1061 1757 1102 in
1787 1068 1838 1104 te.
2079 1064 2190 1089 ³¹1¹¹0⁵0

2103 1100 2165 1124 erit.

124 1120 156 1142 1²
176 1117 232 1158 Et
254 1117 383 1171 perire
406 1116 555 1157 faciam
579 1116 784 1170 sculptilia
807 1122 891 1165 tua,
918 1123 958 1158 et
982 1124 1141 1159 statuas
1167 1124 1258 1159 tuas
1283 1119 1332 1159 de
1356 1119 1489 1160 medio
1515 1119 1593 1159 tui:
1671 1125 1712 1161 et.
1735 1134 1816 1161 non
1841 1121 2029 1164 adorabis

386 1175 494 1216 ultra
523 1189 646 1229 opera
673 1189 870 1216 manuum
901 1181 1078 1218 tuarum.

124 1237 155 1259 1³
176 1234 232 1275 Et
261 1233 432 1275 evellam
462 1234 572 1275 lucos
604 1239 696 1276 tuos
727 1235 776 1275 de
806 1234 939 1276 medio
971 1235 1049 1276 tui:
1134 1241 1174 1276 et
1205 1241 1413 1276 conteram
1444 1235 1631 1277 civitates
1662 1242 1766 1278 tuas.

124 1295 155 1318 11
175 1293 232 1334 Et
262 1292 410 1334 faciam
441 1293 483 1334 in
513 1293 648 1334 furore
679 1298 721 1334 et
750 1293 792 1333 in
823 1293 1103 1347 indignatione
1134 1293 1331 1334 ultionem
1415 1294 1457 1334 in
1488 1294 1675 1335 omnibus
1706 1296 1907 1348 gentibus,
1942 1311 2032 1351 quae

385 1365 467 1393 non
497 1352 727 1393 audierunt.
1981 1367 1983 1370 ·

331 1468 431 1519 ΙΙΙ.
469 1466 805 1517 Admonitio
844 1467 1097 1519 Miehaeae
1136 1468 1450 1533 prophetae,
1490 1469 1540 1529 6,
1570 1470 1711 1529 1-7,
1736 1470 1824 1521 20.

769 1557 807 1598 1.
838 1557 937 1599 Vox
968 1557 1162 1608 Domini,
1191 1558 1230 1608 6,
1250 1558 1396 1599 1—16.

122 1632 160 1675 6.
217 1633 229 1656 1
259 1630 410 1672 Audite
440 1642 530 1684 quae
558 1630 758 1670 Dominus
788 1630 987 1684 loquitur:
2069 1635 2207 1660 Dominus

2045 1677 2109 1695 cum
2123 1671 2228 1701 populo

174 1690 311 1744 Surge,
350 1689 550 1730 contende
586 1688 733 1730 iudicio
770 1689 987 1729 adversum
1022 1694 1195 1738 montes,
1286 1694 1325 1729 et
1362 1688 1533 1730 audiant
1569 1688 1687 1730 colles
1724 1703 1864 1731 vocem
1901 1696 2027 1733 tuam.
2080 1706 2192 1744 ingrato

140 1752 155 1774 2
175 1748 358 1789 Audiant
387 1753 547 1788 montes
576 1747 772 1788 iudicium
800 1748 978 1794 Domini,
1063 1753 1104 1789 et
1132 1747 1255 1789 fortia
1284 1747 1556 1788 fundamenta
1584 1753 1718 1789 terrae:
2066 1741 2205 1771 dffipffiat‘

177 1808 273 1861 quia
302 1806 495 1847 iudicium
525 1806 692 1847 Domini
723 1820 814 1847 cum
845 1806 995 1860 populo
1026 1820 1110 1851 suo,
1196 1812 1236 1847 et
1267 1819 1358 1847 cum
1392 1806 1514 1847 Israel
1544 1806 1846 1849 diiudicabitur.

140 1869 156 1891 3
181 1865 354 1919 aPopule
382 1878 495 1906 meus
525 1865 623 1918 quid
650 1865 726 1905 feci
755 1865 841 1914 tibi,
925 1871 997 1906 aut
1026 1865 1124 1919 quid
1151 1865 1346 1907 molestus
1374 1865 1433 1906 fui
1461 1865 1559 1906 tibi?
1589 1866 1787 1919 responde
1815 1867 1925 1909 mihi.

140 1928 154 1950 1
176 1925 281 1974 Quia
310 1924 431 1965 eduxi
460 1929 501 1964 te
530 1923 579 1964 de
609 1923 732 1964 Terra
759 1923 940 1978 AEgypti,
1025 1930 1065 1965 et
1094 1925 1143 1965 de
1173 1924 1293 1965 domo
1323 1924 1588 1965 servientium
1616 1924 1786 1965 liberavi
1815 1931 1873 1966 te:

176 1989 217 2025 et
245 1983 335 2024 misi
365 1988 461 2023 ante
490 1982 635 2023 faciem
666 1987 782 2023 tuam
863 1983 1044 2036 Moysen,
1076 1988 1118 2023 et
1146 1983 1294 2027 Aaron,
1328 1988 1369 2024 et
1396 1983 1592 2024 Mariam?

139 2045 155 2067 ⁵
179 2041 353 2095 bPopule
382 2054 495 2082 meus
529 2047 735 2082 memento
771 2055 906 2095 quaeso
942 2042 1039 2095 quid
1072 2042 1314 2095 cogitaverit
1349 2041 1501 2082 Balach
1535 2055 1606 2082 rex
1639 2042 1772 2087 Moab,
1861 2049 1901 2084 et
1936 2044 2033 2098 quid

384 2099 639 2153 responderit
668 2100 702 2140 ei
733 2100 902 2141 Balaam
933 2100 1037 2141 filius
1069 2100 1183 2147 Beor,

175 2160 225 2201 de
253 2159 381 2201 Setim
411 2171 539 2213 usque
569 2158 621 2199 ad
650 2158 875 2213 Galgalam,
960 2166 1005 2200 ut
1036 2172 1293 2213 cognosceres
1324 2159 1500 2200 iustitias
1530 2159 1707 2201 Domini.

2050 2247 2238 2276 interroganti

139 2254 155 2277 ⁶
175 2251 283 2301 Quid
312 2251 480 2305 dignum
511 2251 678 2292 offeram
708 2251 911 2292 Domino?
995 2252 1174 2293 curvabo
1203 2264 1309 2305 genu
1338 2252 1424 2292 Deo
1455 2251 1636 2292 excelso?
2084 2283 2192 2307 bonum

173 2310 375 2364 numquid
405 2310 573 2352 offeram
603 2310 638 2351 ei
667 2309 1013 2357 holocautomata,
1098 2315 1139 2350 et
1168 2309 1318 2351 vitulos
1349 2309 1582 2350 anniculos?
2055 2318 2217 2358 faciendum

140 2372 153 2394 ⁷
176 2369 387 2423 Numquid
414 2368 565 2422 placari
592 2374 729 2422 potest
754 2368 955 2410 Dominus
982 2368 1022 2409 in
1050 2368 1226 2409 millibus
1254 2368 1439 2413 arietum,
1522 2373 1594 2408 aut
1620 2368 1661 2408 in
1688 2368 1826 2409 multis
1853 2369 2029 2411 millibus
2078 2354 2193 2381 ¹¹³d¹⁰³t'

384 2428 589 2469 hircorum
618 2427 855 2481 pinguium?

175 2486 377 2540 numquid
401 2486 508 2527 dabo
534 2486 851 2540 primogenitum
875 2499 1012 2527 meum
1037 2499 1110 2540 pro
1135 2485 1281 2527 scelere
1305 2499 1395 2527 meo
1472 2486 1653 2526 fructum
1679 2486 1830 2527 ventris
1856 2486 1934 2527 mei
1960 2500 2031 2540 pro

384 2551 553 2599 peccato
583 2545 729 2586 animae
757 2544 881 2586 meae?

140 2606 155 2629 Β
177 2603 373 2645 Indicabo
400 2604 476 2645 tibi
501 2617 523 2645 o
548 2604 670 2646 homo
698 2603 797 2658 quid
821 2604 873 2645 sit
899 2604 1065 2653 bonum,
1145 2608 1186 2645 et
1212 2603 1310 2657 quid
1334 2602 1534 2645 Dominus
1560 2602 1740 2656 requirat
1766 2616 1790 2644 a
1815 2608 1872 2644 te:

176 2662 330 2716 Utique
354 2662 486 2703 facere
511 2662 718 2711 iudicium,
747 2667 787 2704 et
813 2662 976 2717 diligere
1001 2662 1330 2710 misericordiam,
1411 2667 1451 2703 et
1476 2661 1679 2702 solicitum
1704 2661 1913 2702 ambulare
1939 2675 2029 2703 cum

383 2721 470 2762 Deo
501 2726 585 2763 tuo.

140 2815 155 2838 ⁹
175 2813 266 2855 Vox
292 2813 459 2855 Domini
488 2814 540 2855 ad
569 2814 781 2855 civitatem
810 2814 973 2863 clamat,
1056 2819 1098 2855 et
1125 2814 1233 2855 salus
1262 2814 1338 2854 erit
1366 2814 1606 2854 timentibus
1635 2825 1782 2853 nomen
1812 2818 1950 2853 tuum:
2053 2813 2215 2873 aifflffisso-

175 2872 326 2913 Audite
355 2872 497 2921 tribus,
582 2877 623 2914 et
653 2873 742 2927 quis
772 2873 1019 2927 approbabit
1047 2872 1171 2913 illud?
2053 2890 2101 2908 nes
2124 2885 2216 2909 vanas

2057 2919 2211 2944 commina-

124 2933 160 2956 ¹⁰
175 2930 322 2971 Adhuc
347 2931 449 2984 ignis
475 2931 516 2971 in
543 2931 664 2973 domo
691 2931 805 2985 impii
832 2931 1012 2972 thesauri
1038 2931 1280 2985 iniquitatis,
1363 2935 1402 2971 et
1429 2942 1618 2970 mensura
1644 2929 1776 2971 minor
1801 2930 1869 2971 irae
1895 2929 2025 2983 plena.
2105 2957 2161 2979 tur,

123 2992 154 3015 11
176 2989 389 3043 Numquid
416 2989 646 3032 iustificabo
675 2995 873 3031 stateram
902 2990 1084 3043 impiam,
1168 2994 1209 3031 et
1238 2988 1394 3030 saccelli
1423 2989 1605 3042 pondera
1633 2987 1796 3029 dolosa?

124 3050 155 3073 1²
178 3048 225 3088 In
256 3047 402 3101 quibus
432 3048 580 3089 divites
609 3049 693 3090 eius
722 3049 866 3102 repleti
894 3053 992 3090 sunt
1019 3048 1250 3102 iniquitate,

175 3113 217 3147 et
243 3106 479 3147 habitantes
506 3106 547 3147 in
575 3119 623 3148 ea
647 3107 924 3161 loquebantur
948 3107 1220 3155 mendacium,
1303 3111 1343 3147 et
1370 3105 1509 3159 lingua
1534 3119 1673 3147 eorum
1700 3106 1964 3147 fraudulenta
1990 3106 2030 3147 in

386 3177 452 3206 ore
481 3177 632 3207 eorum.

123 3225 156 3249 ¹³
175 3223 232 3264 Et
261 3236 332 3277 ego
363 3236 455 3277 ergo
485 3223 590 3277 coepi
618 3229 828 3277 percutere
856 3229 898 3265 te
978 3225 1206 3279 perditione
1235 3236 1355 3277 super
1383 3223 1560 3277 peccatis
1590 3224 1683 3265 tuis.

124 3283 156 3306 14
177 3281 237 3323 Tu
266 3282 463 3328 comedes,
496 3287 537 3323 et
565 3295 647 3324 non
676 3283 942 3324 saturaberis:
1026 3288 1067 3325 et
1095 3282 1324 3323 humiliatio
1354 3287 1428 3322 tua
1455 3281 1496 3322 in
1525 3282 1659 3324 medio
1689 3282 1768 3322 tui:

176 3345 218 3381 et
244 3340 534 3394 apprehendes,
564 3345 606 3382 et
631 3353 713 3382 non
740 3341 937 3383 salvabis:
1018 3347 1059 3383 et
1087 3354 1187 3395 quos
1214 3340 1447 3390 salvaveris,
1477 3340 1517 3381 in
1543 3340 1725 3395 gladium
1752 3340 1871 3381 dabo.

255 3433 288 3475 6,
308 3432 329 3466 3
350 3433 404 3467 ³11
422 3434 454 3473 2,
475 3434 506 3467 5.
532 3454 573 3457 —
598 3434 617 3467 5
642 3433 729 3466 bNm
750 3434 808 3474 223
829 3434 882 3468 23.
