2356 3760
302 184 378 225 516
1177 180 1323 215 LIBER
1920 182 1973 223 56,
2001 182 2142 224 11—58,
2168 183 2207 215 17

302 278 332 300 ¹¹
355 276 557 324 Quoniam
582 275 843 325 magnificata
869 279 928 315 est
954 287 1082 328 usquc
1107 275 1158 316 ad
1184 274 1299 316 eaelos
1324 274 1598 316 misericordia
1622 280 1706 322 tua,
1785 280 1826 316 et
1849 288 1977 330 usque
2002 277 2055 318 ad
2078 277 2207 318 nubes

565 335 715 375 veritas
746 340 829 374 tua.

301 395 331 418 ¹²
353 394 547 435 Exultare
577 406 697 446 super
726 392 841 433 caelos
871 393 999 432 Deus:
1084 397 1125 433 et
1154 405 1274 445 super
1302 405 1464 433 omnem
1495 398 1645 433 terram
1674 392 1802 446 gloria
1829 398 1915 434 tua.

831 513 999 563 57(58).
1030 512 1145 554 Sors
1175 514 1373 554 iudicum
1405 514 1680 565 iniquorum.

406 600 418 622 1
453 598 498 637 ln
529 598 662 642 finem,
697 597 756 637 Ne
787 596 1007 649 disperdas,
1040 597 1176 637 David
1208 597 1247 637 in
1278 596 1385 638 tituli
1417 596 1734 650 inscriptionem.
1793 596 1920 638 LVH.

122 707 267 757 Ιῦξυῗῐῑῐῑῢ
321 704 335 726 2
353 702 391 741 Si
423 716 515 742 vere
545 702 686 755 utique
716 701 913 742 iustitiam
944 701 1175 755 loquimini:
1258 707 1370 742 recta
1398 702 1575 743 iudicate
1604 702 1673 743 filii
1703 702 1927 743 hominum.

145 749 241 766 ’ΝΜ
320 764 335 785 ³
353 761 515 801 Etenim
544 761 582 801 in
609 761 728 801 corde
754 761 992 814 iniquitates
1018 760 1259 814 operamini:
1325 760 1364 801 in
1392 766 1500 801 terra
1525 761 1744 801 iniustitias
1770 774 1916 801 manus
1942 767 2087 802 vestrae
2113 775 2205 803 eon-

563 820 742 860 einnant.

318 880 333 903 ⁴
351 878 527 919 Alienati
556 884 650 920 sunt
680 885 910 932 Irieeeatores
940 892 963 919 a
990 878 1126 923 vulva,
1210 884 1447 919 erraverunt
1477 879 1527 920 ab
1556 884 1690 919 utero:
1719 878 1844 919 locuti
1873 884 1969 919 sunt
1995 879 2110 920 falsa.

319 939 334 962 ⁵
352 938 383 977 F
388 951 480 978 uror
502 937 575 978 illis
597 938 820 978 seeundum
843 937 1149 978 similitudinem
1173 938 1388 991 serpentis:
1446 937 1551 978 sicut
1572 937 1722 990 aspidis
1744 938 1886 982 surdzn,
1910 942 1950 978 et
1972 939 2205 980 obturantis

563 1010 677 1037 aures
707 1010 812 1041 suas,

319 1056 450 1104 ὅρων
486 1069 566 1096 non
605 1055 796 1096 exaudiet
833 1068 974 1096 vocem
1012 1055 1332 1096 incantantium:
1418 1061 1459 1096 et
1494 1055 1663 1096 venefici
1699 1056 1950 1097 incantantis
1987 1057 2202 1110 sapienter.

89 1163 284 1222 ³¹s1113‘1j11‘0si·
320 1162 332 1183 ⁷
351 1161 461 1201 Deus
482 1166 664 1201 conteret
686 1161 827 1200 dentes
849 1173 987 1201 eorum
1008 1160 1048 1201 in
1070 1173 1136 1201 ore
1156 1160 1355 1214 ipsorum:
1413 1160 1541 1202 molas
1561 1159 1724 1202 leonum
1745 1161 1972 1214 confringet
1989 1161 2202 1203 Dominus.

213 1217 217 1221 ’
318 1222 332 1242 ⁸
350 1220 413 1260 Ad
441 1219 611 1260 nihilum
639 1219 855 1260 devenient
883 1225 1097 1274 tamquam
1125 1233 1234 1273 aqua
1259 1220 1492 1260 decurrens:
1560 1219 1737 1261 intendit
1764 1233 1903 1261 areum
1930 1233 2048 1261 suum
2076 1221 2204 1262 donec

559 1279 826 1320 infirmentur.

316 1337 460 1378 ⁹Sieut
492 1351 593 1385 cera,
628 1351 717 1391 quae
750 1337 851 1387 fluit,
886 1338 1139 1379 auferentur:
1214 1337 1481 1391 supercecidit
1511 1337 1624 1391 ignis,
1659 1343 1699 1378 et
1729 1351 1810 1379 non
1841 1338 2034 1379 viderunt
2064 1338 2201 1380 solem.

297 1398 331 1420 ¹⁰
348 1396 591 1450 Priusquam
626 1396 897 1450 intelligerent
931 1397 1057 1450 spinae
1090 1402 1236 1438 vestrae
1269 1397 1506 1438 rhamnum:
1609 1396 1714 1438 sicut
1747 1397 1945 1441 viventes,
1982 1397 2037 1438 sic
2072 1397 2112 1438 in
2146 1397 2206 1438 ira

559 1456 750 1497 absorbet
779 1469 857 1496 eos.

296 1516 326 1539 ¹¹
348 1515 576 1555 Laetabitur
610 1515 739 1556 iustus
775 1528 866 1555 eum
903 1514 1051 1556 viderit
1085 1514 1331 1556 vindictam:
1426 1528 1571 1556 manus
1607 1528 1699 1556 suas
1733 1515 1891 1556 lavabit
1932 1515 1972 1556 in
2008 1515 2204 1569 sanguine

559 1579 794 1627 peccatoris.

295 1634 327 1657 ¹2
348 1632 402 1673 Et
422 1633 527 1674 dieet
546 1633 686 1674 homo:
706 1633 746 1673 Si
765 1633 907 1687 utique
925 1638 986 1674 est
1003 1633 1161 1674 fructus
1179 1633 1304 1674 iusto:
1370 1633 1512 1686 utique
1531 1638 1592 1674 est
1609 1634 1719 1674 Deus
1738 1633 1920 1675 iudicans
1939 1646 2005 1675 eos
2023 1633 2064 1674 in
2082 1639 2202 1675 terra.

909 1754 1076 1804 5869).
1108 1754 1352 1806 Refugium
1383 1755 1600 1796 tribulati.

401 1839 415 1861 1
444 1837 490 1877 In
522 1837 654 1882 finem,
687 1836 747 1878 Ne
777 1837 998 1891 disperdas.
1031 1837 1169 1878 David
1198 1837 1239 1877 in
1269 1836 1379 1878 tituli
1408 1837 1725 1891 inscriptionem,
1759 1838 1923 1892 quando
1953 1839 2065 1880 misit
2093 1839 2202 1887 Saul,

297 1902 335 1937 et
368 1896 592 1937 custodivit
623 1896 790 1937 domum
823 1896 918 1941 eius,
952 1901 998 1937 ut
1029 1909 1121 1937 eum
1154 1896 1410 1938 interficeret.
1471 1896 1508 1948 (1
1541 1897 1632 1950 Req.
1664 1896 1726 1945 19,
1760 1897 1841 1947 11.)
1900 1898 2052 1940 LVIII.

105 2001 271 2065 {3222th
314 2004 329 2025 '²
347 2001 469 2054 Eripe
497 2015 561 2041 me
589 2001 638 2042 de
667 2001 838 2043 inimicis
866 2001 965 2043 meis
989 2002 1100 2042 Deus
1128 2014 1261 2042 meus:
1329 2006 1370 2042 et
1398 2003 1449 2043 ab
1478 2002 1781 2056 insurgentibus
1809 2003 1850 2044 in
1878 2016 1943 2044 me
1970 2003 2099 2045 libera
2124 2016 2201 2044 me.

120 2060 123 2061 ⁷
150 2067 177 2097 m
198 2080 226 2097 se
315 2062 330 2084 3
348 2060 469 2113 Eripe
498 2074 562 2100 me
590 2061 639 2101 de
668 2060 932 2114 operantibus
960 2060 1242 2114 iniquitatem:
1324 2066 1366 2102 et
1393 2061 1443 2102 de
1471 2061 1566 2102 viris
1595 2061 1840 2115 sanguinum
1868 2061 1984 2103 salva
2010 2075 2086 2103 me.

315 2121 330 2144 4
348 2119 453 2167 Quia
482 2132 570 2159 ecce
599 2126 794 2173 ceperunt
823 2119 1002 2160 animam
1030 2133 1183 2160 meam:
1266 2119 1471 2161 irruerunt
1499 2121 1539 2161 in
1567 2134 1631 2161 me
1659 2121 1796 2162 fortes.

315 2180 330 2203 ⁵
350 2178 490 2231 Neque
516 2178 711 2232 iniquitas
733 2191 835 2223 mea,
861 2192 992 2232 neque
1017 2183 1231 2232 peccatum
1254 2192 1390 2220 meum
1414 2180 1608 2221 Domine:
1681 2180 1765 2220 sine
1790 2180 2009 2233 iniquitate
2033 2180 2201 2225 cucurri,

558 2243 599 2278 et
629 2237 767 2278 direxi.

315 2298 330 2321 ⁶
348 2296 511 2349 Exurge
540 2296 580 2337 in
611 2309 821 2337 occursum
852 2310 1000 2342 meum,
1032 2302 1074 2338 et
1102 2297 1213 2337 vide:

348 2362 389 2396 et
419 2362 463 2396 tu
494 2355 668 2396 Domine
698 2356 808 2396 Deus
838 2356 1054 2403 virtutum,
1086 2356 1197 2396 Deus
1229 2355 1364 2405 Israel,

350 2415 522 2456 Intende
550 2414 602 2455 ad
630 2414 856 2456 visitandas
886 2427 1026 2455 omnes
1056 2420 1215 2468 gentes:
1293 2428 1375 2457 non
1404 2415 1628 2456 miserearis
1654 2416 1855 2465 omnibus,
1883 2416 1953 2470 qui
1982 2422 2204 2470 operantur

559 2473 833 2527 iniquitatem.

315 2534 330 2557 ⁷
348 2533 649 2573 Convertentur
665 2533 715 2573 ad
731 2546 962 2586 vesperam:
980 2538 1021 2574 et
1036 2533 1188 2573 famem
1205 2533 1416 2587 patientur
1430 2539 1478 2574 ut
1494 2547 1624 2581 canes,
1676 2539 1717 2575 et
1733 2534 1962 2575 circuibunt
1977 2534 2202 2576 civitatem.

316 2593 331 2616 ⁸
349 2592 453 2632 Ecce
475 2591 694 2645 loquentur
716 2591 756 2632 in
778 2604 844 2633 ore
867 2605 951 2636 suo.
1019 2597 1060 2632 et
1079 2591 1238 2646 gladius
1260 2592 1301 2632 in
1322 2592 1439 2633 labiis
1462 2605 1620 2634 corum:
1689 2594 1883 2647 quoniam
1906 2593 1995 2647 quis
2018 2593 2202 2635 audivit?

316 2652 332 2675 ⁹
351 2650 403 2691 Et
434 2655 478 2690 tu
510 2651 684 2691 Domine
714 2650 914 2691 deridebis
943 2664 1029 2692 eos:
1114 2651 1165 2692 ad
1195 2651 1367 2692 nihilum
1398 2652 1572 2693 deduces
1603 2665 1741 2693 omnes
1770 2657 1923 2706 gentes.

296 2711 331 2734 ¹⁰
349 2709 650 2750 Fortitudinem
682 2723 814 2750 meam
847 2710 898 2750 ad
929 2715 968 2750 te
999 2710 1240 2756 custodiam,
1328 2710 1424 2764 quia
1452 2711 1563 2751 Deus
1594 2717 1805 2764 susceptor
1834 2724 1948 2752 meus
1979 2725 2038 2752 es:

298 2771 325 2793 ¹¹
348 2769 458 2809 Deus
476 2782 589 2809 meus
607 2768 880 2810 misericordia
899 2768 982 2809 eius
1000 2769 1223 2822 praeveniet
1239 2783 1316 2811 me.
1375 2771 1406 2794 ¹²
1423 2770 1534 2810 Deus
1553 2770 1742 2811 ostendet
1762 2770 1861 2811 mihi
1883 2783 2003 2825 super
2020 2770 2204 2812 inimicos

558 2841 681 2874 meos,

116 2932 268 2991 ffi'jffjjisjffjjj
351 2946 399 2971 ne
430 2933 588 2973 oeeidas
618 2946 702 2973 eos:
733 2933 952 2986 nequando
983 2932 1278 2974 obliviscantur
1306 2933 1446 2986 populi
1476 2934 1566 2975 mei.

110 3004 172 3026 ivn·
196 3003 273 3026 iux-1·-
352 2991 544 3043 Disperge
574 2991 660 3031 illos
691 2991 731 3032 in
762 2992 916 3032 virtute
948 2997 1038 3032 tua:
1123 2997 1163 3032 et
1194 2992 1350 3045 depone
1381 3005 1447 3033 eos
1478 2998 1685 3046 protector
1714 3005 1827 3033 meus
1858 2992 2051 3034 Domine:

164 3041 218 3061 ''²¹''
300 3051 330 3073 ¹³
352 3049 554 3089 Delietum
589 3051 666 3091 oris
698 3063 849 3097 eorum,
884 3063 1109 3091 sermonem
1141 3050 1342 3092 labiorum
1374 3051 1573 3105 ipsorum:
1659 3057 1701 3092 et
1731 3051 2132 3105 comprehendantur
2162 3052 2203 3093 in

560 3109 750 3161 superbia
779 3123 862 3150 sua.

352 3166 402 3206 Et
436 3167 484 3206 de
513 3168 768 3208 execratione
793 3174 834 3209 et
862 3169 1074 3209 mendacio
1103 3168 1466 3209 annunciabuntur
1543 3171 1574 3193 ¹⁴¹
1601 3169 1642 3210 in
1671 3169 2042 3211 consummatione:
2074 3169 2115 3210 in
2145 3169 2207 3210 ira

508 3227 880 3275 consummationis
913 3232 953 3268 et
983 3241 1063 3268 non
1093 3233 1223 3268 crunt.

352 3284 400 3324 Et
435 3284 560 3324 scient
592 3285 685 3338 quia
714 3286 823 3326 Deus
853 3286 1133 3328 dominabitur
1164 3286 1303 3327 Iacob:
1388 3292 1426 3327 et
1457 3286 1597 3327 finium
1629 3292 1756 3328 terrae.

300 3345 329 3367 ¹⁵
351 3345 650 3384 (fonvertentur
665 3345 715 3385 ad
731 3358 953 3398 vesperam,
971 3352 1009 3386 et
1029 3346 1179 3386 famem
1196 3346 1405 3399 patientur
1418 3352 1466 3387 ut
1480 3359 1617 3387 canes:
1675 3351 1715 3387 et
1730 3346 1960 3387 circuibunt
1975 3345 2201 3387 civitatem.

300 3404 333 3426 ¹⁶
354 3402 432 3455 Ipsi
457 3402 737 3455 dispergentur
759 3404 809 3444 ad
832 3405 1183 3445 manducandum:
1259 3405 1289 3444 si
1312 3418 1406 3445 vero
1428 3418 1508 3445 non
1530 3404 1682 3446 fuerint
1703 3404 1889 3451 saturati,
1914 3409 1954 3445 et
1975 3417 2204 3446 murmura-

564 3462 678 3502 bunt.

299 3521 332 3543 ¹⁷
351 3520 436 3574 Ego
458 3526 595 3561 autem
616 3521 791 3562 cantabo
812 3521 1095 3563 fortitudinem
1116 3528 1250 3563 tuam:
1323 3529 1363 3563 et
1383 3523 1576 3564 exultabo
1597 3536 1716 3564 mane
1736 3522 2054 3564 misericordiam
2074 3528 2202 3563 tuam.
