2356 3760
138 103 192 143 39,
218 102 336 142 1-40,
361 102 381 136 9
948 100 1235 134 PSALMORL'M
1951 108 2025 148 507

791 192 959 243 39(40).
991 193 1153 233 Preces
1184 194 1380 234 cruciati.

245 278 260 301 1
291 277 338 317 In
367 276 500 319 finem.
531 275 716 316 Psalmus
745 274 820 328 ipsi
849 274 996 315 David.
1029 275 1234 316 XXXIX.

163 371 177 393 '2
200 369 434 423 Expectans
457 366 670 420 expectavi
691 366 926 409 Dominum.
1002 373 1042 407 et
1063 367 1238 407 intendit
1261 368 1370 409 mihi.
1402 373 1416 393 ³
1438 370 1492 410 Et
1514 369 1723 410 exaudivit
1745 384 1878 423 preces
1901 386 2025 412 ineas:
2054 382 2076 406 E
2096 389 2206 421 summa

203 434 244 469 et
271 427 412 469 eduxit
439 438 503 466 me
531 425 580 466 de
607 424 697 465 lacu
725 424 904 469 miseriae,
987 430 1028 465 et
1056 425 1105 465 de
1131 425 1218 466 luto
1247 426 1364 467 faecis.
2075 424 2187 481 ξζζζξῖζζ

203 487 258 528 Et
286 485 434 527 statuit
462 497 577 537 super
608 489 767 537 petram
796 483 917 536 pedes
946 497 1074 524 meos:
1158 489 1197 524 et
1227 484 1371 525 direxit
1400 499 1555 538 gressus
1585 500 1704 527 meos.

164 548 178 570 ⁴
203 546 258 586 Et
285 543 451 585 immisit
479 543 520 583 in
548 556 590 583 os
617 555 753 582 meum
782 542 987 582 canticum
1015 555 1180 587 novum.
1263 556 1422 584 carmen
1450 545 1536 585 Deo
1565 550 1713 586 nostro.

202 603 413 644 Videbunt
439 601 570 649 multi,
602 606 641 642 et
670 601 893 641 timebunt:
976 607 1015 641 et
1045 601 1268 654 sperabunt
1296 602 1336 642 in
1363 603 1551 643 Domino.

161 665 176 686 ⁵
202 662 353 702 Beatus
382 660 454 705 vir,
487 660 599 701 cuius
628 665 688 700 est
718 673 866 700 nomen
894 659 1060 701 Domini
1089 673 1178 713 spes
1208 660 1309 700 eius:
1381 666 1421 702 et
1450 675 1530 702 non
1559 662 1733 714 respexit
1763 662 1802 702 in
1832 663 2034 704 vanitates

406 725 446 760 et
474 718 651 759 insanias
680 718 813 759 falsas.

166 781 181 803 ⁶
204 779 333 820 Multa
360 777 490 819 fecisti
516 784 562 818 tu
588 777 763 818 Domine
788 778 898 817 Deus
924 790 1037 818 meus
1064 777 1265 818 mirabilia
1290 783 1380 818 tua:
1445 784 1485 819 et
1512 778 1824 832 cogitationibus
1850 779 1930 819 tuis
1957 793 2035 820 non

407 841 468 877 est
498 836 567 890 qui
595 836 733 877 similis
762 836 814 876 sit
842 835 928 877 tibi.

204 895 461 938 Annunciavi
488 901 528 936 et
554 894 714 936 locutus
741 908 848 936 sum:
929 895 1190 949 multiplicati
1216 901 1311 936 sunt
1338 909 1457 949 super
1483 909 1708 938 numerum.

167 990 180 1012 ⁷
210 988 476 1030 ³Sacrificium
495 994 534 1029 et
553 988 801 1029 oblationem
820 988 1002 1030 noluisti:
1060 1001 1174 1029 aures
1193 993 1330 1030 autem
1348 988 1549 1042 perfecisti
1566 988 1676 1030 mihi.
1743 988 2035 1030 Holocaustuni
2052 999 2161 1029 gratias
2174 1000 2241 1029 agit-

408 1052 449 1088 et
476 1060 548 1101 pro
578 1052 745 1101 peccato
776 1061 857 1088 11011
885 1047 1120 1101 postulasti:

168 1108 183 1130 ⁸
206 1111 305 1147 tunc
333 1106 435 1147 dixi:
466 1106 570 1147 Ecce
599 1106 730 1147 venio.
819 1107 864 1147 ln
893 1107 1026 1160 capite
1054 1106 1144 1147 libri
1173 1106 1368 1160 scriptum
1398 1111 1459 1148 est
1487 1106 1536 1147 de
1564 1120 1628 1147 me

169 1167 184 1190 ⁹
207 1171 254 1206 ut
264 1166 440 1206 facerem
451 1165 709 1206 voluntatem
722 1172 854 1206 tuam:
868 1166 978 1206 Deus
992 1179 1105 1207 meus
1116 1165 1236 1210 volui,
1290 1171 1329 1206 et
1342 1165 1469 1219 legem
1482 1171 1595 1205 tuam
1611 1165 1651 1205 in
1662 1165 1793 1206 medio
1806 1165 1934 1206 cordis
1949 1165 2039 1206 mei.

150 1226 185 1248 ¹⁰
208 1224 468 1265 Annunciavi
490 1224 689 1265 iustitiam
714 1230 829 1265 tuam
853 1225 893 1265 in
917 1224 1082 1265 ecclesia
1104 1237 1263 1277 magna.
1342 1237 1431 1264 ecce
1453 1223 1562 1264 labia
1584 1237 1675 1264 mea
1696 1237 1777 1265 non
1800 1224 2040 1277 prohibebo:

411 1283 586 1324 Domine
615 1288 660 1323 tu
690 1283 810 1324 scisti.

152 1344 181 1366 11
210 1342 416 1383 Iustitiam
439 1347 555 1383 tuam
578 1355 659 1383 non
683 1342 876 1383 abscondi
899 1342 940 1382 in
963 1342 1080 1382 corde
1103 1355 1211 1382 meo:
1287 1341 1502 1381 veritatem
1527 1346 1641 1382 tuam
1664 1346 1705 1382 et
1727 1341 1902 1382 salutare
1926 1347 2042 1381 tuum

412 1401 507 1441 dixi.
592 1401 682 1441 Non
713 1400 906 1441 abscondi
936 1400 1251 1441 misericordiam
1281 1405 1407 1444 tuam,
1440 1406 1480 1440 et
1510 1400 1725 1441 veritatem
1754 1405 1870 1440 tuam
1900 1413 1922 1440 a
1951 1413 2043 1440 con·

412 1459 500 1499 cilio
530 1459 672 1499 multo.

154 1520 183 1542 ¹2
211 1517 271 1559 Tu
300 1523 438 1558 autem
465 1518 640 1558 Domine
668 1531 717 1558 ne
744 1517 860 1571 longe
887 1518 1012 1558 facias
1039 1517 1316 1559 miserationes
1344 1524 1436 1558 tuas
1464 1531 1488 1558 a
1514 1531 1596 1558 me:
1676 1517 1947 1558 misericordia
1974 1523 2046 1558 tua

412 1582 453 1617 et
481 1576 631 1617 veritas
661 1582 734 1617 tua
762 1590 919 1630 semper
947 1582 1211 1630 susceperunt
1239 1590 1314 1618 me.

153 1672 184 1694 13
210 1670 412 1718 Quoniam
430 1669 782 1710 circumdederunt
800 1682 863 1709 me
881 1668 999 1717 mala,
1021 1681 1192 1722 quorum
1211 1681 1291 1708 non
1309 1674 1370 1708 est
1388 1682 1596 1710 numerus:
1653 1670 2043 1723 comprehenderunt
2074 1694 2166 1717 orans,
2189 1692 2218 1711 ut

413 1742 476 1769 me
505 1727 743 1782 iniquitates
773 1741 882 1772 111010,
915 1733 955 1768 et
984 1741 1064 1768 non
1093 1727 1209 1780 potui
1239 1733 1284 1767 ut
1313 1727 1503 1769 viderem.
2057 1722 2094 1747 ³¹¹³
2106 1722 2239 1776 ⁰m¹32b⁰³

211 1787 492 1841 Multiplicatae
522 1793 617 1828 sunt
647 1800 767 1840 super
797 1786 960 1840 capillos
992 1786 1135 1840 capitis
1166 1786 1262 1826 mei:
1347 1792 1387 1827 et
1417 1799 1484 1827 cor
1513 1800 1648 1827 meum
1679 1787 1892 1842 dereliquit
1921 1802 1995 1830 me.
2077 1793 2219 1819 liberetur-

154 1850 185 1872 ¹⁴
211 1846 472 1900 Complaceat
498 1846 573 1887 tibi
599 1846 772 1887 Domine
799 1852 843 1886 ut
871 1859 985 1887 eruas
1012 1859 1093 1886 me:
1176 1845 1380 1890 bDomine.
1410 1846 1461 1886 ad
1488 1846 1765 1887 adiuvandum
1792 1860 1855 1887 me
1880 1847 2042 1900 respice.

156 1908 186 1930 ¹⁵
219 1906 550 1947 eConfumlantur
566 1912 605 1946 et
622 1911 883 1945 revereantur
897 1904 1028 1950 simul,
1043 1904 1109 1958 qui
1125 1910 1312 1957 quaerunt
1327 1904 1503 1945 animam
1521 1918 1665 1950 meam.
1679 1910 1725 1946 ut
1741 1906 1927 1947 auferant
1943 1919 2043 1948 eain.

417 1965 719 2005 Convertamur
748 1970 979 2009 retrorsum,
1012 1970 1051 2004 et
1082 1968 1345 2004 revereantur
1375 1964 1443 2017 qui
1473 1964 1617 2005 volunt
1646 1964 1745 2004 mihi
1774 1964 1893 2006 mala.

156 2026 189 2048 ¹⁶
213 2024 363 2064 Ferant
393 2023 606 2064 confestim
636 2023 912 2063 confusionem
943 2036 1070 2069 suam,
1155 2022 1223 2075 qui
1253 2022 1394 2063 dicunt
1422 2022 1538 2063 mihi:
1570 2023 1693 2077 Euge,
1725 2036 1833 2077 euge.

156 2084 188 2106 ¹⁷
213 2082 413 2123 Exultent
437 2088 477 2123 et
500 2082 690 2123 laetentur
714 2095 834 2135 super
858 2088 897 2122 te
922 2095 1060 2123 omnes
1086 2086 1310 2135 quaerentes
1335 2087 1393 2122 te:
1472 2088 1512 2122 et
1536 2081 1674 2123 dicant
1698 2095 1871 2135 semper:
1896 2082 2050 2136 Magni-

416 2141 559 2181 ficetur
587 2141 806 2182 Dominus:
838 2140 906 2194 qui
936 2140 1109 2191 diligunt
1138 2139 1315 2181 salutare
1343 2146 1473 2181 tuum.

157 2202 190 2224 ¹⁸
214 2200 300 2253 Ego
328 2206 466 2241 autem
494 2200 702 2240 mendicus
730 2213 831 2243 sum.
861 2206 902 2240 et
929 2213 1100 2253 pauper:
1182 2199 1382 2240 Dominus
1409 2199 1586 2240 solicitus
1614 2205 1675 2240 est
1701 2200 1789 2241 11101.

213 2259 387 2300 Adiutor
423 2272 547 2303 meus.
579 2264 620 2300 et
648 2264 854 2313 protector
882 2272 994 2299 meus
1024 2264 1070 2299 tu
1099 2272 1158 2299 es:
1240 2258 1350 2299 Deus
1379 2272 1491 2299 meus
1520 2271 1569 2299 ne
1598 2259 1832 2300 tardaveris.

786 2375 953 2425 4o(41).
982 2374 1214 2416 Meditatio
1243 2374 1422 2426 aegroti.

260 2447 274 2470 1
305 2445 351 2486 111
381 2445 514 2493 finem,
545 2445 730 2487 Psalmus
758 2445 834 2500 ipsi
862 2446 1010 2488 David.
1042 2446 1129 2487 XL.

176 2540 191 2562 ²
216 2538 366 2579 Beatus
397 2538 465 2592 qui
493 2538 682 2592 intelligit
709 2552 828 2593 super
856 2552 1038 2593 egenum,
1070 2545 1110 2580 et
1139 2551 1376 2592 pauperem:
1445 2537 1484 2578 in
1514 2536 1577 2578 die
1605 2536 1713 2577 mala
1740 2536 1927 2578 liberabit
1956 2550 2046 2578 eum
2077 2542 2224 2603 “irricggije·

416 2597 627 2639 Dominus.
2175 2596 2196 2607 ‘¹

177 2658 192 2680 3
214 2656 414 2697 Dominus
444 2662 655 2697 conservet
683 2670 788 2706 eum,
819 2662 860 2698 et
888 2657 1067 2698 vivificet
1097 2670 1200 2702 eum.

215 2720 255 2755 et
281 2715 448 2755 beatum
472 2715 598 2756 faciat
623 2729 714 2756 eum
738 2716 780 2756 in
799 2722 923 2757 terra:
1000 2721 1040 2757 et
1058 2729 1139 2757 non
1158 2715 1297 2757 tradat
1317 2728 1409 2756 eum
1426 2714 1467 2755 in
1485 2713 1662 2754 animam
1682 2712 1933 2754 inimicorum
1952 2713 2046 2755 eius.

177 2776 192 2798 ⁴
214 2773 414 2814 Dominus
446 2787 563 2827 opem
594 2775 699 2816 ferat
729 2774 785 2815 illi
815 2788 934 2829 super
962 2775 1114 2816 lectum
1145 2774 1291 2816 doloris
1322 2774 1424 2814 eius:
1497 2772 1729 2813 universum
1759 2776 1934 2813 stratum
1965 2772 2048 2813 eius

417 2833 588 2874 versasti
616 2834 657 2874 in
685 2833 922 2875 infirmitate
951 2834 1046 2875 eius

177 2926 192 2949 5
216 2925 301 2978 Ego
330 2925 431 2966 dixi:
460 2925 634 2966 Domine
661 2926 846 2967 miserere
873 2926 969 2967 mei:
1051 2940 1150 2967 sana
1177 2927 1356 2967 animam
1383 2939 1527 2974 meam,
1558 2924 1653 2978 quia
1678 2924 1844 2978 peccavi
1870 2924 1956 2966 tibi.
2091 2937 2212 2975 aegrrytqs

178 2986 193 3007 ‘⁵
217 2983 374 3025 Inimici
405 2984 484 3024 mei
515 2984 706 3026 dixerunt
736 2984 845 3025 mala
875 2985 991 3026 mihi:
1070 2986 1241 3034 Quando
1273 2984 1477 3033 morietur,
1512 2988 1552 3024 et
1583 2983 1730 3037 peribit
1760 2997 1909 3025 nomen
1939 2984 2047 3024 eius?
2071 2973 2231 3033 {ssaffifflff

178 3043 191 3065 ⁷
216 3042 272 3083 Et
298 3043 330 3083 si
356 3043 659 3096 ingrediebatur
684 3049 732 3085 ut
758 3043 925 3092 videret,
955 3057 1064 3085 vana
1088 3044 1343 3098 loquebatur,
1414 3055 1481 3084 cor
1508 3042 1590 3083 eius
1618 3042 1877 3096 congregavit
1904 3041 2047 3096 iniqui-

418 3107 548 3142 tatem
577 3102 663 3143 sibi.
747 3102 1043 3156 Egrediebatur
1070 3104 1188 3147 foras,
1221 3108 1261 3144 et
1289 3102 1532 3155 loquebatur
1589 3102 1604 3124 ⁸
1632 3101 1673 3141 in
1702 3100 1888 3154 idipsum.

215 3160 444 3201 Adversum
486 3174 550 3201 me
592 3162 859 3203 susurrabant
899 3175 1037 3203 omnes
1089 3162 1239 3203 inimici
1280 3160 1376 3201 mei:
1448 3160 1663 3200 adversum
1709 3173 1773 3200 me
1813 3159 2048 3213 cogitabant

418 3219 527 3260 mala
557 3219 667 3261 mihi.

179 3279 194 3301 ⁹
217 3277 395 3318 Verbum
413 3278 598 3332 iniquum
617 3279 917 3321 constituerunt
936 3280 1152 3321 adversum
1170 3292 1252 3319 me:
1311 3277 1520 3331 Numquid
1538 3277 1606 3330 qui
1623 3277 1772 3318 dormit
1791 3290 1871 3317 non
1890 3275 2048 3316 adiit-iet

418 3342 465 3377 ut
493 3337 700 3391 resurgat?

294 3433 348 3475 39,
373 3434 392 3466 7
417 3408 513 3467 arlin-
537 3435 589 3468 10.
615 3435 644 3468 7>
672 3455 712 3458 —
738 3437 779 3469 14
804 3436 879 3469 bins
903 3437 956 3477 oe,
982 3437 1010 3469 2.
1037 3457 1079 3461 ψ
1103 3437 1144 3470 15
1174 3435 1258 3478 eSup
1284 3434 1333 3467 34,
1362 3435 1391 3467 4.
