2356 3760
111 411 147 435 al
171 417 258 442 quain

137 447 234 471 ridvles

123 488 151 505 Ss-
177 483 246 506 buu?

98 521 271 547 praeparent.

101 879 222 904 Monitio
243 882 271 905 ot

104 915 266 945 doxologia.

294 81 393 123 1184
712 79 937 113 EPISTOLA
964 78 1104 111 ΒΕΑΤΙ
1132 77 1271 111 PETRI
1298 77 1523 112 APOSTOLI
1549 77 1767 112 SECUNDA
1954 78 1985 119 3,
2012 78 2129 118 12-3,
2157 77 2198 113 18

293 172 603 221 versationibus,
642 179 683 214 et
720 172 954 225 pietatibus,
1021 174 1050 195 ¹²
1087 176 1363 225 expectantes,
1401 176 1443 212 et
1479 177 1742 224 properantes
1780 170 1821 211 in
1857 171 2082 214 adventum
2120 171 2198 213 diei

291 232 470 281 Domini,
503 245 574 285 per
605 244 724 285 quem
758 230 841 271 eaeli
873 230 1061 271 ardentes
1092 230 1314 277 solventur,
1348 235 1389 270 et
1420 229 1622 271 elementa
1652 229 1753 283 ignis
1785 228 1927 270 ardore
1959 230 2195 272 tabescent?

294 293 324 315 ¹³
359 291 518 331 aNovos
551 303 644 331 vero
678 289 805 337 eaelos,
839 296 879 330 et
912 301 1062 330 novam
1095 294 1245 330 terram
1277 288 1500 329 secundum
1532 287 1731 341 promissa
1761 287 1886 342 ipsius
1918 295 2194 342 expectamus,

292 349 331 390 in
363 349 509 403 quibus
540 348 696 390 iustitia
723 347 898 388 habitat.
1677 349 1681 352 ”

398 411 429 433 ¹⁴
454 409 626 460 Propter
653 406 762 460 quod
789 405 1011 447 charissimi
1037 406 1122 447 haec
1148 412 1425 459 expectantes,
1450 405 1624 459 satagite
1650 405 1916 454 immaculati,
1945 411 1986 447 et
2011 405 2198 448 inviolati

292 466 324 508 ei
358 467 527 508 inveniri
560 466 599 506 in
632 478 742 518 pace.
808 467 837 489 ¹5
869 471 910 506 et
945 464 1130 505 bDomini
1162 464 1288 506 nostri
1319 464 1687 518 longanimitatem,
1720 464 1894 505 salutem
1926 463 2197 506 arbitremini:

291 526 395 567 sicut
425 533 465 566 et
490 524 746 566 charissimus
771 524 897 565 frater
920 530 1057 565 noster
1080 524 1231 565 Paulus
1257 523 1479 564 secundum
1505 523 1647 564 datam
1671 522 1746 564 sibi
1770 522 2013 576 sapientiam
2039 522 2200 577 scripsit

290 585 415 628 vobis.
467 586 498 608 ¹⁶
517 583 621 625 sicut
639 590 680 624 et
700 583 738 624 in
759 582 946 624 omnibus
965 582 1157 636 epistolis,
1182 583 1350 636 loquens
1370 582 1411 624 in
1429 582 1484 623 eis
1503 582 1552 623 de
1570 581 1643 631 his,
1665 582 1705 623 in
1726 581 1872 635 quibus
1891 587 1988 623 sunt
2007 582 2195 636 quaedam

289 643 469 684 diflicilia
488 642 710 691 intellectu,
734 655 824 696 quae
844 641 1010 690 indocti,
1033 648 1075 683 et
1094 641 1304 683 instabiles
1325 641 1568 694 depravant,
1590 640 1696 682 sicut
1716 646 1757 682 et
1778 646 1931 682 ceteras
1951 640 2195 694 Scripturas,

289 702 341 742 ad
370 715 485 742 suam
515 701 695 755 ipsorum
724 701 1006 755 perditionem.

1003 803 1239 855 Epilogus,
1259 805 1299 855 3,
1317 804 1489 844 17-18,

398 877 432 900 ¹⁷
467 876 547 917 Vos
580 875 704 929 igitur
737 875 882 917 fratres
914 875 1171 929 praescientes
1206 876 1421 925 custodite,
1458 890 1507 917 ne
1541 875 1820 929 insipientium
1854 888 1984 917 errore
2018 875 2199 917 traducti

293 935 489 976 excidatis
518 949 541 976 a
568 933 731 988 propria
757 933 963 976 firmitate.
1022 936 1054 959 ¹⁸
1082 935 1247 976 crescite
1275 948 1370 976 vero
1397 935 1439 976 in
1465 935 1610 989 gratia,
1640 941 1681 976 et
1707 934 1748 976 in
1776 934 2005 988 cognitione
2032 934 2199 976 Domini

290 994 429 1043 nostri,
454 1000 495 1036 et
515 993 739 1036 Salvator-is
763 994 854 1035 Iesu
876 993 1035 1036 Christi.
1063 994 1145 1048 Ipsi
1164 994 1292 1048 gloria
1313 999 1354 1036 et
1376 1007 1495 1044 nunc,
1519 1000 1560 1036 et
1582 994 1623 1035 in
1645 993 1751 1035 diem
1774 993 2028 1036 aeternitatis.
2051 993 2196 1035 Amen.

388 1072 392 1073 ⁷
426 1072 548 1130 iassls
569 1072 705 1139 canu
732 1097 784 1138 66,
810 1098 867 1139 223
894 1099 967 1143 Ape
992 1098 1044 1138 21,
1071 1099 1100 1134 1.
1128 1118 1169 1122 —
1193 1099 1235 1133 15
1257 1098 1369 1133 bR0m
1392 1099 1422 1140 2,
1447 1099 1476 1133 4.
