2356 3760
134 100 166 139 8,
194 99 290 137 1-8,
315 98 355 132 31
985 93 1155 127 IUDITH
1948 102 2023 143 439

779 185 995 238 PARS
1037 186 1395 239 ALTERA.

352 275 662 330 Bethulia
701 272 1047 326 obsidione
1085 273 1392 337 liberata,
1433 272 1489 336 8,
1517 273 1701 339 1-16‚
1728 276 1812 328 31.

1031 363 1087 380 Q

503 420 543 470 l.
584 418 879 469 Liber-atio
920 418 1301 482 praeparatur,
1339 418 1389 471 8,
1416 419 1591 473 1—12.
1618 418 1666 469 9.

610 510 649 549 1.
679 508 823 549 Iudith
854 508 972 548 inter
1000 507 1244 558 Israelitas,
1271 509 1310 559 8,
1329 509 1474 559 1—10,
1493 510 1558 548 10.

241 584 279 626 8.
336 585 347 606 1
379 582 434 622 Ε1
463 582 620 622 factum
651 586 723 625 031,
757 593 849 620 011111
881 579 1060 619 audisset
1089 579 1174 618 haec
1204 579 1329 618 verba
1362 579 1500 620 Iudith
1531 579 1665 622 vidua.
1715 593 1804 633 quae
1833 586 1918 621 erat
1950 581 2029 621 filia
2064 575 2202 600 F³¹¹²⁰³¹³'

136 642 293 690 Morari,
326 641 395 682 filii
428 640 540 687 idox,
573 638 642 679 fiijj
674 638 831 692 Ioseph,
864 637 933 678 fini
964 637 1081 683 Oziae,
1115 637 1184 677 fini
1214 636 1314 681 Elati,
1348 637 1416 677 filii
1448 638 1622 681 ramnor.
1655 637 1723 677 filii
1754 638 1928 683 cedeon,
1962 639 2028 680 fini
2061 617 2203 670 οἶῗὲῗυίιῗ.

139 700 355 755 Raphaim,
386 699 455 740 filii
482 697 670 746 Achitob,
701 697 770 738 filii
797 696 988 739 Melchiae,
1019 696 1089 736 filii
1116 695 1246 741 Enan,
1277 695 1346 736 filii
1374 696 1601 740 Nathaniae.
1632 696 1701 736 filii
1728 696 1931 741 Salathiel,
1963 698 2030 738 filii

139 761 314 807 Simeon,
339 758 409 799 filii
433 757 597 798 Ruben:
648 758 663 780 ²
686 762 726 797 et
749 756 811 796 vir
833 756 916 796 eius
939 755 1017 795 11111
1040 755 1258 801 Manasses,
1285 754 1354 808 qui
1376 760 1560 796 mortuus
1584 760 1644 794 est
1667 754 1707 794 in
1731 754 1870 795 diebus
1894 757 2030 796 messis

138 819 389 861 hordeaceae:
442 819 458 841 3
482 816 664 856 instabat
690 815 797 855 enim
823 827 943 867 super
968 813 1178 867 alligantes
1204 813 1433 867 manipulos
1459 813 1499 853 in
1525 826 1680 866 campo,
1710 817 1749 853 et
1775 814 1886 853 venit
1913 820 2032 855 cestus

140 890 261 931 super
284 881 408 930 caput
431 875 526 922 eius,
552 879 592 914 et
616 880 801 915 mortuus
825 879 885 914 est
910 873 949 913 in
974 872 1166 913 Bethulia
1188 872 1355 913 civitate
1379 885 1462 916 sua,
1489 877 1530 912 et
1553 871 1734 925 sepultus
1758 876 1819 912 est
1841 872 1918 912 11110
1942 886 2032 912 011111

140 935 327 991 pat-ribus
347 934 440 975 suis.
488 936 503 958 ⁴
523 933 623 974 Erat
645 938 782 973 autem
805 931 944 972 Iudith
965 931 1104 972 relicta
1124 931 1206 971 eius
1226 931 1352 971 vidua
1370 931 1450 971 iarn
1471 931 1585 971 annis
1607 931 1747 979 tribus,
1770 936 1811 971 et
1830 931 2034 971 mensibus

141 1009 222 1037 sex.
278 997 292 1019 5
319 994 375 1034 Et
400 993 441 1034 in
468 992 747 1045 superioribus
767 991 911 1032 domus
938 1003 1020 1031 suae
1045 990 1141 1030 10011
1169 989 1243 1030 31111
1271 996 1468 1030 secretum
1497 989 1738 1033 cubiculum.
1767 989 1807 1029 in
1836 1003 1914 1042 quo
1943 1003 2033 1030 cum

142 1053 283 1108 puellis
315 1052 395 1093 suis
426 1051 563 1092 clausa
592 1051 842 1093 morabatur.
905 1051 920 1073 ⁶
950 1054 990 1089 01
1020 1049 1174 1089 habens
1206 1062 1325 1102 super
1354 1048 1513 1089 lumbos
1545 1062 1636 1089 suos
1668 1047 1851 1093 cilicium,
1885 1048 2035 1088 ieiuna-

143 1114 216 1154 bat
236 1112 424 1154 omnibus
446 1110 586 1151 diebus
609 1109 704 1150 vitae
725 1122 817 1152 31100,
842 1114 987 1162 praeter
1007 1108 1192 1153 sabbata,
1217 1113 1257 1148 et
1278 1107 1521 1152 neomenias,
1546 1112 1586 1147 et
1606 1107 1712 1147 festa
1732 1107 1875 1147 domus
1899 1107 2032 1148 Israel.

146 1174 160 1196 ⁷
190 1171 292 1212 Erat
322 1176 460 1211 autem
490 1168 663 1222 eleganti
694 1174 859 1221 aspectu
890 1167 1020 1211 nimis,
1053 1167 1116 1207 cui
1147 1167 1207 1206 vir
1236 1180 1331 1206 suus
1361 1166 1577 1219 reliquerat
1608 1165 1771 1205 divitias
1801 1165 1962 1210 multas,
1995 1171 2034 1206 et

142 1229 340 1272 familiam
375 1228 591 1282 copiosam.
629 1240 675 1268 ac
712 1226 978 1280 possessiones
1014 1225 1206 1266 armentis
1243 1225 1378 1269 11011111,
1416 1229 1457 1264 01
1490 1224 1675 1277 gregibus
1711 1223 1847 1264 ovium
1884 1224 2033 1277 plenas.

146 1292 162 1314 ⁸
192 1289 249 1330 Et
279 1294 366 1329 erat
396 1287 481 1328 haec
512 1287 553 1327 in
585 1285 772 1327 omnibus
803 1284 1083 1326 famosissima.
1119 1283 1311 1336 quoniam
1343 1283 1517 1323 timebat
1547 1283 1769 1323 Dominum
1802 1282 1930 1327 valde,
1965 1296 2035 1323 nec

144 1353 232 1389 erat
261 1347 329 1401 qui
356 1346 589 1400 loqueretur
616 1345 665 1385 de
694 1344 761 1384 illa
788 1344 958 1383 verbum
986 1342 1151 1382 malum.

252 1408 266 1430 ⁹
291 1406 387 1446 Haec
411 1405 550 1456 itaque
575 1416 667 1443 cum
692 1402 869 1442 audisset
895 1401 1087 1454 quoniam
1113 1400 1230 1441 Ozias
1254 1400 1503 1453 promisisset
1529 1400 1637 1453 quod
1662 1405 1867 1440 transacto
1895 1400 2035 1453 quinto
2050 1399 2231 1458 {ssessffigffi}

144 1466 208 1506 die
237 1464 415 1505 traderet
444 1462 666 1509 civitatem,
697 1460 806 1501 misit
836 1460 888 1500 ad
915 1460 1172 1513 presbyteros
1202 1459 1360 1504 Chabri,
1393 1464 1433 1500 et
1461 1459 1634 1500 Charini.
1693 1460 1728 1482 ¹⁰
1756 1458 1810 1499 Et
1838 1464 2036 1499 venerunt
2054 1440 2224 1494 etpidsfi'ruii.

145 1524 198 1564 ad
225 1522 348 1569 illam,
378 1526 419 1562 et
447 1520 551 1561 dixit
580 1519 673 1560 illis:
704 1520 821 1568 Quod
851 1524 910 1559 est
939 1519 1015 1559 hoc
1044 1518 1225 1563 verbum,
1257 1518 1296 1558 in
1327 1532 1405 1571 quo
1435 1518 1635 1558 consensit
1665 1517 1794 1561 Ozias,
1825 1522 1871 1558 ut
1900 1518 2037 1558 tradat

146 1582 357 1623 civitatem
382 1579 554 1634 Assyriis
579 1579 611 1619 si
636 1579 745 1619 intra
769 1578 947 1632 quinque
973 1577 1055 1618 dies
1082 1590 1162 1618 non
1188 1577 1344 1617 venerit
1369 1577 1483 1618 vobis
1509 1576 1780 1617 adiutorium?
1835 1578 1864 1600 11
1890 1576 1944 1616 Ε1
1971 1576 2038 1629 qui

145 1641 241 1682 estis
258 1653 342 1687 VOS,
363 1639 431 1693 qui
449 1638 617 1680 tentatis
634 1637 882 1679 Dominum?
928 1638 958 1660 ¹2
977 1636 1067 1677 Non
1085 1642 1146 1677 est
1161 1636 1236 1676 iste
1253 1649 1394 1680 sermo,
1416 1636 1483 1689 qui
1500 1635 1813 1676 misericordiam
1830 1641 2035 1688 provocet.

145 1700 217 1741 sed
238 1699 374 1753 potius
399 1698 467 1752 qui
490 1698 591 1738 iram
614 1696 776 1740 excitet,
802 1701 842 1737 et
864 1696 1041 1736 furorem
1066 1695 1273 1736 accendat.
1326 1697 1357 1719 ¹3
1380 1694 1574 1735 Posuistis
1598 1707 1670 1735 vos
1694 1699 1854 1747 tempus
1876 1694 2037 1734 misera-

147 1759 267 1800 tionis
290 1757 467 1804 Domini,
494 1762 535 1797 et
559 1757 598 1796 in
624 1755 837 1796 arbitrium
862 1761 1056 1799 vestrum,
1082 1754 1188 1794 diem
1214 1753 1480 1794 constituistis
1505 1754 1550 1794 ei.
1605 1755 1635 1777 ¹⁴
1659 1753 1737 1794 Sed
1762 1753 1858 1806 quia
1879 1752 2037 1805 patiens

145 1817 345 1859 Dominus
373 1821 444 1861 est,
473 1815 514 1856 in
539 1815 614 1856 hoc
642 1815 726 1868 ipso
755 1814 1037 1867 poeniteamus,
1067 1818 1107 1853 et
1133 1812 1427 1866 indulgentiam
1455 1812 1536 1852 01113
1564 1812 1660 1852 111313
1686 1811 1873 1864 lacrymis
1900 1816 2038 1864 postu-

146 1877 292 1917 lemus:
342 1877 372 1899 1⁵
392 1888 473 1916 non
494 1874 600 1914 enim
622 1873 736 1927 quasi
756 1873 889 1916 homo.
912 1873 967 1913 sic
986 1872 1096 1912 Deus
1118 1871 1444 1920 comminabitur,
1467 1884 1596 1924 neque
1617 1871 1721 1911 sicut
1741 1870 1844 1910 filius
1864 1870 2037 1911 hominis

148 1936 201 1977 ad
228 1934 479 1976 iracundiam
509 1932 844 1973 inflammabitur.
904 1933 938 1955 ¹⁶
967 1931 1022 1971 Et
1051 1931 1139 1971 ideo
1170 1930 1427 1971 humiliemus
1456 1929 1512 1970 illi
1542 1930 1696 1970 animas
1726 1933 1896 1975 nostras,
1928 1933 1970 1969 et
1997 1929 2038 1969 in

148 1993 292 2047 spiritu
310 1992 524 2034 constituti
540 1991 766 2035 humiliato.
786 1990 1005 2031 servientes
1022 1989 1089 2033 illi,
1137 1991 1168 2013 ¹⁷
1187 1989 1368 2029 dicamus
1389 1988 1530 2029 flentes
1547 1988 1734 2036 Domino,
1755 1993 1801 2028 ut
1817 1988 2039 2028 secundum

148 2052 405 2094 voluntatem
431 2064 547 2091 suam
574 2050 629 2090 sic
654 2050 779 2090 faciat
806 2049 1016 2090 nobiscum
1044 2048 1357 2089 misericordiam
1384 2061 1518 2087 suam:
1547 2053 1593 2088 ut
1619 2047 1724 2087 sicut
1749 2047 2040 2087 conturbatum

148 2116 210 2152 est
241 2123 308 2152 cor
339 2109 524 2151 nostrum
555 2108 596 2149 in
628 2108 817 2162 superbia
849 2120 998 2153 eorum,
1048 2107 1107 2148 ita
1138 2106 1261 2147 etiam
1294 2107 1342 2147 de
1375 2112 1514 2147 nostra
1544 2106 1775 2146 humilitate
1806 2104 2038 2158 gloriemur:

150 2172 184 2194 ¹3
208 2169 399 2224 quoniam
424 2181 504 2209 non
529 2180 667 2208 sumus
692 2167 818 2208 secuti
842 2171 1012 2220 peccata
1034 2171 1198 2219 patrum
1223 2170 1465 2207 nostrorum.
1493 2165 1561 2218 qui
1586 2164 1885 2218 dereliquerunt
1906 2164 2039 2204 Deum

148 2242 279 2277 suum,
310 2233 350 2269 et
380 2228 653 2269 adoraverunt
683 2226 777 2267 deos
807 2225 968 2273 alienos,
1026 2226 1061 2249 ¹9
1089 2238 1160 2278 pro
1191 2237 1269 2278 quo
1299 2224 1443 2265 scelere
1473 2224 1559 2264 dati
1587 2229 1682 2264 sunt
1710 2223 1750 2263 in
1778 2222 1968 2276 gladium,
2000 2228 2041 2263 et

148 2288 190 2329 in
217 2287 414 2341 rapinam.
445 2292 486 2327 et
513 2286 554 2326 in
582 2285 859 2327 confusionem
887 2284 1056 2325 inimicis
1085 2284 1184 2324 suis:
1214 2297 1286 2324 nos
1315 2289 1452 2323 autem
1482 2282 1653 2323 alterum
1681 2282 1814 2322 Deum
1842 2281 2040 2322 nescimus

149 2351 295 2400 praeter
317 2346 462 2400 ipsum.
515 2346 551 2369 '³0
573 2344 848 2398 Expectemus
871 2342 1042 2383 humiles
1068 2342 1385 2383 consolationem
1410 2342 1504 2387 eius,
1532 2346 1572 2381 et
1596 2340 1780 2394 exquiret
1804 2340 2039 2393 sanguinem

151 2410 335 2447 nostrum
372 2405 421 2445 de
458 2403 748 2444 afflictionibus
785 2403 1038 2443 inimicorum
1076 2407 1318 2449 nostrorum,
1358 2406 1399 2441 et
1434 2399 1666 2440 humiliabit
1702 2412 1839 2440 omnes
1877 2399 2038 2447 Gentes,

152 2476 417 2518 quaecumque
438 2462 652 2516 insurgunt
675 2467 818 2503 contra
839 2474 922 2505 nos,
947 2466 988 2502 et
1009 2460 1131 2501 faciet
1153 2460 1239 2500 illas
1262 2460 1345 2500 sine
1367 2459 1517 2500 honore
1539 2459 1738 2500 Dominus
1759 2458 1869 2498 Deus
1891 2464 2039 2498 noster.

151 2525 183 2548 21
205 2523 261 2563 Et
283 2535 390 2563 nunc
412 2521 569 2569 fratres,
596 2521 788 2574 quoniam
811 2534 883 2561 vos
906 2520 1000 2561 estis
1024 2519 1250 2573 presbyteri
1271 2519 1312 2559 in
1335 2518 1484 2572 populo
1507 2518 1594 2561 Dei.
1620 2523 1660 2558 et
1683 2531 1732 2558 ex
1755 2517 1868 2558 vobis
1891 2516 2042 2570 pendet

152 2582 289 2623 anima
314 2581 484 2629 illorum,
515 2580 567 2621 ad
594 2579 798 2633 eloquium
826 2584 1007 2620 vestrum
1035 2579 1157 2620 corda
1184 2591 1322 2619 eorum
1350 2577 1498 2630 erigite,
1530 2582 1576 2618 ut
1602 2589 1797 2617 memores
1825 2575 1916 2620 sint,
1948 2574 2042 2628 quia

152 2640 303 2682 tentati
320 2645 416 2680 sunt
432 2644 568 2693 patres
586 2639 714 2680 nostri
731 2644 778 2679 ut
795 2639 1075 2692 probarentur,
1096 2637 1128 2678 si
1146 2650 1237 2677 vere
1256 2636 1431 2678 colerent
1447 2636 1581 2676 Deum
1598 2649 1728 2676 suum.
1774 2636 1806 2658 22
1827 2634 2041 2674 ει1101110103

152 2712 236 2741 0330
252 2699 414 2745 (10110111,
435 2698 638 2752 quomodo
655 2703 772 2751 pater
787 2702 923 2738 noster
938 2696 1146 2737 Abraham
1164 2701 1347 2737 tentatus
1364 2701 1435 2739 est.
1455 2700 1495 2735 et
1510 2708 1580 2748 per
1595 2694 1744 2734 multas
1761 2692 2042 2733 tribulationes

152 2759 361 2812 probatus,
389 2757 467 2798 Dei
495 2757 647 2798 amicus
675 2756 842 2797 effectus
870 2762 942 2797 est.
999 2757 1031 2780 ²³
1058 2755 1122 2796 Sic
1151 2755 1277 2801 Isaac,
1307 2755 1361 2795 sic
1392 2754 1524 2798 Iacob,
1555 2754 1609 2794 sic
1636 2753 1805 2805 Moyses,
1836 2756 1877 2792 et
1904 2763 2042 2792 omnes

154 2817 222 2871 qui
251 2817 492 2870 placuerunt
521 2816 621 2865 Deo,
653 2828 724 2869 per
753 2814 904 2856 multas
936 2814 1217 2856 tribulationes
1249 2813 1496 2854 transierunt
1527 2811 1673 2852 fideles.
1733 2812 1765 2835 2⁴
1797 2809 1857 2851 [lli
1889 2814 2039 2855 autem,

154 2876 223 2930 qui
254 2875 502 2916 tentationes
533 2888 615 2916 non
647 2880 909 2928 susceperunt
942 2886 1033 2914 cum
1066 2873 1210 2914 timore
1241 2872 1417 2917 Domini,
1453 2877 1493 2911 et
1524 2869 1824 2923 impatientiam
1855 2881 1971 2909 suam
2002 2872 2044 2908 et

151 2934 442 2988 improperium
471 2933 803 2974 murmurationis
835 2945 917 2973 suae
947 2937 1089 2973 contra
1118 2932 1341 2973 Dominum
1371 2929 1639 2984 protulerunt.
1699 2930 1730 2952 ²⁵
1764 2926 2043 2969 bexterminati

153 2998 250 3034 sunt
273 2993 324 3034 ab
347 2992 673 3038 exterminatore,
700 2998 740 3033 et
764 3005 787 3032 a
810 2991 1064 3045 serpentibus
1086 2991 1303 3044 perierunt.
1356 2991 1391 3014 ²⁶
1413 2989 1468 3029 Et
1490 3001 1562 3029 nos
1586 3000 1676 3041 ergo
1701 2999 1782 3028 non
1804 2986 2044 3027 ulciscamur

153 3065 225 3093 nos
253 3065 325 3105 pro
353 3052 426 3099 his,
458 3064 547 3104 quae
573 3051 764 3104 patimur,
822 3052 855 3074 '2⁷
883 3050 953 3091 sed
980 3055 1217 3103 reputantes
1244 3047 1420 3102 peccatis
1448 3047 1594 3088 nostris
1623 3046 1707 3086 haec
1734 3046 1822 3099 ipsa
1848 3043 2045 3098 supplicia

153 3111 311 3152 minora
337 3123 420 3151 esse
450 3109 609 3163 flagella
634 3109 811 3154 Domini,
844 3109 989 3163 quibus
1020 3108 1133 3162 quasi
1161 3108 1265 3148 30111ι
1294 3106 1530 3159 corripimur
1557 3105 1609 3145 ad
1636 3104 1973 3151 emendationem,
2004 3106 2046 3142 et

153 3183 235 3211 non
268 3170 320 3210 ad
351 3169 619 3223 perditionem
652 3174 834 3209 nostram
867 3167 1045 3208 evenisse
1078 3167 1300 3208 credamus.
1361 3166 1396 3189 '²8
1429 3164 1483 3205 Et
1516 3164 1706 3204 dixerunt
1738 3162 1792 3203 illi
1826 3161 1954 3206 Ozias,
2004 3165 2045 3200 et

153 3228 397 3281 presbyteri:
428 3227 586 3271 Omnia.
619 3240 708 3280 quae
733 3226 872 3268 locuta
899 3240 951 3270 es,
982 3239 1078 3266 vera
1105 3231 1212 3269 sunt,
1243 3231 1283 3265 et
1312 3237 1392 3265 non
1420 3228 1480 3264 est
1508 3223 1549 3263 in
1577 3222 1827 3263 sermonibus
1856 3220 1935 3261 tuis
1964 3218 2044 3259 ulla

155 3286 420 3340 reprehensio.
479 3288 514 3311 2⁹
545 3286 663 3326 Nunc
693 3298 784 3339 ergo
815 3298 886 3327 ora
915 3298 986 3338 pro
1016 3284 1144 3331 nobis,
1179 3284 1370 3337 quoniam
1400 3281 1543 3322 mulier
1572 3286 1713 3322 sancta
1743 3293 1794 3322 03,
1827 3284 1867 3319 01
1898 3278 2041 3319 timens

155 3346 300 3387 Deum.
349 3347 386 3370 3⁰
405 3345 460 3385 Et
481 3344 585 3385 dixit
604 3343 680 3384 illis
704 3344 861 3385 Iudith:
883 3344 997 3385 Sicut
1019 3343 1128 3396 quod
1149 3342 1263 3395 potui
1283 3341 1405 3395 loqui.
1428 3340 1504 3380 Dei
1525 3353 1608 3380 esse
1630 3337 1885 3392 cognoscitis:
1933 3337 1964 3359 ³¹
1984 3334 2040 3372 ita

188 3418 260 3419 ῤ’
287 3418 318 3478 s,
344 3437 384 3470 22
405 3417 556 3472 hence,
579 3438 608 3469 1.
636 3457 677 3459 -
701 3436 742 3469 25
766 3436 805 3469 bi
828 3436 892 3470 Cor
913 3436 965 3476 10,
986 3436 1017 3469 9.
