2356 3760
147 125 178 164 4,
206 124 324 163 12—4‚
349 123 390 156 45
1011 122 1203 156 NUMERI
1966 133 2039 173 111

151 217 405 261 vestimento.
433 221 472 256 et
498 216 718 256 extendent
746 216 916 268 desuper
940 216 1236 269 operimentum
1262 216 1539 257 ianthinarum
1565 219 1740 271 pellium,
1768 223 2040 276 inducentque

147 280 294 317 vectes.
353 277 382 298 ¹²
412 275 558 315 Omnia
587 287 696 319 vasa,
729 273 874 326 quibus
904 275 1159 315 ministratur
1187 275 1227 314 111
1256 274 1506 317 Sanctuario.
1539 276 1747 318 involvent
1775 280 2040 332 hyacinthino

148 333 280 387 pallio,
303 340 343 374 et
360 332 581 374 extendent
601 332 773 385 desuper
791 333 1088 385 operimentum
1106 333 1384 374 ianthinaruni
1402 333 1579 386 pellium,
1600 335 1873 390 inducentque
1892 351 2038 381 vectes.

148 395 179 417 13
193 393 272 433 Sed
286 398 327 433 et
342 392 466 432 altare
482 391 743 431 mundabunt
759 391 899 439 cinere,
918 396 957 432 et
972 391 1182 432 involvent
1197 391 1295 431 illud
1312 404 1512 444 purpureo
1528 393 1783 439 vestimento,
1828 398 2041 449 1190110111-

149 465 225 505 que
244 464 336 492 cum
351 463 396 491 eo
415 449 550 490 omnia
567 462 677 496 vasa,
697 449 841 502 quibus
858 450 899 489 in
916 450 1138 491 ministerio
1156 450 1238 490 eius
1256 456 1440 497 utuntur,
1458 451 1500 491 id
1516 456 1587 497 est.
1606 452 1760 505 ignium
1775 457 2039 507 receptacula.

148 508 366 551 fuscinulas
383 521 428 548 ac
444 507 651 551 tridentes,
669 508 837 548 uncinos
852 515 892 549 et
908 508 1060 549 batilla.
1078 508 1233 552 Cuncta
1249 522 1347 548 vasa
1363 508 1500 549 altaris
1516 511 1697 562 operient
1712 512 1831 552 simul
1845 513 2042 555 velamine

147 568 423 610 ianthinarum
456 566 632 620 pellium,
668 572 708 606 et
740 567 935 607 inducent
967 572 1113 608 vectes.
1176 569 1206 591 1⁵
1239 567 1420 620 Cumque
1453 568 1699 609 involverint
1731 571 1866 612 Aaron
1900 577 1939 612 et
1973 573 2043 613 filii

148 627 229 668 eius
260 625 546 667 Sanctuarium
578 630 617 665 et
649 625 783 666 omnia
815 639 914 666 vasa
944 626 1027 666 eius
1059 627 1099 666 in
1131 626 1401 666 commotione
1433 631 1669 677 castrorum,
1703 634 1800 669 tunc
1830 630 2044 671 intrabunt

151 685 240 725 afilii
272 685 401 725 Caath
432 689 478 724 ut
509 689 674 737 portent
704 684 906 725 involuta:
940 688 980 725 et
1010 698 1091 725 non
1122 689 1293 738 tangent
1323 698 1422 724 vasa
1452 685 1692 732 Sanctuarii,
1725 701 1775 727 ne
1805 689 2041 730 moriantur.

148 744 233 784 Ista
256 750 351 784 sunt
375 755 497 784 onera
521 742 695 783 filiorum
720 743 849 783 Caath
871 743 913 783 in
938 743 1198 784 tabernaculo
1222 743 1404 783 foederis:
1457 745 1490 767 13
1514 757 1633 798 super
1656 758 1755 799 quos
1779 747 1854 787 erit
1878 748 2046 788 Eleazar

149 802 252 843 1111115
278 802 415 843 Α31011
441 801 672 845 53001110115,
702 802 754 842 311
779 802 890 842 0111115
918 815 1057 842 01113111
1082 802 1260 856 pertinet
1286 801 1418 843 oleum
1445 803 1497 843 ad
1523 804 1822 845 concinnandas
1848 805 2042 850 lucernas,

147 867 187 902 et
207 860 510 914 compositionis
531 860 751 902 incensum.
773 866 814 901 et
833 861 1088 905 sacrificium,
1112 861 1221 915 quod
1240 874 1397 914 semper
1416 861 1594 907 offertur,
1617 867 1658 903 et
1676 862 1809 904 oleum
1828 865 2042 913 unctionis,

147 925 187 961 et
205 919 404 973 quidquid
421 919 473 960 ad
489 919 645 960 cultum
663 919 914 960 tabernaculi
931 920 1120 973 pertinet,
1140 920 1403 973 omniumque
1420 933 1622 965 vasorum,
1644 935 1733 975 quae
1748 923 1789 962 in
1806 923 2044 964 Sanctuario

145 984 252 1020 sunt.
304 980 337 1003 ¹⁷
360 979 620 1031 Locutusque
643 984 704 1019 est
727 979 926 1019 Dominus
950 979 998 1019 ad
1024 979 1203 1032 Moysen.
1229 983 1269 1019 et
1290 979 1438 1023 Aaron.
1464 979 1617 1020 dicens:
1668 982 1702 1004 13
1725 981 1858 1022 Nolite
1881 983 2045 1035 perdere

146 1037 343 1091 populum
361 1037 490 1078 Caath
508 1037 556 1077 de
574 1037 706 1078 medio
723 1037 979 1078 Levitarum:
1026 1040 1059 1061 13
1075 1038 1145 1078 sed
1161 1038 1236 1078 hoc
1252 1038 1374 1079 facite
1392 1038 1459 1083 eis,
1479 1044 1525 1079 ut
1542 1039 1698 1089 Vivant,
1718 1045 1758 1081 et
1775 1054 1855 1082 non
1872 1041 2046 1082 morian-

145 1102 224 1139 tur.
249 1097 281 1137 si
303 1096 511 1150 tetigerint
534 1096 685 1137 Sancta
706 1103 951 1138 sanctorum.
976 1098 1112 1137 Aaron
1136 1101 1176 1137 et
1200 1096 1271 1137 filii
1294 1097 1376 1137 eius
1400 1097 1625 1145 intrabunt,
1650 1099 1806 1153 ipsique
1829 1100 2046 1153 disponent

147 1168 268 1209 opera
294 1155 554 1209 singulorum,
585 1160 625 1195 et
652 1155 837 1196 divident
866 1156 962 1209 quid
989 1162 1151 1209 portare
1179 1156 1267 1209 quis
1295 1156 1453 1197 debeat.
1510 1158 1545 1180 ²⁰
1571 1157 1649 1197 Alii
1675 1158 1786 1198 nulla
1813 1159 2046 1200 curiositate

146 1215 314 1255 videa-nt
343 1227 432 1268 quae
460 1218 556 1254 sunt
583 1214 624 1254 in
653 1214 892 1256 Sanctuario
923 1215 1159 1268 priusquam
1188 1214 1463 1257 involvantur.
1495 1215 1675 1269 alioquin
1703 1218 1937 1259 morientur.

250 1287 281 1309 '21
298 1285 558 1338 Locutusque
575 1290 635 1325 est
651 1284 850 1326 Dominus
867 1286 919 1326 ad
935 1286 1114 1339 Moysen.
1134 1286 1287 1326 dicens:
1332 1287 1363 1309 '22
1381 1285 1490 1326 Tolle
1506 1299 1709 1326 summam
1725 1287 1849 1328 etiam
1867 1287 2041 1328 filiorum
2090 1287 2212 1348 {2233ss

146 1344 299 1385 Gerson
327 1357 398 1397 per
426 1344 566 1384 domos
596 1357 641 1384 ac
669 1344 843 1385 familias
872 1351 911 1384 et
941 1344 1200 1398 cognationes
1229 1357 1332 1392 51135,
1390 1346 1422 1369 33
1450 1358 1473 1384 a·
1502 1345 1669 1398 triginta
1697 1347 1812 1387 annis
1841 1352 1881 1386 et
1909 1359 2042 1399 supra,
2203 1343 2207 1348 ’

146 1416 273 1456 usque
311 1403 363 1443 ad
401 1416 526 1443 annos
567 1403 874 1456 quinquaginta.
916 1403 1094 1443 Numera
1132 1416 1269 1443 omnes
1310 1403 1377 1456 qui
1416 1404 1697 1456 ingrediuntur
1734 1410 1774 1445 et
1812 1405 2046 1446 ministrant

146 1462 188 1502 in
213 1461 475 1503 tabernaculo
500 1461 675 1502 foederis.
730 1463 761 1486 ‘²⁴
789 1462 875 1502 Hoc
902 1468 962 1502 est
988 1462 1169 1503 officium
1195 1461 1358 1502 familiae
1384 1463 1701 1509 Gersonitarum,
1756 1466 1787 1488 25
1812 1470 1859 1504 ut
1883 1471 2048 1517 portent

146 1520 321 1562 cortinas
343 1519 596 1561 tabernaculi
618 1524 658 1560 et
679 1526 834 1561 tectum
856 1521 1018 1561 foederis
1041 1521 1338 1574 operimentum
1360 1521 1480 1564 3111111,
1505 1527 1545 1562 01
1566 1535 1686 1576 super
1706 1523 1842 1563 omnia
1862 1523 2047 1563 velamen

146 1579 377 1619 ianthinum
404 1579 707 1632 tentoriumque
735 1580 843 1633 quod
868 1580 1019 1633 pendet
1045 1580 1084 1620 in
1111 1580 1279 1620 introitu
1308 1580 1557 1621 tabernaculi
1583 1582 1757 1631 foederis,
1811 1584 1846 1606 ‘2⁶
1871 1582 2047 1623 cortinas

145 1638 250 1686 31111,
269 1643 309 1679 01
323 1638 459 1678 velum
474 1638 515 1678 in
529 1638 700 1679 introitu
717 1639 826 1692 quod
841 1645 901 1680 est
917 1644 1011 1679 ante
1027 1639 1347 1680 tabernaculum.
1366 1639 1514 1680 Omnia
1530 1654 1619 1693 quae
1634 1641 1686 1681 ad
1701 1641 1826 1682 altare
1842 1642 2048 1695 pertinent

144 1696 356 1743 funiculos,
388 1702 428 1737 et
456 1710 555 1737 vasa
582 1697 806 1746 ministerii,
864 1700 897 1722 2⁷
926 1698 1090 1738 iubente
1119 1698 1254 1738 Aaron
1284 1703 1324 1738 et
1354 1698 1444 1738 filiis
1473 1699 1567 1743 eius.
1598 1700 1825 1752 portabunt
1854 1700 1924 1740 filii
1952 1700 2048 1740 Ger-

145 1769 236 1797 son:
263 1761 304 1797 et
327 1756 455 1797 scient
479 1755 623 1810 singuli
649 1757 712 1797 cui
737 1757 911 1797 debeant
939 1757 1048 1798 oneri
1073 1757 1308 1810 mancipari.
1363 1759 1397 1781 33
1424 1757 1499 1798 Hic
1524 1764 1585 1798 est
1610 1758 1740 1799 cultus
1765 1759 1928 1800 familiae
1952 1759 2047 1800 Ger-

145 1815 371 1856 sonitarum
387 1815 428 1855 in
446 1815 708 1856 tabernaculo
725 1816 899 1859 foederis.
919 1822 1117 1869 eruntque
1135 1816 1209 1856 sub
1227 1829 1351 1856 manu
1371 1816 1555 1857 1111311131
1572 1817 1642 1858 11111
1658 1818 1795 1859 Aaron
1812 1818 2044 1862 sacerdotis,

250 1887 285 1910 2⁹
299 1885 421 1926 Filios
439 1898 601 1938 quoque
616 1885 762 1925 Merari
778 1898 848 1938 per
862 1885 1035 1925 familias
1052 1890 1092 1926 et
1108 1886 1249 1926 domos
1265 1890 1430 1938 patrum
1446 1899 1608 1926 suorum
1626 1887 1847 1927 recensebis
1890 1888 1926 1912 3⁰
1941 1900 1960 1927 a
1978 1887 2047 1927 tri-
2093 1886 2215 1947 ῆξῑξᾞῑῐξ

143 1945 259 1998 ginta
288 1944 404 1985 annis
436 1949 476 1985 et
507 1957 640 1998 supra,
674 1957 800 1997 usque
832 1944 883 1984 ad
915 1957 1040 1985 annos
1073 1945 1381 1997 quinquaginta,
1416 1958 1553 1985 omnes
1586 1945 1653 1998 qui
1684 1945 1966 1999 ingrediuntur
1995 1947 2048 1986 ad
2097 1942 2104 1947 ’
2132 1946 2137 1947 ’
2177 1939 2207 1946 ..

143 2003 327 2044 officium
355 2003 568 2043 ministerii
597 2003 657 2043 sui
687 2008 727 2042 et
757 2002 912 2042 cultum
941 2003 1103 2043 foederis
1134 2003 1367 2043 testimonii.
1426 2005 1456 2027 31
1488 2004 1583 2044 Haec
1614 2009 1710 2044 sunt
1739 2017 1856 2045 onera
1888 2018 2045 2045 eorum:

144 2062 378 2102 Portabunt
394 2061 557 2102 tabulas
576 2060 827 2101 tabernaculi
845 2068 886 2101 et
904 2066 1038 2101 vectes
1055 2062 1151 2105 eius.
1171 2061 1379 2102 columnas
1398 2075 1443 2102 ac
1461 2063 1575 2103 bases
1594 2076 1744 2112 03111111,
1789 2065 1822 2087 33
1839 2063 2047 2103 columnas

144 2133 306 2174 quoque
332 2119 425 2161 atrii
450 2132 521 2173 per
545 2119 759 2160 circuitum
786 2132 876 2159 cum
905 2120 1068 2160 basibus
1095 2126 1135 2160 et
1161 2120 1319 2173 paxillis
1347 2126 1387 2161 et
1412 2121 1576 2161 funibus
1602 2121 1696 2163 suis.
1725 2122 1872 2162 Omnia
1892 2135 1987 2163 vasa
2006 2128 2046 2163 et

143 2177 434 2232 supellectilem
454 2178 506 2219 ad
526 2191 741 2219 numerum
762 2178 972 2232 accipient,
996 2179 1131 2232 sicque
1153 2180 1390 2233 portabunt.
1439 2182 1471 2204 33
1493 2179 1580 2220 Hoc
1601 2185 1662 2221 est
1682 2181 1863 2221 officium
1884 2181 2048 2222 familiae

143 2238 428 2278 Meraritarum
457 2242 498 2278 et
526 2237 797 2278 ministerium
825 2238 867 2278 in
896 2238 1158 2278 tabernaculo
1187 2239 1368 2279 foederis:
1400 2245 1599 2292 eruntque
1627 2240 1702 2280 sub
1720 2253 1844 2280 manu
1863 2240 2048 2281 Ithamar

144 2296 215 2338 filii
244 2297 381 2338 Aaron
411 2297 642 2338 sacerdotis.

622 2389 660 2430 5.
691 2389 914 2430 Numerus
943 2390 1312 2441 ministrantium,
1341 2391 1379 2441 4,
1399 2391 1570 2431 34—49.

247 2468 279 2491 34
312 2467 619 2507 Recensuerunt
650 2466 773 2520 igitur
803 2467 962 2520 Moyses
994 2473 1034 2507 et
1065 2467 1202 2508 Aaron
1233 2473 1274 2508 et
1304 2468 1503 2521 principes
1536 2481 1750 2521 synagogae
1784 2468 1883 2509 filios
1916 2468 2045 2509 Caath
2083 2465 2219 2526 '‘222‘ng

144 2538 216 2579 per
242 2525 502 2579 cognationes
529 2531 569 2566 et
595 2525 736 2566 domos
763 2532 928 2579 patrum
954 2539 1119 2566 suorum
1171 2528 1203 2551 3⁵
1230 2540 1253 2567 a
1279 2527 1445 2581 triginta
1473 2527 1587 2567 annis
1613 2532 1654 2567 01
1671 2540 1812 2580 supra.
1842 2540 1967 2580 usque
1994 2528 2046 2567 ad
2196 2521 2200 2530 ’

143 2597 300 2625 3111111111
342 2584 735 2638 quinquagesimum,
781 2598 918 2625 omnes
961 2585 1030 2638 qui
1071 2585 1353 2639 ingrediuntur
1393 2586 1445 2626 ad
1486 2586 1754 2626 ministerium
1796 2586 2045 2627 tabernaculi

143 2643 327 2684 foederis:
371 2644 407 2668 33
424 2648 466 2684 01
481 2643 640 2684 inventi
657 2649 753 2684 sunt
771 2644 850 2684 dno
868 2643 993 2684 millia
1011 2645 1256 2698 septingenti
1276 2645 1584 2698 quinquaginta.
1630 2646 1664 2669 37
1684 2644 1760 2685 Η10
1778 2650 1837 2686 051
1854 2658 2044 2685 numerus

144 2701 284 2756 populi
311 2701 442 2743 Caath
471 2703 540 2756 qui
566 2702 723 2743 intrant
750 2702 1060 2744 tabernaculum
1087 2703 1268 2744 foederis:
1296 2704 1369 2745 hos
1396 2704 1629 2745 numeravit
1655 2704 1814 2757 Moyses
1842 2711 1881 2744 et
1908 2705 2042 2744 Aaron

140 2766 261 2808 juxta
289 2774 515 2802 sermonem
543 2761 709 2802 Domini
738 2775 810 2815 per
837 2775 1005 2802 manum
1034 2762 1176 2816 Moysi.

244 2831 280 2855 33
310 2830 524 2871 Numera-ti
554 2836 650 2871 sunt
680 2836 720 2871 et
753 2831 823 2871 filii
853 2831 1007 2873 Gerson
1036 2845 1107 2885 per
1136 2833 1396 2886 cognationes
1427 2837 1466 2873 et
1498 2833 1638 2873 domos
1668 2837 1833 2885 patrum
1864 2845 2040 2876 suorum.

139 2891 175 2914 ³⁹
201 2903 225 2930 3
250 2889 420 2943 triginta
446 2890 561 2930 annis
588 2895 629 2930 et
655 2903 788 2944 supra,
818 2903 944 2944 usque
972 2891 1024 2931 ad
1051 2891 1433 2945 quinquagesimum
1460 2904 1624 2935 3111111111,
1654 2904 1792 2932 01111105
1821 2892 1889 2945 qui
1915 2892 2042 2945 ingre-

139 2948 308 2989 diuntur
325 2954 373 2989 ut
390 2948 623 2989 ministrent
642 2949 683 2989 in
702 2949 964 2990 tabernaculo
984 2950 1165 2991 foederis:
1212 2952 1249 2975 40
1267 2955 1308 2991 et
1325 2950 1482 2991 inventi
1501 2955 1597 2990 sunt
1616 2950 1695 2990 duo
1716 2949 1842 2991 millia
1860 2951 2039 2991 sexcenti

138 3007 318 3061 triginta.
372 3009 404 3032 ⁴¹¹
433 3007 511 3048 Hic
538 3013 599 3048 est
624 3007 798 3061 populus
826 3008 1144 3057 Gersonitarum,
1176 3023 1276 3063 quos
1303 3013 1623 3050 numeraverunt
1648 3008 1809 3062 Moyses
1835 3014 1877 3050 et
1902 3010 2039 3050 Aaron

137 3066 255 3107 iuxta
282 3066 453 3107 verbum
481 3066 658 3107 Domini.

2084 3128 2206 3154 tiliorum

241 3138 273 3161 42
307 3137 520 3177 Numerati
552 3142 648 3178 sunt
680 3143 721 3178 et
755 3137 825 3178 filii
856 3137 1002 3178 Merari
1033 3151 1105 3192 per
1136 3139 1396 3192 cognationes
1429 3142 1470 3179 01
1502 3138 1643 3179 domos
1676 3143 1841 3191 patrum
1874 3152 2039 3179 suorum
2090 3164 2197 3190 „erm

136 3197 170 3219 43
196 3208 219 3235 a
245 3195 414 3249 triginta
440 3195 554 3235 annis
582 3200 623 3237 et
649 3209 782 3250 supra,
812 3210 938 3250 usque
966 3196 1019 3237 ad
1044 3210 1198 3237 annum
1226 3196 1619 3251 quinquagesimum,
1649 3210 1787 3238 omnes
1816 3197 1884 3251 qui
1910 3198 2038 3250 ingre-

137 3253 306 3294 diuntur
321 3254 374 3295 ad
389 3254 607 3308 explendos
623 3255 724 3296 ritus
741 3255 993 3296 tabernaculi
1008 3256 1189 3296 foederis:
1234 3259 1266 3281 11
1282 3261 1323 3297 01
1336 3255 1494 3296 inventi
1510 3261 1606 3296 sunt
1622 3255 1702 3296 tria
1716 3255 1843 3296 millia·
1859 3256 2034 3297 ducenti.

135 3313 168 3337 4⁵
193 3312 257 3353 hic
282 3318 343 3353 est
367 3326 558 3354 numerus
587 3312 760 3353 filiorum
786 3314 943 3358 Merari.
973 3327 1072 3368 quos
1097 3319 1384 3355 recensuerunt
1409 3314 1568 3367 Moyses
1596 3319 1636 3355 et
1662 3314 1798 3355 Aaron
1823 3315 1940 3355 iuxta
1966 3315 2037 3354 im-

135 3371 292 3424 perium
320 3372 485 3412 Domini
514 3385 585 3426 per
613 3385 781 3412 manuni
808 3373 951 3426 Moysi.

267 3445 364 3506 {25
393 3445 426 3497 =i
452 3445 518 3498 Par
541 3465 594 3506 15,
619 3466 670 3499 15.

2088 2826 2210 2852 filiorum

2090 2863 2110 2885 G
2115 2869 2205 2889 015011,
