<?xml version="1.0" encoding="UTF-8"?>
<!DOCTYPE html PUBLIC "-//W3C//DTD XHTML 1.0 Transitional//EN"
    "http://www.w3.org/TR/xhtml1/DTD/xhtml1-transitional.dtd">
<html xmlns="http://www.w3.org/1999/xhtml" xml:lang="en" lang="en">
 <head>
  <title>
</title>
<meta http-equiv="Content-Type" content="text/html;charset=utf-8" />
  <meta name='ocr-system' content='tesseract 3.04.00' />
  <meta name='ocr-capabilities' content='ocr_page ocr_carea ocr_par ocr_line ocrx_word'/>
</head>
<body>
  <div class='ocr_page' id='page_1' title='image "./bibliasacravulga00helzuoft_0313.png"; bbox 0 0 2356 3760; ppageno 0'>
   <div class='ocr_carea' id='block_1_1' title="bbox 95 167 1996 217">
    <p class='ocr_par' dir='ltr' id='par_1_1' title="bbox 95 167 1996 217">
     <span class='ocr_line' id='line_1_1' title="bbox 95 167 1996 217; baseline -0.004 -14"><span class='ocrx_word' id='word_1_1' title='bbox 95 169 126 209; x_wconf 80' lang='lat'>6,</span> <span class='ocrx_word' id='word_1_2' title='bbox 151 169 271 209; x_wconf 76' lang='lat'><strong>24—7‚</strong></span> <span class='ocrx_word' id='word_1_3' title='bbox 297 169 340 202; x_wconf 79' lang='lat'>16</span> <span class='ocrx_word' id='word_1_4' title='bbox 966 167 1131 201; x_wconf 80' lang='lat' dir='ltr'><strong>REGUM</strong></span> <span class='ocrx_word' id='word_1_5' title='bbox 1920 177 1996 217; x_wconf 68' lang='lat'>289</span> 
     </span>
    </p>
   </div>
   <div class='ocr_carea' id='block_1_2' title="bbox 94 260 2195 1604">
    <p class='ocr_par' dir='ltr' id='par_1_2' title="bbox 94 260 2004 1432">
     <span class='ocr_line' id='line_1_2' title="bbox 96 260 1993 316; baseline 0.003 -13"><span class='ocrx_word' id='word_1_6' title='bbox 96 265 129 287; x_wconf 72' lang='lat'>²⁴</span> <span class='ocrx_word' id='word_1_7' title='bbox 158 262 346 316; x_wconf 88' lang='lat' dir='ltr'>Quinque</span> <span class='ocrx_word' id='word_1_8' title='bbox 376 262 608 303; x_wconf 87' lang='lat' dir='ltr'>cubitorum</span> <span class='ocrx_word' id='word_1_9' title='bbox 639 262 702 301; x_wconf 89' lang='lat' dir='ltr'>ala</span> <span class='ocrx_word' id='word_1_10' title='bbox 731 260 881 300; x_wconf 86' lang='lat' dir='ltr'>cherub</span> <span class='ocrx_word' id='word_1_11' title='bbox 912 274 1004 309; x_wconf 88' lang='lat' dir='ltr'>una,</span> <span class='ocrx_word' id='word_1_12' title='bbox 1037 266 1077 301; x_wconf 92' lang='lat' dir='ltr'>et</span> <span class='ocrx_word' id='word_1_13' title='bbox 1107 260 1286 314; x_wconf 90' lang='lat' dir='ltr'>quinque</span> <span class='ocrx_word' id='word_1_14' title='bbox 1316 262 1547 302; x_wconf 84' lang='lat' dir='ltr'>cubitorum</span> <span class='ocrx_word' id='word_1_15' title='bbox 1578 264 1642 304; x_wconf 86' lang='lat' dir='ltr'>ala</span> <span class='ocrx_word' id='word_1_16' title='bbox 1671 266 1818 307; x_wconf 89' lang='lat' dir='ltr'>cherub</span> <span class='ocrx_word' id='word_1_17' title='bbox 1849 268 1993 309; x_wconf 87' lang='lat' dir='ltr'>altera:</span> 
     </span>
     <span class='ocr_line' id='line_1_3' title="bbox 96 319 1995 373; baseline 0.003 -11"><span class='ocrx_word' id='word_1_18' title='bbox 96 321 137 362; x_wconf 91' lang='lat' dir='ltr'>id</span> <span class='ocrx_word' id='word_1_19' title='bbox 160 327 232 369; x_wconf 85' lang='lat' dir='ltr'>est,</span> <span class='ocrx_word' id='word_1_20' title='bbox 258 322 398 362; x_wconf 90' lang='lat' dir='ltr'>decem</span> <span class='ocrx_word' id='word_1_21' title='bbox 421 321 580 362; x_wconf 89' lang='lat' dir='ltr'>cubitos</span> <span class='ocrx_word' id='word_1_22' title='bbox 602 320 812 360; x_wconf 86' lang='lat' dir='ltr'>habentes.</span> <span class='ocrx_word' id='word_1_23' title='bbox 839 332 862 358; x_wconf 91' lang='lat' dir='ltr'>a</span> <span class='ocrx_word' id='word_1_24' title='bbox 885 319 1122 359; x_wconf 73' lang='lat' dir='ltr'>summitate</span> <span class='ocrx_word' id='word_1_25' title='bbox 1146 319 1218 359; x_wconf 82' lang='grc'><strong>11110</strong></span> <span class='ocrx_word' id='word_1_26' title='bbox 1242 319 1359 360; x_wconf 85' lang='grc'><strong>11111113</strong></span> <span class='ocrx_word' id='word_1_27' title='bbox 1383 334 1510 373; x_wconf 85' lang='grc'><strong>1130110</strong></span> <span class='ocrx_word' id='word_1_28' title='bbox 1534 322 1585 362; x_wconf 89' lang='lat' dir='ltr'>ad</span> <span class='ocrx_word' id='word_1_29' title='bbox 1609 322 1680 362; x_wconf 69' lang='lat' dir='ltr'>alfe</span> <span class='ocrx_word' id='word_1_30' title='bbox 1704 324 1866 365; x_wconf 77' lang='lat' dir='ltr'>alterius</span> <span class='ocrx_word' id='word_1_31' title='bbox 1889 340 1995 367; x_wconf 79' lang='lat' dir='ltr'>sum-</span> 
     </span>
     <span class='ocr_line' id='line_1_4' title="bbox 95 377 1993 435; baseline 0.002 -15"><span class='ocrx_word' id='word_1_32' title='bbox 95 380 296 420; x_wconf 75' lang='lat' dir='ltr'>mitatem.</span> <span class='ocrx_word' id='word_1_33' title='bbox 356 381 388 404; x_wconf 76' lang='lat'>&#39;25</span> <span class='ocrx_word' id='word_1_34' title='bbox 417 380 568 420; x_wconf 80' lang='lat' dir='ltr'>Decem</span> <span class='ocrx_word' id='word_1_35' title='bbox 601 390 762 430; x_wconf 91' lang='lat' dir='ltr'>quoque</span> <span class='ocrx_word' id='word_1_36' title='bbox 793 377 1025 417; x_wconf 86' lang='lat' dir='ltr'>cubitorum</span> <span class='ocrx_word' id='word_1_37' title='bbox 1057 382 1143 417; x_wconf 89' lang='lat' dir='ltr'>erat</span> <span class='ocrx_word' id='word_1_38' title='bbox 1175 378 1324 418; x_wconf 88' lang='lat' dir='ltr'>cherub</span> <span class='ocrx_word' id='word_1_39' title='bbox 1356 380 1574 419; x_wconf 77' lang='lat' dir='ltr'>secundus:</span> <span class='ocrx_word' id='word_1_40' title='bbox 1607 380 1647 420; x_wconf 87' lang='lat' dir='ltr'>in</span> <span class='ocrx_word' id='word_1_41' title='bbox 1678 394 1865 422; x_wconf 78' lang='lat' dir='ltr'>mensura</span> <span class='ocrx_word' id='word_1_42' title='bbox 1896 385 1993 435; x_wconf 81' lang='lat' dir='ltr'>pari,</span> 
     </span>
     <span class='ocr_line' id='line_1_5' title="bbox 96 435 1995 492; baseline 0.001 -12"><span class='ocrx_word' id='word_1_43' title='bbox 96 444 137 479; x_wconf 88' lang='lat' dir='ltr'>et</span> <span class='ocrx_word' id='word_1_44' title='bbox 156 452 256 492; x_wconf 87' lang='lat' dir='ltr'>opus</span> <span class='ocrx_word' id='word_1_45' title='bbox 276 451 403 479; x_wconf 90' lang='lat' dir='ltr'>unum</span> <span class='ocrx_word' id='word_1_46' title='bbox 423 442 509 477; x_wconf 90' lang='lat' dir='ltr'>erat</span> <span class='ocrx_word' id='word_1_47' title='bbox 528 436 569 476; x_wconf 88' lang='lat' dir='ltr'>in</span> <span class='ocrx_word' id='word_1_48' title='bbox 588 436 747 477; x_wconf 90' lang='lat' dir='ltr'>duobus</span> <span class='ocrx_word' id='word_1_49' title='bbox 768 435 988 478; x_wconf 82' lang='lat' dir='ltr'>cherubim.</span> <span class='ocrx_word' id='word_1_50' title='bbox 1037 437 1072 459; x_wconf 74' lang='lat'>2⁶</span> <span class='ocrx_word' id='word_1_51' title='bbox 1091 435 1132 476; x_wconf 93' lang='lat' dir='ltr'>id</span> <span class='ocrx_word' id='word_1_52' title='bbox 1152 441 1224 484; x_wconf 87' lang='lat' dir='ltr'>est,</span> <span class='ocrx_word' id='word_1_53' title='bbox 1246 436 1506 477; x_wconf 80' lang='lat' dir='ltr'>altitudinem</span> <span class='ocrx_word' id='word_1_54' title='bbox 1526 438 1706 479; x_wconf 88' lang='lat' dir='ltr'>habebat</span> <span class='ocrx_word' id='word_1_55' title='bbox 1726 453 1828 480; x_wconf 88' lang='lat' dir='ltr'>unus</span> <span class='ocrx_word' id='word_1_56' title='bbox 1848 441 1995 481; x_wconf 81' lang='lat' dir='ltr'>cherub</span> 
     </span>
     <span class='ocr_line' id='line_1_6' title="bbox 96 494 1996 548; baseline -0.001 -10"><span class='ocrx_word' id='word_1_57' title='bbox 96 498 234 538; x_wconf 86' lang='lat' dir='ltr'>decem</span> <span class='ocrx_word' id='word_1_58' title='bbox 262 496 505 541; x_wconf 86' lang='lat' dir='ltr'>cubitorum,</span> <span class='ocrx_word' id='word_1_59' title='bbox 534 500 575 535; x_wconf 91' lang='lat' dir='ltr'>et</span> <span class='ocrx_word' id='word_1_60' title='bbox 601 494 785 535; x_wconf 85' lang='lat' dir='ltr'>similiter</span> <span class='ocrx_word' id='word_1_61' title='bbox 811 494 961 534; x_wconf 85' lang='lat' dir='ltr'>cherub</span> <span class='ocrx_word' id='word_1_62' title='bbox 988 494 1199 534; x_wconf 76' lang='lat' dir='ltr'>secundus.</span> <span class='ocrx_word' id='word_1_63' title='bbox 1255 496 1288 518; x_wconf 74' lang='lat'>2⁷</span> <span class='ocrx_word' id='word_1_64' title='bbox 1316 495 1539 548; x_wconf 86' lang='lat' dir='ltr'>Posuitque</span> <span class='ocrx_word' id='word_1_65' title='bbox 1566 496 1772 537; x_wconf 79' lang='lat' dir='ltr'>cherubim</span> <span class='ocrx_word' id='word_1_66' title='bbox 1799 498 1839 538; x_wconf 92' lang='lat' dir='ltr'>in</span> <span class='ocrx_word' id='word_1_67' title='bbox 1866 499 1996 539; x_wconf 86' lang='lat' dir='ltr'>medio</span> 
     </span>
     <span class='ocr_line' id='line_1_7' title="bbox 96 552 1999 609; baseline 0.001 -13"><span class='ocrx_word' id='word_1_68' title='bbox 96 555 238 609; x_wconf 89' lang='lat' dir='ltr'>templi</span> <span class='ocrx_word' id='word_1_69' title='bbox 272 554 492 595; x_wconf 87' lang='lat' dir='ltr'>interioris:</span> <span class='ocrx_word' id='word_1_70' title='bbox 528 553 807 594; x_wconf 79' lang='lat' dir='ltr'>extendebant</span> <span class='ocrx_word' id='word_1_71' title='bbox 842 558 980 593; x_wconf 89' lang='lat' dir='ltr'>autem</span> <span class='ocrx_word' id='word_1_72' title='bbox 1016 552 1098 592; x_wconf 84' lang='lat' dir='ltr'>alas</span> <span class='ocrx_word' id='word_1_73' title='bbox 1133 565 1225 592; x_wconf 90' lang='lat' dir='ltr'>suas</span> <span class='ocrx_word' id='word_1_74' title='bbox 1260 553 1480 597; x_wconf 81' lang='lat' dir='ltr'>cherubim,</span> <span class='ocrx_word' id='word_1_75' title='bbox 1517 559 1558 594; x_wconf 88' lang='lat' dir='ltr'>et</span> <span class='ocrx_word' id='word_1_76' title='bbox 1592 556 1788 608; x_wconf 88' lang='lat' dir='ltr'>tangebat</span> <span class='ocrx_word' id='word_1_77' title='bbox 1822 556 1886 597; x_wconf 89' lang='lat' dir='ltr'>ala</span> <span class='ocrx_word' id='word_1_78' title='bbox 1918 570 1999 597; x_wconf 88' lang='lat' dir='ltr'>una</span> 
     </span>
     <span class='ocr_line' id='line_1_8' title="bbox 96 610 1999 668; baseline 0 -13"><span class='ocrx_word' id='word_1_79' title='bbox 96 614 305 668; x_wconf 88' lang='lat' dir='ltr'>parietem,</span> <span class='ocrx_word' id='word_1_80' title='bbox 342 618 382 654; x_wconf 92' lang='lat' dir='ltr'>et</span> <span class='ocrx_word' id='word_1_81' title='bbox 416 612 479 653; x_wconf 86' lang='lat' dir='ltr'>ala</span> <span class='ocrx_word' id='word_1_82' title='bbox 513 612 663 652; x_wconf 80' lang='lat' dir='ltr'>cherub</span> <span class='ocrx_word' id='word_1_83' title='bbox 697 611 863 652; x_wconf 84' lang='lat' dir='ltr'>secundi</span> <span class='ocrx_word' id='word_1_84' title='bbox 896 611 1095 664; x_wconf 86' lang='lat' dir='ltr'>tangebat</span> <span class='ocrx_word' id='word_1_85' title='bbox 1127 610 1325 663; x_wconf 88' lang='lat' dir='ltr'>parietem</span> <span class='ocrx_word' id='word_1_86' title='bbox 1359 611 1551 653; x_wconf 88' lang='lat' dir='ltr'>alterum:</span> <span class='ocrx_word' id='word_1_87' title='bbox 1587 612 1659 653; x_wconf 82' lang='grc'><strong>3110</strong></span> <span class='ocrx_word' id='word_1_88' title='bbox 1692 619 1828 655; x_wconf 90' lang='lat' dir='ltr'>autem</span> <span class='ocrx_word' id='word_1_89' title='bbox 1863 614 1999 655; x_wconf 80' lang='lat' dir='ltr'>alterae</span> 
     </span>
     <span class='ocr_line' id='line_1_9' title="bbox 94 669 1996 725; baseline 0.001 -12"><span class='ocrx_word' id='word_1_90' title='bbox 94 673 136 713; x_wconf 93' lang='lat' dir='ltr'>in</span> <span class='ocrx_word' id='word_1_91' title='bbox 163 672 298 713; x_wconf 90' lang='lat' dir='ltr'>media</span> <span class='ocrx_word' id='word_1_92' title='bbox 323 676 441 725; x_wconf 85' lang='lat' dir='ltr'>parte</span> <span class='ocrx_word' id='word_1_93' title='bbox 466 670 610 724; x_wconf 84' lang='lat' dir='ltr'>templi</span> <span class='ocrx_word' id='word_1_94' title='bbox 637 684 677 711; x_wconf 90' lang='lat' dir='ltr'>se</span> <span class='ocrx_word' id='word_1_95' title='bbox 704 669 878 710; x_wconf 79' lang='lat' dir='ltr'>invicem</span> <span class='ocrx_word' id='word_1_96' title='bbox 906 669 1212 722; x_wconf 88' lang='lat' dir='ltr'>contingebant.</span> <span class='ocrx_word' id='word_1_97' title='bbox 1262 671 1297 693; x_wconf 71' lang='lat'>‘2⁸</span> <span class='ocrx_word' id='word_1_98' title='bbox 1321 670 1440 710; x_wconf 81' lang='lat' dir='ltr'>Texit</span> <span class='ocrx_word' id='word_1_99' title='bbox 1468 683 1628 724; x_wconf 88' lang='lat' dir='ltr'>quoque</span> <span class='ocrx_word' id='word_1_100' title='bbox 1651 672 1858 713; x_wconf 81' lang='lat' dir='ltr'>cherubim</span> <span class='ocrx_word' id='word_1_101' title='bbox 1886 686 1996 715; x_wconf 90' lang='lat' dir='ltr'>auro.</span> 
     </span>
     <span class='ocr_line' id='line_1_10' title="bbox 96 727 2001 783; baseline 0 -11"><span class='ocrx_word' id='word_1_102' title='bbox 96 732 131 755; x_wconf 80' lang='lat'>2⁹</span> <span class='ocrx_word' id='word_1_103' title='bbox 160 731 217 772; x_wconf 83' lang='lat' dir='ltr'>Et</span> <span class='ocrx_word' id='word_1_104' title='bbox 246 744 385 772; x_wconf 91' lang='lat' dir='ltr'>omnes</span> <span class='ocrx_word' id='word_1_105' title='bbox 415 729 589 783; x_wconf 88' lang='lat' dir='ltr'>parietes</span> <span class='ocrx_word' id='word_1_106' title='bbox 620 728 763 782; x_wconf 88' lang='lat' dir='ltr'>templi</span> <span class='ocrx_word' id='word_1_107' title='bbox 793 741 864 782; x_wconf 85' lang='lat' dir='ltr'>per</span> <span class='ocrx_word' id='word_1_108' title='bbox 894 728 1109 768; x_wconf 89' lang='lat' dir='ltr'>circuitum</span> <span class='ocrx_word' id='word_1_109' title='bbox 1139 727 1307 781; x_wconf 89' lang='lat' dir='ltr'>sculpsit</span> <span class='ocrx_word' id='word_1_110' title='bbox 1338 728 1459 768; x_wconf 79' lang='lat' dir='ltr'>variis</span> <span class='ocrx_word' id='word_1_111' title='bbox 1491 729 1690 770; x_wconf 78' lang='lat' dir='ltr'>eaelaturis</span> <span class='ocrx_word' id='word_1_112' title='bbox 1722 735 1762 771; x_wconf 86' lang='lat' dir='ltr'>et</span> <span class='ocrx_word' id='word_1_113' title='bbox 1791 736 1927 772; x_wconf 92' lang='lat' dir='ltr'>torno:</span> <span class='ocrx_word' id='word_1_114' title='bbox 1960 737 2001 772; x_wconf 86' lang='lat' dir='ltr'>et</span> 
     </span>
     <span class='ocr_line' id='line_1_11' title="bbox 95 786 1998 842; baseline -0.001 -12"><span class='ocrx_word' id='word_1_115' title='bbox 95 789 191 831; x_wconf 79' lang='lat' dir='ltr'>fecit</span> <span class='ocrx_word' id='word_1_116' title='bbox 216 789 258 830; x_wconf 91' lang='lat' dir='ltr'>in</span> <span class='ocrx_word' id='word_1_117' title='bbox 283 789 338 830; x_wconf 92' lang='lat' dir='ltr'>eis</span> <span class='ocrx_word' id='word_1_118' title='bbox 363 788 585 833; x_wconf 82' lang='lat' dir='ltr'>cherubim,</span> <span class='ocrx_word' id='word_1_119' title='bbox 612 793 654 828; x_wconf 87' lang='lat' dir='ltr'>et</span> <span class='ocrx_word' id='word_1_120' title='bbox 677 787 847 841; x_wconf 81' lang='lat' dir='ltr'>palmas,</span> <span class='ocrx_word' id='word_1_121' title='bbox 875 792 915 827; x_wconf 90' lang='lat' dir='ltr'>et</span> <span class='ocrx_word' id='word_1_122' title='bbox 940 786 1120 840; x_wconf 75' lang='lat' dir='ltr'>picturas</span> <span class='ocrx_word' id='word_1_123' title='bbox 1145 786 1290 832; x_wconf 79' lang='lat' dir='ltr'>varias,</span> <span class='ocrx_word' id='word_1_124' title='bbox 1320 786 1434 839; x_wconf 82' lang='lat' dir='ltr'>quasi</span> <span class='ocrx_word' id='word_1_125' title='bbox 1458 787 1734 840; x_wconf 77' lang='lat' dir='ltr'>prominentes</span> <span class='ocrx_word' id='word_1_126' title='bbox 1760 789 1808 829; x_wconf 89' lang='lat' dir='ltr'>de</span> <span class='ocrx_word' id='word_1_127' title='bbox 1833 790 1998 842; x_wconf 87' lang='lat' dir='ltr'>pariete,</span> 
     </span>
     <span class='ocr_line' id='line_1_12' title="bbox 96 845 1998 901; baseline -0.001 -12"><span class='ocrx_word' id='word_1_128' title='bbox 96 853 138 889; x_wconf 88' lang='lat' dir='ltr'>et</span> <span class='ocrx_word' id='word_1_129' title='bbox 159 848 420 901; x_wconf 75' lang='lat' dir='ltr'>egredientes.</span> <span class='ocrx_word' id='word_1_130' title='bbox 471 848 507 872; x_wconf 83' lang='lat'>³⁰</span> <span class='ocrx_word' id='word_1_131' title='bbox 527 847 606 887; x_wconf 87' lang='lat' dir='ltr'>Sed</span> <span class='ocrx_word' id='word_1_132' title='bbox 628 851 669 887; x_wconf 89' lang='lat' dir='ltr'>et</span> <span class='ocrx_word' id='word_1_133' title='bbox 689 845 974 899; x_wconf 79' lang='lat' dir='ltr'>pavimentum</span> <span class='ocrx_word' id='word_1_134' title='bbox 997 846 1142 886; x_wconf 89' lang='lat' dir='ltr'>domus</span> <span class='ocrx_word' id='word_1_135' title='bbox 1164 845 1269 886; x_wconf 84' lang='lat' dir='ltr'>texit</span> <span class='ocrx_word' id='word_1_136' title='bbox 1291 858 1388 885; x_wconf 91' lang='lat' dir='ltr'>auro</span> <span class='ocrx_word' id='word_1_137' title='bbox 1411 845 1652 887; x_wconf 89' lang='lat' dir='ltr'>intrinsecus</span> <span class='ocrx_word' id='word_1_138' title='bbox 1675 852 1716 887; x_wconf 88' lang='lat' dir='ltr'>et</span> <span class='ocrx_word' id='word_1_139' title='bbox 1738 847 1998 889; x_wconf 81' lang='lat' dir='ltr'>extrinsecus.</span> 
     </span>
     <span class='ocr_line' id='line_1_13' title="bbox 95 903 2001 960; baseline -0.001 -13"><span class='ocrx_word' id='word_1_140' title='bbox 95 909 127 931; x_wconf 90' lang='grc'>31</span> <span class='ocrx_word' id='word_1_141' title='bbox 161 907 217 948; x_wconf 88' lang='grc' dir='ltr'>Ε1</span> <span class='ocrx_word' id='word_1_142' title='bbox 249 906 290 947; x_wconf 91' lang='grc'>111</span> <span class='ocrx_word' id='word_1_143' title='bbox 323 906 505 960; x_wconf 88' lang='lat' dir='ltr'>ingressu</span> <span class='ocrx_word' id='word_1_144' title='bbox 539 904 689 946; x_wconf 87' lang='lat' dir='ltr'>oraculi</span> <span class='ocrx_word' id='word_1_145' title='bbox 722 904 818 945; x_wconf 79' lang='lat' dir='ltr'>feeit</span> <span class='ocrx_word' id='word_1_146' title='bbox 853 903 999 945; x_wconf 90' lang='lat' dir='ltr'>ostiola</span> <span class='ocrx_word' id='word_1_147' title='bbox 1031 904 1079 944; x_wconf 92' lang='lat' dir='ltr'>de</span> <span class='ocrx_word' id='word_1_148' title='bbox 1112 903 1229 957; x_wconf 87' lang='lat' dir='ltr'>lignis</span> <span class='ocrx_word' id='word_1_149' title='bbox 1264 903 1475 951; x_wconf 77' lang='lat' dir='ltr'>olivarum,</span> <span class='ocrx_word' id='word_1_150' title='bbox 1511 910 1729 958; x_wconf 89' lang='lat' dir='ltr'>postesque</span> <span class='ocrx_word' id='word_1_151' title='bbox 1763 905 2001 955; x_wconf 82' lang='lat' dir='ltr'>angulorum</span> 
     </span>
     <span class='ocr_line' id='line_1_14' title="bbox 98 954 1998 1020; baseline -0.002 -14"><span class='ocrx_word' id='word_1_152' title='bbox 98 965 289 1020; x_wconf 92' lang='lat' dir='ltr'>quinque.</span> <span class='ocrx_word' id='word_1_153' title='bbox 341 966 373 989; x_wconf 76' lang='lat'>³2</span> <span class='ocrx_word' id='word_1_154' title='bbox 395 965 451 1005; x_wconf 88' lang='lat' dir='ltr'>Et</span> <span class='ocrx_word' id='word_1_155' title='bbox 472 965 553 1005; x_wconf 92' lang='lat' dir='ltr'>duo</span> <span class='ocrx_word' id='word_1_156' title='bbox 577 963 683 1005; x_wconf 87' lang='lat' dir='ltr'>ostia</span> <span class='ocrx_word' id='word_1_157' title='bbox 704 964 752 1004; x_wconf 91' lang='lat' dir='ltr'>de</span> <span class='ocrx_word' id='word_1_158' title='bbox 775 963 892 1017; x_wconf 89' lang='lat' dir='ltr'>lignis</span> <span class='ocrx_word' id='word_1_159' title='bbox 915 962 1134 1004; x_wconf 86' lang='lat' dir='ltr'>olivarum:</span> <span class='ocrx_word' id='word_1_160' title='bbox 1159 968 1199 1003; x_wconf 90' lang='lat' dir='ltr'>et</span> <span class='ocrx_word' id='word_1_161' title='bbox 1221 962 1391 1016; x_wconf 88' lang='lat' dir='ltr'>sculpsit.</span> <span class='ocrx_word' id='word_1_162' title='bbox 1412 962 1452 1003; x_wconf 93' lang='lat' dir='ltr'>in</span> <span class='ocrx_word' id='word_1_163' title='bbox 1476 962 1530 1003; x_wconf 90' lang='lat' dir='ltr'>eis</span> <span class='ocrx_word' id='word_1_164' title='bbox 1554 963 1755 1016; x_wconf 84' lang='lat' dir='ltr'>picturam</span> <span class='ocrx_word' id='word_1_165' title='bbox 1779 954 1998 1009; x_wconf 78' lang='lat' dir='ltr'>cherubim,</span> 
     </span>
     <span class='ocr_line' id='line_1_15' title="bbox 96 1021 2003 1078; baseline -0.002 -13"><span class='ocrx_word' id='word_1_166' title='bbox 96 1029 137 1065; x_wconf 90' lang='lat' dir='ltr'>et</span> <span class='ocrx_word' id='word_1_167' title='bbox 158 1024 389 1078; x_wconf 89' lang='lat' dir='ltr'>palmarum</span> <span class='ocrx_word' id='word_1_168' title='bbox 412 1023 575 1077; x_wconf 86' lang='lat' dir='ltr'>species,</span> <span class='ocrx_word' id='word_1_169' title='bbox 601 1028 641 1063; x_wconf 92' lang='lat' dir='ltr'>et</span> <span class='ocrx_word' id='word_1_170' title='bbox 664 1021 897 1076; x_wconf 89' lang='lat' dir='ltr'>anaglypha</span> <span class='ocrx_word' id='word_1_171' title='bbox 920 1021 1039 1063; x_wconf 77' lang='lat' dir='ltr'>valde</span> <span class='ocrx_word' id='word_1_172' title='bbox 1062 1021 1355 1075; x_wconf 86' lang='lat' dir='ltr'>prominentia:</span> <span class='ocrx_word' id='word_1_173' title='bbox 1380 1027 1420 1062; x_wconf 89' lang='lat' dir='ltr'>et</span> <span class='ocrx_word' id='word_1_174' title='bbox 1443 1021 1547 1062; x_wconf 83' lang='lat' dir='ltr'>texit</span> <span class='ocrx_word' id='word_1_175' title='bbox 1570 1036 1616 1062; x_wconf 89' lang='lat' dir='ltr'>ea</span> <span class='ocrx_word' id='word_1_176' title='bbox 1638 1035 1754 1063; x_wconf 88' lang='lat' dir='ltr'>auro:</span> <span class='ocrx_word' id='word_1_177' title='bbox 1780 1028 1820 1063; x_wconf 88' lang='lat' dir='ltr'>et</span> <span class='ocrx_word' id='word_1_178' title='bbox 1843 1022 2003 1075; x_wconf 91' lang='lat' dir='ltr'>operuit</span> 
     </span>
     <span class='ocr_line' id='line_1_16' title="bbox 96 1080 2002 1136; baseline -0.002 -12"><span class='ocrx_word' id='word_1_179' title='bbox 96 1088 183 1124; x_wconf 88' lang='lat' dir='ltr'>tam</span> <span class='ocrx_word' id='word_1_180' title='bbox 207 1082 415 1124; x_wconf 86' lang='lat' dir='ltr'>cherubim</span> <span class='ocrx_word' id='word_1_181' title='bbox 439 1095 562 1136; x_wconf 89' lang='lat' dir='ltr'>quam</span> <span class='ocrx_word' id='word_1_182' title='bbox 584 1080 754 1135; x_wconf 87' lang='lat' dir='ltr'>palmas,</span> <span class='ocrx_word' id='word_1_183' title='bbox 779 1086 820 1121; x_wconf 92' lang='lat' dir='ltr'>et</span> <span class='ocrx_word' id='word_1_184' title='bbox 842 1087 987 1129; x_wconf 84' lang='lat' dir='ltr'>cetera,</span> <span class='ocrx_word' id='word_1_185' title='bbox 1013 1093 1122 1121; x_wconf 88' lang='lat' dir='ltr'>auro.</span> <span class='ocrx_word' id='word_1_186' title='bbox 1173 1082 1206 1105; x_wconf 83' lang='grc'>33</span> <span class='ocrx_word' id='word_1_187' title='bbox 1228 1080 1422 1133; x_wconf 88' lang='lat' dir='ltr'>Fecitque</span> <span class='ocrx_word' id='word_1_188' title='bbox 1444 1080 1485 1120; x_wconf 90' lang='lat' dir='ltr'>in</span> <span class='ocrx_word' id='word_1_189' title='bbox 1508 1080 1679 1122; x_wconf 91' lang='lat' dir='ltr'>introitu</span> <span class='ocrx_word' id='word_1_190' title='bbox 1702 1080 1843 1135; x_wconf 88' lang='lat' dir='ltr'>templi</span> <span class='ocrx_word' id='word_1_191' title='bbox 1866 1086 2002 1134; x_wconf 90' lang='lat' dir='ltr'>postes</span> 
     </span>
     <span class='ocr_line' id='line_1_17' title="bbox 96 1138 2003 1196; baseline -0.002 -13"><span class='ocrx_word' id='word_1_192' title='bbox 96 1142 145 1183; x_wconf 92' lang='lat' dir='ltr'>de</span> <span class='ocrx_word' id='word_1_193' title='bbox 164 1141 281 1196; x_wconf 85' lang='lat' dir='ltr'>lignis</span> <span class='ocrx_word' id='word_1_194' title='bbox 302 1141 502 1183; x_wconf 87' lang='lat' dir='ltr'>olivarum</span> <span class='ocrx_word' id='word_1_195' title='bbox 525 1139 891 1194; x_wconf 63' lang='lat' dir='ltr'>quadrangulatos:</span> <span class='ocrx_word' id='word_1_196' title='bbox 939 1141 972 1164; x_wconf 73' lang='lat'>³⁴</span> <span class='ocrx_word' id='word_1_197' title='bbox 992 1145 1033 1180; x_wconf 88' lang='lat' dir='ltr'>et</span> <span class='ocrx_word' id='word_1_198' title='bbox 1052 1140 1132 1180; x_wconf 89' lang='lat' dir='ltr'>duo</span> <span class='ocrx_word' id='word_1_199' title='bbox 1154 1139 1259 1180; x_wconf 89' lang='lat' dir='ltr'>ostia</span> <span class='ocrx_word' id='word_1_200' title='bbox 1278 1139 1326 1179; x_wconf 88' lang='lat' dir='ltr'>de</span> <span class='ocrx_word' id='word_1_201' title='bbox 1346 1138 1462 1192; x_wconf 83' lang='lat' dir='ltr'>lignis</span> <span class='ocrx_word' id='word_1_202' title='bbox 1484 1139 1663 1193; x_wconf 78' lang='lat' dir='ltr'>abiegnis</span> <span class='ocrx_word' id='word_1_203' title='bbox 1685 1139 1941 1181; x_wconf 87' lang='lat' dir='ltr'>altrinsecus:</span> <span class='ocrx_word' id='word_1_204' title='bbox 1964 1145 2003 1180; x_wconf 88' lang='lat' dir='ltr'>et</span> 
     </span>
     <span class='ocr_line' id='line_1_18' title="bbox 97 1197 2004 1254; baseline -0.002 -12"><span class='ocrx_word' id='word_1_205' title='bbox 97 1206 318 1254; x_wconf 89' lang='lat' dir='ltr'>utrumque</span> <span class='ocrx_word' id='word_1_206' title='bbox 349 1199 499 1241; x_wconf 92' lang='lat' dir='ltr'>ostium</span> <span class='ocrx_word' id='word_1_207' title='bbox 530 1198 681 1253; x_wconf 81' lang='lat' dir='ltr'>duplex</span> <span class='ocrx_word' id='word_1_208' title='bbox 711 1204 810 1242; x_wconf 77' lang='lat' dir='ltr'>erat.</span> <span class='ocrx_word' id='word_1_209' title='bbox 843 1204 883 1240; x_wconf 87' lang='lat' dir='ltr'>et</span> <span class='ocrx_word' id='word_1_210' title='bbox 913 1212 953 1239; x_wconf 90' lang='lat' dir='ltr'>se</span> <span class='ocrx_word' id='word_1_211' title='bbox 983 1198 1157 1239; x_wconf 89' lang='lat' dir='ltr'>invicem</span> <span class='ocrx_word' id='word_1_212' title='bbox 1188 1203 1330 1239; x_wconf 88' lang='lat' dir='ltr'>tenens</span> <span class='ocrx_word' id='word_1_213' title='bbox 1361 1197 1630 1251; x_wconf 81' lang='lat' dir='ltr'>aperiebatur.</span> <span class='ocrx_word' id='word_1_214' title='bbox 1689 1200 1721 1222; x_wconf 82' lang='lat'>35</span> <span class='ocrx_word' id='word_1_215' title='bbox 1752 1199 1806 1239; x_wconf 88' lang='lat' dir='ltr'>Et</span> <span class='ocrx_word' id='word_1_216' title='bbox 1835 1198 2004 1251; x_wconf 87' lang='lat' dir='ltr'>sculpsit</span> 
     </span>
     <span class='ocr_line' id='line_1_19' title="bbox 96 1256 2002 1312; baseline -0.002 -12"><span class='ocrx_word' id='word_1_217' title='bbox 96 1259 318 1307; x_wconf 87' lang='lat' dir='ltr'>cherubim,</span> <span class='ocrx_word' id='word_1_218' title='bbox 357 1263 397 1300; x_wconf 90' lang='lat' dir='ltr'>et</span> <span class='ocrx_word' id='word_1_219' title='bbox 431 1257 601 1312; x_wconf 78' lang='lat' dir='ltr'>palmas,</span> <span class='ocrx_word' id='word_1_220' title='bbox 639 1263 680 1299; x_wconf 87' lang='lat' dir='ltr'>et</span> <span class='ocrx_word' id='word_1_221' title='bbox 715 1257 926 1299; x_wconf 80' lang='lat' dir='ltr'>caelaturas</span> <span class='ocrx_word' id='word_1_222' title='bbox 962 1256 1081 1298; x_wconf 86' lang='lat' dir='ltr'>valde</span> <span class='ocrx_word' id='word_1_223' title='bbox 1117 1256 1358 1297; x_wconf 78' lang='lat' dir='ltr'>eminentes:</span> <span class='ocrx_word' id='word_1_224' title='bbox 1397 1256 1637 1309; x_wconf 88' lang='lat' dir='ltr'>operuitque</span> <span class='ocrx_word' id='word_1_225' title='bbox 1673 1257 1809 1297; x_wconf 86' lang='lat' dir='ltr'>omnia</span> <span class='ocrx_word' id='word_1_226' title='bbox 1842 1257 2002 1297; x_wconf 86' lang='lat' dir='ltr'>laminis</span> 
     </span>
     <span class='ocr_line' id='line_1_20' title="bbox 96 1314 2002 1372; baseline -0.002 -13"><span class='ocrx_word' id='word_1_227' title='bbox 96 1318 226 1360; x_wconf 87' lang='lat' dir='ltr'>aureis</span> <span class='ocrx_word' id='word_1_228' title='bbox 252 1331 370 1372; x_wconf 88' lang='lat' dir='ltr'>opere</span> <span class='ocrx_word' id='word_1_229' title='bbox 395 1318 550 1371; x_wconf 91' lang='lat' dir='ltr'>quadro</span> <span class='ocrx_word' id='word_1_230' title='bbox 575 1318 625 1358; x_wconf 92' lang='lat' dir='ltr'>ad</span> <span class='ocrx_word' id='word_1_231' title='bbox 650 1316 842 1370; x_wconf 84' lang='lat' dir='ltr'>regulam.</span> <span class='ocrx_word' id='word_1_232' title='bbox 895 1318 930 1341; x_wconf 79' lang='lat'>³⁶</span> <span class='ocrx_word' id='word_1_233' title='bbox 954 1316 1009 1356; x_wconf 87' lang='lat' dir='ltr'>Et</span> <span class='ocrx_word' id='word_1_234' title='bbox 1031 1315 1250 1356; x_wconf 83' lang='lat' dir='ltr'>aedifieavit</span> <span class='ocrx_word' id='word_1_235' title='bbox 1274 1314 1423 1355; x_wconf 90' lang='lat' dir='ltr'>atrium</span> <span class='ocrx_word' id='word_1_236' title='bbox 1446 1314 1616 1355; x_wconf 89' lang='lat' dir='ltr'>interius</span> <span class='ocrx_word' id='word_1_237' title='bbox 1640 1315 1770 1356; x_wconf 88' lang='lat' dir='ltr'>tribus</span> <span class='ocrx_word' id='word_1_238' title='bbox 1795 1315 2002 1356; x_wconf 85' lang='lat' dir='ltr'>ordinibus</span> 
     </span>
     <span class='ocr_line' id='line_1_21' title="bbox 95 1374 1272 1432; baseline -0.003 -14"><span class='ocrx_word' id='word_1_239' title='bbox 95 1377 279 1432; x_wconf 90' lang='lat' dir='ltr'>lapidum</span> <span class='ocrx_word' id='word_1_240' title='bbox 308 1376 542 1431; x_wconf 80' lang='lat' dir='ltr'>politorum,</span> <span class='ocrx_word' id='word_1_241' title='bbox 574 1382 615 1417; x_wconf 88' lang='lat' dir='ltr'>et</span> <span class='ocrx_word' id='word_1_242' title='bbox 644 1389 724 1417; x_wconf 93' lang='lat' dir='ltr'>uno</span> <span class='ocrx_word' id='word_1_243' title='bbox 755 1375 894 1416; x_wconf 85' lang='lat' dir='ltr'>ordine</span> <span class='ocrx_word' id='word_1_244' title='bbox 923 1374 1124 1429; x_wconf 86' lang='lat' dir='ltr'>lignorum</span> <span class='ocrx_word' id='word_1_245' title='bbox 1154 1374 1272 1415; x_wconf 83' lang='lat' dir='ltr'>cedri.</span> 
     </span>
    </p>

    <p class='ocr_par' dir='ltr' id='par_1_3' title="bbox 96 1431 2195 1604">
     <span class='ocr_line' id='line_1_22' title="bbox 201 1431 2195 1489; baseline -0.002 -12"><span class='ocrx_word' id='word_1_246' title='bbox 201 1438 235 1461; x_wconf 80' lang='lat'>³⁷</span> <span class='ocrx_word' id='word_1_247' title='bbox 250 1437 370 1477; x_wconf 89' lang='lat' dir='ltr'>Anno</span> <span class='ocrx_word' id='word_1_248' title='bbox 386 1440 532 1489; x_wconf 89' lang='lat' dir='ltr'>quarto</span> <span class='ocrx_word' id='word_1_249' title='bbox 546 1435 721 1475; x_wconf 79' lang='lat' dir='ltr'>fundata</span> <span class='ocrx_word' id='word_1_250' title='bbox 737 1439 798 1475; x_wconf 84' lang='lat' dir='ltr'>est</span> <span class='ocrx_word' id='word_1_251' title='bbox 812 1435 956 1475; x_wconf 89' lang='lat' dir='ltr'>domus</span> <span class='ocrx_word' id='word_1_252' title='bbox 971 1433 1137 1474; x_wconf 90' lang='lat' dir='ltr'>Domini</span> <span class='ocrx_word' id='word_1_253' title='bbox 1152 1432 1193 1473; x_wconf 93' lang='lat' dir='ltr'>in</span> <span class='ocrx_word' id='word_1_254' title='bbox 1208 1446 1344 1473; x_wconf 89' lang='lat' dir='ltr'>mense</span> <span class='ocrx_word' id='word_1_255' title='bbox 1360 1432 1447 1473; x_wconf 89' lang='lat' dir='ltr'>Zio:</span> <span class='ocrx_word' id='word_1_256' title='bbox 1489 1434 1525 1456; x_wconf 71' lang='lat'>³⁸</span> <span class='ocrx_word' id='word_1_257' title='bbox 1539 1437 1579 1473; x_wconf 92' lang='lat' dir='ltr'>et</span> <span class='ocrx_word' id='word_1_258' title='bbox 1594 1432 1634 1473; x_wconf 92' lang='lat' dir='ltr'>in</span> <span class='ocrx_word' id='word_1_259' title='bbox 1650 1445 1756 1473; x_wconf 90' lang='lat' dir='ltr'>anno</span> <span class='ocrx_word' id='word_1_260' title='bbox 1772 1431 1997 1474; x_wconf 85' lang='lat' dir='ltr'>undecimo.</span> <span class='ocrx_word' id='word_1_261' title='bbox 2024 1442 2195 1481; x_wconf 52' lang='grc'><strong>1111530111-</strong></span> 
     </span>
     <span class='ocr_line' id='line_1_23' title="bbox 96 1478 2173 1548; baseline -0.003 -12"><span class='ocrx_word' id='word_1_262' title='bbox 96 1508 233 1537; x_wconf 88' lang='lat' dir='ltr'>mense</span> <span class='ocrx_word' id='word_1_263' title='bbox 261 1494 338 1536; x_wconf 91' lang='lat' dir='ltr'>Bul</span> <span class='ocrx_word' id='word_1_264' title='bbox 363 1494 465 1548; x_wconf 90' lang='lat' dir='ltr'>(ipse</span> <span class='ocrx_word' id='word_1_265' title='bbox 492 1499 553 1535; x_wconf 89' lang='lat' dir='ltr'>est</span> <span class='ocrx_word' id='word_1_266' title='bbox 578 1493 726 1534; x_wconf 85' lang='lat' dir='ltr'>mensis</span> <span class='ocrx_word' id='word_1_267' title='bbox 753 1494 942 1545; x_wconf 80' lang='lat' dir='ltr'>octavus)</span> <span class='ocrx_word' id='word_1_268' title='bbox 968 1493 1149 1545; x_wconf 80' lang='lat' dir='ltr'>perfecta</span> <span class='ocrx_word' id='word_1_269' title='bbox 1175 1497 1235 1532; x_wconf 84' lang='lat' dir='ltr'>est</span> <span class='ocrx_word' id='word_1_270' title='bbox 1261 1491 1406 1532; x_wconf 90' lang='lat' dir='ltr'>domus</span> <span class='ocrx_word' id='word_1_271' title='bbox 1432 1490 1473 1531; x_wconf 91' lang='lat' dir='ltr'>in</span> <span class='ocrx_word' id='word_1_272' title='bbox 1500 1491 1610 1532; x_wconf 90' lang='lat' dir='ltr'>omni</span> <span class='ocrx_word' id='word_1_273' title='bbox 1637 1504 1754 1545; x_wconf 88' lang='lat' dir='ltr'>opere</span> <span class='ocrx_word' id='word_1_274' title='bbox 1781 1504 1864 1539; x_wconf 93' lang='grc'><strong>3110,</strong></span> <span class='ocrx_word' id='word_1_275' title='bbox 1894 1496 1934 1531; x_wconf 85' lang='grc'>01</span> <span class='ocrx_word' id='word_1_276' title='bbox 1960 1490 2000 1530; x_wconf 90' lang='grc'>111</span> <span class='ocrx_word' id='word_1_277' title='bbox 2040 1478 2173 1502; x_wconf 52' lang='lat' dir='ltr'>mmm·</span> 
     </span>
     <span class='ocr_line' id='line_1_24' title="bbox 97 1550 1484 1604; baseline -0.004 -9"><span class='ocrx_word' id='word_1_278' title='bbox 97 1554 294 1596; x_wconf 86' lang='lat' dir='ltr'>universis</span> <span class='ocrx_word' id='word_1_279' title='bbox 324 1552 565 1595; x_wconf 90' lang='lat' dir='ltr'>utensilibus</span> <span class='ocrx_word' id='word_1_280' title='bbox 594 1552 694 1592; x_wconf 81' lang='lat' dir='ltr'>suis:</span> <span class='ocrx_word' id='word_1_281' title='bbox 724 1551 1024 1604; x_wconf 57' lang='lat' dir='ltr'>&amp;edificavitque</span> <span class='ocrx_word' id='word_1_282' title='bbox 1053 1564 1142 1591; x_wconf 88' lang='lat' dir='ltr'>eam</span> <span class='ocrx_word' id='word_1_283' title='bbox 1172 1550 1286 1590; x_wconf 74' lang='lat' dir='ltr'>annis</span> <span class='ocrx_word' id='word_1_284' title='bbox 1316 1555 1484 1603; x_wconf 87' lang='lat' dir='ltr'>septem.</span> 
     </span>
    </p>
   </div>
   <div class='ocr_carea' id='block_1_3' title="bbox 204 1654 2194 1777">
    <p class='ocr_par' dir='ltr' id='par_1_4' title="bbox 204 1654 2194 1777">
     <span class='ocr_line' id='line_1_25' title="bbox 496 1654 1613 1706; baseline -0.003 -10"><span class='ocrx_word' id='word_1_285' title='bbox 496 1656 533 1697; x_wconf 90' lang='grc'>5.</span> <span class='ocrx_word' id='word_1_286' title='bbox 563 1655 816 1696; x_wconf 75' lang='lat' dir='ltr'>AEdificatio</span> <span class='ocrx_word' id='word_1_287' title='bbox 847 1656 1090 1696; x_wconf 83' lang='lat' dir='ltr'>domorum</span> <span class='ocrx_word' id='word_1_288' title='bbox 1121 1655 1372 1706; x_wconf 81' lang='lat' dir='ltr'>regiarum,</span> <span class='ocrx_word' id='word_1_289' title='bbox 1402 1654 1613 1704; x_wconf 86' lang='grc'><strong>7,1-12.</strong></span> 
     </span>
     <span class='ocr_line' id='line_1_26' title="bbox 204 1720 2194 1777; baseline -0.003 -8"><span class='ocrx_word' id='word_1_290' title='bbox 204 1729 240 1772; x_wconf 81' lang='lat'>7.</span> <span class='ocrx_word' id='word_1_291' title='bbox 296 1730 309 1753; x_wconf 89' lang='grc'>1</span> <span class='ocrx_word' id='word_1_292' title='bbox 327 1728 508 1769; x_wconf 89' lang='lat' dir='ltr'>Domum</span> <span class='ocrx_word' id='word_1_293' title='bbox 526 1732 664 1768; x_wconf 89' lang='lat' dir='ltr'>autem</span> <span class='ocrx_word' id='word_1_294' title='bbox 683 1740 797 1767; x_wconf 85' lang='lat' dir='ltr'>suam</span> <span class='ocrx_word' id='word_1_295' title='bbox 817 1725 1036 1767; x_wconf 82' lang='lat' dir='ltr'>aedificavit</span> <span class='ocrx_word' id='word_1_296' title='bbox 1053 1724 1245 1766; x_wconf 82' lang='lat' dir='ltr'>Salomon</span> <span class='ocrx_word' id='word_1_297' title='bbox 1268 1724 1481 1766; x_wconf 75' lang='lat' dir='ltr'>atredecim</span> <span class='ocrx_word' id='word_1_298' title='bbox 1501 1724 1628 1769; x_wconf 80' lang='lat' dir='ltr'>annis,</span> <span class='ocrx_word' id='word_1_299' title='bbox 1650 1728 1690 1764; x_wconf 88' lang='lat' dir='ltr'>et</span> <span class='ocrx_word' id='word_1_300' title='bbox 1708 1724 1759 1765; x_wconf 92' lang='lat' dir='ltr'>ad</span> <span class='ocrx_word' id='word_1_301' title='bbox 1777 1724 2005 1777; x_wconf 78' lang='lat' dir='ltr'>perfectum</span> <span class='ocrx_word' id='word_1_302' title='bbox 2030 1720 2194 1750; x_wconf 62' lang='lat' dir='ltr'>D¹³³⁰¹¹¹³¹¹⁰</span> 
     </span>
    </p>
   </div>
   <div class='ocr_carea' id='block_1_4' title="bbox 96 1756 2213 2900">
    <p class='ocr_par' dir='ltr' id='par_1_5' title="bbox 96 1756 2213 2900">
     <span class='ocr_line' id='line_1_27' title="bbox 98 1756 2177 1842; baseline -0.004 -12"><span class='ocrx_word' id='word_1_303' title='bbox 98 1801 226 1842; x_wconf 89' lang='lat' dir='ltr'>usque</span> <span class='ocrx_word' id='word_1_304' title='bbox 258 1787 463 1841; x_wconf 83' lang='lat' dir='ltr'>perduxit.</span> <span class='ocrx_word' id='word_1_305' title='bbox 525 1789 539 1810; x_wconf 77' lang='lat'><strong>²</strong></span> <span class='ocrx_word' id='word_1_306' title='bbox 572 1785 808 1827; x_wconf 80' lang='lat' dir='ltr'>AEdificavit</span> <span class='ocrx_word' id='word_1_307' title='bbox 841 1798 1003 1839; x_wconf 87' lang='lat' dir='ltr'>quoque</span> <span class='ocrx_word' id='word_1_308' title='bbox 1036 1785 1205 1825; x_wconf 91' lang='lat' dir='ltr'>domum</span> <span class='ocrx_word' id='word_1_309' title='bbox 1238 1784 1365 1824; x_wconf 90' lang='lat' dir='ltr'>saltus</span> <span class='ocrx_word' id='word_1_310' title='bbox 1398 1783 1542 1824; x_wconf 82' lang='lat' dir='ltr'>Libani</span> <span class='ocrx_word' id='word_1_311' title='bbox 1576 1788 1739 1824; x_wconf 87' lang='lat' dir='ltr'>centum</span> <span class='ocrx_word' id='word_1_312' title='bbox 1774 1782 2005 1823; x_wconf 90' lang='lat' dir='ltr'>cubitorum</span> <span class='ocrx_word' id='word_1_313' title='bbox 2046 1756 2177 1787; x_wconf 42' lang='lat' dir='ltr'>*mmm</span> 
     </span>
     <span class='ocr_line' id='line_1_28' title="bbox 96 1841 2005 1901; baseline -0.004 -13"><span class='ocrx_word' id='word_1_314' title='bbox 96 1846 375 1901; x_wconf 83' lang='lat' dir='ltr'>longitudinis,</span> <span class='ocrx_word' id='word_1_315' title='bbox 393 1852 434 1887; x_wconf 89' lang='lat' dir='ltr'>et</span> <span class='ocrx_word' id='word_1_316' title='bbox 449 1845 750 1900; x_wconf 80' lang='lat' dir='ltr'>quinquaginta</span> <span class='ocrx_word' id='word_1_317' title='bbox 764 1844 997 1885; x_wconf 89' lang='lat' dir='ltr'>cubitorum</span> <span class='ocrx_word' id='word_1_318' title='bbox 1012 1842 1254 1889; x_wconf 81' lang='lat' dir='ltr'>latitudinis,</span> <span class='ocrx_word' id='word_1_319' title='bbox 1273 1849 1313 1884; x_wconf 91' lang='lat' dir='ltr'>et</span> <span class='ocrx_word' id='word_1_320' title='bbox 1328 1842 1497 1896; x_wconf 89' lang='lat' dir='ltr'>triginta</span> <span class='ocrx_word' id='word_1_321' title='bbox 1512 1842 1742 1883; x_wconf 82' lang='lat' dir='ltr'>cubitorum</span> <span class='ocrx_word' id='word_1_322' title='bbox 1758 1841 2005 1882; x_wconf 84' lang='lat' dir='ltr'>altitudinis:</span> 
     </span>
     <span class='ocr_line' id='line_1_29' title="bbox 98 1900 2007 1960; baseline -0.004 -12"><span class='ocrx_word' id='word_1_323' title='bbox 98 1911 140 1948; x_wconf 87' lang='lat' dir='ltr'>et</span> <span class='ocrx_word' id='word_1_324' title='bbox 166 1910 365 1960; x_wconf 85' lang='lat' dir='ltr'>quattuor</span> <span class='ocrx_word' id='word_1_325' title='bbox 390 1904 679 1946; x_wconf 86' lang='lat' dir='ltr'>deambulacra</span> <span class='ocrx_word' id='word_1_326' title='bbox 705 1904 811 1944; x_wconf 87' lang='lat' dir='ltr'>inter</span> <span class='ocrx_word' id='word_1_327' title='bbox 836 1903 1045 1944; x_wconf 88' lang='lat' dir='ltr'>columnas</span> <span class='ocrx_word' id='word_1_328' title='bbox 1072 1902 1274 1942; x_wconf 86' lang='lat' dir='ltr'>cedrinas:</span> <span class='ocrx_word' id='word_1_329' title='bbox 1302 1901 1410 1955; x_wconf 91' lang='lat' dir='ltr'>ligna</span> <span class='ocrx_word' id='word_1_330' title='bbox 1438 1901 1587 1954; x_wconf 79' lang='lat' dir='ltr'>quippe</span> <span class='ocrx_word' id='word_1_331' title='bbox 1614 1900 1778 1941; x_wconf 89' lang='lat' dir='ltr'>cedrina</span> <span class='ocrx_word' id='word_1_332' title='bbox 1802 1900 2007 1941; x_wconf 82' lang='lat' dir='ltr'>exciderat</span> 
     </span>
     <span class='ocr_line' id='line_1_30' title="bbox 98 1958 2007 2013; baseline -0.005 -6"><span class='ocrx_word' id='word_1_333' title='bbox 98 1965 139 2006; x_wconf 93' lang='lat' dir='ltr'>in</span> <span class='ocrx_word' id='word_1_334' title='bbox 169 1964 391 2007; x_wconf 91' lang='lat' dir='ltr'>columnas.</span> <span class='ocrx_word' id='word_1_335' title='bbox 442 1966 457 1989; x_wconf 90' lang='grc'><strong>3</strong></span> <span class='ocrx_word' id='word_1_336' title='bbox 486 1964 542 2004; x_wconf 87' lang='grc' dir='ltr'>Ε1</span> <span class='ocrx_word' id='word_1_337' title='bbox 571 1962 769 2004; x_wconf 85' lang='grc'><strong>1301113113</strong></span> <span class='ocrx_word' id='word_1_338' title='bbox 799 1961 971 2003; x_wconf 80' lang='lat' dir='ltr'>cedrinis</span> <span class='ocrx_word' id='word_1_339' title='bbox 1001 1961 1171 2002; x_wconf 84' lang='lat' dir='ltr'>vestivit</span> <span class='ocrx_word' id='word_1_340' title='bbox 1200 1967 1332 2002; x_wconf 88' lang='lat' dir='ltr'>totam</span> <span class='ocrx_word' id='word_1_341' title='bbox 1363 1973 1578 2004; x_wconf 84' lang='lat' dir='ltr'>cameram,</span> <span class='ocrx_word' id='word_1_342' title='bbox 1605 1972 1694 2013; x_wconf 81' lang='lat' dir='ltr'>quae</span> <span class='ocrx_word' id='word_1_343' title='bbox 1717 1958 2007 2012; x_wconf 85' lang='lat' dir='ltr'>quadraginta-</span> 
     </span>
     <span class='ocr_line' id='line_1_31' title="bbox 100 2017 2005 2079; baseline -0.005 -14"><span class='ocrx_word' id='word_1_344' title='bbox 100 2024 280 2079; x_wconf 84' lang='lat' dir='ltr'>quinque</span> <span class='ocrx_word' id='word_1_345' title='bbox 305 2023 503 2065; x_wconf 92' lang='lat' dir='ltr'>columnis</span> <span class='ocrx_word' id='word_1_346' title='bbox 529 2022 852 2063; x_wconf 85' lang='lat' dir='ltr'>sustentabatur.</span> <span class='ocrx_word' id='word_1_347' title='bbox 908 2021 1022 2061; x_wconf 91' lang='lat' dir='ltr'>Unus</span> <span class='ocrx_word' id='word_1_348' title='bbox 1048 2026 1185 2060; x_wconf 87' lang='lat' dir='ltr'>autem</span> <span class='ocrx_word' id='word_1_349' title='bbox 1212 2020 1309 2061; x_wconf 90' lang='lat' dir='ltr'>ordo</span> <span class='ocrx_word' id='word_1_350' title='bbox 1335 2019 1515 2060; x_wconf 88' lang='lat' dir='ltr'>habebat</span> <span class='ocrx_word' id='word_1_351' title='bbox 1541 2017 1748 2060; x_wconf 87' lang='lat' dir='ltr'>columnas</span> <span class='ocrx_word' id='word_1_352' title='bbox 1775 2017 2005 2070; x_wconf 88' lang='lat' dir='ltr'>quindecim</span> 
     </span>
     <span class='ocr_line' id='line_1_32' title="bbox 99 2075 2007 2134; baseline -0.005 -10"><span class='ocrx_word' id='word_1_353' title='bbox 99 2085 114 2107; x_wconf 73' lang='lat'>⁴</span> <span class='ocrx_word' id='word_1_354' title='bbox 132 2089 276 2125; x_wconf 89' lang='lat' dir='ltr'>contra</span> <span class='ocrx_word' id='word_1_355' title='bbox 293 2096 333 2123; x_wconf 91' lang='lat' dir='ltr'>se</span> <span class='ocrx_word' id='word_1_356' title='bbox 350 2082 526 2123; x_wconf 89' lang='lat' dir='ltr'>invicem</span> <span class='ocrx_word' id='word_1_357' title='bbox 545 2080 712 2134; x_wconf 82' lang='lat' dir='ltr'>positas,</span> <span class='ocrx_word' id='word_1_358' title='bbox 759 2082 774 2104; x_wconf 81' lang='lat'>⁵</span> <span class='ocrx_word' id='word_1_359' title='bbox 792 2085 833 2121; x_wconf 91' lang='lat' dir='ltr'>et</span> <span class='ocrx_word' id='word_1_360' title='bbox 851 2093 871 2120; x_wconf 92' lang='grc'>0</span> <span class='ocrx_word' id='word_1_361' title='bbox 888 2079 1049 2133; x_wconf 80' lang='lat' dir='ltr'>regione</span> <span class='ocrx_word' id='word_1_362' title='bbox 1068 2093 1108 2119; x_wconf 89' lang='lat' dir='ltr'>se</span> <span class='ocrx_word' id='word_1_363' title='bbox 1125 2078 1397 2132; x_wconf 79' lang='lat' dir='ltr'>respicientes,</span> <span class='ocrx_word' id='word_1_364' title='bbox 1417 2076 1563 2131; x_wconf 82' lang='grc'><strong>10011311</strong></span> <span class='ocrx_word' id='word_1_365' title='bbox 1581 2076 1713 2130; x_wconf 87' lang='lat' dir='ltr'>spatio</span> <span class='ocrx_word' id='word_1_366' title='bbox 1732 2076 1839 2116; x_wconf 89' lang='lat' dir='ltr'>inter</span> <span class='ocrx_word' id='word_1_367' title='bbox 1856 2075 2007 2117; x_wconf 88' lang='lat' dir='ltr'>colum-</span> 
     </span>
     <span class='ocr_line' id='line_1_33' title="bbox 99 2134 2007 2195; baseline -0.005 -12"><span class='ocrx_word' id='word_1_368' title='bbox 99 2156 183 2191; x_wconf 87' lang='lat' dir='ltr'>nas,</span> <span class='ocrx_word' id='word_1_369' title='bbox 216 2147 258 2183; x_wconf 87' lang='lat' dir='ltr'>et</span> <span class='ocrx_word' id='word_1_370' title='bbox 287 2154 407 2195; x_wconf 89' lang='lat' dir='ltr'>super</span> <span class='ocrx_word' id='word_1_371' title='bbox 436 2140 646 2182; x_wconf 87' lang='lat' dir='ltr'>columnas</span> <span class='ocrx_word' id='word_1_372' title='bbox 677 2138 1006 2193; x_wconf 88' lang='lat' dir='ltr'>quadrangulata</span> <span class='ocrx_word' id='word_1_373' title='bbox 1035 2137 1144 2191; x_wconf 86' lang='lat' dir='ltr'>ligna</span> <span class='ocrx_word' id='word_1_374' title='bbox 1172 2137 1213 2177; x_wconf 88' lang='lat' dir='ltr'>in</span> <span class='ocrx_word' id='word_1_375' title='bbox 1244 2137 1400 2177; x_wconf 84' lang='lat' dir='ltr'>cunct-is</span> <span class='ocrx_word' id='word_1_376' title='bbox 1431 2135 1614 2189; x_wconf 85' lang='grc'><strong>100113113.</strong></span> <span class='ocrx_word' id='word_1_377' title='bbox 1675 2137 1690 2159; x_wconf 73' lang='lat'><em>⁶</em></span> <span class='ocrx_word' id='word_1_378' title='bbox 1720 2135 1774 2175; x_wconf 87' lang='lat' dir='ltr'>Et</span> <span class='ocrx_word' id='word_1_379' title='bbox 1804 2134 2007 2188; x_wconf 86' lang='lat' dir='ltr'>porticum</span> 
     </span>
     <span class='ocr_line' id='line_1_34' title="bbox 99 2193 2006 2253; baseline -0.005 -11"><span class='ocrx_word' id='word_1_380' title='bbox 99 2201 381 2243; x_wconf 90' lang='lat' dir='ltr'>columnarum</span> <span class='ocrx_word' id='word_1_381' title='bbox 420 2199 517 2240; x_wconf 81' lang='lat' dir='ltr'>fecit</span> <span class='ocrx_word' id='word_1_382' title='bbox 557 2197 858 2253; x_wconf 88' lang='lat' dir='ltr'>quinquaginta</span> <span class='ocrx_word' id='word_1_383' title='bbox 897 2196 1128 2238; x_wconf 85' lang='lat' dir='ltr'>cubitorum</span> <span class='ocrx_word' id='word_1_384' title='bbox 1169 2195 1446 2249; x_wconf 82' lang='lat' dir='ltr'>longitudinis,</span> <span class='ocrx_word' id='word_1_385' title='bbox 1489 2200 1530 2235; x_wconf 89' lang='lat' dir='ltr'>et</span> <span class='ocrx_word' id='word_1_386' title='bbox 1568 2194 1737 2247; x_wconf 89' lang='lat' dir='ltr'>triginta</span> <span class='ocrx_word' id='word_1_387' title='bbox 1776 2193 2006 2234; x_wconf 88' lang='lat' dir='ltr'>cubitorum</span> 
     </span>
     <span class='ocr_line' id='line_1_35' title="bbox 99 2251 2009 2311; baseline -0.005 -11"><span class='ocrx_word' id='word_1_388' title='bbox 99 2259 348 2302; x_wconf 88' lang='lat' dir='ltr'>latitudinis:</span> <span class='ocrx_word' id='word_1_389' title='bbox 372 2264 413 2300; x_wconf 91' lang='lat' dir='ltr'>et</span> <span class='ocrx_word' id='word_1_390' title='bbox 435 2258 605 2299; x_wconf 89' lang='lat' dir='ltr'>alteram</span> <span class='ocrx_word' id='word_1_391' title='bbox 627 2257 830 2311; x_wconf 91' lang='lat' dir='ltr'>porticum</span> <span class='ocrx_word' id='word_1_392' title='bbox 853 2256 893 2297; x_wconf 92' lang='lat' dir='ltr'>in</span> <span class='ocrx_word' id='word_1_393' title='bbox 916 2255 1017 2297; x_wconf 83' lang='lat' dir='ltr'>facie</span> <span class='ocrx_word' id='word_1_394' title='bbox 1040 2255 1203 2296; x_wconf 89' lang='lat' dir='ltr'>maioris</span> <span class='ocrx_word' id='word_1_395' title='bbox 1224 2255 1424 2309; x_wconf 78' lang='lat' dir='ltr'>porticus:</span> <span class='ocrx_word' id='word_1_396' title='bbox 1449 2260 1487 2294; x_wconf 90' lang='lat' dir='ltr'>et</span> <span class='ocrx_word' id='word_1_397' title='bbox 1511 2253 1731 2299; x_wconf 85' lang='lat' dir='ltr'>columnas,</span> <span class='ocrx_word' id='word_1_398' title='bbox 1756 2258 1797 2293; x_wconf 84' lang='lat' dir='ltr'>et</span> <span class='ocrx_word' id='word_1_399' title='bbox 1818 2251 2009 2305; x_wconf 87' lang='lat' dir='ltr'>epistylia</span> 
     </span>
     <span class='ocr_line' id='line_1_36' title="bbox 99 2310 2007 2373; baseline -0.005 -13"><span class='ocrx_word' id='word_1_400' title='bbox 99 2332 220 2373; x_wconf 88' lang='lat' dir='ltr'>super</span> <span class='ocrx_word' id='word_1_401' title='bbox 242 2318 463 2360; x_wconf 88' lang='lat' dir='ltr'>columnas.</span> <span class='ocrx_word' id='word_1_402' title='bbox 518 2319 531 2340; x_wconf 85' lang='lat'><em>⁷</em></span> <span class='ocrx_word' id='word_1_403' title='bbox 554 2316 763 2358; x_wconf 84' lang='lat' dir='ltr'>Porticum</span> <span class='ocrx_word' id='word_1_404' title='bbox 787 2329 949 2370; x_wconf 89' lang='lat' dir='ltr'>quoque</span> <span class='ocrx_word' id='word_1_405' title='bbox 971 2314 1070 2359; x_wconf 81' lang='lat' dir='ltr'>solii,</span> <span class='ocrx_word' id='word_1_406' title='bbox 1096 2314 1135 2355; x_wconf 91' lang='lat' dir='ltr'>in</span> <span class='ocrx_word' id='word_1_407' title='bbox 1160 2327 1242 2368; x_wconf 88' lang='lat' dir='ltr'>qua</span> <span class='ocrx_word' id='word_1_408' title='bbox 1262 2312 1443 2355; x_wconf 89' lang='lat' dir='ltr'>tribunal</span> <span class='ocrx_word' id='word_1_409' title='bbox 1466 2318 1538 2361; x_wconf 90' lang='lat' dir='ltr'>est,</span> <span class='ocrx_word' id='word_1_410' title='bbox 1562 2312 1677 2352; x_wconf 80' lang='lat' dir='ltr'>fecit:</span> <span class='ocrx_word' id='word_1_411' title='bbox 1701 2316 1743 2352; x_wconf 91' lang='lat' dir='ltr'>et</span> <span class='ocrx_word' id='word_1_412' title='bbox 1763 2311 1869 2352; x_wconf 87' lang='lat' dir='ltr'>texit</span> <span class='ocrx_word' id='word_1_413' title='bbox 1889 2310 2007 2364; x_wconf 88' lang='lat' dir='ltr'>lignis</span> 
     </span>
     <span class='ocr_line' id='line_1_37' title="bbox 99 2370 2008 2431; baseline -0.005 -12"><span class='ocrx_word' id='word_1_414' title='bbox 99 2377 271 2420; x_wconf 85' lang='lat' dir='ltr'>cedrinis</span> <span class='ocrx_word' id='word_1_415' title='bbox 299 2391 323 2418; x_wconf 89' lang='lat' dir='ltr'>a</span> <span class='ocrx_word' id='word_1_416' title='bbox 348 2376 587 2431; x_wconf 88' lang='lat' dir='ltr'>pavimento</span> <span class='ocrx_word' id='word_1_417' title='bbox 614 2389 743 2429; x_wconf 90' lang='lat' dir='ltr'>usque</span> <span class='ocrx_word' id='word_1_418' title='bbox 770 2375 822 2416; x_wconf 91' lang='lat' dir='ltr'>ad</span> <span class='ocrx_word' id='word_1_419' title='bbox 849 2373 1143 2415; x_wconf 87' lang='lat' dir='ltr'>summitatem.</span> <span class='ocrx_word' id='word_1_420' title='bbox 1202 2374 1217 2396; x_wconf 74' lang='grc'><strong>3</strong></span> <span class='ocrx_word' id='word_1_421' title='bbox 1244 2373 1299 2413; x_wconf 87' lang='grc' dir='ltr'>Ε1</span> <span class='ocrx_word' id='word_1_422' title='bbox 1326 2370 1584 2419; x_wconf 87' lang='lat' dir='ltr'>domuncula,</span> <span class='ocrx_word' id='word_1_423' title='bbox 1613 2370 1653 2411; x_wconf 89' lang='grc'>111</span> <span class='ocrx_word' id='word_1_424' title='bbox 1683 2383 1764 2423; x_wconf 88' lang='lat' dir='ltr'>qua</span> <span class='ocrx_word' id='word_1_425' title='bbox 1789 2370 2008 2410; x_wconf 86' lang='lat' dir='ltr'>sedebatur</span> 
     </span>
     <span class='ocr_line' id='line_1_38' title="bbox 100 2427 2008 2487; baseline -0.006 -9"><span class='ocrx_word' id='word_1_426' title='bbox 100 2438 153 2479; x_wconf 88' lang='lat' dir='ltr'>ad</span> <span class='ocrx_word' id='word_1_427' title='bbox 184 2436 462 2485; x_wconf 89' lang='lat' dir='ltr'>iudicandum,</span> <span class='ocrx_word' id='word_1_428' title='bbox 497 2440 585 2476; x_wconf 89' lang='lat' dir='ltr'>erat</span> <span class='ocrx_word' id='word_1_429' title='bbox 616 2434 657 2475; x_wconf 88' lang='lat' dir='ltr'>in</span> <span class='ocrx_word' id='word_1_430' title='bbox 690 2434 825 2475; x_wconf 88' lang='lat' dir='ltr'>media</span> <span class='ocrx_word' id='word_1_431' title='bbox 856 2433 1029 2487; x_wconf 85' lang='lat' dir='ltr'>porticu,</span> <span class='ocrx_word' id='word_1_432' title='bbox 1064 2431 1183 2473; x_wconf 92' lang='lat' dir='ltr'>simili</span> <span class='ocrx_word' id='word_1_433' title='bbox 1217 2445 1347 2485; x_wconf 90' lang='lat' dir='ltr'>opere.</span> <span class='ocrx_word' id='word_1_434' title='bbox 1382 2431 1563 2472; x_wconf 89' lang='lat' dir='ltr'>Domum</span> <span class='ocrx_word' id='word_1_435' title='bbox 1596 2442 1757 2483; x_wconf 90' lang='lat' dir='ltr'>quoque</span> <span class='ocrx_word' id='word_1_436' title='bbox 1789 2428 1886 2468; x_wconf 83' lang='lat' dir='ltr'>fecit</span> <span class='ocrx_word' id='word_1_437' title='bbox 1918 2427 2008 2468; x_wconf 77' lang='lat' dir='ltr'>filiae</span> 
     </span>
     <span class='ocr_line' id='line_1_39' title="bbox 99 2486 2005 2549; baseline -0.006 -12"><span class='ocrx_word' id='word_1_438' title='bbox 99 2495 324 2537; x_wconf 88' lang='lat' dir='ltr'>Pharaonis</span> <span class='ocrx_word' id='word_1_439' title='bbox 356 2497 521 2549; x_wconf 82' lang='lat' dir='ltr'>(bquam</span> <span class='ocrx_word' id='word_1_440' title='bbox 551 2506 720 2535; x_wconf 87' lang='lat' dir='ltr'>uxorem</span> <span class='ocrx_word' id='word_1_441' title='bbox 743 2493 918 2534; x_wconf 81' lang='lat' dir='ltr'>duxerat</span> <span class='ocrx_word' id='word_1_442' title='bbox 940 2491 1150 2544; x_wconf 86' lang='lat' dir='ltr'>Salomon)</span> <span class='ocrx_word' id='word_1_443' title='bbox 1180 2490 1253 2532; x_wconf 89' lang='lat' dir='ltr'>tali</span> <span class='ocrx_word' id='word_1_444' title='bbox 1284 2503 1413 2544; x_wconf 88' lang='lat' dir='ltr'>opere,</span> <span class='ocrx_word' id='word_1_445' title='bbox 1448 2488 1556 2543; x_wconf 90' lang='lat' dir='ltr'>quali</span> <span class='ocrx_word' id='word_1_446' title='bbox 1587 2493 1628 2529; x_wconf 88' lang='grc'>01</span> <span class='ocrx_word' id='word_1_447' title='bbox 1656 2488 1761 2528; x_wconf 88' lang='lat' dir='ltr'>hanc</span> <span class='ocrx_word' id='word_1_448' title='bbox 1791 2486 2005 2540; x_wconf 89' lang='lat' dir='ltr'>porticum.</span> 
     </span>
     <span class='ocr_line' id='line_1_40' title="bbox 207 2549 2213 2607; baseline -0.006 -12"><span class='ocrx_word' id='word_1_449' title='bbox 207 2557 222 2579; x_wconf 87' lang='lat'>⁹</span> <span class='ocrx_word' id='word_1_450' title='bbox 249 2553 398 2596; x_wconf 89' lang='lat' dir='ltr'>Omnia</span> <span class='ocrx_word' id='word_1_451' title='bbox 424 2552 627 2607; x_wconf 88' lang='lat' dir='ltr'>lapidibus</span> <span class='ocrx_word' id='word_1_452' title='bbox 654 2551 853 2606; x_wconf 85' lang='lat' dir='ltr'>pretiosis,</span> <span class='ocrx_word' id='word_1_453' title='bbox 884 2551 953 2605; x_wconf 92' lang='lat' dir='ltr'>qui</span> <span class='ocrx_word' id='word_1_454' title='bbox 980 2551 1032 2591; x_wconf 88' lang='lat' dir='ltr'>ad</span> <span class='ocrx_word' id='word_1_455' title='bbox 1059 2563 1245 2591; x_wconf 89' lang='lat' dir='ltr'>normam</span> <span class='ocrx_word' id='word_1_456' title='bbox 1274 2549 1481 2603; x_wconf 88' lang='lat' dir='ltr'>quandam</span> <span class='ocrx_word' id='word_1_457' title='bbox 1510 2553 1633 2601; x_wconf 90' lang='lat' dir='ltr'>atque</span> <span class='ocrx_word' id='word_1_458' title='bbox 1661 2559 1893 2587; x_wconf 87' lang='lat' dir='ltr'>mensuram</span> <span class='ocrx_word' id='word_1_459' title='bbox 1920 2550 2005 2586; x_wconf 88' lang='lat' dir='ltr'>tam</span> <span class='ocrx_word' id='word_1_460' title='bbox 2027 2550 2213 2582; x_wconf 69' lang='lat' dir='ltr'>etseneralis-</span> 
     </span>
     <span class='ocr_line' id='line_1_41' title="bbox 99 2604 2007 2666; baseline -0.006 -11"><span class='ocrx_word' id='word_1_461' title='bbox 99 2613 341 2655; x_wconf 87' lang='lat' dir='ltr'>intrinsecus</span> <span class='ocrx_word' id='word_1_462' title='bbox 372 2625 496 2666; x_wconf 88' lang='lat' dir='ltr'>quam</span> <span class='ocrx_word' id='word_1_463' title='bbox 525 2611 774 2653; x_wconf 83' lang='lat' dir='ltr'>extrinsecus</span> <span class='ocrx_word' id='word_1_464' title='bbox 803 2610 945 2651; x_wconf 85' lang='lat' dir='ltr'>serrati</span> <span class='ocrx_word' id='word_1_465' title='bbox 974 2614 1107 2651; x_wconf 88' lang='lat' dir='ltr'>erant:</span> <span class='ocrx_word' id='word_1_466' title='bbox 1139 2622 1163 2650; x_wconf 90' lang='lat' dir='ltr'>a</span> <span class='ocrx_word' id='word_1_467' title='bbox 1188 2609 1460 2649; x_wconf 75' lang='lat' dir='ltr'>fundamento</span> <span class='ocrx_word' id='word_1_468' title='bbox 1489 2620 1616 2660; x_wconf 87' lang='lat' dir='ltr'>usque</span> <span class='ocrx_word' id='word_1_469' title='bbox 1646 2606 1698 2646; x_wconf 89' lang='lat' dir='ltr'>ad</span> <span class='ocrx_word' id='word_1_470' title='bbox 1725 2604 2007 2646; x_wconf 88' lang='lat' dir='ltr'>summitatem</span> 
     </span>
     <span class='ocr_line' id='line_1_42' title="bbox 100 2662 2005 2727; baseline -0.006 -13"><span class='ocrx_word' id='word_1_471' title='bbox 100 2673 316 2727; x_wconf 88' lang='lat' dir='ltr'>parietum,</span> <span class='ocrx_word' id='word_1_472' title='bbox 335 2676 377 2713; x_wconf 91' lang='lat' dir='ltr'>et</span> <span class='ocrx_word' id='word_1_473' title='bbox 392 2671 642 2712; x_wconf 85' lang='lat' dir='ltr'>extrinsecus</span> <span class='ocrx_word' id='word_1_474' title='bbox 658 2683 786 2724; x_wconf 90' lang='lat' dir='ltr'>usque</span> <span class='ocrx_word' id='word_1_475' title='bbox 803 2670 855 2711; x_wconf 85' lang='lat' dir='ltr'>ad</span> <span class='ocrx_word' id='word_1_476' title='bbox 872 2669 1022 2710; x_wconf 90' lang='lat' dir='ltr'>atrium</span> <span class='ocrx_word' id='word_1_477' title='bbox 1038 2668 1181 2709; x_wconf 88' lang='lat' dir='ltr'>maius.</span> <span class='ocrx_word' id='word_1_478' title='bbox 1227 2670 1263 2692; x_wconf 90' lang='lat'>¹⁰</span> <span class='ocrx_word' id='word_1_479' title='bbox 1277 2667 1566 2708; x_wconf 88' lang='lat' dir='ltr'>Fundamenta</span> <span class='ocrx_word' id='word_1_480' title='bbox 1582 2670 1720 2706; x_wconf 87' lang='lat' dir='ltr'>autem</span> <span class='ocrx_word' id='word_1_481' title='bbox 1737 2664 1785 2704; x_wconf 89' lang='lat' dir='ltr'>de</span> <span class='ocrx_word' id='word_1_482' title='bbox 1802 2662 2005 2717; x_wconf 89' lang='lat' dir='ltr'>lapidibus</span> 
     </span>
     <span class='ocr_line' id='line_1_43' title="bbox 99 2721 2006 2786; baseline -0.007 -13"><span class='ocrx_word' id='word_1_483' title='bbox 99 2731 299 2786; x_wconf 82' lang='lat' dir='ltr'>pretiosis,</span> <span class='ocrx_word' id='word_1_484' title='bbox 334 2730 539 2784; x_wconf 88' lang='lat' dir='ltr'>lapidibus</span> <span class='ocrx_word' id='word_1_485' title='bbox 573 2729 731 2783; x_wconf 87' lang='lat' dir='ltr'>magnis</span> <span class='ocrx_word' id='word_1_486' title='bbox 766 2729 905 2770; x_wconf 91' lang='lat' dir='ltr'>decem</span> <span class='ocrx_word' id='word_1_487' title='bbox 939 2728 1024 2769; x_wconf 88' lang='lat' dir='ltr'>sive</span> <span class='ocrx_word' id='word_1_488' title='bbox 1059 2732 1150 2768; x_wconf 92' lang='lat' dir='ltr'>octo</span> <span class='ocrx_word' id='word_1_489' title='bbox 1186 2727 1429 2768; x_wconf 86' lang='lat' dir='ltr'>cubitorum.</span> <span class='ocrx_word' id='word_1_490' title='bbox 1494 2727 1523 2749; x_wconf 90' lang='lat'>¹¹</span> <span class='ocrx_word' id='word_1_491' title='bbox 1559 2724 1615 2765; x_wconf 89' lang='lat' dir='ltr'>Et</span> <span class='ocrx_word' id='word_1_492' title='bbox 1648 2724 1820 2775; x_wconf 88' lang='lat' dir='ltr'>desuper</span> <span class='ocrx_word' id='word_1_493' title='bbox 1852 2721 2006 2775; x_wconf 90' lang='lat' dir='ltr'>lapides</span> 
     </span>
     <span class='ocr_line' id='line_1_44' title="bbox 100 2779 2007 2845; baseline -0.006 -14"><span class='ocrx_word' id='word_1_494' title='bbox 100 2790 267 2845; x_wconf 90' lang='lat' dir='ltr'>pretiosi</span> <span class='ocrx_word' id='word_1_495' title='bbox 294 2789 460 2844; x_wconf 82' lang='lat' dir='ltr'>aequalis</span> <span class='ocrx_word' id='word_1_496' title='bbox 488 2801 688 2830; x_wconf 84' lang='lat' dir='ltr'>mensurae</span> <span class='ocrx_word' id='word_1_497' title='bbox 713 2787 813 2829; x_wconf 91' lang='lat' dir='ltr'>secti</span> <span class='ocrx_word' id='word_1_498' title='bbox 841 2793 968 2833; x_wconf 82' lang='lat' dir='ltr'>erant,</span> <span class='ocrx_word' id='word_1_499' title='bbox 999 2785 1264 2840; x_wconf 89' lang='lat' dir='ltr'>similiterque</span> <span class='ocrx_word' id='word_1_500' title='bbox 1293 2786 1341 2826; x_wconf 88' lang='lat' dir='ltr'>de</span> <span class='ocrx_word' id='word_1_501' title='bbox 1370 2785 1500 2826; x_wconf 86' lang='lat' dir='ltr'>cedro.</span> <span class='ocrx_word' id='word_1_502' title='bbox 1559 2785 1589 2807; x_wconf 79' lang='lat'>¹²</span> <span class='ocrx_word' id='word_1_503' title='bbox 1617 2782 1673 2823; x_wconf 88' lang='lat' dir='ltr'>Et</span> <span class='ocrx_word' id='word_1_504' title='bbox 1700 2780 1849 2822; x_wconf 88' lang='lat' dir='ltr'>atrium</span> <span class='ocrx_word' id='word_1_505' title='bbox 1876 2779 2007 2820; x_wconf 88' lang='lat' dir='ltr'>maius</span> 
     </span>
     <span class='ocr_line' id='line_1_45' title="bbox 100 2839 2006 2900; baseline -0.006 -10"><span class='ocrx_word' id='word_1_506' title='bbox 100 2849 325 2891; x_wconf 89' lang='lat' dir='ltr'>rotundum</span> <span class='ocrx_word' id='word_1_507' title='bbox 356 2848 481 2889; x_wconf 87' lang='lat' dir='ltr'>trium</span> <span class='ocrx_word' id='word_1_508' title='bbox 513 2847 701 2889; x_wconf 91' lang='lat' dir='ltr'>ordinum</span> <span class='ocrx_word' id='word_1_509' title='bbox 733 2847 782 2888; x_wconf 91' lang='lat' dir='ltr'>de</span> <span class='ocrx_word' id='word_1_510' title='bbox 812 2846 1016 2900; x_wconf 90' lang='lat' dir='ltr'>lapidibus</span> <span class='ocrx_word' id='word_1_511' title='bbox 1048 2845 1179 2891; x_wconf 87' lang='lat' dir='ltr'>sectis,</span> <span class='ocrx_word' id='word_1_512' title='bbox 1214 2850 1255 2886; x_wconf 88' lang='lat' dir='ltr'>et</span> <span class='ocrx_word' id='word_1_513' title='bbox 1285 2844 1404 2885; x_wconf 90' lang='lat' dir='ltr'>unius</span> <span class='ocrx_word' id='word_1_514' title='bbox 1436 2841 1586 2884; x_wconf 89' lang='lat' dir='ltr'>ordinis</span> <span class='ocrx_word' id='word_1_515' title='bbox 1618 2842 1667 2882; x_wconf 88' lang='lat' dir='ltr'>de</span> <span class='ocrx_word' id='word_1_516' title='bbox 1698 2839 1838 2881; x_wconf 87' lang='lat' dir='ltr'>dolata</span> <span class='ocrx_word' id='word_1_517' title='bbox 1869 2839 2006 2879; x_wconf 87' lang='lat' dir='ltr'>cedro:</span> 
     </span>
    </p>
   </div>
   <div class='ocr_carea' id='block_1_5' title="bbox 100 2902 1613 2957">
    <p class='ocr_par' dir='ltr' id='par_1_6' title="bbox 100 2902 1613 2957">
     <span class='ocr_line' id='line_1_46' title="bbox 100 2902 1613 2957; baseline -0.005 -8"><span class='ocrx_word' id='word_1_518' title='bbox 100 2921 258 2950; x_wconf 88' lang='lat' dir='ltr'>necnon</span> <span class='ocrx_word' id='word_1_519' title='bbox 284 2912 326 2949; x_wconf 87' lang='lat' dir='ltr'>et</span> <span class='ocrx_word' id='word_1_520' title='bbox 350 2907 391 2948; x_wconf 93' lang='lat' dir='ltr'>in</span> <span class='ocrx_word' id='word_1_521' title='bbox 419 2906 522 2949; x_wconf 86' lang='lat' dir='ltr'>atrio</span> <span class='ocrx_word' id='word_1_522' title='bbox 549 2907 694 2948; x_wconf 90' lang='lat' dir='ltr'>domus</span> <span class='ocrx_word' id='word_1_523' title='bbox 721 2905 888 2947; x_wconf 89' lang='lat' dir='ltr'>Domini</span> <span class='ocrx_word' id='word_1_524' title='bbox 914 2904 1106 2951; x_wconf 87' lang='lat' dir='ltr'>interiori,</span> <span class='ocrx_word' id='word_1_525' title='bbox 1136 2909 1177 2945; x_wconf 91' lang='lat' dir='ltr'>et</span> <span class='ocrx_word' id='word_1_526' title='bbox 1202 2903 1244 2944; x_wconf 90' lang='lat' dir='ltr'>in</span> <span class='ocrx_word' id='word_1_527' title='bbox 1270 2903 1430 2957; x_wconf 92' lang='lat' dir='ltr'>porticu</span> <span class='ocrx_word' id='word_1_528' title='bbox 1457 2902 1613 2943; x_wconf 89' lang='lat' dir='ltr'>domus.</span> 
     </span>
    </p>
   </div>
   <div class='ocr_carea' id='block_1_6' title="bbox 207 3005 2165 3136">
    <p class='ocr_par' dir='ltr' id='par_1_7' title="bbox 207 3005 2165 3136">
     <span class='ocr_line' id='line_1_47' title="bbox 502 3005 1604 3061; baseline -0.005 -11"><span class='ocrx_word' id='word_1_529' title='bbox 502 3010 541 3052; x_wconf 91' lang='lat'>6.</span> <span class='ocrx_word' id='word_1_530' title='bbox 570 3010 823 3052; x_wconf 82' lang='lat' dir='ltr'>Fabricatio</span> <span class='ocrx_word' id='word_1_531' title='bbox 853 3008 1146 3061; x_wconf 76' lang='lat' dir='ltr'>supellectilis</span> <span class='ocrx_word' id='word_1_532' title='bbox 1175 3007 1345 3060; x_wconf 80' lang='lat' dir='ltr'>templi,</span> <span class='ocrx_word' id='word_1_533' title='bbox 1374 3008 1414 3056; x_wconf 88' lang='lat'>7,</span> <span class='ocrx_word' id='word_1_534' title='bbox 1433 3005 1604 3046; x_wconf 81' lang='lat'>13—51.</span> 
     </span>
     <span class='ocr_line' id='line_1_48' title="bbox 207 3072 2165 3136; baseline -0.007 -11"><span class='ocrx_word' id='word_1_535' title='bbox 207 3085 239 3108; x_wconf 82' lang='grc'>13</span> <span class='ocrx_word' id='word_1_536' title='bbox 258 3082 371 3124; x_wconf 87' lang='lat' dir='ltr'>Misit</span> <span class='ocrx_word' id='word_1_537' title='bbox 391 3095 552 3136; x_wconf 89' lang='lat' dir='ltr'>quoque</span> <span class='ocrx_word' id='word_1_538' title='bbox 573 3095 644 3123; x_wconf 80' lang='lat' dir='ltr'>rex</span> <span class='ocrx_word' id='word_1_539' title='bbox 664 3081 869 3129; x_wconf 90' lang='lat' dir='ltr'>Salomon,</span> <span class='ocrx_word' id='word_1_540' title='bbox 892 3085 934 3121; x_wconf 92' lang='lat' dir='ltr'>et</span> <span class='ocrx_word' id='word_1_541' title='bbox 953 3079 1051 3121; x_wconf 86' lang='lat' dir='ltr'>tulit</span> <span class='ocrx_word' id='word_1_542' title='bbox 1072 3079 1215 3120; x_wconf 91' lang='lat' dir='ltr'>Hiram</span> <span class='ocrx_word' id='word_1_543' title='bbox 1236 3080 1286 3121; x_wconf 91' lang='lat' dir='ltr'>de</span> <span class='ocrx_word' id='word_1_544' title='bbox 1307 3079 1425 3132; x_wconf 87' lang='lat' dir='ltr'>Tyro,</span> <span class='ocrx_word' id='word_1_545' title='bbox 1476 3078 1507 3101; x_wconf 75' lang='lat'>¹⁴</span> <span class='ocrx_word' id='word_1_546' title='bbox 1527 3075 1655 3116; x_wconf 87' lang='lat' dir='ltr'>filium</span> <span class='ocrx_word' id='word_1_547' title='bbox 1675 3073 1853 3116; x_wconf 89' lang='lat' dir='ltr'>mulieris</span> <span class='ocrx_word' id='word_1_548' title='bbox 1875 3073 2008 3114; x_wconf 76' lang='lat' dir='ltr'>viduae</span> <span class='ocrx_word' id='word_1_549' title='bbox 2063 3072 2165 3097; x_wconf 66' lang='lat' dir='ltr'>ffi‘am</span> 
     </span>
    </p>
   </div>
   <div class='ocr_carea' id='block_1_7' title="bbox 102 3109 2210 3366">
    <p class='ocr_par' dir='ltr' id='par_1_8' title="bbox 102 3109 2170 3311">
     <span class='ocr_line' id='line_1_49' title="bbox 102 3109 2170 3195; baseline -0.006 -12"><span class='ocrx_word' id='word_1_550' title='bbox 102 3143 152 3183; x_wconf 89' lang='lat' dir='ltr'>de</span> <span class='ocrx_word' id='word_1_551' title='bbox 176 3142 287 3183; x_wconf 89' lang='lat' dir='ltr'>tribu</span> <span class='ocrx_word' id='word_1_552' title='bbox 314 3140 549 3195; x_wconf 86' lang='lat' dir='ltr'>Nephthali,</span> <span class='ocrx_word' id='word_1_553' title='bbox 576 3146 693 3194; x_wconf 90' lang='lat' dir='ltr'>patre</span> <span class='ocrx_word' id='word_1_554' title='bbox 718 3139 852 3194; x_wconf 85' lang='lat' dir='ltr'>Tyrio,</span> <span class='ocrx_word' id='word_1_555' title='bbox 881 3139 1078 3180; x_wconf 88' lang='lat' dir='ltr'>artificem</span> <span class='ocrx_word' id='word_1_556' title='bbox 1104 3139 1302 3185; x_wconf 84' lang='lat' dir='ltr'>aerarium,</span> <span class='ocrx_word' id='word_1_557' title='bbox 1330 3143 1371 3178; x_wconf 90' lang='lat' dir='ltr'>et</span> <span class='ocrx_word' id='word_1_558' title='bbox 1395 3136 1560 3190; x_wconf 89' lang='lat' dir='ltr'>plenum</span> <span class='ocrx_word' id='word_1_559' title='bbox 1586 3133 1798 3187; x_wconf 88' lang='lat' dir='ltr'>sapientia,</span> <span class='ocrx_word' id='word_1_560' title='bbox 1827 3138 1868 3173; x_wconf 90' lang='lat' dir='ltr'>et</span> <span class='ocrx_word' id='word_1_561' title='bbox 1891 3132 2008 3173; x_wconf 89' lang='lat' dir='ltr'>intel·</span> <span class='ocrx_word' id='word_1_562' title='bbox 2056 3109 2170 3182; x_wconf 37' lang='lat' dir='ltr'>{2¹55}ss</span> 
     </span>
     <span class='ocr_line' id='line_1_50' title="bbox 102 3178 2162 3255; baseline -0.006 -14"><span class='ocrx_word' id='word_1_563' title='bbox 102 3200 281 3255; x_wconf 86' lang='lat' dir='ltr'>ligentia,</span> <span class='ocrx_word' id='word_1_564' title='bbox 308 3205 349 3241; x_wconf 91' lang='lat' dir='ltr'>et</span> <span class='ocrx_word' id='word_1_565' title='bbox 373 3199 561 3241; x_wconf 88' lang='lat' dir='ltr'>doctrina</span> <span class='ocrx_word' id='word_1_566' title='bbox 585 3200 637 3240; x_wconf 90' lang='lat' dir='ltr'>ad</span> <span class='ocrx_word' id='word_1_567' title='bbox 660 3199 893 3240; x_wconf 84' lang='lat' dir='ltr'>faciendum</span> <span class='ocrx_word' id='word_1_568' title='bbox 919 3211 1037 3240; x_wconf 88' lang='lat' dir='ltr'>omne</span> <span class='ocrx_word' id='word_1_569' title='bbox 1062 3211 1162 3252; x_wconf 91' lang='lat' dir='ltr'>opus</span> <span class='ocrx_word' id='word_1_570' title='bbox 1188 3211 1237 3238; x_wconf 76' lang='lat' dir='ltr'>ex</span> <span class='ocrx_word' id='word_1_571' title='bbox 1261 3210 1347 3238; x_wconf 84' lang='lat' dir='ltr'>aere.</span> <span class='ocrx_word' id='word_1_572' title='bbox 1376 3195 1453 3244; x_wconf 86' lang='lat' dir='ltr'>Qui</span> <span class='ocrx_word' id='word_1_573' title='bbox 1478 3207 1570 3235; x_wconf 85' lang='lat' dir='ltr'>curn</span> <span class='ocrx_word' id='word_1_574' title='bbox 1595 3192 1774 3234; x_wconf 88' lang='lat' dir='ltr'>Venisset</span> <span class='ocrx_word' id='word_1_575' title='bbox 1798 3192 1850 3232; x_wconf 91' lang='lat' dir='ltr'>ad</span> <span class='ocrx_word' id='word_1_576' title='bbox 1873 3204 2006 3244; x_wconf 89' lang='lat' dir='ltr'>regem</span> <span class='ocrx_word' id='word_1_577' title='bbox 2064 3178 2162 3203; x_wconf 57' lang='lat' dir='ltr'>mmm</span> 
     </span>
     <span class='ocr_line' id='line_1_51' title="bbox 102 3257 905 3311; baseline -0.005 -10"><span class='ocrx_word' id='word_1_578' title='bbox 102 3258 373 3308; x_wconf 90' lang='lat' dir='ltr'>Salomonem,</span> <span class='ocrx_word' id='word_1_579' title='bbox 403 3259 501 3300; x_wconf 82' lang='lat' dir='ltr'>fecit</span> <span class='ocrx_word' id='word_1_580' title='bbox 531 3271 649 3299; x_wconf 91' lang='lat' dir='ltr'>omne</span> <span class='ocrx_word' id='word_1_581' title='bbox 679 3271 779 3311; x_wconf 91' lang='lat' dir='ltr'>opus</span> <span class='ocrx_word' id='word_1_582' title='bbox 810 3257 905 3298; x_wconf 86' lang='lat' dir='ltr'>eius.</span> 
     </span>
    </p>

    <p class='ocr_par' dir='ltr' id='par_1_9' title="bbox 207 3302 2210 3366">
     <span class='ocr_line' id='line_1_52' title="bbox 207 3302 2210 3366; baseline -0.007 -7"><span class='ocrx_word' id='word_1_583' title='bbox 207 3320 240 3342; x_wconf 85' lang='lat'>¹⁵</span> <span class='ocrx_word' id='word_1_584' title='bbox 260 3318 333 3358; x_wconf 88' lang='lat' dir='ltr'>cEt</span> <span class='ocrx_word' id='word_1_585' title='bbox 346 3317 467 3359; x_wconf 85' lang='lat' dir='ltr'>finxit</span> <span class='ocrx_word' id='word_1_586' title='bbox 480 3317 581 3358; x_wconf 90' lang='lat' dir='ltr'>duas</span> <span class='ocrx_word' id='word_1_587' title='bbox 596 3316 805 3358; x_wconf 89' lang='lat' dir='ltr'>columnas</span> <span class='ocrx_word' id='word_1_588' title='bbox 820 3329 954 3364; x_wconf 84' lang='lat' dir='ltr'>aereas‚</span> <span class='ocrx_word' id='word_1_589' title='bbox 971 3316 1110 3357; x_wconf 90' lang='lat' dir='ltr'>decem</span> <span class='ocrx_word' id='word_1_590' title='bbox 1124 3321 1166 3356; x_wconf 91' lang='lat' dir='ltr'>et</span> <span class='ocrx_word' id='word_1_591' title='bbox 1180 3320 1272 3356; x_wconf 89' lang='lat' dir='ltr'>octo</span> <span class='ocrx_word' id='word_1_592' title='bbox 1286 3313 1519 3355; x_wconf 90' lang='lat' dir='ltr'>cubitorum</span> <span class='ocrx_word' id='word_1_593' title='bbox 1533 3309 1762 3352; x_wconf 88' lang='lat' dir='ltr'>altitudinis</span> <span class='ocrx_word' id='word_1_594' title='bbox 1777 3308 2008 3350; x_wconf 91' lang='lat' dir='ltr'>columnam</span> <span class='ocrx_word' id='word_1_595' title='bbox 2022 3302 2210 3366; x_wconf 49' lang='grc' dir='ltr'><strong>(110ξο130·</strong></span> 
     </span>
    </p>
   </div>
   <div class='ocr_carea' id='block_1_8' title="bbox 103 3368 2006 3424">
    <p class='ocr_par' dir='ltr' id='par_1_10' title="bbox 103 3368 2006 3424">
     <span class='ocr_line' id='line_1_53' title="bbox 103 3368 2006 3424; baseline -0.007 -6"><span class='ocrx_word' id='word_1_596' title='bbox 103 3390 247 3418; x_wconf 89' lang='lat' dir='ltr'>unam:</span> <span class='ocrx_word' id='word_1_597' title='bbox 266 3382 307 3418; x_wconf 91' lang='lat' dir='ltr'>et</span> <span class='ocrx_word' id='word_1_598' title='bbox 323 3376 430 3417; x_wconf 85' lang='lat' dir='ltr'>linea</span> <span class='ocrx_word' id='word_1_599' title='bbox 447 3375 662 3418; x_wconf 90' lang='lat' dir='ltr'>duodecim</span> <span class='ocrx_word' id='word_1_600' title='bbox 681 3375 913 3416; x_wconf 89' lang='lat' dir='ltr'>cubitorum</span> <span class='ocrx_word' id='word_1_601' title='bbox 931 3374 1141 3415; x_wconf 89' lang='lat' dir='ltr'>ambiebat</span> <span class='ocrx_word' id='word_1_602' title='bbox 1158 3373 1390 3415; x_wconf 89' lang='lat' dir='ltr'>columnam</span> <span class='ocrx_word' id='word_1_603' title='bbox 1408 3376 1637 3424; x_wconf 87' lang='lat' dir='ltr'>utramque.</span> <span class='ocrx_word' id='word_1_604' title='bbox 1686 3369 1720 3393; x_wconf 77' lang='lat'>¹⁶</span> <span class='ocrx_word' id='word_1_605' title='bbox 1736 3368 1828 3408; x_wconf 92' lang='lat' dir='ltr'>Duo</span> <span class='ocrx_word' id='word_1_606' title='bbox 1848 3377 2006 3420; x_wconf 86' lang='lat' dir='ltr'>quoque</span> 
     </span>
    </p>
   </div>
   <div class='ocr_carea' id='block_1_9' title="bbox 257 3472 351 3474">
    <p class='ocr_par' dir='ltr' id='par_1_11' title="bbox 257 3472 351 3474">
     <span class='ocr_line' id='line_1_54' title="bbox 257 3472 351 3474; baseline 0 0"><span class='ocrx_word' id='word_1_607' title='bbox 257 3472 351 3474; x_wconf 95' lang='lat' dir='ltr'> </span> 
     </span>
    </p>
   </div>
   <div class='ocr_carea' id='block_1_10' title="bbox 244 3512 1212 3558">
    <p class='ocr_par' dir='ltr' id='par_1_12' title="bbox 244 3512 1212 3558">
     <span class='ocr_line' id='line_1_55' title="bbox 244 3512 1212 3558; baseline -0.004 -9"><span class='ocrx_word' id='word_1_608' title='bbox 244 3517 274 3557; x_wconf 78' lang='lat'>7,</span> <span class='ocrx_word' id='word_1_609' title='bbox 294 3517 312 3549; x_wconf 89' lang='lat'><strong><em>1</em></strong></span> <span class='ocrx_word' id='word_1_610' title='bbox 335 3515 410 3548; x_wconf 76' lang='lat' dir='ltr'>alnf</span> <span class='ocrx_word' id='word_1_611' title='bbox 429 3515 460 3555; x_wconf 89' lang='grc'>9,</span> <span class='ocrx_word' id='word_1_612' title='bbox 482 3515 532 3548; x_wconf 89' lang='grc'>10.</span> <span class='ocrx_word' id='word_1_613' title='bbox 560 3535 602 3538; x_wconf 92' lang='grc'><strong>-</strong></span> <span class='ocrx_word' id='word_1_614' title='bbox 625 3515 645 3548; x_wconf 92' lang='grc'><em>8</em></span> <span class='ocrx_word' id='word_1_615' title='bbox 665 3513 756 3558; x_wconf 84' lang='lat' dir='ltr'>bSup</span> <span class='ocrx_word' id='word_1_616' title='bbox 776 3513 807 3553; x_wconf 85' lang='lat'>3,</span> <span class='ocrx_word' id='word_1_617' title='bbox 829 3515 858 3547; x_wconf 90' lang='grc'>1.</span> <span class='ocrx_word' id='word_1_618' title='bbox 885 3533 927 3538; x_wconf 93' lang='grc'>-</span> <span class='ocrx_word' id='word_1_619' title='bbox 951 3513 992 3547; x_wconf 83' lang='grc'>15</span> <span class='ocrx_word' id='word_1_620' title='bbox 1017 3512 1068 3546; x_wconf 84' lang='lat' dir='ltr'>cIr</span> <span class='ocrx_word' id='word_1_621' title='bbox 1086 3513 1139 3553; x_wconf 78' lang='lat'>52,</span> <span class='ocrx_word' id='word_1_622' title='bbox 1161 3512 1212 3545; x_wconf 82' lang='lat'>21.</span> 
     </span>
    </p>
   </div>
   <div class='ocr_carea' id='block_1_11' title="bbox 175 3561 1802 3608">
    <p class='ocr_par' dir='ltr' id='par_1_13' title="bbox 175 3561 1802 3608">
     <span class='ocr_line' id='line_1_56' title="bbox 175 3561 1802 3608; baseline -0.001 -5"><span class='ocrx_word' id='word_1_623' title='bbox 175 3579 203 3603; x_wconf 86' lang='grc' dir='ltr'>Η</span> <span class='ocrx_word' id='word_1_624' title='bbox 213 3580 245 3604; x_wconf 79' lang='lat' dir='ltr'>et</span> <span class='ocrx_word' id='word_1_625' title='bbox 256 3586 426 3608; x_wconf 79' lang='lat' dir='ltr'>zenauer,</span> <span class='ocrx_word' id='word_1_626' title='bbox 452 3578 577 3608; x_wconf 79' lang='lat' dir='ltr'>Vulgata</span> <span class='ocrx_word' id='word_1_627' title='bbox 599 3577 788 3603; x_wconf 76' lang='lat' dir='ltr'>elementina.</span> <span class='ocrx_word' id='word_1_628' title='bbox 1753 3561 1802 3601; x_wconf 80' lang='grc'>19</span> 
     </span>
    </p>
   </div>
  </div>
 </body>
</html>
