2356 3760
315 168 391 209 384
1166 165 1311 199 LIBER
1339 166 1384 200 II.
1946 170 1999 211 20,
2025 171 2168 213 27—21‚
2195 173 2236 206 15

123 259 299 320 Ιιζῗζῖξὲῐῆζζῗ
419 261 453 283 ²⁷
491 260 775 312 Reversusque
810 263 871 299 est
906 258 1036 299 omnis
1073 258 1134 298 vir
1172 258 1285 303 Iuda,
1323 266 1364 300 et
1398 259 1654 301 habitatores
1691 260 1924 310 Ierusalem,
1962 269 2003 305 et
2040 265 2237 319 Iosaphat

288 315 292 320 ”
316 326 411 360 ante
437 331 503 359 eos
529 319 569 359 in
598 317 815 359 Ierusalem
843 330 935 358 cum
961 316 1106 358 ltetitia
1130 331 1291 371 magna.
1320 331 1365 359 eo
1392 319 1502 372 quod
1528 319 1706 360 dedisset
1730 320 1785 360 eis
1811 320 2014 363 Dominus
2038 324 2235 376 gaudium

315 378 364 418 de
394 377 564 419 inimicis
595 377 687 417 suis.
747 378 781 400 2⁸
813 375 1068 429 Ingressique
1097 383 1194 418 sunt
1224 377 1264 417 in
1302 376 1515 418 Ierusalem
1546 391 1638 418 cum
1669 379 1883 431 psalteriis,
1915 386 1956 421 et
1985 381 2163 433 citharis,
2196 388 2237 424 et

316 437 426 477 tubis
455 437 495 477 in
526 437 694 476 domuin
725 435 904 476 Domini.

153 504 259 557 frisle&
420 498 454 520 2⁹
486 494 607 534 Irruit
637 500 775 534 autem
805 507 935 546 pavor
962 494 1129 534 Domini
1157 507 1278 547 super
1307 495 1497 536 universa
1524 508 1648 544 regna
1676 501 1875 537 terrarum
1905 511 1997 538 cum
2027 500 2237 542 audissent

168 554 171 555 ⁷
264 551 268 555 ”
317 555 425 608 quod
451 558 671 607 pugnasset
699 553 900 594 Dominus
926 558 1071 594 contra
1095 553 1279 594 inimicos
1307 553 1442 595 Israel.
1497 556 1533 579 ³⁰
1558 554 1804 610 Quievitque
1830 569 1998 611 regnum
2027 558 2234 613 Iosaphat,

317 621 355 654 et
390 612 563 666 praebuit
596 612 630 652 ei
661 612 772 652 Deus
805 624 947 665 pacem
979 625 1050 665 per
1081 612 1309 653 circuitum.

893 715 931 756 5.
963 716 1148 767 Reliqua
1178 717 1322 767 regis,
1350 718 1417 767 20,
1438 718 1611 768 31—21,
1632 718 1671 758 1.

150 784 276 843 i'ljjl'Jffjls’Jf
421 784 451 807 ³¹
484 781 689 835 Regnavit
719 780 843 833 igitur
874 781 1071 834 losaphat
1099 794 1220 834 super
1250 781 1408 827 ludam,
1440 788 1481 823 et
1510 789 1598 823 erat
1628 783 1797 836 triginta
1826 785 2006 839 quinque
2036 799 2237 828 annorum

269 838 273 844 ”
317 854 409 882 cum
439 853 605 894 regnare
635 840 841 893 coepisset:
874 840 1019 893 viginti
1049 847 1188 881 autem
1218 846 1259 881 et
1289 841 1469 894 quinque
1498 841 1616 882 annis
1644 843 1832 895 regnavit
1860 844 1902 885 in
1933 844 2165 891 Ierusalem,
2196 851 2238 887 et

317 913 465 941 nomen
494 900 639 941 matris
669 899 753 940 eius
782 899 927 940 Azuba
957 898 1038 940 filia
1067 898 1213 940 Selahi.

120 960 211 988 We*
225 958 305 987 W>-
421 961 454 983 ³2
476 959 532 1000 Et
553 957 782 999 ambulavit
805 959 844 999 in
867 958 933 998 via
956 959 1084 1012 patris
1105 959 1166 999 sui
1186 959 1281 1007 Asa,
1306 972 1378 1000 nec
1399 959 1623 1000 declinavit
1643 960 1695 1001 ab
1717 973 1775 1009 ea,
1799 961 1951 1003 faciens
1974 977 2063 1016 quie
2084 963 2238 1017 placita

316 1024 432 1059 erant
467 1031 603 1059 coram
638 1017 828 1058 Domino.
892 1020 924 1042 ³³
960 1017 1254 1058 Verumtamen
1289 1017 1447 1059 excelsa
1481 1032 1562 1059 non
1597 1018 1781 1068 abstulit,
1818 1025 1859 1061 et
1893 1021 2026 1062 adhue
2061 1022 2238 1076 populus

317 1091 397 1119 non
425 1077 631 1118 direxerat
658 1088 725 1117 cor
751 1089 870 1116 suum
898 1076 951 1117 ad
977 1077 1202 1118 Dominum
1230 1077 1363 1117 Deum
1392 1083 1557 1131 patrum
1585 1090 1763 1119 suorum.

125 1131 297 1191 1¹J,'‚¹1'ffj⁷‚¹¹¹s,²,h¹,¹,¹t
420 1138 452 1161 ³⁴
485 1134 660 1188 Reliqua
690 1140 828 1175 autem
859 1139 1067 1188 gestorum
1101 1136 1299 1189 iosaphat
1327 1137 1509 1190 priorum
1541 1142 1582 1178 et
1612 1137 1928 1179 novissimorum
1959 1140 2112 1194 scripta
2141 1145 2238 1181 sunt

127 1250 130 1251 ⁷
316 1196 356 1237 in
386 1195 519 1236 verbis
549 1194 648 1235 lehu
677 1193 747 1235 filii
776 1193 953 1238 Hanani,
986 1208 1075 1248 quae
1103 1194 1270 1248 digessit
1296 1195 1336 1235 in
1365 1196 1507 1237 Libros
1535 1209 1674 1249 regum
1706 1196 1840 1238 Israel.

122 1249 302 1310 ¹1¹‹{'‡}¹⁵1j11}1{„¹1¹
420 1256 452 1279 35
479 1254 579 1294 Post
604 1253 689 1294 haec
715 1253 807 1294 iniit
833 1253 1034 1295 amicitias
1063 1253 1261 1307 Iosaphat
1286 1267 1357 1295 rex
1386 1254 1489 1296 Iuda
1515 1269 1607 1296 cum
1634 1255 1813 1296 Ochozia
1838 1269 1930 1310 rege
1956 1257 2095 1306 Israel,
2124 1258 2238 1299 cuius

137 1324 164 1368 ‹jt
188 1319 286 1378 ⁴:¹55&
317 1327 438 1367 opera
470 1313 638 1353 fuerunt
668 1313 919 1366 impiissima.
979 1315 1015 1337 ³⁶
1046 1313 1101 1354 Et
1132 1313 1337 1367 particeps
1367 1313 1447 1354 fuit
1478 1320 1526 1355 ut
1555 1314 1737 1355 facerent
1767 1328 1904 1363 naves,
1940 1330 2030 1370 quae
2060 1317 2167 1358 irent
2197 1318 2238 1358 in

132 1360 245 1379 “mm
266 1363 291 1380 ’“’
318 1373 498 1413 Tharsis:
529 1372 795 1425 feceruntque
825 1371 993 1412 classem
1023 1372 1064 1413 in
1093 1372 1357 1423 Asiongaber.
1415 1375 1449 1398 ³⁷
1479 1373 1753 1426 Prophetavit
1781 1380 1921 1415 autem
1950 1375 2105 1416 Eliezer
2133 1375 2238 1417 filius

317 1432 464 1473 Dodau
487 1432 536 1472 de
557 1431 717 1472 Maresa
738 1431 789 1471 ad
814 1431 1022 1484 losaphat,
1046 1431 1202 1472 dicens:
1227 1432 1332 1480 Quia
1351 1431 1534 1474 habuisti
1555 1433 1690 1474 foedus
1712 1446 1804 1474 cum
1827 1433 2016 1483 Ochozia,
2039 1435 2239 1488 percussit

316 1491 518 1532 Dominus
548 1503 672 1543 opera
701 1495 785 1538 tua,
818 1490 1087 1543 contritaeque
1117 1496 1214 1531 sunt
1244 1504 1381 1535 naves.
1414 1505 1486 1532 nec
1516 1497 1743 1545 potuerunt
1771 1492 1828 1533 ire
1856 1493 1899 1533 in
1929 1493 2104 1535 Tharsis.

174 1553 249 1570 ’ΜΝ
419 1550 483 1593 21.
540 1551 553 1573 ¹
580 1549 790 1590 Dormivit
823 1554 980 1590 aautem
1010 1549 1208 1603 ‘iosaphat
1235 1563 1328 1591 eum
1355 1551 1542 1604 patribus
1570 1552 1663 1599 suis,
1694 1557 1735 1592 et
1761 1551 1945 1605 sepultus
1973 1559 2035 1594 est
2061 1566 2154 1594 cum
2182 1553 2238 1594 eis

137 1583 155 1606 1«
164 1582 286 1612 saphat.

316 1610 357 1650 in
387 1609 565 1651 Civitate
594 1608 750 1649 David:
782 1608 1051 1662 regnavitque
1083 1608 1219 1650 Ioram
1248 1608 1353 1650 filius
1383 1610 1468 1651 eius
1497 1623 1569 1664 pro
1600 1624 1658 1652 eo,

549 1713 643 1766 IV.
682 1714 872 1780 Reges
912 1729 1099 1779 usque
1138 1714 1213 1765 ad
1252 1714 1574 1776 Ezechiam,
1612 1714 1689 1776 21,
1717 1715 1911 1778 2—28,
1937 1716 2020 1768 27.

870 1805 908 1844 1.
941 1805 1087 1846 loram
1119 1816 1202 1846 rex
1233 1805 1434 1856 quintus,
1463 1805 1529 1856 21,
1548 1806 1694 1847 2—20.

158 1879 269 1903 ‘'NJ—<³0
422 1880 437 1903 ²
453 1878 530 1926 Qui
546 1877 693 1919 habuit
707 1877 855 1918 fratres
870 1877 972 1918 filios
990 1877 1199 1931 Iosaphat,
1216 1877 1419 1926 Azariam,
1438 1883 1479 1918 et
1496 1876 1634 1926 Iahiel,
1652 1883 1693 1919 et
1708 1878 1960 1923 Zachariam,
1978 1884 2019 1920 et
2033 1878 2236 1927 Azariam,

127 1914 300 1980 ἱῖἱῗιῖἷ-ῗῖῗιίιῖιῗ
319 1942 357 1979 et
380 1937 565 1985 Michael,
589 1942 631 1978 et
651 1936 906 1990 Saphatiam.
932 1949 1072 1978 omnes
1094 1936 1146 1985 hi,
1171 1935 1242 1977 filii
1266 1936 1463 1990 Iosaphat
1484 1936 1587 1990 regis
1611 1936 1725 1978 Iuda.
1776 1939 1792 1962 3
1813 1937 2022 1991 Deditque
2044 1938 2100 1979 eis
2121 1942 2240 1991 pater

316 2010 413 2038 suus
436 1996 570 2037 multa
592 2009 764 2037 munera
787 1995 956 2049 argenti,
983 2001 1024 2036 et
1048 1996 1147 2043 auri,
1174 2000 1215 2036 et
1238 1995 1547 2050 pensitationes
1574 2009 1666 2037 cum
1691 1996 1930 2037 civitatibus
1954 1996 2239 2037 munitissimis

318 2057 358 2097 in
390 2056 511 2097 Iuda:
542 2069 711 2108 regnum
742 2060 881 2096 autem
912 2055 1084 2096 tradidit
1115 2055 1263 2101 loram,
1295 2068 1340 2096 eo
1371 2055 1481 2109 quod
1511 2060 1617 2096 esset
1644 2055 1953 2109 primogenitus.
2010 2057 2026 2080 4
2054 2055 2240 2097 Surrexit

319 2129 410 2169 ergo
436 2115 569 2156 Ioram
592 2128 713 2168 super
735 2127 903 2165 regnum
925 2114 1055 2168 patris
1077 2114 1156 2155 sui:
1181 2127 1356 2167 cumque
1378 2127 1418 2155 se
1441 2114 1734 2160 confirmasset,
1760 2115 1909 2155 occidit
1930 2127 2070 2156 omnes
2092 2115 2239 2155 fratres

318 2187 411 2216 suos
440 2174 588 2227 gladio,
621 2180 662 2214 et
692 2166 891 2227 quosdam
922 2173 971 2213 de
1001 2173 1253 2226 principibus
1285 2172 1419 2213 Israel.

153 2232 275 2295 ξζξζζξζῗῇ
423 2235 437 2257 ⁵
468 2233 829 2287 Trigintaduorum
860 2245 1060 2273 annorum
1091 2237 1179 2273 erat
1208 2232 1344 2273 loram
1373 2245 1465 2272 cum
1494 2245 1662 2285 regnare
1691 2232 1899 2285 coepisset:
1931 2238 1972 2273 et
2000 2237 2092 2274 octo
2123 2232 2239 2273 annis

318 2293 507 2346 regnavit
534 2292 575 2333 in
608 2291 838 2332 Ierusalem.

154 2347 275 2411 ssff.¹}1¹ss¹¹‡²r
427 2353 442 2375 ⁶
467 2350 792 2404 Ambulavitque
818 2350 858 2391 in
886 2350 961 2391 viis
987 2363 1128 2404 regum
1157 2349 1292 2397 Israel,
1321 2350 1427 2391 sicut
1453 2355 1591 2403 egerat
1617 2350 1763 2391 domus
1789 2350 1951 2391 Achab:
1980 2350 2062 2391 filia
2089 2351 2239 2404 quippe

164 2425 274 2449 regmae=
320 2411 462 2452 Achab
481 2416 569 2451 erat
586 2423 688 2451 uxor
705 2410 800 2454 eius,
821 2416 862 2450 et
878 2409 975 2450 fecit
991 2408 1146 2450 malum
1164 2409 1205 2450 in
1223 2414 1443 2462 conspectu
1461 2409 1640 2450 Domini.
1690 2411 1703 2433 ⁷
1723 2408 1866 2450 Noluit
1882 2414 2021 2450 autem
2037 2410 2240 2450 Dominus

320 2470 550 2524 disperdere
581 2470 749 2510 domum
779 2469 917 2510 David
946 2474 1114 2523 propter
1143 2474 1324 2522 pactum,
1358 2469 1468 2522 quod
1497 2468 1644 2509 inierat
1674 2481 1765 2509 oum
1796 2482 1861 2509 eo:
1893 2473 1935 2509 et
1964 2468 2061 2522 quia
2089 2469 2239 2522 promi-

320 2535 428 2570 serat
458 2534 505 2570 ut
533 2529 651 2570 daret
681 2529 714 2569 ei
743 2527 964 2576 lucernam,
997 2534 1037 2568 et
1067 2527 1157 2568 filiis
1187 2528 1271 2568 eius
1302 2527 1412 2569 omni
1442 2533 1637 2581 tempore.

147 2588 285 2648 fflffifffijfft
428 2590 443 2612 ⁸
475 2588 522 2628 In
553 2587 694 2629 diebus
725 2587 801 2628 illis
831 2586 1045 2628 rebellavit
1074 2587 1220 2635 Edoni,
1254 2600 1303 2627 ne
1334 2593 1437 2627 esset
1468 2587 1658 2627 subditus
1690 2586 1813 2635 Iudae,
1846 2592 1888 2628 et
1916 2586 2134 2628 constituit
2162 2587 2238 2628 sibi

165 2659 271 2689 mona,
320 2661 467 2700 regem.
534 2648 549 2670 ⁹
585 2646 768 2700 Cumque
805 2646 1019 2687 transisset
1055 2646 1190 2687 Ioram
1226 2659 1319 2686 curn
1355 2646 1606 2700 principibus
1642 2646 1735 2694 suis,
1774 2651 1815 2686 et
1851 2651 1999 2687 cuncto
2035 2646 2237 2699 equitatu,

321 2707 390 2761 qui
415 2712 502 2747 erat
527 2719 675 2754 secum,
703 2706 879 2747 surrexit
902 2710 1033 2749 nocte.
1062 2711 1102 2746 et
1127 2705 1327 2758 percussit
1351 2705 1485 2747 Edom
1512 2705 1581 2758 qui
1605 2718 1646 2746 se
1671 2705 2007 2753 circumdederat,
2034 2711 2075 2746 et
2099 2718 2239 2746 omnes

320 2766 442 2807 duces
463 2765 673 2819 equitatus
695 2765 790 2806 eius.
842 2766 876 2789 ¹⁰
895 2765 1095 2805 Attamen
1115 2763 1331 2805 rebellavit
1350 2764 1496 2812 Edoni,
1519 2777 1569 2805 ne
1590 2770 1695 2805 esset
1715 2764 1790 2805 sub
1812 2764 1966 2805 ditione
1988 2763 2092 2804 Iuda
2111 2777 2239 2818 usque

321 2825 373 2865 ad
395 2824 502 2865 hanc
525 2824 650 2865 diem:
676 2838 721 2865 eo
746 2830 928 2877 tempore
951 2830 992 2864 et
1014 2824 1159 2864 Lobna
1180 2823 1344 2864 recessit
1366 2837 1415 2864 ne
1439 2828 1544 2864 esset
1566 2824 1641 2864 sub
1664 2836 1789 2863 manu
1813 2822 1930 2864 illius.
1955 2822 2240 2876 Dereliquerat.

321 2884 428 2924 enim
460 2883 684 2924 Dominum
717 2883 851 2923 Deum
884 2888 1049 2936 patrum
1083 2896 1267 2924 suorum:
1329 2884 1359 2907 ¹¹
1391 2883 1557 2936 insuper
1587 2888 1627 2923 et
1660 2882 1819 2923 excelsa
1848 2882 2073 2923 fabricatus
2106 2888 2167 2923 est
2197 2882 2239 2923 in

323 2943 490 2983 urbibus
520 2943 635 2991 Iuda,
666 2950 707 2983 et.
733 2942 923 2983 fornicari
951 2942 1047 2982 fecit
1075 2942 1329 2983 habitatores
1359 2941 1589 2985 Ierusalem,
1620 2947 1660 2982 et
1688 2941 1945 2995 praevaricari
1974 2941 2132 2983 Iudam.

124 3006 311 3065 “nmi-lss-liae
428 3004 458 3026 12
488 3001 635 3042 Allatae
666 3007 761 3042 sunt
793 3007 931 3042 autem
964 3001 997 3042 ei
1028 3000 1174 3041 litterae
1205 3001 1255 3041 ab
1287 3000 1378 3041 Elia
1408 3001 1620 3055 propheta,
1653 3001 1693 3041 in
1726 3000 1873 3054 quibus
1903 3000 2101 3053 scriptum
2132 3005 2237 3040 erat:

140 3048 210 3071 ΡΜ
225 3050 238 3065 ¹*
265 3050 296 3068 ‘⁹'
325 3061 420 3102 Haec
441 3061 539 3101 dicit
560 3061 761 3101 Dominus
781 3061 891 3101 Deus
912 3060 1048 3100 David
1069 3061 1196 3113 patris
1218 3060 1296 3101 tui:
1319 3060 1521 3109 Quoniam
1543 3073 1624 3101 non
1644 3058 1866 3100 ambulasti
1885 3059 1926 3100 in
1946 3059 2022 3100 viis
2043 3058 2239 3112 Iosaphat

324 3121 450 3173 patris
473 3120 544 3165 tui,
569 3125 607 3160 et
630 3119 670 3159 in
693 3120 767 3160 viis
789 3120 871 3160 Asa
892 3120 993 3173 regis
1018 3119 1131 3163 Iuda,
1184 3121 1214 3144 ¹3
1236 3119 1305 3160 sed
1326 3119 1525 3160 incessisti
1547 3132 1617 3172 per
1637 3119 1714 3160 iter
1734 3131 1874 3172 regum
1897 3117 2032 3167 Israel,
2056 3123 2096 3159 et
2116 3118 2240 3159 forni-

323 3180 402 3219 cari
427 3179 556 3219 fecisti
583 3179 741 3222 ludam,
768 3184 808 3219 et
831 3178 1086 3219 habitatores
1113 3178 1342 3224 ierusalem,
1368 3179 1554 3219 imitatus
1578 3178 1891 3219 fornicationem
1914 3177 2060 3218 domus
2081 3176 2237 3224 Achab,

323 3238 486 3290 insuper
513 3245 552 3278 et
580 3238 726 3278 fratres
754 3244 845 3279 tuos
873 3238 1041 3278 domum
1068 3238 1198 3290 patris
1226 3238 1297 3283 tui,
1327 3237 1510 3278 meliores
1538 3243 1578 3277 te
1605 3236 1806 3278 occidisti:
1864 3238 1894 3260 ¹⁴
1921 3249 2010 3276 ecce
2036 3235 2240 3277 Dominus

323 3297 522 3349 percutiet
551 3303 590 3336 te
617 3295 738 3349 plaga
765 3310 914 3347 magna
940 3310 1032 3337 cum
1060 3296 1210 3350 populo
1240 3302 1323 3342 tuo,
1353 3302 1394 3337 et
1421 3296 1523 3341 filiis,
1554 3302 1595 3337 et
1622 3295 1819 3336 uxoribus
1846 3295 1938 3343 tuis,
1968 3295 2239 3348 universaque

323 3355 554 3395 substantia
575 3360 657 3396 tua.
706 3358 736 3380 ¹5
756 3361 799 3397 tu
820 3363 957 3397 autem
977 3355 1193 3408 aegrotabis
1212 3356 1385 3408 pessimo
1405 3355 1599 3409 languore
1617 3354 1721 3397 uteri
1739 3354 1812 3403 tui,
1833 3354 1962 3396 donec
1980 3354 2241 3408 egrediantur

324 3413 467 3455 vitalia
499 3420 570 3454 tua
600 3414 799 3467 paulatim
832 3428 902 3469 per
931 3414 1110 3468 singulos
1140 3415 1235 3455 dies.

463 3518 516 3561 21,
549 3520 567 3552 1
595 3520 631 3552 ai
660 3518 712 3563 Rg
737 3520 789 3560 22,
814 3519 866 3555 51.
