2356 3760
123 115 152 153 l,
179 114 298 154 26—2,
325 115 365 147 29
629 116 852 150 EPISTOLA
878 116 1017 150 BEATI
1045 117 1183 150 PAULI
1209 117 1271 151 AD
1298 117 1520 153 ROMANOS
1913 124 2010 165 1099

120 205 196 246 Dei
228 205 269 246 in
300 207 576 249 mendacium:
611 214 652 249 et
684 207 906 256 coluerunt,
942 214 982 249 et
1014 209 1240 251 servierunt
1271 217 1464 252 creaturae
1497 211 1632 264 potius
1665 225 1786 265 quam
1819 215 2010 263 Creatori,

122 264 190 327 qui
215 270 276 328 est
300 265 536 307 benedictus
560 266 601 306 in
626 266 781 307 saecula.
808 266 950 307 Amen.
1003 269 1038 292 '²⁶
1061 268 1282 321 Propterea
1306 269 1475 310 tradidit
1500 269 1586 310 illos
1610 270 1719 310 Deus
1744 271 1783 311 in
1807 274 2011 325 passiones

120 323 360 386 ignominiae.
400 324 506 365 Nam
539 324 701 365 feminae
735 338 872 365 eorum
908 325 1232 367 immutaverunt
1265 327 1492 368 naturalem
1528 341 1644 368 usum
1680 329 1721 368 in
1756 342 1844 370 eum
1881 345 2009 373 usum.

121 393 190 432 qm
210 387 271 422 est
291 387 434 423 contra
452 388 656 424 naturam.
705 383 738 406 2⁷
759 382 953 423 Similiter
972 390 1109 425 autem
1130 390 1170 425 et
1189 386 1369 435 masculi,
1392 386 1529 427 relicto
1549 386 1726 427 naturali
1746 400 1820 428 usu
1840 389 2008 435 feminee,

120 446 359 481 exarserunt
375 440 416 480 in
434 440 638 481 desideriis
656 440 736 481 suis
753 440 793 480 in
810 440 997 491 invicem,
1016 442 1183 484 masculi
1199 442 1239 482 in
1257 444 1455 485 masculos
1474 445 1768 497 turpitudinem
1787 455 2010 499 operantes.

120 503 162 538 et
192 499 431 548 mercedem,
466 513 589 553 quam
623 500 818 552 oportuit,
853 499 995 541 erroris
1028 500 1088 541 sui
1120 501 1161 541 in
1193 502 1417 555 semetipsis
1450 503 1697 555 recipientes.
1757 505 1792 528 ²⁸
1824 504 1879 545 Et
1911 505 2013 547 sicut

119 569 203 598 non
225 558 504 610 probaverunt
524 558 658 598 Deum
680 557 827 599 habere
848 558 890 599 in
911 558 1078 599 notitia:
1102 558 1272 600 tradidit
1293 560 1380 601 illos
1402 561 1511 601 Deus
1533 561 1573 601 in
1596 562 1811 614 reprobum
1833 576 2011 604 sensum:

120 621 168 656 ut
181 615 336 657 faciant
351 630 409 663 ea,
429 629 519 670 quae
533 629 616 657 non
632 617 892 665 conveniunt,
937 619 971 641 ²⁹
987 617 1160 670 repletos
1177 618 1288 658 omni
1303 618 1530 672 iniquitate,
1548 619 1714 661 malitia.
1733 620 2011 665 fornicatione.

120 673 305 724 avaritia,
352 675 546 728 nequitia,
592 673 731 727 plenos
774 675 940 724 invidia,
986 675 1215 725 homicidio,
1262 677 1532 725 contentione,
1579 678 1683 726 dolo,
1747 678 2011 727 malignitate.

120 745 366 782 susurrones,
412 735 449 758 ³⁰
466 733 727 783 detractores,
748 734 834 775 Deo
854 734 1034 783 odibiles,
1055 734 1605 788 contumeliosos,superbos,
1625 735 1764 783 elatos,
1783 729 2014 779 inventores

119 791 332 840 malorum,
358 791 596 845 parentibus
620 805 702 833 non
727 793 971 842 obedientes,
1024 795 1055 817 31
1079 793 1326 846 insipientes,
1352 793 1654 847 incompositOS,
1680 794 1763 834 sine
1788 795 2013 844 affectione,

120 850 274 903 absque
306 850 469 899 foedere,
505 850 588 891 sine
621 851 904 892 misericordia.
966 853 998 876 ³2
1031 851 1109 899 Qui
1142 865 1234 893 cum
1266 851 1466 893 iustitiam
1499 851 1574 892 Dei
1607 852 1900 905 cognovissent,
1934 867 2014 894 non

119 907 408 950 intellexerunt
424 909 617 962 quoniam
635 909 703 962 qui
720 908 820 951 talia
835 915 974 963 agunt,
993 909 1103 963 digni
1119 915 1216 952 sunt
1230 916 1379 952 morte:
1398 916 1438 952 et
1454 923 1535 952 non
1551 910 1681 952 solum
1700 910 1765 963 qui
1783 923 1830 951 ea
1845 910 2011 960 faciunt,

119 967 190 1007 sed
220 966 344 1009 etiam
375 967 444 1021 qui
475 967 736 1009 consentiunt
766 967 1020 1010 facientibus.

499 1071 537 1111 2.
567 1071 738 1111 lustitia
768 1072 846 1111 Dei
877 1082 967 1112 non
998 1083 1055 1112 ex
1085 1071 1190 1123 lege
1219 1071 1356 1121 venit,
1384 1073 1423 1122 2,
1443 1072 1561 1123 1-3,
1581 1073 1646 1112 20.

224 1140 262 1184 2.
318 1143 331 1165 1
360 1141 532 1193 Propter
557 1141 666 1194 quod
689 1140 973 1182 inexcusabilis
998 1155 1037 1182 es
1063 1155 1085 1183 o
1109 1142 1230 1183 homo
1256 1141 1397 1190 omnis,
1425 1141 1493 1195 qui
1516 1141 1680 1182 iudicas.
1712 1142 1779 1181 ain
1805 1155 1884 1195 quo
1909 1141 2013 1182 enim
2074 1149 2161 1173 Iudaei

120 1198 275 1241 iudicas
309 1197 494 1247 alterum,
530 1199 705 1252 teipsum
739 1200 1002 1241 condemnas:
1038 1201 1178 1241 eadem
1212 1200 1318 1240 enim
1352 1199 1434 1253 agis
1469 1213 1556 1253 quae
1588 1199 1752 1240 iudicas.
1813 1202 1827 1224 2
1859 1200 2015 1241 Scimus
2028 1184 2209 1245 ‘iiiiii-{iilis

121 1258 228 1299 enim
250 1257 443 1312 quoniam
463 1257 657 1299 iudicium
676 1258 753 1299 Dei
773 1264 835 1299 est
854 1259 1076 1299 secundum
1096 1258 1313 1299 veritatem
1332 1258 1373 1298 in
1394 1271 1472 1306 cOS,
1496 1257 1564 1310 qui
1585 1257 1682 1298 talia
1702 1264 1839 1311 agunt.
1887 1260 1902 1282 3
1922 1258 2016 1298 Exi·
2035 1254 2202 1311 “⁷3¹„,‘,'l²j,¹}f}¹¹¹

121 1316 263 1358 stimas
280 1322 418 1358 autem
435 1316 510 1357 hoc
528 1330 549 1358 o
566 1317 701 1365 homo,
721 1316 790 1370 qui
805 1316 958 1357 iudicas
976 1330 1056 1365 eos,
1076 1316 1144 1369 qui
1161 1316 1260 1357 talia
1276 1322 1413 1369 agunt.
1433 1321 1472 1356 et
1490 1315 1586 1356 facis
1603 1329 1660 1363 ea,
1681 1316 1776 1368 quia
1791 1322 1836 1356 tu
1853 1316 2015 1369 effugies
2032 1309 2207 1369 inv-{vicaci-

121 1375 315 1417 iudicium
330 1374 430 1415 Dei?
472 1377 488 1399 1
500 1375 565 1415 An
580 1375 745 1416 divitias
760 1374 957 1416 bonitatis
972 1374 1067 1422 eius,
1085 1380 1126 1415 et
1139 1374 1359 1427 patientiae,
1377 1380 1417 1414 et
1431 1373 1752 1425 longanimitatis
1768 1374 2015 1415 contemnis?
2051 1359 2089 1382 ¹⁶⁵
2112 1360 2187 1384 ΝΜ

119 1434 280 1488 ignoras
306 1433 499 1487 quoniam
523 1433 752 1486 benignitas
776 1433 852 1473 Dei
877 1433 928 1473 ad
952 1432 1238 1486 poenitentiam
1262 1438 1302 1473 te
1337 1432 1526 1472 adducit?
1577 1434 1592 1455 5
1616 1432 1845 1472 Secundum
1882 1438 2017 1473 autem

121 1493 314 1534 duritiam
338 1498 465 1540 tuam,
492 1497 533 1532 et
554 1491 815 1545 impoenitens
840 1505 919 1537 cor,
946 1490 1194 1532 thesaurizas
1217 1490 1292 1532 tibi
1315 1490 1415 1531 iram
1439 1490 1480 1530 in
1504 1489 1567 1530 die
1590 1490 1670 1538 irae,
1702 1495 1744 1531 et.
1764 1489 2022 1530 revelationis

121 1552 217 1593 iusti
241 1550 377 1592 iudicii
401 1550 490 1598 Dei,
544 1551 559 1574 ⁶
586 1550 676 1603 bqui
700 1550 842 1591 reddet
866 1549 1083 1603 unicuique
1107 1549 1328 1590 secundum
1354 1561 1475 1601 opera
1498 1548 1599 1589 eius:
1642 1551 1655 1572 ⁷
1680 1548 1727 1588 iis
1752 1548 1928 1601 quidem,
1954 1548 2021 1601 qui

121 1611 344 1652 secundum
375 1608 617 1662 patientiam
649 1607 745 1649 boni
776 1608 919 1661 operis,
950 1607 1132 1661 gloriam,
1163 1613 1204 1649 et
1233 1607 1441 1656 honorem,
1472 1613 1513 1647 et
1542 1605 1884 1659 incorruptionem
1916 1619 2021 1659 quee-

121 1675 229 1719 runt,
252 1668 382 1710 vitam
402 1673 616 1708 aeternam:
667 1668 682 1691 ⁸
701 1666 748 1707 iis
769 1673 920 1715 autem,
943 1667 1011 1719 qui
1031 1671 1127 1707 sunt
1146 1680 1195 1707 ex
1215 1665 1488 1713 contentione,
1509 1670 1549 1706 et
1570 1664 1637 1717 qui
1658 1677 1738 1706 non
1759 1664 2019 1717 acquiescunt

122 1727 301 1775 veritati,
333 1727 505 1768 credunt
535 1731 673 1766 autem
703 1725 925 1778 iniquitati,
957 1725 1028 1774 ira,
1060 1731 1101 1766 et
1129 1724 1367 1778 indignatio.

229 1787 244 1810 ⁹
270 1784 508 1833 Tribulatio,
535 1790 576 1825 et
601 1783 790 1837 angustia
814 1784 855 1824 in
882 1797 1041 1825 omnem
1069 1783 1247 1824 animam
1272 1781 1446 1824 hominis
1473 1781 1676 1835 operantis
1701 1780 1867 1829 malum,
1896 1780 2018 1820 Iudaei
2080 1778 2166 1801 1¹¹¹¹¹¹⁰

123 1845 312 1899 primum,
335 1850 375 1884 et
396 1842 542 1884 Graeci:
592 1844 627 1866 1⁰
647 1834 774 1895 gloria
795 1848 946 1891 autem,
969 1848 1010 1883 et
1030 1842 1171 1890 honor,
1195 1847 1235 1882 et
1256 1854 1337 1894 pax
1359 1839 1467 1881 omni
1489 1839 1672 1892 operanti
1695 1839 1859 1887 bonum,
1884 1838 2018 1879 Iudaeo
2039 1820 2206 1894 hffiic‘aiiiib-

123 1903 312 1958 primum,
341 1908 383 1943 et
408 1902 566 1943 Graeco:
622 1903 652 1925 11
687 1914 784 1942 cnon
811 1901 917 1941 enim
946 1906 1006 1941 est
1033 1899 1214 1953 acceptio
1240 1912 1503 1952 personarum
1531 1898 1640 1951 apud
1667 1898 1810 1938 Deum.
1866 1898 1897 1921 12
1924 1896 2018 1944 Qui·
2047 1886 2201 1948 ‘'',}¹,.„‘{L¹JL³,'¹¹

123 1975 296 2015 cumque
321 1960 428 2001 enim
452 1959 536 2000 sine
559 1959 643 2013 lege
668 1965 952 2012 peccaverunt,
978 1959 1061 1999 sine
1085 1957 1169 2011 lege
1193 1957 1401 2010 peribunt:
1427 1962 1468 1997 et
1492 1956 1735 2009 quicumque
1758 1955 1799 1995 in
1823 1954 1906 2007 lege
1930 1967 2019 2007 pec-

123 2026 333 2068 caverunt,
362 2032 434 2072 per
459 2018 587 2072 legem
614 2017 924 2059 iudicabuntur:
980 2019 1011 2042 13
1041 2017 1153 2058 dNon
1182 2016 1288 2057 enim
1316 2015 1519 2056 auditores
1546 2014 1641 2067 legis
1669 2014 1763 2054 iusti
1791 2019 1885 2053 sunt
1914 2013 2021 2065 apud

123 2080 270 2127 Deum,
303 2078 373 2119 sed
403 2077 578 2118 factores
609 2076 705 2129 legis
736 2076 1078 2129 iustificabuntur.
1138 2076 1171 2099 14
1201 2074 1301 2115 Cum
1333 2073 1438 2114 enim
1470 2073 1632 2121 Gentes,
1666 2085 1754 2125 quae
1784 2071 1910 2124 legem
1941 2083 2024 2110 non

124 2139 291 2186 habent,
318 2135 561 2177 naturaliter
584 2148 643 2183 ea,
671 2147 767 2188 quae.
784 2134 880 2187 legis
905 2140 1013 2180 sunt,
1040 2133 1208 2181 faciunt,
1236 2132 1431 2173 eiusmodi
1456 2131 1583 2180 legem
1608 2143 1689 2171 non
1714 2130 1921 2177 habentes,
1949 2127 2025 2181 ipsi

124 2197 200 2238 sibi
224 2201 321 2237 sunt
344 2195 426 2235 lex:
480 2196 511 2219 15
537 2193 605 2247 qui
631 2193 856 2234 ostendunt
880 2206 983 2246 opus
1008 2191 1103 2245 legis
1129 2191 1325 2244 scriptum
1349 2189 1389 2230 in
1416 2189 1601 2230 cordibus
1627 2188 1718 2237 suis,
1746 2186 2025 2229 testimonium

124 2256 319 2297 reddente
342 2253 418 2294 illis
444 2251 691 2294 conscientia
713 2251 905 2305 ipsorum,
932 2257 973 2291 et
995 2250 1101 2291 inter
1125 2263 1164 2289 se
1188 2248 1361 2289 invicem
1386 2247 1700 2301 cogitationibus
1726 2244 2023 2290 accusantibus,

125 2320 198 2356 aut
214 2313 339 2354 etiam
357 2310 683 2359 defendentibus,
729 2312 763 2334 1⁶
780 2309 820 2350 in
839 2309 914 2357 die,
934 2323 1024 2350 cum
1042 2307 1239 2349 iudicabit
1256 2307 1365 2346 Deus
1384 2305 1542 2346 occulta
1558 2304 1780 2351 hominum,
1800 2303 2019 2343 secundum

125 2371 395 2425 Evangelium
424 2383 561 2411 meum
590 2382 661 2422 per
692 2369 825 2409 Iesum
854 2367 1071 2409 Christum.

229 2432 261 2454 ¹⁷
286 2429 328 2470 Si
352 2434 489 2470 autem
514 2433 561 2469 tu
586 2427 746 2468 Iudaeus
770 2425 1078 2480 cognominaris,
1104 2431 1145 2465 et
1168 2422 1381 2477 requiescis
1404 2422 1444 2462 in
1468 2421 1564 2475 lege,
1590 2427 1630 2461 et
1652 2419 1832 2473 gloriaris
1856 2419 1896 2458 in
1919 2418 2018 2465 Deo,
2033 2419 2097 2450 <1¹¹i³
2113 2418 2213 2443 ²¹¹⁸*22'0

2064 2454 2100 2476 ς’
2142 2454 2171 2477 Υ’;

125 2491 160 2514 18
187 2495 229 2530 et
255 2487 364 2529 nosti
392 2486 649 2528 voluntatem
678 2485 774 2534 eius,
804 2492 843 2526 et
872 2485 1018 2538 probas
1047 2483 1222 2531 utiliora,
1251 2482 1473 2522 instructus
1501 2493 1572 2533 per
1597 2478 1737 2532 legem,
1793 2480 1826 2501 19
1855 2475 2020 2518 contidis
2079 2461 2200 2535 ιριῗᾷἶήζν

126 2548 301 2601 teipsum
329 2559 412 2587 esse
439 2546 583 2586 ducem
611 2557 820 2592 caecorum,
848 2542 985 2584 lumen
1012 2555 1162 2589 eorum,
1192 2540 1259 2593 qui
1286 2539 1326 2579 in
1354 2538 1528 2580 tenebris
1555 2542 1662 2585 sunt,
1715 2538 1751 2560 ²0
1777 2535 2019 2575 eruditorem
2046 2524 2201 2584 “¹¹2¹,',‘”{,‘,'‚¹3¹“⁵

124 2605 416 2659 insipientium,
438 2603 679 2657 magistrum
699 2601 933 2648 infantium,
955 2601 1174 2641 habentem
1194 2599 1367 2639 formam
1389 2596 1576 2643 scientiae,
1599 2601 1639 2636 et
1659 2592 1843 2635 veritatis
1863 2593 1902 2632 in
1924 2592 2018 2644 lege.

125 2667 157 2690 21
183 2663 261 2713 Qui
286 2676 378 2717 ergo
404 2662 528 2704 alium
555 2662 686 2710 doces,
713 2661 889 2714 teipsum
914 2672 996 2701 non
1021 2659 1157 2700 doces:
1185 2656 1253 2710 qui
1278 2655 1471 2709 praedicas
1496 2667 1576 2695 non
1603 2653 1832 2699 furandum,
1859 2649 2021 2690 furaris:

126 2725 158 2748 22
186 2722 254 2776 (1111
282 2722 381 2763 dicis
407 2734 489 2762 non
516 2720 820 2767 moechandum,
848 2717 1081 2759 moecharis:
1112 2715 1180 2769 (1111
1208 2713 1453 2756 abominaris
1481 2712 1599 2754 idola.
1629 2709 1877 2762 sacrilegium
1906 2707 2022 2748 facis:

126 2784 158 2806 23
188 2781 257 2834 (1111
284 2780 326 2821 111
355 2779 439 2833 lege
468 2778 661 2832 gloriaris,
692 2791 764 2831 per
791 2775 1168 2830 praevaricationem
1197 2773 1292 2826 legis
1321 2772 1452 2812 Deum
1482 2770 1709 2810 inhonoras.
1767 2769 1815 2817 (21
1850 2766 2024 2807 “Nomen

127 2839 234 2880 enim
261 2839 338 2879 Dei
364 2851 436 2891 per
461 2851 534 2878 vos
562 2837 871 2890 blasphematur
896 2835 1003 2875 inter
1028 2833 1191 2880 Gentes,
1221 2831 1324 2872 sicut
1352 2829 1545 2882 scriptum
1574 2827 1665 2874 est.)
1994 2881 2001 2887 .

231 2899 263 2921 25
288 2895 545 2938 Circumcisio
571 2895 734 2949 quidem
758 2894 936 2947 prodest,
963 2892 994 2933 si
1018 2892 1145 2945 legem
1171 2890 1375 2931 observes:
1401 2887 1431 2928 si
1457 2892 1592 2927 autem
1618 2883 1906 2938 praevaricator
1929 2881 2023 2934 legis
2039 2883 2215 2945 visrffiffjugff‘i

128 2956 192 3005 sis,
226 2954 474 2996 circumcisio
506 2960 579 2995 tua
609 2952 855 3007 praeputium
886 2951 995 2992 facta
1028 2955 1099 2990 est.
1158 2950 1194 2973 26
1223 2947 1264 2988 Si
1294 2947 1417 3000 igitur
1446 2943 1689 2998 praeputium
1721 2941 1897 2982 iustitias
1928 2939 2024 2992 legis
2046 2955 2207 2994 sert-anone

128 3013 351 3056 custodiat:
379 3025 514 3054 nonne
538 3011 784 3066 praeputium
809 3009 914 3050 illius
938 3009 979 3049 in
1005 3006 1348 3049 circumcisionem
1372 3001 1652 3056 reputabitur?
1705 3002 1738 3024 ‘²⁷
1765 3006 1805 3040 et
1829 2997 2024 3039 iudicabit
2052 2991 2203 3055 ¹⁴1',‘”}¹0⁵d,.¹}‘,'‚¹¹

128 3073 181 3122 id,
215 3072 325 3126 quod
355 3084 404 3111 ex
434 3076 583 3112 natura
613 3076 674 3111 est
703 3068 961 3123 praeputium,
994 3067 1121 3120 legem
1151 3075 1448 3105 consummans.
1483 3066 1533 3107 te,
1567 3059 1634 3113 qui
1665 3072 1735 3111 per
1763 3057 1953 3103 litteram,
1986 3060 2027 3095 et

129 3129 474 3173 circumcisionem
497 3128 788 3182 praevaricator
809 3126 905 3174 legis
929 3125 994 3166 es?
1045 3126 1079 3149 ²8
1106 3124 1196 3164 Non
1221 3121 1326 3162 enim
1352 3119 1419 3173 qui
1443 3119 1482 3158 in
1507 3117 1736 3164 manifesto,
1766 3116 1922 3156 Iudaeus
1947 3118 2024 3153 cst:

128 3203 260 3244 neque
280 3201 369 3242 quae
386 3187 428 3228 in
446 3186 676 3235 manifesto,
697 3185 739 3226 in
758 3178 888 3230 carne,
911 3190 971 3225 est
990 3180 1255 3224 circumcisio:
1302 3180 1337 3202 2⁹
1357 3178 1421 3218 sed
1445 3176 1512 3230 qui
1531 3175 1572 3216 in
1592 3173 1843 3237 abscondito:
1868 3172 2025 3211 Iudaeus

129 3254 208 3289 est:
235 3254 275 3289 et
299 3244 548 3288 circumcisio
573 3244 703 3285 cordis
727 3243 768 3283 in
793 3243 950 3296 spiritu,
976 3254 1058 3282 non
1082 3240 1235 3280 littera:
1262 3236 1374 3278 cuius
1398 3235 1485 3275 laus
1510 3247 1591 3275 non
1616 3247 1664 3274 ex
1689 3231 1931 3277 hominibus,
1958 3228 2025 3269 sed

131 3320 180 3347 ex
207 3306 295 3347 Deo
323 3310 396 3347 est.

262 3395 293 3437 2,
318 3397 336 3429 1
357 3375 478 3434 311ᾗῖ
495 3394 524 3427 2.
545 3414 587 3417 -
605 3393 625 3426 6
643 3392 715 3425 bMt
734 3391 785 3430 16,
811 3391 862 3423 27.
890 3410 931 3413 —
956 3391 995 3423 11
1019 3389 1084 3421 th
1108 3388 1159 3422 io.
1186 3387 1241 3425 17;
1267 3386 1286 3418 2
1308 3385 1373 3418 Par
1393 3384 1445 3423 19,
1466 3384 1499 3422 7;
1528 3382 1587 3415 101)
1606 3382 1658 3420 34,
1679 3380 1734 3417 19:
1762 3380 1826 3411 Act
1845 3377 1895 3415 io,
1914 3375 1963 3407 34.
1983 3391 2024 3396 —

130 3443 173 3476 13
195 3442 268 3476 th
292 3443 322 3482 7,
347 3443 404 3482 21,
432 3441 489 3474 rac
514 3442 544 3481 1,
569 3440 620 3473 22.
649 3460 689 3462 -
713 3438 756 3471 24
782 3437 833 3470 els
856 3437 910 3475 52,
935 3436 970 3476 5;
998 3436 1045 3469 ΕΖ
1070 3435 1121 3468 36.
1148 3433 1198 3467 20.
