2356 3760
119 160 150 192 35.
178 159 295 191 12⁷4.
322 159 362 190 22
1026 156 1157 189 RUTH
1941 167 2016 206 223

122 265 215 305 ergo
245 258 436 294 metuere.
469 251 540 291 sed
571 249 770 303 quidquid
800 249 947 289 dixeris
978 249 1088 290 mihi.
1122 250 1269 290 faciam
1300 249 1386 291 tibi.
1419 251 1504 291 s‘eit
1533 252 1639 292 enim
1670 257 1797 297 omnis
1830 258 2012 311 populus,

125 311 193 364 qui
224 310 387 350 habitat
416 309 525 349 intra
553 313 692 362 portas
722 307 831 348 urbis
857 321 967 349 111939.
994 307 1203 348 mulierem
1227 314 1267 348 te
1292 322 1375 348 esse
1400 308 1576 351 virtutis.
1631 313 1661 334 ¹²
1687 312 1769 353 Nec
1794 316 1926 357 abnuo
1952 330 2014 357 me

120 369 411 423 propinquum,
439 368 509 408 sed
535 372 596 407 est
621 365 721 406 alius
747 379 811 406 me
837 366 1113 419 propinquior.
1170 369 1200 391 ¹³
1227 367 1393 415 Quiesce
1420 367 1494 407 hae
1520 375 1656 409 nocte:
1684 378 1723 411 et
1749 372 1857 413 13010
1885 387 2012 419 mane.

121 428 153 468 si
175 433 216 468 te
238 426 412 468 voluerit
434 424 754 480 propinquitatis
775 424 860 465 iure
881 424 1064 467 retinere.
1083 425 1182 465 bene
1204 438 1264 465 res
1288 430 1381 466 acta
1398 431 1475 466 est:
1500 426 1561 466 sin
1584 433 1721 468 autem
1743 429 1807 470 ille
1829 431 2013 473 noluerit.

124 500 195 538 ego
221 492 261 526 te
286 486 437 538 absque
463 483 543 525 ulla
569 483 826 524 dubitatione
851 483 1080 537 suscipiam,
1107 483 1213 524 vivit
1236 483 1448 525 Dominus.
1476 485 1606 526 dormi
1630 500 1757 540 usque
1780 501 1911 529 mane.

155 539 158 540 ⁷
229 547 259 568 ¹¹
282 543 488 584 Dormivit
512 542 651 596 itaque
676 542 727 582 ad
751 542 872 595 pedes
898 541 992 585 eius.
1020 555 1146 596 usque
1171 543 1223 582 ad
1247 542 1377 583 noctis
1402 543 1644 586 abscessum.
1671 546 1852 587 Surrexit
1876 547 2014 601 itaque
2042 558 2126 598 quast*
2152 551 2199 599 [111ἱῆ

122 610 343 656 antequam
373 601 556 643 homines
585 615 626 641 se
656 606 943 654 cognoscerent
972 606 1128 648 mutuo,
1161 606 1202 642 et
1230 600 1335 641 dixit
1365 602 1491 642 Booz:
1523 602 1629 643 Cave
1658 617 1707 644 ne
1738 605 1826 658 quis
1856 606 2014 647 noverit
2037 594 2204 648 ssevssssfffl'lssf

123 662 231 714 quod
261 661 339 702 11110
369 660 538 702 veneris.
597 662 627 684 ¹5
657 659 713 700 Et
741 672 912 703 rursum,
946 660 1157 713 Expande,
1190 659 1335 713 inquit.
1368 660 1535 713 pallium
1566 666 1695 711 tuum,
1730 677 1808 716 quo
1839 664 2014 717 operiris.

121 725 162 760 et
185 725 277 760 tene
301 725 475 773 utraque
498 732 634 759 manu.
661 718 751 767 Qua
774 719 1031 759 extendente.
1058 725 1099 759 91
1121 724 1298 762 191191119,
1324 732 1484 760 1119115115
1509 724 1571 760 951
1593 733 1663 761 sex
1685 722 1841 763 modios
1864 723 2014 767 hordei,

122 785 162 819 91
187 778 326 832 posuit
352 791 472 831 super
497 791 598 818 eam.
628 778 727 825 Quae
752 782 919 830 portans
947 777 1126 830 ingressa
1151 784 1212 818 est
1238 777 1461 822 civitatem.
1517 780 1552 802 ¹⁶
1578 783 1618 819 et
1644 779 1757 821 venit
1783 781 1834 821 ad
1860 795 2017 822 socrum

121 851 249 878 suam.
295 838 393 886 Quae
423 836 528 878 dixit
559 836 611 877 ei:
646 836 752 884 Quid
783 835 899 889 egisti
933 835 1038 877 filia?
1083 836 1356 889 Narravitque
1389 836 1423 877 91
1455 837 1601 885 01111113,
1636 851 1725 891 quae
1756 838 1829 879 sibi
1860 840 2019 881 fecisset

122 896 256 938 homo.
305 898 337 920 ¹⁷
358 896 413 936 Et
432 895 508 936 ait:
529 896 632 936 Ecce
652 908 722 935 sex
740 894 897 936 modios
917 895 1054 935 hordei
1075 894 1188 936 dedit
1207 894 1318 939 mihi,
1340 900 1382 935 et
1400 894 1475 936 ait:
1499 895 1600 937 Nolo
1620 910 1793 937 vacuam
1812 904 1851 937 te
1872 899 2017 939 reverti

122 955 174 995 ad
205 968 363 996 socrum
395 960 522 995 tuam.
583 956 617 978 ¹8
647 953 846 1007 Dixitque
878 954 1040 995 Noemi:
1074 954 1260 1007 Expecta
1293 953 1375 994 filia
1405 955 1533 995 donec
1565 955 1774 996 videamus
1808 970 1925 1009 quem
1958 970 2017 998 res

123 1013 279 1054 exitum
305 1014 466 1054 habeat.
496 1027 625 1066 neque
652 1012 757 1053 enim
784 1012 958 1053 cessabit
983 1013 1104 1054 homo
1130 1012 1207 1053 nisi
1232 1012 1496 1066 compleverit
1523 1014 1631 1067 quod
1656 1014 1815 1055 loeutus
1842 1021 1912 1055 est.

558 1106 596 1146 4.
625 1105 836 1146 Moabitis
865 1105 917 1146 fit
944 1106 1136 1158 proavia
1166 1106 1367 1157 Davidis,
1396 1106 1599 1156 4‚1—22.

227 1171 265 1214 4.
324 1174 333 1195 ¹
354 1171 550 1212 Ascendit
570 1183 661 1223 ergo
684 1171 792 1212 Booz
812 1172 863 1212 ad
885 1178 1058 1225 portam,
1081 1178 1122 1212 et
1141 1171 1245 1212 sedit
1264 1171 1331 1213 ibi.
1354 1172 1536 1225 Cumque
1557 1172 1726 1214 vidisset
1745 1174 2019 1227 propinquum
2056 1182 2195 1207 Renunti-

123 1230 339 1284 praeterire.
373 1231 422 1271 de
454 1244 534 1284 quo
566 1230 675 1283 prius
706 1243 836 1271 sermo
868 1230 1032 1271 habitus
1065 1237 1137 1276 est.
1171 1230 1275 1271 dixit
1306 1231 1358 1271 ad
1389 1245 1499 1271 eum:
1532 1231 1702 1272 Declina
1732 1232 1946 1286 paulisper,
1980 1239 2020 1274 91
2050 1218 2200 1283 ῗψῗιξῧηῗέἷὲ

124 1290 217 1330 sede
244 1289 326 1330 hic:
357 1302 506 1330 vocans
535 1302 627 1330 eum
655 1289 817 1330 nomine
846 1303 929 1330 suo.
961 1289 1037 1338 Qui
1066 1289 1245 1338 divertit,
1276 1296 1317 1330 et
1344 1290 1459 1331 sedit.
1517 1292 1530 1314 ²
1559 1290 1716 1331 Tollens
1745 1297 1883 1332 autem
1913 1292 2020 1333 Booz

124 1349 263 1389 11909111
286 1347 392 1388 viros
416 1348 465 1388 de
488 1347 711 1389 senioribus
735 1348 926 1397 civitatis,
952 1348 1057 1389 dixit
1079 1349 1131 1389 ad
1154 1362 1238 1389 eos:
1263 1349 1407 1389 Sedete
1430 1348 1505 1389 hie.
1556 1351 1572 1373 3
1595 1349 1749 1397 Quibus
1773 1351 2018 1394 sedentibus.

123 1408 282 1448 locutus
312 1412 373 1447 est
402 1407 453 1447 ad
482 1407 776 1460 propinquum:
808 1407 972 1448 Partem
1002 1407 1086 1456 agri
1114 1406 1249 1447 fratris
1280 1407 1406 1448 nostri
1436 1407 1654 1449 Elimelech
1684 1409 1835 1450 vendet
1865 1410 2018 1452 Noemi.

125 1480 215 1519 quae
235 1478 396 1506 reversa
417 1470 478 1506 est
499 1466 547 1506 de
568 1465 728 1518 regione
749 1465 991 1506 Moabitide:
1041 1469 1055 1490 ⁴
1078 1467 1187 1519 quod
1209 1466 1347 1507 audire
1368 1471 1408 1507 te
1431 1466 1552 1511 volui,
1576 1472 1618 1508 et
1637 1467 1713 1508 tibi
1734 1468 1863 1509 dicere
1885 1482 2020 1509 coram

124 1524 280 1566 cunctis
303 1524 550 1568 sedentibus,
576 1533 615 1564 et
638 1524 858 1565 maioribus
883 1530 982 1565 natu
1007 1526 1055 1565 de
1080 1525 1229 1578 populo
1252 1539 1354 1566 meo.
1379 1525 1420 1566 Si
1444 1525 1503 1566 vis
1527 1526 1729 1579 possidere
1752 1526 1836 1567 iure.
1859 1528 2021 1581 propin-

125 1583 313 1638 quitatis:
338 1596 436 1626 eme.
461 1588 502 1624 91
523 1583 695 1636 posside.
720 1583 781 1624 sin
803 1589 943 1624 autem
965 1584 1151 1637 displicet
1175 1584 1259 1626 tibi.
1285 1584 1360 1625 hoc
1383 1584 1515 1638 ipsum
1538 1584 1670 1626 indica
1694 1585 1804 1630 mihi.
1830 1594 1874 1627 ut
1897 1586 2020 1627 5013111

126 1642 223 1696 quid
247 1642 378 1682 facere
404 1642 587 1683 debeam.
616 1642 748 1683 nullus
775 1642 879 1682 enim
908 1649 969 1683 est
995 1643 1259 1697 propinquus.
1288 1649 1458 1697 excepto
1485 1649 1536 1686 te.
1566 1644 1634 1697 (lui
1659 1644 1768 1697 prior
1792 1659 1850 1685 es:
1878 1651 1918 1686 et
1944 1660 2019 1695 1119,

125 1701 193 1755 qui
215 1701 414 1742 secundus
436 1715 538 1742 511111.
562 1701 618 1742 Α1
638 1701 703 1742 1119
723 1701 951 1755 respondit:
975 1702 1061 1755 Ego
1084 1715 1226 1755 agrum
1247 1716 1392 1744 emam.
1442 1705 1457 1727 ³>
1477 1702 1550 1743 Cui
1571 1703 1676 1744 dixit
1698 1704 1824 1745 Booz:
1849 1705 2021 1753 Quando

124 1760 266 1801 emeris
298 1772 439 1811 agrum
472 1760 521 1800 de
553 1774 675 1801 manu
709 1760 896 1802 mulieris.
935 1761 1045 1802 Ruth
1080 1775 1241 1815 quoque
1273 1761 1551 1809 Moabitidem,
1587 1776 1677 1815 quae
1708 1776 1810 1803 uxor
1841 1764 2020 1804 defuncti

126 1819 214 1862 fuit.
248 1819 368 1860 debes
401 1819 598 1873 accipere:
632 1827 677 1860 ut
708 1819 874 1861 suscites
907 1834 1053 1861 nomen
1085 1820 1302 1874 propinqui
1334 1820 1395 1861 tui
1425 1820 1466 1861 in
1497 1821 1722 1862 hereditate
1753 1835 1837 1863 sua.
1899 1825 1914 1846 ⁶
1945 1823 2022 1871 Qui

124 1877 350 1932 respondit:
379 1878 485 1919 Cedo
512 1878 589 1919 iuri
613 1878 951 1933 propinquitatis:
980 1893 1109 1934 neque
1137 1879 1243 1920 9111111
1270 1879 1553 1933 posteritatem
1580 1879 1743 1921 familiae
1768 1895 1866 1922 meze
1892 1882 2021 1922 delere

124 1938 263 1978 debeo.
294 1942 338 1978 tu
369 1951 458 1978 11190
488 1942 600 1978 utere
629 1937 850 1991 privilegio.
882 1952 961 1992 quo
991 1952 1054 1979 me
1082 1938 1255 1979 libenter
1283 1951 1415 1979 carere
1443 1939 1649 1992 profiteor.
1711 1941 1723 1963 ⁷
1759 1940 1854 1980 aHic
1883 1946 2021 1981 autem

124 2002 211 2037 erat
237 2010 324 2038 mos
352 1996 580 2050 antiquitus
608 1996 649 2036 in
680 1997 801 2037 Israel
828 1997 934 2037 inter
961 1997 1221 2051 propinquos,
1253 2004 1299 2038 ut
1325 1997 1357 2038 si
1385 1998 1549 2051 quando
1577 1998 1679 2038 alter
1705 1998 1821 2039 alteri
1847 2013 1918 2040 suo
1947 1999 2021 2040 iuri

124 2056 313 2096 cedebat:
344 2060 391 2095 ut
420 2060 524 2095 esset
555 2055 669 2095 firma
700 2056 914 2098 concessio.
946 2056 1133 2097 solvebat
1161 2057 1282 2098 homo
1313 2056 1634 2098 calceamentum
1663 2071 1794 2107 suum,
1826 2065 1866 2099 et
1895 2059 2023 2099 dabat

125 2113 308 2167 proximo
331 2127 415 2154 suo.
439 2113 515 2154 hoc
537 2119 624 2154 erat
645 2114 925 2155 testimonium
949 2115 1137 2156 cessionis
1160 2115 1199 2156 in
1226 2115 1358 2156 lsrael.
1411 2117 1426 2139 ⁸
1447 2116 1564 2156 Dixit
1586 2129 1677 2170 ergo
1699 2117 1928 2171 propinquo
1950 2131 2021 2158 suo

125 2173 252 2214 Booz:
283 2172 391 2214 Tolle
419 2172 741 2214 calceamentum
769 2179 898 2214 tuum.
930 2174 1047 2223 Quod
1075 2175 1216 2216 statim
1244 2174 1366 2215 solvit
1393 2175 1441 2215 de
1469 2176 1570 2228 pede
1597 2188 1681 2217 suo.

231 2234 246 2255 9
260 2232 316 2272 At
333 2230 397 2271 ille
414 2231 635 2272 maioribus
654 2238 768 2281 natu,
785 2240 826 2273 et
845 2233 1031 2274 universo
1048 2234 1210 2288 populo,
1229 2234 1366 2274 Testes
1380 2247 1464 2282 vos,
1482 2234 1626 2287 inquit,
1648 2234 1742 2275 estis
1763 2235 1893 2283 hodie,
1912 2236 2218 2297 (1110(l,103¹³g31¹ffi}1ffl

123 2290 369 2344 possederim
390 2290 526 2331 onmia
545 2304 634 2344 quae
658 2291 824 2332 fuerunt
843 2292 1082 2342 Elimelech3
1118 2299 1159 2333 91
1176 2292 1341 2334 Chelion
1360 2298 1400 2333 et
1417 2293 1621 2341 Mahalon,
1650 2294 1837 2335 tradente
1858 2295 1998 2335 Noemi
2011 2291 2041 2334 :⁴
2082 2307 2171 2337 ducit,

124 2352 160 2374 ¹⁰
183 2354 224 2390 et
250 2349 364 2390 Ruth
391 2349 670 2395 Moabitidem,
703 2364 871 2391 uxorem
902 2351 1104 2394 Mahalon.
1137 2352 1175 2392 111
1207 2351 1439 2405 coniugium
1469 2352 1722 2406 sumpserim.
1756 2358 1803 2394 ut
1831 2354 2020 2394 suscitem

124 2422 271 2450 nomen
299 2408 482 2449 defuncti
502 2408 543 2448 111
564 2409 790 2450 hereditate
817 2423 900 2459 sua,
923 2424 971 2451 ne
991 2411 1236 2452 vocabulum
1255 2411 1338 2452 eius
1363 2411 1413 2451 de
1438 2410 1595 2452 familia
1612 2425 1686 2453 sua
1704 2425 1750 2453 ac
1769 2412 1962 2453 fratribus
1982 2418 2022 2453 et

124 2467 274 2521 populo
294 2467 487 2509 deleatur.
508 2468 602 2515 Vos,
616 2467 796 2521 inquam.
812 2469 929 2510 huius
949 2469 1005 2510 rei
1024 2475 1148 2511 testes
1167 2470 1274 2512 estis.
1309 2472 1338 2494 ¹¹
1360 2470 1588 2523 Respondit
1606 2470 1735 2511 omnis
1753 2471 1938 2525 populus.
1954 2471 2021 2524 qui

125 2532 211 2567 erat
226 2526 268 2567 in
285 2532 416 2580 porta.
431 2532 471 2567 et
487 2526 657 2567 maiores
675 2532 795 2568 natu:
816 2528 897 2569 Nos
913 2533 1036 2570 testes
1052 2543 1208 2570 sumus:
1228 2529 1353 2570 faciat
1364 2529 1564 2570 Dominus
1579 2529 2021 2583 1131101111111919111,111119

124 2585 350 2639 ingreditur
367 2585 536 2626 domum
555 2591 682 2635 tuam,
699 2586 804 2628 sicut
824 2587 987 2636 Rachel,
1004 2593 1046 2629 et
1059 2588 1186 2638 Liam,
1207 2602 1297 2642 quae
1310 2587 1619 2629 aedificaverunt
1633 2589 1801 2630 domum
1819 2589 1957 2629 Israel:
1975 2594 2019 2629 ut

124 2645 177 2685 sit
198 2644 429 2698 exemplum
448 2644 612 2685 virtutis
634 2645 676 2685 in
694 2645 920 2699 Ephratha,
945 2652 987 2688 et
1007 2646 1159 2688 habeat
1176 2647 1329 2688 celebre
1350 2660 1498 2688 nomen
1522 2647 1563 2688 in
1582 2647 1838 2689 Bethlehem:
1879 2650 1909 2672 ¹2
1931 2648 2020 2688 fiat-

125 2717 202 2757 que
226 2704 370 2744 domus
394 2709 479 2749 tua,
506 2703 610 2744 sicut
629 2704 774 2745 domus
794 2705 956 2749 Phares.
982 2711 1122 2760 bquem
1142 2707 1320 2747 Thamar
1346 2706 1505 2760 peperit
1529 2706 1651 2755 Iudae,
1670 2707 1719 2747 de
1741 2707 1891 2748 semine
1911 2707 2020 2760 quod

124 2762 199 2803 tibi
221 2762 378 2803 dederit
395 2762 595 2803 Dominus
618 2776 668 2803 ex
688 2763 765 2805 hac
785 2764 931 2818 puella.
974 2767 1006 2789 ¹3
1025 2765 1135 2806 Tulit
1156 2765 1295 2819 itaque
1314 2765 1424 2806 Booz
1443 2765 1569 2814 Ruth,
1590 2770 1631 2806 et
1655 2765 1811 2819 accepit
1834 2779 2018 2806 uxorem:

228 2821 509 2875 ingressusque
531 2827 592 2862 est
613 2823 664 2863 ad
686 2835 787 2871 eam,
811 2828 852 2864 91
872 2823 985 2865 dedit
1005 2823 1061 2864 illi
1081 2824 1281 2866 Dominus
1303 2829 1350 2865 ut
1371 2824 1610 2877 conciperet,
1635 2829 1676 2864 et
1694 2830 1854 2877 pareret
1879 2824 2016 2865 filium.
2041 2834 2110 2887 (Ἢ
2114 2834 2212 2887 3312ss

124 2882 155 2904 ¹4
183 2880 467 2934 Dixeruntque
496 2880 681 2921 mulieres
711 2882 763 2922 ad
792 2882 954 2923 Noemi:
987 2883 1231 2924 Benedictus
1260 2883 1473 2931 Dominus
1507 2882 1574 2936 qui
1603 2895 1684 2923 non
1714 2888 1775 2924 est
1802 2896 1943 2936 passus
1973 2892 2020 2923 ut
2081 2883 2184 2928 1›ar2t;''

123 2939 315 2980 deficeret
339 2952 545 2980 successor
569 2939 733 2981 familiae
758 2946 851 2990 tuae,
881 2947 922 2982 et
947 2947 1163 2983 vocaretur
1187 2956 1335 2983 nomen
1362 2941 1445 2984 eius
1472 2941 1513 2982 in
1542 2941 1675 2982 Israel.
1731 2943 1762 2966 15
1788 2942 1844 2983 Ε1
1869 2942 2019 2983 habeas

124 2997 192 3051 qui
214 2998 445 3039 consoletur
466 2998 647 3040 animam
669 3004 796 3045 tuam.
822 3006 863 3041 et
885 3001 1065 3042 enutriat
1087 3007 1351 3043 senectutem.
1376 3002 1425 3043 de
1448 3013 1552 3040 nuru
1575 2999 1682 3040 enim
1704 3005 1779 3041 tua
1800 3006 1920 3041 natus
1945 3007 2016 3043 est.

124 3070 213 3110 quae
235 3062 275 3097 te
299 3056 448 3110 diligit:
474 3063 514 3097 et
538 3056 667 3098 multo
691 3058 767 3099 tibi
789 3058 931 3099 melior
953 3064 1025 3108 est,
1053 3073 1176 3114 quam
1199 3060 1231 3101 si
1254 3065 1411 3114 septem
1434 3059 1601 3099 haberes
1628 3058 1741 3101 filios.
1794 3061 1828 3084 ¹⁶
1851 3060 2018 3113 Suscep-

122 3122 292 3169 tumque
317 3115 461 3156 Noemi
481 3129 653 3168 puerum
674 3117 812 3170 posuit
832 3117 873 3157 in
895 3117 985 3159 sinu
1007 3132 1091 3162 suo.
1115 3124 1157 3160 et
1176 3118 1345 3160 nutricis
1368 3132 1413 3159 ac
1434 3117 1580 3171 gerulae
1600 3117 1848 3171 fungebatur
1869 3118 2015 3159 officio.

122 3176 155 3197 ¹⁷
184 3174 335 3215 Vicinae
362 3180 501 3215 autem
528 3174 713 3216 mulieres
741 3177 1071 3230 congratulantes
1099 3177 1145 3224 ei,
1176 3184 1217 3219 et
1244 3178 1441 3219 dicentes:
1472 3176 1602 3217 Natus
1631 3182 1692 3218 est
1722 3176 1824 3218 filius
1854 3177 2015 3217 Noemi:

122 3239 374 3274 vocaverunt
400 3246 547 3274 nomen
576 3233 658 3274 eius
687 3234 821 3276 Obed:
850 3235 915 3276 hic
942 3241 1002 3277 est
1029 3243 1147 3289 pater
1174 3236 1265 3278 Isai.
1296 3236 1423 3290 patris
1451 3235 1599 3276 David.

225 3293 260 3316 ¹⁸
280 3292 355 3332 Hae
373 3297 469 3333 sunt
486 3292 765 3345 generationes
784 3294 953 3335 Phares:
983 3295 1149 3336 cPhares
1168 3295 1309 3349 genuit
1327 3295 1470 3341 Esron,
1518 3296 1552 3318 ¹⁹
1570 3294 1701 3335 Esron
1719 3294 1860 3348 genuit
1877 3295 2012 3341 Aram,
2041 3292 2203 3352 gffiejffssgffi*

121 3350 245 3391 Aram
266 3351 406 3403 genuit
426 3350 672 3400 Aminadab,
722 3353 758 3376 ²⁰
777 3353 1009 3395 Aminadab
1029 3354 1171 3408 genuit
1193 3354 1418 3403 Nahasson‚
1442 3352 1657 3394 Nahasson
1677 3353 1817 3406 genuit
1838 3353 2012 3393 Salmon.

120 3410 151 3433 ²¹
173 3409 338 3450 Sahnon
359 3409 500 3463 genuit
522 3410 642 3458 Booz.
667 3410 777 3452 Booz
797 3411 938 3464 genuit
959 3412 1086 3457 Obed,
1136 3415 1168 3437 ‘2²
1189 3413 1306 3454 Obed
1324 3412 1466 3466 genuit
1490 3411 1579 3459 lsai,
1606 3411 1684 3451 Isai
1704 3411 1844 3465 genuit
1865 3409 2010 3450 David.

253 3500 284 3542 4,
309 3501 328 3533 7
353 3481 497 3542 abiba
523 3502 551 3535 7.
579 3523 619 3525 —
644 3502 686 3536 12
709 3503 784 3536 ben
807 3503 860 3544 38,
885 3504 936 3537 29.
964 3524 1005 3527 -
1030 3504 1071 3537 18
1099 3505 1133 3536 01
1153 3503 1219 3536 Par
1242 3504 1272 3543 2,
1298 3504 1333 3543 5;
1359 3504 1389 3544 4,
1415 3505 1450 3544 13
1476 3503 1527 3536 Mt
1552 3505 1582 3543 1,
1607 3503 1636 3537 3.
