2356 3760
122 227 225 250 parens

102 257 241 286 sequitui:

89 529 131 552 4111
152 528 258 553 ludaei«

99 574 112 585 ι·
134 564 245 593 templ«,

103 600 239 625 1131111111.

96 1006 111 1021 :i
134 997 253 1021 tribuno

110 1033 234 1057 cohorti»

115 1069 230 1094 ligatur,

149 1473 196 1497 illo

69 1509 260 1537 permittente

123 1765 218 1795 lingua

109 1801 228 1824 Hebraea

88 1891 107 1904 c«
115 1886 151 1906 »nt
159 1881 230 1905 ribul
237 1881 254 1904 i-

141 1918 201 1942 11118,

98 1964 244 1988 -ilentiuui

105 2002 240 2029 priv-tan-

126 2036 214 2061 libus,

80 2089 161 2106 suain
176 2088 261 2105 zemu-

99 2118 247 2143 1311011613.

121 2408 222 2432 iuirani

92 2444 251 2467 *milvi-{squ-

135 2486 208 2507 116111,

91 2824 252 2847 :mlx-vntum

74 2860 258 2883 liniiiaseuui.

81 2905 263 2929 κ3113110116111

91 2946 117 2963 ν’(
146 2941 252 2969 11111111--

132 2983 218 3000 inum.

110 3235 239 3258 (1111113111

101 3278 118 3293 r·
133 3270 251 3294 1613111)-

286 129 384 169 1090
973 127 1000 159 A
1011 126 1123 160 crus
1149 126 1495 161 Λ16051010110111
1907 130 1961 170 21,
1987 130 2129 171 262-22,
2156 131 2197 165 18

384 222 419 244 ²⁶
448 220 561 260 'l'unc
589 218 753 262 Paulus,
785 218 1005 272 assumptis
1035 218 1142 263 viris,
1174 224 1338 272 postera
1366 219 1430 261 die
1458 219 1699 273 purificatus
1728 233 1820 262 cum
1848 221 1925 263 illis
1953 223 2127 264 intravit
2154 223 2196 264 in

280 278 491 331 templum,
536 277 788 318 annuncians
831 277 1104 330 expletionem
1147 278 1303 319 dierum
1346 278 1655 332 purificationis,
1699 279 1828 321 donec
1871 280 2085 323 offerretur
2124 295 2198 336 pro

279 350 526 390 unoquoque
556 350 695 377 eorum
727 335 890 377 oblatio.

745 452 783 490 2.
815 449 1184 502 Comprehensio
1217 452 1356 503 Pauli,
1385 454 1452 503 21,
1471 453 1646 503 27—22,
1665 453 1731 494 29.

384 525 417 547 ²⁷
453 524 558 563 Dum
592 528 728 562 autem
763 527 918 574 septem
951 521 1035 562 dics
1067 528 1462 571 consuinmarentur,
1496 523 1548 572 hi,
1583 524 1651 577 qui
1684 524 1733 564 de
1763 523 1861 565 Asia
1891 530 2020 574 erant,
2056 526 2196 575 iudan,

279 597 369 623 cuni
405 581 603 621 vidissent
636 594 728 621 eum
762 580 802 620 in
839 580 1003 633 templo,
1039 581 1353 622 concitaverunt
1387 595 1547 623 omnem
1582 581 1795 636 populum,
1831 588 1872 624 et
1904 583 2130 625 iniecerunt
2163 585 2197 626 ei

279 654 436 684 manus.
457 639 698 680 clamantes:
745 641 780 662 ²⁸
799 639 882 679 Viri
904 639 1109 686 israelitae,
1130 640 1343 680 adiuvate:
1364 640 1428 681 liic
1446 645 1507 681 est
1524 641 1659 687 homo,
1682 641 1748 695 qui
1769 641 1964 683 adversus
1983 643 2195 696 populum,

278 708 317 740 et
341 699 481 752 legem,
506 705 545 738 et
569 698 701 738 locum
726 698 845 743 hunc,
871 711 1009 739 omnes
1033 698 1184 752 ubique
1207 699 1367 748 docens,
1391 699 1557 752 insuper
1578 704 1619 740 et
1640 699 1822 741 Gentiles
1844 700 2010 742 induxit
2031 701 2072 742 111
2095 707 2197 743 16111-

279 758 404 811 plum,
433 764 472 797 et
500 756 669 797 violavit
696 761 883 797 sanctum
911 756 1044 798 locum
1070 757 1207 798 istum.
1261 759 1296 781 ²⁹
1322 757 1521 799 Viderant
1545 758 1652 799 enim
1679 758 1947 812 Trophimum
1972 759 2197 813 Ephesium

279 817 318 857 in
338 816 506 857 civitate
526 829 615 857 cuni
637 814 735 868 ipso,
758 829 877 869 quem
896 815 1207 857 aestimaverunt
1226 815 1419 870 quoniam
1438 817 1478 857 in
1498 816 1698 871 templum
1716 817 2013 860 introduxisset
2030 818 2195 861 Paulus.

278 878 315 899 ³³⁰
341 876 637 928 Commotaque
664 879 724 915 est
751 874 896 915 civitas
924 879 1025 923 tota,
1054 879 1095 915 et
1120 874 1233 916 facta
1258 880 1320 916 est
1345 875 1554 917 concursio
1580 875 1733 929 populi.
1762 876 1818 917 Et
1843 878 2197 931 apprehendentes

279 934 467 980 Paulum,
499 934 717 974 trahebant
745 946 837 974 eum
865 938 982 973 extra
1010 933 1228 987 templum:
1256 938 1298 975 et
1324 934 1466 976 statim
1493 934 1640 976 clausae
1666 939 1763 976 sunt
1788 935 1931 977 ianuae.

384 996 412 1017 ³¹
449 991 734 1041 Quaerentibus
768 997 906 1033 autem
940 1006 1033 1033 eum
1067 992 1257 1038 occidere,
1294 993 1535 1035 nunciatum
1569 999 1631 1034 est
1663 993 1829 1036 tribuno
1862 995 2058 1037 cohortis:
2093 995 2199 1044 Quia

282 1059 372 1094 tota
399 1051 665 1093 confunditur
694 1050 925 1092 Jerusalem.
981 1053 1013 1076 ³2
1042 1051 1119 1099 Qui
1148 1051 1290 1093 statim
1318 1052 1539 1105 assumptis
1567 1052 1778 1102 militibus,
1808 1059 1848 1094 61
1877 1054 2195 1104 centurionibus,

279 1111 457 1152 decurrit
488 1111 540 1151 ad
571 1110 669 1151 illos.
705 1109 783 1158 Qui
814 1124 907 1151 cum
938 1109 1137 1151 vidissent
1168 1110 1393 1161 tribunum,
1427 1117 1466 1152 61
1498 1110 1659 1160 milites,
1693 1118 1957 1154 cessaverunt
1987 1119 2197 1167 percutere

279 1169 464 1211 Paulum.
514 1171 547 1193 ³3
568 1169 681 1210 Tunc
703 1169 897 1209 accedens
920 1169 1109 1210 tribunus
1130 1170 1403 1223 apprehendit
1424 1184 1529 1220 eum,
1552 1175 1594 1211 et
1614 1170 1731 1212 iussit
1752 1184 1844 1212 eum
1866 1171 2021 1225 alligari
2043 1172 2197 1213 catenis

279 1230 457 1270 duabus:
482 1235 521 1269 et
544 1228 826 1281 interrogabat
849 1228 937 1281 quis
960 1233 1077 1277 esset,
1102 1233 1143 1269 et
1166 1228 1263 1282 quid
1285 1228 1458 1271 fecisset.
1508 1231 1541 1254 3⁴
1562 1229 1642 1270 Alii
1665 1235 1803 1271 autem
1827 1230 1938 1272 aliud
1960 1230 2198 1272 clamabant

278 1289 318 1329 in
347 1288 480 1329 turba.
510 1287 566 1328 Et
593 1301 685 1328 cum
712 1300 793 1328 non
822 1292 959 1340 posset
986 1292 1143 1329 certum
1171 1301 1410 1341 cognoscere
1437 1301 1521 1342 pree
1547 1288 1742 1338 tumultu,
1772 1288 1889 1330 iussit
1916 1289 2009 1331 duci
2036 1303 2129 1331 eum
2155 1290 2196 1330 in

279 1352 424 1388 castra.
480 1348 512 1371 ³5
541 1346 595 1387 Et
623 1360 715 1386 cum
743 1345 920 1387 venisset
949 1346 1000 1386 ad
1027 1347 1188 1400 gradus,
1219 1346 1392 1401 contigit
1419 1352 1466 1388 ut
1492 1352 1728 1400 portaretur
1755 1361 1778 1388 a
1804 1347 2003 1390 militibus
2030 1354 2198 1402 propter

280 1406 362 1447 vim
394 1405 545 1459 populi.
603 1407 639 1429 3⁶
668 1405 927 1458 Sequebatur
956 1405 1063 1446 enim
1093 1405 1318 1446 multitudo
1348 1405 1500 1460 populi,
1533 1406 1732 1448 clamans:
1764 1406 1875 1448 Tolle
1905 1420 2010 1449 eum.

383 1467 418 1489 ³⁷
445 1465 500 1505 Et
526 1478 618 1505 cum
644 1463 834 1517 coepisset
858 1463 995 1504 induci
1021 1464 1061 1504 in
1089 1470 1223 1505 castra
1247 1464 1411 1514 Paulus,
1440 1465 1538 1506 dicit
1565 1465 1749 1506 tribuno:
1776 1465 1818 1507 Si
1842 1465 1937 1507 licet
1961 1466 2061 1508 mihi
2085 1466 2197 1520 loqui

280 1524 433 1577 aliquid
456 1523 507 1563 ad
530 1523 593 1563 te?
617 1522 695 1571 Qui
717 1522 839 1563 dixit:
863 1522 999 1564 Graece
1021 1523 1153 1564 nosti?
1202 1525 1238 1548 ³⁸
1261 1524 1404 1564 Nonne
1427 1529 1471 1564 tu
1494 1538 1533 1565 es
1555 1524 1786 1577 AEgyptius,
1811 1524 1879 1578 qui
1901 1530 1996 1566 ante
2017 1525 2091 1566 hos
2113 1525 2197 1566 dies

279 1582 505 1623 tumultum
531 1581 759 1630 concitasti,
787 1587 826 1621 et
853 1581 1030 1622 eduxisti
1055 1581 1096 1622 in
1122 1582 1327 1623 desertum
1356 1587 1554 1636 quattuor
1578 1582 1704 1623 millia
1728 1582 1909 1624 virorum
1934 1583 2194 1626 sicariorum?

276 1643 312 1666 ³⁹
340 1641 395 1682 Et
422 1640 528 1682 dixit
555 1641 606 1681 ad
635 1654 727 1681 eum
754 1639 925 1681 Paulus:
955 1640 1042 1694 Ego
1070 1640 1193 1682 homo
1220 1654 1310 1682 sum
1340 1641 1504 1695 quidem
1535 1641 1695 1682 Iuda-eus
1724 1655 1748 1682 a
1775 1641 1900 1684 Tarso
1928 1642 2085 1693 Ciliciae,
2114 1656 2196 1685 non

277 1700 427 1754 ignotae
458 1699 637 1741 civitatis
668 1699 891 1753 municeps.
926 1699 1040 1753 Rogo
1072 1704 1209 1741 autem
1242 1705 1294 1749 te,
1327 1700 1519 1753 permitte
1549 1700 1650 1741 mihi
1679 1700 1791 1755 loqui
1822 1701 1874 1742 ad
1904 1701 2114 1755 populum.

384 1761 420 1783 ⁴⁰
443 1759 497 1799 Et
523 1772 615 1800 cum
639 1757 703 1799 ille
728 1757 988 1811 permisisset,
1014 1758 1166 1799 Paulus
1191 1764 1304 1800 stans
1328 1759 1369 1799 in
1393 1759 1598 1813 gradibus,
1626 1759 1773 1800 annuit
1795 1773 1921 1801 manu
1946 1761 1998 1801 ad
2021 1759 2194 1814 plebem,

279 1824 319 1859 et
349 1831 497 1872 magno
527 1816 687 1858 silentio
716 1817 839 1866 facto,
871 1817 1072 1859 allocutus
1103 1822 1164 1859 est
1192 1817 1331 1872 lingua
1361 1818 1546 1867 Hebraea,
1579 1818 1734 1860 dicens:

382 1877 446 1920 22.
503 1879 515 1900 ¹
546 1876 630 1916 Viri
666 1876 823 1925 iratres,
862 1881 904 1917 et,
938 1882 1088 1930 patres,
1127 1876 1267 1918 audite
1304 1890 1427 1930 quam
1465 1878 1517 1919 ad
1553 1891 1625 1919 vos
1660 1891 1769 1919 nunc
1804 1878 1929 1919 reddo
1965 1878 2179 1920 rationem.

382 1938 397 1960 2
427 1936 528 1977 Cum
559 1934 769 1976 audissent
799 1940 937 1976 autem
968 1935 1064 1989 quia
1094 1935 1269 1977 Hebraea
1295 1935 1435 1990 lingua
1462 1936 1698 1990 loqueretur
1727 1937 1779 1978 ad
1807 1936 1908 1982 illos,
1940 1937 2068 1991 magis
2097 1950 2197 1991 prae—

279 1995 474 2036 stiterunt
503 1994 721 2035 silentium.

381 2056 397 2078 3
427 2054 483 2094 Ε1
513 2053 629 2094 dicit:
663 2053 749 2107 Ego
780 2067 870 2094 sum
901 2053 963 2093 vir
996 2053 1168 2103 Iudaeus,
1201 2058 1323 2095 natus
1354 2054 1394 2094 in
1426 2054 1551 2096 Tarso
1582 2054 1739 2101 Ciliciae,
1773 2054 1954 2095 nutritus
1986 2060 2124 2096 autem
2155 2055 2195 2095 in

281 2113 358 2154 ista
377 2113 557 2160 civitate,
580 2126 693 2154 secus
712 2113 835 2165 pedes
854 2112 1053 2153 Gamaliel
1073 2112 1256 2153 eruditus
1276 2113 1394 2154 iuxta
1414 2113 1631 2154 veritatem
1652 2119 1834 2167 paternae
1851 2112 1960 2167 legis,
1982 2113 2197 2155 aemulator

278 2171 386 2225 legis.
415 2171 518 2212 sicut
544 2176 584 2211 et
611 2184 682 2211 vos
710 2184 847 2212 omnes
874 2170 969 2212 estis
994 2171 1133 2212 hodie:
1186 2173 1200 2195 ¹
1231 2171 1319 2225 aqui
1344 2172 1451 2212 hanc
1476 2172 1586 2213 viam
1612 2177 1849 2225 persecutus
1874 2186 1964 2213 sum
1990 2186 2118 2227 usque
2144 2173 2196 2214 ad

278 2237 465 2279 mortem,
492 2229 659 2279 alligans
685 2234 725 2270 et
750 2230 914 2270 tradens
938 2229 979 2269 in
1004 2229 1210 2271 custodias
1235 2230 1342 2271 viros
1368 2243 1413 2271 ac
1436 2230 1635 2273 mulieres.
1688 2232 1703 2255 5
1727 2230 1832 2272 sicut
1856 2231 2043 2285 princeps
2067 2245 2195 2272 sacer—

278 2290 421 2331 dotum
454 2288 552 2329 mihi
585 2288 866 2329 testimonium
898 2288 1044 2333 reddit,
1078 2294 1120 2329 et
1151 2302 1289 2330 omnes
1320 2288 1492 2330 maiores
1524 2294 1638 2337 natu,
1675 2296 1720 2330 ba
1752 2289 1898 2343 quibus
1930 2294 1971 2330 et
2002 2289 2195 2343 epistolas

279 2348 478 2401 accipiens
503 2348 554 2389 ad
576 2348 721 2388 fratres
744 2348 995 2388 Damascum
1018 2348 1248 2402 pergebam,
1274 2353 1322 2389 ut
1344 2349 1588 2389 adducerem
1610 2348 1704 2389 inde
1727 2348 1887 2389 vinctos
1909 2348 1950 2388 in
1976 2349 2195 2390 Ierusalem

280 2413 325 2448 ut
347 2407 600 2460 punirentur.
654 2408 669 2430 ⁶
690 2406 864 2447 Factum
888 2410 947 2447 est
971 2411 1122 2455 autem,
1147 2411 1269 2448 eunte
1290 2420 1366 2455 me,
1392 2412 1432 2447 et
1454 2407 1813 2461 appropinquante
1835 2407 2040 2449 Damasco
2061 2407 2197 2449 media

279 2466 354 2511 die,
384 2466 520 2507 subito
548 2466 597 2506 de
624 2464 719 2506 ciclo
747 2464 1015 2506 circumfulsit
1042 2479 1105 2506 me
1132 2465 1202 2506 lux
1230 2465 1411 2519 copiosa:
1470 2467 1483 2489 ⁷
1511 2471 1552 2506 et
1579 2466 1767 2507 decidens
1794 2465 1834 2506 in
1863 2470 2026 2513 terram,
2056 2465 2194 2507 audivi

278 2539 417 2566 vocem
444 2525 645 2565 dicentem
671 2524 787 2564 mihi:
813 2523 944 2573 Saule,
971 2524 1102 2573 Saule,
1131 2524 1229 2578 quid
1252 2538 1316 2566 me
1340 2524 1616 2579 persequeris?
1670 2526 1685 2549 8
1709 2524 1796 2578 Ego
1821 2530 1959 2566 autem
1983 2525 2192 2579 respondi:

277 2584 375 2632 Quis
398 2597 437 2624 es
460 2582 658 2624 Domine?
682 2582 880 2636 Dixitque
903 2583 954 2623 ad
976 2596 1058 2623 me:
1083 2583 1170 2636 Ego
1192 2597 1281 2624 sum
1307 2583 1417 2624 Iesus
1441 2584 1688 2633 Nazarenus,
1715 2597 1835 2637 quem
1859 2588 1904 2624 tu
1926 2583 2190 2638 persequeris.

279 2646 294 2667 ⁹
320 2643 372 2683 Et
399 2642 466 2696 qui
490 2656 649 2683 mecum
676 2647 804 2687 erant,
830 2641 967 2682 lumen
993 2642 1156 2695 quidem
1182 2642 1386 2691 viderunt,
1414 2656 1554 2683 vocem
1581 2647 1719 2683 autem
1744 2655 1826 2683 non
1852 2642 2071 2683 audierunt
2095 2643 2192 2687 eius,

279 2701 343 2754 qui
372 2702 618 2755 loquebatur
643 2714 815 2741 mecum.
872 2702 907 2724 ¹⁰
932 2700 987 2741 Et
1013 2701 1115 2741 dixi:
1144 2701 1251 2749 Quid
1277 2701 1439 2750 faciam,
1466 2701 1667 2742 Domine?
1695 2701 1896 2742 Dominus
1923 2706 2062 2742 autem
2089 2701 2193 2742 dixit

279 2761 328 2800 ad
355 2774 437 2800 me:
465 2761 639 2813 Surgens
666 2760 769 2800 vade
794 2760 1063 2800 Damascum:
1091 2766 1132 2800 et
1156 2760 1211 2800 ibi
1237 2759 1311 2800 tibi
1337 2759 1495 2801 dicetur
1519 2760 1569 2801 de
1595 2759 1796 2804 omnibus,
1824 2772 1914 2814 quae
1939 2764 1979 2800 te
2005 2765 2195 2813 oporteat

280 2819 421 2859 136616.
479 2821 505 2843 11
538 2818 591 2859 Ε1
620 2832 711 2859 cum
740 2831 820 2859 non
849 2818 1028 2859 viderem
1056 2832 1139 2872 prae
1166 2818 1352 2859 claritate
1379 2818 1543 2859 luminis
1570 2818 1686 2868 illius,
1718 2819 1770 2859 ad
1796 2831 1965 2859 manum
1993 2819 2194 2860 deductus

281 2891 302 2918 3
335 2878 565 2924 comitibus,
602 2877 693 2918 veni
725 2877 988 2918 Damascum.
1050 2879 1081 2901 ¹2
1114 2877 1294 2918 Ananias
1328 2882 1466 2918 autem
1501 2877 1680 2931 quidam,
1716 2877 1778 2917 vir
1810 2877 2033 2918 secundum
2066 2877 2193 2931 legem

281 2936 561 2977 testiinonium
595 2936 749 2976 habens
785 2936 836 2976 ab
872 2936 1059 2977 omnibus
1095 2936 1429 2977 cohabitantibus
1467 2936 1624 2984 ludaeis,
1689 2938 1720 2960 ¹³
1753 2935 1919 2976 veniens
1955 2936 2007 2977 ad
2039 2949 2117 2984 me,
2153 2941 2195 2976 et,

280 3001 418 3036 astans
445 2995 548 3035 dixit
573 2994 690 3035 mihi:
717 2994 836 3035 Saule
862 2994 989 3035 frater
1012 2995 1175 3048 respice.
1204 2995 1257 3035 Et
1284 3009 1356 3044 ego
1381 2995 1523 3036 eadem
1549 2995 1650 3036 liora
1674 2994 1832 3047 respexi
1857 2994 1897 3034 in
1923 3007 2028 3035 eum.
2082 2996 2113 3019 ¹⁴
2138 2994 2194 3035 At

278 3053 342 3093 ille
376 3053 498 3094 dixit:
534 3054 643 3094 Deus
679 3059 843 3107 patrum
879 3060 1111 3095 nostrorum
1146 3054 1438 3106 praeordinavit
1472 3059 1523 3099 te,
1560 3058 1606 3094 ut
1640 3066 1899 3107 cognosceres
1933 3052 2193 3094 voluntatem

279 3113 375 3159 eius,
404 3118 444 3153 et
471 3112 625 3152 videres
651 3112 816 3155 iustum.
845 3118 885 3152 et
912 3112 1071 3153 audires
1098 3125 1238 3153 vocem
1266 3126 1314 3153 ex
1341 3125 1407 3153 ore
1433 3112 1535 3153 eius:
1590 3113 1620 3136 ¹⁵
1648 3112 1744 3166 quia
1768 3111 1843 3152 eris
1869 3111 1985 3153 testis
2010 3111 2115 3152 illius
2142 3111 2194 3152 ad

281 3185 418 3212 omnes
443 3171 625 3212 homines
651 3184 802 3213 eorum,
830 3184 919 3224 111116
944 3170 1095 3217 vidisti,
1122 3177 1161 3211 et
1187 3171 1349 3212 audisti.
1404 3173 1437 3195 ¹⁰
1461 3170 1517 3212 Et
1540 3183 1648 3211 nunc
1673 3170 1771 3224 quid
1795 3170 1989 3212 moraris?
2016 3170 2191 3223 Exurge,

283 3236 321 3269 et
351 3230 570 3282 baptizare,
599 3235 640 3269 et
667 3228 785 3269 ablue
812 3236 978 3282 peccata
1008 3236 1080 3270 tua
1105 3230 1297 3271 invocato
1323 3230 1487 3271 nomine
1513 3229 1650 3283 ipsius.
1706 3231 1739 3253 ¹⁷
1766 3229 1939 3270 Factum
1967 3233 2028 3269 est
2055 3233 2193 3269 autem

156 3313 239 3329 „ma
258 3324 263 3329 .
284 3288 502 3329 revertenti
526 3287 624 3329 mihi
647 3287 686 3327 in
713 3287 942 3331 ierusalem.
968 3293 1009 3329 et
1032 3289 1162 3329 oranti
1187 3288 1227 3328 in
1250 3288 1416 3341 templo,
1441 3288 1524 3329 fieri
1547 3302 1611 3329 me
1633 3288 1674 3328 in
1696 3292 1863 3340 stupore
1884 3286 2045 3337 mentis,
2097 3288 2131 3311 ¹⁸
2154 3291 2195 3327 et

282 3347 415 3387 videre
444 3347 555 3388 illum
583 3346 784 3388 dicentem
814 3346 929 3386 mihi:
958 3347 1136 3393 Festina,
1166 3353 1207 3388 et
1234 3347 1295 3388 exi
1326 3347 1517 3388 velociter
1543 3360 1592 3387 ex
1622 3346 1859 3387 Ierusalem:
1890 3345 2083 3400 quoniam
2110 3358 2191 3386 non

413 3470 466 3511 22,
494 3471 514 3503 «Ι
539 3472 627 3514 aSup
651 3472 682 3511 8,
707 3473 736 3505 :5
785 3493 804 3495 „
830 3473 848 3505 ,5
874 3474 963 3516 bSup
987 3476 1018 3512 H,
1043 3474 1071 3506 2.
