2356 3760
271 181 350 222 668
971 177 1116 210 LIBER
1141 177 1486 212 ECcLEsiAs'riffl
1916 179 1971 219 51,
1998 179 2115 219 1-51‚
2140 179 2183 212 38

873 270 913 310 2.
942 269 1184 322 Appendix
1214 270 1330 319 libri,
1358 268 1425 319 51,
1444 270 1590 310 1—38.

374 343 438 385 51.
496 344 506 366 ¹
538 340 679 383 Oratio
711 340 801 380 lesu
834 340 901 381 filii
931 341 1089 381 Sirach:

82 420 245 481 Gsssgiggum
323 418 557 458 Confitebor
578 417 650 457 tibi
670 415 845 457 Domine
864 429 946 463 rex,
1021 422 1061 457 et
1082 416 1322 458 collaudabo
1342 420 1383 457 te
1403 416 1536 457 Deum
1556 418 1802 457 salvatorem
1823 429 1971 458 meum.
2046 420 2061 442 2
2079 418 2181 459 Con-

199 475 204 485 ’
534 476 679 515 fitebor
708 475 861 515 nomini
892 480 981 516 tuo:

323 536 514 588 quoniam
549 534 712 574 adiutor
743 540 783 573 et
814 539 1022 587 protector
1052 534 1186 575 factus
1218 547 1258 573 cs
1290 533 1400 578 mihi,
1486 536 1502 557 ³
1533 539 1574 575 et
1604 534 1785 575 liberasti
1817 546 1961 588 corpus
1993 547 2129 576 meum
2159 550 2183 577 a

533 592 771 645 perditione.

322 666 345 692 a
371 652 515 705 laqueo
545 651 691 704 linguae
717 651 876 705 iniquae.
963 658 1004 692 et
1033 666 1057 692 a
1085 651 1201 691 labiis
1232 651 1491 704 operantium
1521 651 1791 696 mendacium,

322 716 361 751 et
392 711 431 751 in
462 715 682 764 conspectu
714 711 940 751 astantium
1025 711 1157 751 factus
1188 723 1228 750 es
1256 709 1357 757 mihi
1387 710 1561 750 adiutor.

267 771 283 794 ⁴²
314 770 368 810 lit
396 769 576 810 liberasti
607 783 671 809 me
698 770 923 810 secundum
955 769 1262 810 multitudinem
1297 769 1582 809 misericordiae
1613 769 1788 810 nominis
1822 769 1881 809 tui
1969 782 1993 810 a
2024 770 2180 824 rugien—

533 829 653 870 tibus.
689 828 928 881 praeparatis
959 829 1010 869 ad
1040 841 1186 875 escam,

287 889 304 911 ⁵
321 887 370 928 de
388 887 577 927 manibus
597 887 865 940 quaerentium
885 887 1065 927 animam
1082 900 1228 932 meam,
1302 893 1343 927 et
1360 887 1409 927 de
1427 886 1554 939 portis
1574 886 1886 928 tribulationum
1907 900 1997 940 quae
2014 887 2182 928 circum-

531 946 733 986 dederunt
760 960 843 986 me:

288 1007 303 1028 ‘³
321 1019 345 1045 a
367 1017 552 1058 pressura
575 1004 760 1048 flammae,
787 1018 877 1058 quae
899 1005 1167 1046 circumdedit
1188 1018 1264 1048 me,
1343 1010 1382 1044 et
1404 1004 1445 1045 in
1468 1004 1600 1045 medio
1623 1004 1725 1057 ignis
1748 1017 1828 1045 non
1851 1018 1941 1045 sum
1963 1010 2180 1046 aestuatus:

289 1065 370 1104 ⁷de
405 1063 621 1104 altitudine
657 1063 809 1104 ventris
844 1063 972 1107 inferi,
1061 1069 1103 1104 et
1136 1078 1160 1103 a
1192 1063 1331 1115 lingua
1364 1063 1641 1117 coinquinata,

321 1128 361 1163 et
396 1137 419 1163 a
452 1123 576 1163 verbo
612 1122 823 1167 mendacii,
857 1136 881 1162 a
909 1135 999 1176 roge
1029 1122 1181 1176 iniquo,
1266 1127 1307 1163 et
1337 1135 1361 1162 a
1388 1121 1527 1176 lingua
1556 1122 1726 1162 iniusta:

285 1182 301 1206 ⁸
320 1181 508 1222 laudabit
538 1195 665 1234 usque
695 1181 748 1222 ad
776 1187 951 1222 mortem
983 1182 1121 1222 anima
1149 1194 1241 1221 mea
1268 1181 1505 1229 Dominum,
1598 1183 1612 1205 ⁹
1646 1186 1687 1222 et
1721 1181 1809 1221 vita
1842 1194 1933 1222 mea
1965 1181 2183 1236 appropin-

532 1254 661 1294 quans
695 1245 783 1281 erat
816 1240 857 1280 in
890 1240 1047 1281 inferno
1082 1240 1283 1281 deorsum.

268 1300 304 1323 ¹⁰
320 1299 685 1340 Circumdederunt
712 1312 776 1340 me
804 1299 996 1353 undique,
1027 1305 1068 1340 et
1095 1313 1177 1340 non
1204 1304 1293 1340 erat
1321 1299 1387 1352 qui
1418 1299 1644 1340 adiuvaret.
1729 1298 1963 1352 Respiciens
1991 1312 2101 1340 eram
2130 1300 2182 1340 ad

530 1358 779 1399 adiutorium
810 1358 1034 1401 hominum.
1067 1364 1108 1399 et
1136 1371 1218 1399 non
1248 1363 1347 1399 erat.

267 1419 298 1442 11
320 1418 570 1458 Memoratus
586 1431 675 1458 sum
691 1417 974 1458 misericordiae
990 1422 1070 1458 tuae
1083 1417 1271 1463 Domine,
1341 1422 1383 1458 et
1397 1417 1644 1470 operationis
1659 1421 1753 1461 tuae,
1772 1430 1862 1470 quae
1874 1430 1898 1457 a
1911 1416 2056 1458 saeculo
2071 1422 2179 1458 sunt.

268 1479 300 1501 12
322 1476 513 1530 quoniam
550 1476 654 1517 eruis
688 1476 935 1517 sustinentes
971 1483 1010 1517 te
1044 1476 1231 1518 Domine.
1321 1481 1362 1516 et
1395 1475 1540 1516 liberas
1576 1489 1642 1517 eos
1677 1476 1726 1517 de
1760 1475 1950 1516 manibus
1983 1476 2180 1530 gentium.

268 1537 300 1560 ¹3
322 1536 527 1576 Exaltasti
563 1549 684 1588 super
719 1541 870 1576 terram
907 1535 1207 1576 habitationem
1246 1548 1391 1581 meam,
1464 1540 1505 1575 et
1537 1547 1610 1588 pro
1644 1539 1776 1575 morte
1810 1534 2014 1575 defluente
2044 1534 2183 1588 depre-

531 1600 646 1634 catus
677 1608 778 1636 suni.

269 1655 300 1677 ¹⁴
323 1653 518 1693 Invocavi
544 1653 768 1693 Dominum
794 1658 954 1706 patrem
981 1652 1147 1693 Domini
1174 1652 1264 1699 mei,
1345 1657 1392 1693 ut
1417 1665 1498 1693 non
1526 1651 1784 1706 derelinquat
1808 1666 1873 1692 me
1898 1652 1939 1693 in
1965 1652 2030 1693 die
2055 1652 2183 1694 tribu-

530 1711 693 1752 lationis
721 1725 833 1757 meae,
917 1718 958 1752 et
986 1711 1026 1752 in
1056 1716 1239 1765 tempore
1268 1711 1536 1764 superborum
1564 1710 1649 1751 sine
1679 1710 1894 1753 adiutorio.

268 1773 299 1795 ¹⁵
322 1771 517 1811 Laudabo
538 1784 686 1811 nomen
706 1775 825 1811 tuum
845 1771 1016 1819 assidue,
1091 1776 1133 1811 et
1151 1770 1392 1811 collaudabo
1412 1769 1512 1811 illud
1530 1769 1571 1810 in
1591 1770 1853 1817 confessione,
1928 1776 1969 1811 et
1988 1770 2185 1811 exaudita

531 1836 592 1870 est
622 1830 751 1871 oratio
781 1843 884 1871 mea.

270 1891 304 1913 ¹⁶
322 1889 377 1929 Et
406 1888 586 1929 liberasti
615 1902 680 1929 me
709 1889 758 1929 de
788 1889 1027 1942 perditione,
1112 1894 1152 1929 et
1183 1888 1365 1942 eripuisti
1395 1901 1459 1928 me
1489 1888 1538 1928 de
1568 1893 1751 1941 tempore
1781 1887 1933 1941 iniquo.

270 1949 543 2001 ¹⁷P1·opterea
577 1948 812 1993 confitebor,
850 1953 890 1988 et
923 1947 1086 1988 laudem
1123 1947 1256 1988 dicam
1290 1947 1377 1994 tibi‚
1467 1952 1508 1987 et
1542 1947 1780 1988 benedicam
1815 1946 1969 1988 nomini
2003 1946 2181 1988 Domini.

72 2041 424 2108 iss‘ssffiffafffficum
458 2042 591 2082 adhuc
625 2042 757 2082 iunior
789 2055 929 2087 essem,
966 2041 1204 2094 priusquam
1238 2041 1479 2089 oberrarem,
1570 2039 1737 2093 quaesivi
1770 2039 2015 2093 sapientiam
2047 2039 2183 2094 palam

90 2113 236 2144 aequm-n-
532 2101 573 2141 in
604 2100 787 2141 oratione
816 2114 918 2141 mea.

125 2148 202 2173 ‘¹³⁰³'
272 2160 430 2200 ¹⁹Ante
464 2159 665 2214 templum
698 2158 961 2213 postulabam
995 2172 1066 2212 pro
1100 2158 1178 2201 illa.
1268 2163 1310 2199 et
1343 2171 1470 2211 usque
1504 2158 1544 2198 in
1578 2157 1808 2199 novissimis
1841 2158 2045 2212 inquiram
2080 2171 2181 2199 eam.

322 2219 377 2259 Et
406 2218 582 2259 effloruit
612 2224 825 2272 tamquam
854 2231 1015 2271 praecox
1042 2231 1135 2260 uva,
1219 2219 1255 2241 '³⁰
1281 2216 1467 2258 laetatum
1496 2222 1558 2257 est
1585 2229 1653 2257 cor
1679 2230 1817 2257 meum
1844 2217 1885 2258 in
1913 2230 1971 2258 ea.

322 2277 564 2319 Ambulavit
591 2291 661 2331 pes
689 2291 801 2318 meus
829 2277 906 2318 iter
932 2282 1101 2323 rectum,
1185 2289 1209 2316 a
1234 2276 1450 2317 iuventute
1478 2289 1570 2316 mea
1596 2275 1895 2329 investigabam
1924 2289 2025 2318 eam.

270 2338 300 2361 21
326 2336 523 2377 Inclinavi
554 2336 710 2377 modice
741 2349 880 2376 aurem
910 2349 1055 2377 meam.
1087 2341 1128 2376 et
1156 2335 1296 2388 excepi
1324 2334 1447 2376 illam.
1530 2336 1563 2359 22
1590 2334 1766 2375 Multam
1794 2334 1932 2375 inveni
1960 2335 2001 2375 in
2029 2335 2183 2389 meipso

533 2396 788 2449 sapientiam,

323 2460 363 2495 et
390 2455 566 2495 multum
594 2455 744 2508 profeci
771 2454 811 2494 in
839 2468 896 2495 ea.
978 2456 1011 2477 ‘2²³
1036 2453 1165 2494 Danti
1191 2453 1290 2493 mihi
1317 2452 1574 2506 sapientiam,
1604 2453 1711 2493 dabo
1737 2452 1918 2506 gloriam.

271 2515 302 2538 2⁴
323 2513 567 2554 Consiliatus
590 2528 679 2554 sum
701 2514 808 2554 enim
830 2520 877 2554 ut
898 2513 1073 2553 facerem
1093 2512 1223 2553 illam:
1300 2511 1453 2552 zelatus
1475 2525 1565 2552 sum
1588 2512 1754 2561 bonum,
1778 2516 1819 2552 et
1840 2524 1921 2552 non
1943 2512 2181 2553 confundar.

271 2575 303 2597 25
324 2572 552 2613 Colluctata
580 2579 639 2613 est
666 2573 803 2612 anima
827 2585 916 2612 mea
948 2572 986 2612 in
1013 2571 1091 2616 illa,
1172 2578 1211 2612 et
1239 2571 1278 2611 in
1303 2571 1489 2612 faciendo
1517 2584 1605 2611 eam
1632 2570 1896 2612 confirmatus
1922 2584 2024 2612 sum.

271 2633 306 2655 2⁶
324 2632 468 2671 Manus
499 2645 609 2672 meas
639 2631 805 2672 extendi
834 2631 874 2671 in
905 2631 1047 2677 altum,
1132 2636 1174 2671 et
1202 2630 1479 2684 insipientiam
1509 2629 1592 2670 eius
1621 2629 1718 2670 luxi.

271 2692 305 2714 2⁷
323 2690 515 2730 Animam
546 2704 678 2731 meam
710 2690 837 2730 direxi
867 2691 919 2730 ad
948 2689 1070 2732 illam,
1155 2695 1197 2730 et
1224 2689 1266 2730 in
1296 2689 1502 2743 agnitione
1532 2688 1669 2729 inveni
1699 2702 1800 2730 eam.

272 2751 306 2773 28
323 2749 489 2790 Possedi
520 2763 611 2790 cum
641 2749 729 2802 ipsa
758 2762 826 2789 cor
855 2749 905 2789 ab
937 2749 1070 2790 initio:
1154 2753 1322 2802 propter
1349 2748 1426 2789 hoc
1455 2761 1536 2788 non
1567 2747 1834 2801 derelinquar.

272 2808 476 2849 2⁹Yenter
511 2822 623 2849 meus
659 2809 928 2849 conturbatus
964 2813 1025 2848 est
1061 2808 1278 2861 quaerendo
1313 2807 1442 2847 illam:
1532 2812 1749 2860 propterea
1785 2807 1935 2847 bonam
1969 2806 2184 2859 possidebo

534 2868 839 2921 possessionem.

273 2929 308 2948 ³⁰
330 2926 449 2966 Dedit
481 2926 576 2966 mibi
607 2927 807 2967 Dominus
838 2926 1017 2979 linguam
1048 2926 1274 2966 mercedem
1305 2938 1456 2965 meam:
1541 2930 1582 2965 et
1611 2925 1650 2965 in
1681 2925 1769 2978 ipsa
1796 2924 1974 2965 laudabo
2005 2938 2109 2965 eum.

273 2986 300 3008 ³¹
326 2984 577 3037 Appropiate
608 2986 656 3025 ad
690 3000 753 3025 me
782 2985 948 3026 indocti.
1034 2990 1074 3025 et
1104 2989 1345 3038 congregate
1375 2997 1446 3025 vos
1477 2984 1517 3024 in
1547 2984 1715 3024 domum
1746 2983 1978 3036 disciplinae.

273 3045 304 3066 ²³2
328 3043 422 3095 quid
445 3044 577 3084 adbuc
599 3044 840 3085 retardatis?
861 3049 902 3084 et
923 3044 1019 3097 quid
1040 3043 1173 3084 dicitis
1194 3044 1233 3083 in
1253 3043 1339 3084 his?
1414 3043 1560 3083 animae
1579 3047 1725 3083 vestrae
1744 3042 1890 3082 sitiunt
1909 3042 2181 3082 vehementer.

273 3104 305 3125 ³³
328 3102 476 3154 Aperui
507 3117 548 3141 os
581 3117 726 3149 meum,
759 3109 799 3143 et
831 3103 989 3144 locutus
1019 3116 1126 3142 sum:
1211 3103 1455 3155 Comparate
1486 3102 1601 3143 vobis
1631 3101 1715 3142 sine
1746 3106 1926 3151 argento,

274 3162 304 3183 ³²
327 3167 365 3199 vt
394 3160 537 3200 rollum
569 3169 747 3202 vestrum
776 3162 961 3202 subiicite
988 3162 1092 3214 iugo,
1175 3166 1213 3201 et
1241 3161 1435 3214 suscipiat
1463 3161 1601 3201 anima
1626 3166 1764 3200 vestra
1789 3159 2063 3212 disciplinam:
2145 3159 2183 3199 in

540 3221 720 3271 proximo
752 3226 811 3261 est
842 3221 946 3261 enim
981 3220 1158 3260 invenire
1189 3234 1289 3261 eam.
1844 3258 1847 3260 .

274 3279 306 3301 ³⁵⁵
331 3277 471 3317 Videte
497 3278 619 3318 oculis
648 3280 789 3320 vestris
816 3280 911 3333 quia
938 3279 1139 3319 modicum
1165 3278 1361 3325 laboravi,
1441 3284 1482 3319 et
1506 3278 1643 3318 inveni
1667 3278 1767 3318 mihi
1791 3277 1963 3318 multam
1990 3277 2182 3330 requiem.

275 3339 310 3359 ³¹⁴⁵
332 3336 536 3376 Assumite
551 3337 803 3390 disciplinam
823 3339 861 3378 in
880 3339 1007 3378 multo
1022 3351 1189 3378 numero
1205 3337 1372 3389 argenti.
1417 3343 1458 3377 et
1469 3337 1677 3391 copiosum
1692 3349 1836 3377 aurum
1851 3335 2054 3389 possidete
2070 3335 2111 3376 in
2125 3348 2181 3376 ea.

274 3397 307 3419 ³⁷
332 3395 508 3435 laetetur
527 3396 663 3435 anima
684 3403 815 3437 vestra
839 3398 875 3437 in
897 3396 1171 3437 misericordia
1190 3397 1285 3438 eius.
1360 3402 1401 3436 et.
1420 3409 1500 3437 non
1521 3394 1825 3437 confundemini
1847 3395 1886 3435 in
1906 3394 2026 3435 laude
2046 3394 2181 3447 ipsius.

273 3454 560 3507 31“’(’)ρ(ϊὶιιιιίι]ἰ
592 3468 691 3507 opus·
724 3462 902 3495 vestrum
934 3462 1029 3496 ante
1060 3462 1232 3508 tempus,
1317 3461 1357 3495 et
1387 3455 1504 3496 dabit
1534 3455 1649 3496 vobis
1680 3453 1902 3495 mercedem
1936 3458 2113 3494 vestram
2144 3453 2182 3493 in

539 3520 719 3567 tempore
749 3528 833 3555 suo.
