2356 3760
114 186 167 225 229,
192 185 333 223 12--29‚
359 184 402 217 46
986 181 1138 215 Exom
1271 157 1279 163 ’
1969 185 2015 225 71

116 279 229 319 iuxta
264 277 415 318 ostium
446 274 697 317 tabernaculi
730 274 965 315 testimonii.
1027 276 1057 298 ¹⁴²
1090 275 1390 327 Suinptumque
1424 274 1472 314 de
1505 274 1697 326 sanguine
1731 277 1859 318 vituli.
1895 291 2016 331 pones

114 350 233 390 super
264 348 413 376 cornua
446 334 583 374 altaris
616 333 743 387 digito
776 338 859 377 tuo,
894 332 1092 386 reliquum
1125 338 1264 373 autem
1296 332 1532 385 sanguinein
1565 332 1708 372 fundes
1741 334 1857 375 iuxta
1888 336 2016 377 basini

113 396 208 436 eius.
271 396 302 419 ¹3
337 394 498 434 aSumes
530 398 572 433 et
603 391 764 445 adipem
797 396 933 431 totum
966 392 1034 444 qui
1067 391 1196 444 operit
1229 391 1434 437 intestina,
1470 395 1509 430 et
1541 390 1755 431 reticulum
1788 392 1937 436 iecoris,
1973 408 2018 434 ac

114 455 214 495 duos
235 466 359 501 renes,
383 458 424 492 et
445 451 607 504 adipem
629 450 697 503 qui
717 462 838 503 super
858 463 923 490 eos
945 455 1016 498 est,
1041 456 1080 490 et
1102 450 1242 490 offeres
1265 449 1473 489 incensum
1495 462 1615 502 super
1635 448 1779 490 altare:
1830 453 1860 475 11
1882 465 2017 492 earnes

116 526 210 553 vero
237 510 356 552 vituli
383 516 422 551 et
449 510 602 550 corium
630 514 669 549 et
699 508 840 549 fimum
868 508 1080 549 combures
1106 508 1202 549 foris
1230 513 1343 548 extra
1372 513 1515 549 castra.
1545 521 1590 548 eo
1619 508 1728 560 quod
1754 522 1825 562 pro
1853 515 2019 562 peccato

115 572 178 612 sit.
234 573 264 595 ¹⁷³
290 569 428 610 Unum
454 581 615 622 quoque
641 567 807 607 arietem
833 580 976 609 sumes.
1005 580 1125 620 super
1148 567 1260 607 cuius
1286 572 1410 619 eaput
1435 571 1589 619 ponent
1613 567 1750 607 Aaron
1775 572 1815 608 et
1842 567 1912 608 filii
1937 568 2019 608 eius

116 642 271 670 manus.
326 630 361 652 111
387 628 516 676 Quem
544 639 636 667 cum
662 626 918 668 mactaveris.
948 625 1062 666 tolles
1089 626 1139 666 de
1165 625 1359 678 sanguine
1386 625 1482 671 eius,
1511 630 1552 665 et.
1577 625 1721 666 fundes
1748 626 1851 666 circa
1879 626 2017 667 altare.

116 691 148 713 ¹⁷
178 689 311 741 ipsum
343 692 480 727 autem
511 685 678 726 arietem
708 684 861 725 secabis
893 684 933 724 in
962 685 1104 725 frusta.
1136 684 1302 736 lotaque
1332 683 1524 724 intestina
1556 683 1639 724 eius
1670 697 1715 723 ac
1745 685 1866 737 pedes
1896 698 2020 738 pones

115 760 234 800 super
264 745 442 787 concisas
474 757 624 787 carnes,
658 749 699 784 et
728 756 849 796 super
877 749 1001 796 caput
1031 742 1147 783 illius.
1207 745 1241 766 ¹⁸
1272 742 1326 783 Et
1357 742 1497 783 offeres
1529 747 1664 782 totum
1695 743 1862 783 arietem
1892 744 1933 784 in
1963 744 2020 784 in-

114 818 279 846 censum
319 817 440 857 super
476 803 620 844 altare:
670 802 821 843 oblatio
860 807 920 843 θε1
958 802 1147 844 Domino.
1188 802 1287 842 odor
1324 801 1588 841 suavissimus
1627 801 1804 842 victimae
1840 802 2017 843 Domini.

116 868 150 890 ¹⁹
182 863 310 905 'folles
345 875 505 916 quoque
538 861 705 902 arietem
738 860 922 904 alterum.
958 873 1077 914 super
1108 861 1219 901 cuius
1252 865 1377 913 caput
1408 860 1545 900 Aaron
1576 865 1616 900 et
1651 859 1719 900 filii
1753 860 1835 901 eius
1867 866 2020 913 ponent

115 936 270 964 manus.
329 924 365 946 ²⁰
393 922 522 970 Quem
553 933 645 960 cum
675 919 959 961 immolaveris,
992 932 1123 960 sumes
1155 920 1203 959 de
1233 918 1427 972 sanguine
1457 918 1551 960 eius.
1584 923 1624 958 et
1653 932 1777 971 pones
1807 932 1927 972 super
1955 933 2021 959 ex-

114 988 291 1022 tremuni
322 979 510 1021 auriculae
541 980 694 1020 dextrae
723 979 859 1019 Aaron
891 983 931 1019 et
964 978 1137 1018 filiorum
1169 978 1263 1021 eius,
1297 983 1337 1018 et
1367 990 1487 1030 super
1515 976 1676 1029 pollices
1708 990 1851 1018 manus
1883 991 2021 1019 eorum

115 1055 161 1081 ac
195 1040 308 1094 pedis
345 1039 488 1081 dextri.
526 1038 752 1091 fundesque
788 1037 1025 1087 sanguinem
1061 1050 1180 1090 super
1215 1036 1342 1077 altare
1377 1049 1448 1089 per
1482 1036 1707 1077 circuitum.
1772 1039 1803 1060 “-’1
1839 1037 2020 1090 Cumque

115 1099 253 1140 tuleris
283 1099 332 1139 de
361 1097 555 1151 sanguine
586 1097 655 1150 qui
684 1102 743 1137 est
774 1109 893 1149 super
922 1095 1059 1139 altare.
1092 1102 1131 1136 et
1162 1096 1210 1136 de
1240 1095 1326 1136 oleo
1356 1095 1570 1143 unctionis,
1602 1108 1786 1149 asperges
1815 1096 1952 1136 Aaron
1982 1101 2021 1136 et

116 1163 247 1199 vestes
274 1158 369 1205 01113,
402 1156 503 1197 filios
530 1164 569 1197 et
596 1155 841 1196 vestimenta
870 1167 1020 1195 eorum.
1050 1154 1383 1208 (Tonsecratisque
1410 1154 1504 1207 ipsis
1533 1158 1571 1194 et
1599 1154 1792 1196 vestibus.
1849 1156 1880 1178 ²2
1906 1154 2021 1195 tolles

115 1217 277 1270 adipem
305 1216 353 1257 de
380 1215 515 1263 ariete,
544 1220 583 1255 et
610 1213 783 1255 caudam
810 1219 850 1254 et
877 1214 1073 1255 arvinam.
1104 1227 1193 1267 quae
1219 1213 1348 1266 operit
1375 1212 1527 1254 vitalia.
1557 1226 1601 1252 ac
1628 1212 1841 1253 reticulum
1868 1213 2019 1256 iecoris,

116 1284 156 1317 ct
184 1276 284 1316 duos
311 1288 436 1316 renes.
467 1280 590 1327 atque
618 1273 791 1326 adipem.
823 1273 891 1326 qui
919 1286 1038 1326 super
1064 1286 1129 1313 eos
1158 1279 1229 1319 est,
1260 1284 1499 1324 armumque
1528 1271 1730 1316 dextrum,
1760 1284 1804 1312 eo
1834 1272 1943 1325 quod
1970 1272 2020 1311 sit

116 1335 216 1376 aries
234 1333 568 1375 consecrationis:
614 1334 645 1356 ²3
663 1337 896 1384 tortamque
914 1331 1029 1384 panis
1048 1331 1177 1378 11111113,
1198 1330 1421 1371 crustulam
1438 1343 1695 1383 conspersam
1714 1329 1811 1372 oleo.
1830 1329 2019 1383 laganum

116 1394 163 1433 de
186 1393 361 1434 canistro
384 1404 632 1445 azymorum.
658 1391 767 1444 quod
788 1390 967 1443 positum
990 1395 1049 1431 est
1071 1390 1111 1430 in
1133 1394 1352 1442 conspectu
1374 1389 1557 1429 Domini:
1607 1390 1638 1412 '²⁴
1660 1402 1864 1442 ponesque
1887 1389 2019 1429 omnia

116 1465 236 1506 super
264 1464 408 1492 manus
438 1451 573 1491 Aaron
603 1455 643 1490 et
675 1449 848 1490 filiorum
878 1449 973 1491 eius.
1006 1454 1045 1489 et
1075 1448 1349 1489 sanctificabis
1379 1461 1445 1488 eos
1475 1447 1635 1488 elevans
1666 1461 1801 1488 coram
1830 1448 2018 1488 Domino.

165 1510 445 1565 Suscipiesque
464 1509 650 1550 universa
670 1508 718 1548 de
737 1508 925 1548 manibus
943 1521 1100 1548 eorum:
1121 1513 1159 1548 et
1179 1507 1366 1548 incendes
1385 1520 1505 1560 super
1522 1506 1647 1547 altare
1666 1506 1706 1546 in
1724 1506 2020 1554 holocaustum,

116 1571 281 1611 odorem
303 1568 589 1615 suavissimum
613 1568 652 1607 in
675 1572 893 1620 conspectu
916 1567 1094 1609 Domini.
1120 1566 1214 1620 quia
1237 1566 1389 1607 oblatio
1412 1566 1494 1606 eius
1518 1571 1589 1606 est.
1641 1567 1675 1589 ²⁶
1696 1565 1838 1606 Sumes
1862 1578 2022 1618 quoque

117 1628 397 1682 pectusculum
431 1628 479 1668 de
514 1627 649 1671 ariete.
686 1640 765 1680 quo
800 1626 984 1666 initiatus
1018 1632 1077 1666 est
1111 1626 1259 1666 Aaron.
1296 1624 1651 1678 sanctificabisque
1685 1624 1784 1665 illud
1817 1623 2022 1665 elevatum

116 1701 252 1728 (oram
286 1687 475 1728 Domino.
513 1690 554 1727 et
588 1686 704 1726 cedet
737 1685 778 1725 in
814 1690 971 1738 partem
1008 1691 1134 1725 tuam.
1198 1685 1232 1708 ²⁷
1267 1683 1633 1737 Sanctificabisque
1668 1689 1707 1723 et
1742 1682 2021 1737 pectusculum

116 1752 408 1789 consecratum,
440 1751 479 1786 et
509 1758 667 1785 armum
697 1757 817 1797 quem
847 1744 895 1784 de
925 1743 1048 1784 ariete
1077 1743 1285 1797 separasti.
1343 1744 1378 1767 ²⁸
1407 1756 1486 1796 quo
1516 1742 1700 1782 initiatus
1730 1747 1790 1782 est
1819 1742 1954 1782 Aaron
1983 1746 2024 1782 et

120 1805 188 1847 lilii
213 1806 309 1853 eius,
337 1805 562 1857 cedentque
588 1804 629 1844 in
654 1808 813 1857 partem
840 1803 975 1844 Aaron
1002 1807 1042 1843 et
1070 1802 1244 1843 filiorum
1270 1802 1353 1842 eius
1380 1802 1463 1842 iure
1489 1806 1685 1855 perpetuo
1712 1815 1735 1841 a
1764 1800 1852 1841 filiis
1882 1800 2021 1840 Israel:

117 1865 212 1918 quia
242 1864 450 1918 primitiva
483 1869 578 1904 sunt
610 1868 651 1903 et
683 1862 796 1903 initia
830 1862 879 1903 de
912 1861 1087 1902 victimis
1120 1874 1258 1902 eorum
1290 1860 1469 1914 pacificis
1503 1874 1593 1914 (11111ι
1624 1860 1800 1901 offerunt
1832 1859 2021 1900 Domino.

116 1926 151 1948 ²⁹
182 1923 348 1964 Vestem
380 1928 518 1963 autem
551 1927 749 1969 sanctam,
785 1934 865 1974 qua
897 1926 1037 1961 utetur
1068 1921 1215 1965 Aaron,
1250 1920 1461 1960 habebunt
1498 1919 1566 1959 filii
1599 1919 1681 1959 eius
1714 1925 1806 1972 post
1839 1932 1942 1961 eum.
1978 1924 2023 1958 ut

117 1988 323 2033 ungantur
350 1982 390 2022 in
419 1995 477 2025 ea.
507 1987 548 2022 et
575 1986 860 2021 consecrentur
888 1993 1031 2020 manus
1060 1992 1210 2020 eorum.
1268 1981 1304 2002 ³⁰
1330 1979 1495 2031 Septem
1524 1977 1664 2018 diebus
1693 1982 1833 2018 utetur
1860 1976 1924 2017 illa
1955 1977 2022 2030 qui

118 2041 302 2094 pontifex
330 2054 402 2094 pro
433 2053 478 2081 eo
508 2040 629 2080 fuerit
661 2039 908 2079 constitutus
939 2039 988 2079 de
1021 2038 1109 2078 filiis
1141 2038 1236 2082 eius,
1269 2043 1310 2078 et
1340 2037 1408 2091 qui
1438 2036 1685 2090 ingredietur
1714 2035 2022 2076 tabernaculum

118 2100 340 2141 testimonii
376 2106 421 2140 ut
458 2099 660 2139 ministret
696 2098 736 2138 in
772 2097 1024 2138 Sanctuario.
1089 2099 1119 2121 ³¹
1156 2097 1336 2137 Arietem
1372 2102 1509 2136 autem
1547 2095 1858 2136 consecrationis
1895 2093 2022 2136 tolles,

116 2169 152 2199 et
179 2172 326 2212 coques
348 2171 486 2198 carnes
509 2157 592 2197 eius
614 2157 654 2197 in
677 2156 763 2197 loeo
786 2161 945 2197 sancto:
1004 2158 1036 2180 ³²
1058 2156 1205 2210 quibus
1228 2159 1414 2196 vescetur
1435 2155 1571 2195 Aaron
1593 2160 1634 2194 et
1658 2153 1727 2194 filii
1750 2153 1845 2194 eius.
1874 2153 2024 2193 ἱ1111111113

118 2231 290 2272 quoque,
320 2217 389 2271 qui
414 2222 509 2257 sunt
534 2217 576 2256 in
601 2216 789 2258 canistro.
819 2216 858 2255 in
884 2215 1086 2255 vestibulo
1114 2213 1366 2255 tabernaculi
1391 2213 1613 2254 testimonii
1640 2213 1866 2256 comedent,
1920 2214 1952 2236 33
1978 2217 2025 2252 ut

117 2277 169 2318 ‚sit
210 2275 406 2331 placabile
447 2274 701 2316 sacrificium.
745 2280 783 2315 et
825 2273 1134 2314 sanctificentur
1173 2273 1430 2314 offerentium
1471 2285 1626 2313 manus.
1669 2271 1905 2324 Alienigena
1945 2284 2025 2311 non

117 2341 303 2377 vescetur
329 2348 379 2376 ex
406 2335 473 2383 eis,
504 2334 600 2388 quia
626 2333 756 2374 sancti
783 2339 890 2374 sunt.
946 2334 979 2357 3⁴
1005 2333 1125 2381 Quod
1152 2332 1184 2373 si
1210 2331 1449 2372 remanserit
1476 2331 1525 2372 de
1552 2331 1740 2371 carnibus
1768 2330 2023 2375 consecratis,

117 2396 201 2436 sive
222 2395 270 2435 de
292 2394 466 2448 panibus
487 2406 616 2446 usque
637 2405 767 2441 mane,
792 2392 1003 2433 combures
1024 2391 1213 2445 reliquias
1234 2391 1334 2445 igni:
1358 2403 1439 2431 non
1461 2390 1736 2437 comedentur,
1762 2389 1854 2442 quia
1877 2387 2025 2428 saneti-

120 2454 242 2494 ficata
267 2459 374 2494 sunt.
428 2454 460 2477 ³⁵
486 2452 645 2501 Omnia,
674 2465 764 2505 quae
788 2451 958 2505 praecepi
985 2450 1072 2498 11111,
1100 2450 1220 2491 facies
1247 2462 1366 2504 super
1390 2449 1527 2490 Aaron
1553 2453 1593 2489 et
1621 2447 1711 2489 filiis
1736 2448 1831 2488 eius.
1859 2447 2023 2500 Septem

118 2513 259 2554 diebus
287 2511 539 2553 consecrabis
567 2524 711 2551 manus
740 2523 897 2551 eorum:
952 2512 987 2534 ³⁶
1015 2515 1055 2550 et
1083 2508 1259 2550 vitulum
1287 2521 1358 2562 pro
1387 2513 1554 2562 peceato
1583 2507 1723 2548 offeres
1751 2519 1822 2560 per
1848 2505 2024 2559 singulos

118 2572 200 2612 dies
236 2571 289 2612 ad
323 2570 584 2624 expiandum.
621 2569 921 2623 Mundabisque
957 2568 1084 2609 altare
1119 2581 1212 2609 011111
1246 2566 1519 2608 immolaveris
1555 2565 1798 2620 expiationis
1834 2564 2022 2613 hostiani,

118 2636 158 2672 et
176 2643 300 2681 unges
319 2629 419 2670 illud
435 2629 477 2669 in
494 2628 874 2669 sanctificationem.
921 2629 955 2653 ³⁷
973 2627 1139 2681 Septem
1157 2626 1298 2668 diebus
1317 2626 1499 2679 expia-bis
1519 2625 1656 2671 altare,
1677 2630 1718 2665 et
1735 2623 2022 2671 sanctificabis,

118 2694 159 2730 et
185 2689 260 2730 erit
287 2688 485 2730 Sanctum
511 2693 758 2729 sanctorum.
788 2687 930 2734 omnis,
961 2686 1029 2740 qui
1055 2685 1235 2740 tetigerit
1261 2684 1372 2733 illud,
1402 2684 1737 2725 sanctificabitur.

413 2805 451 2845 6.
482 2804 705 2844 Institutio
736 2804 791 2845 de
822 2803 1046 2844 sacrificio
1077 2802 1358 2854 quotidiano,
1387 2801 1453 2851 29,
1472 2801 1645 2849 38—30,
1664 2800 1729 2839 10.

222 2884 258 2907 ³⁵
277 2882 366 2923 Hoc
385 2887 447 2923 est
466 2881 576 2935 quod
593 2880 714 2921 facies
735 2880 775 2921 in
794 2879 930 2920 altari:
959 2879 1111 2933 CAgnos
1131 2877 1339 2919 anniculos
1359 2877 1459 2918 duos
1479 2889 1550 2930 per
1568 2874 1743 2928 singulos
1763 2875 1846 2915 dies
1866 2874 2022 2927 iugiter.

118 2944 154 2966 3⁹
180 2954 308 2982 unum
333 2954 484 2994 agnum
509 2953 640 2987 mane,
668 2944 709 2980 et
735 2938 907 2980 alterum
935 2951 1111 2991 vespere,
1165 2939 1201 2962 ³⁰
1226 2936 1427 2977 decimam
1451 2941 1610 2989 partem
1637 2932 1776 2974 similae
1802 2946 2025 2986 conspersa)

119 3000 204 3041 oleo
236 3006 340 3048 tuso,
375 2999 484 3053 quod
514 2998 665 3039 habeat
698 3010 928 3038 mensuram
961 3002 1151 3050 quartam
1181 3000 1342 3050 partem
1371 2995 1454 3043 hin,
1487 3000 1527 3035 et
1559 2993 1700 3033 vinum
1732 2993 1783 3032 ad
1813 2992 2026 3032 libandum

119 3059 300 3100 eiusdem
323 3071 521 3099 mensurae
542 3057 584 3098 in
608 3070 710 3111 agno
735 3070 827 3097 11110.
879 3058 911 3080 11
934 3055 1121 3097 Alterum
1143 3068 1238 3096 vero
1262 3067 1413 3108 agnum
1437 3053 1577 3094 offeres
1601 3052 1653 3092 ad
1677 3064 1888 3104 vesperam
1910 3051 2028 3091 iuxta.

120 3118 244 3158 ritum
263 3117 479 3158 matutinae
498 3115 728 3164 oblationis,
749 3121 790 3156 et
808 3115 923 3156 iuxta
944 3128 991 3155 ea·
1011 3127 1100 3167 quae
1119 3113 1307 3159 diximus
1330 3113 1371 3153 in
1390 3112 1555 3153 odorem
1574 3109 1810 3151 suavitatis:
1857 3111 1889 3133 ⁴2
1908 3109 2026 3149 sacri-

124 3176 259 3217 ficium
275 3181 336 3217 est
351 3175 541 3223 Domino,
559 3173 764 3216 oblatione.
781 3179 980 3227 perpetua
994 3173 1036 3214 111
1051 3172 1330 3226 generationes
1347 3176 1515 3218 vestras,
1540 3170 1592 3210 ad
1609 3169 1759 3210 ostium
1777 3167 2025 3208 tabernaculi

122 3234 344 3275 testimonii
371 3247 507 3275 coram
533 3233 724 3282 Domino,
755 3233 824 3274 ubi
852 3232 1102 3273 constituam
1130 3236 1176 3272 ut
1202 3230 1347 3284 loquar
1374 3230 1427 3270 ad
1454 3234 1506 3270 te.
1562 3230 1595 3253 ⁴3
1625 3227 1766 3280 Ibique
1795 3226 2027 3280 praecipiam

125 3293 214 3334 filiis
237 3292 371 3341 Israel,
394 3298 436 3333 et
456 3291 782 3333 sanctificabitur
802 3291 928 3332 altare
949 3291 991 3331 111
1010 3290 1136 3344 gloria
1156 3303 1257 3330 mea.
1307 3291 1339 3313 ⁴⁴
1360 3287 1634 3329 Sanctificabo
1656 3292 1696 3327 et
1716 3284 2027 3326 tabernaculum

122 3351 344 3393 testimonii
365 3364 458 3392 011111
479 3349 609 3394 altari.
634 3354 675 3390 et
695 3350 832 3391 Aaron
853 3363 945 3390 curn
970 3349 1060 3390 filiis
1082 3348 1175 3396 suis,
1199 3352 1247 3388 ut
1267 3346 1492 3388 sacerdotio
1514 3346 1738 3399 fungantur
1760 3344 1868 3384 mihi.
1918 3345 1950 3367 ⁴5
1971 3342 2027 3383 Et,

122 3411 317 3452 habitabo
341 3411 382 3451 in
404 3410 536 3451 medio
563 3408 738 3449 filiorum
763 3408 896 3455 Israel,
922 3421 1069 3461 eroque
1092 3407 1146 3448 eis
1169 3407 1292 3447 Deus.
1343 3407 1378 3430 ⁴⁶
1401 3410 1441 3446 et
1464 3405 1591 3445 scient
1614 3403 1709 3457 quia
1732 3416 1803 3457 ego
1826 3401 2025 3442 Dominus

254 3515 297 3548 13
320 3515 389 3548 aLv
414 3515 444 3554 3,
470 3515 499 3547 3.
526 3535 568 3538 —
593 3514 634 3546 32²
654 3514 724 3547 va
746 3513 777 3552 8,
798 3513 855 3551 31;
881 3512 933 3551 24,
954 3513 989 3551 Ὡς
1016 3512 1067 3544 Mt
1088 3512 1140 3551 12,
1161 3512 1190 3544 4.
1218 3531 1259 3534 ψ
1284 3510 1324 3543 38
1348 3510 1431 3542 cNm
1454 3509 1506 3542 28.
1527 3509 1557 3542 3.

2052 2879 2207 2908 Agnormu,

2089 2920 2172 2944 panis

2071 2952 2100 2974 ets
2121 2949 2188 2974 viui.
