2356 3760
303 170 378 209 738
1113 163 1387 198 rizoPHETiA
1966 167 2016 207 14,
2042 167 2161 209 3—15,
2187 169 2207 202 9

294 260 511 301 Ierusalem
547 258 740 299 ascendit.
803 260 818 281 ³
851 256 1022 298 Maiores
1056 257 1255 298 miserunt
1289 257 1462 298 minores
1496 270 1589 298 suos
1624 258 1676 298 ad
1710 271 1879 311 aquam:
1917 266 2119 302 venerunt
2154 262 2207 302 ad

291 319 573 362 hauriendum,
604 330 683 357 non
712 316 956 355 invenerunt
983 328 1144 368 aquam,
1175 321 1490 368 reportaverunt
1517 329 1616 356 vasa
1643 330 1717 357 sua
1744 330 1892 358 vacua:
1921 319 2079 360 confusi
2105 325 2205 360 sunt

292 384 332 419 et
361 377 513 418 afflicti.
544 384 583 416 et
612 380 857 427 operuerunt
886 374 1023 426 capita
1049 387 1133 415 sua.
1190 376 1204 398 ⁴
1231 374 1404 427 Propter
1432 380 1547 415 terrae
1575 375 1828 423 vastitatem,
1859 376 1955 429 quia
1980 390 2062 418 non
2090 378 2206 419 venit

294 437 432 489 pluvia
460 436 497 475 in
530 442 689 475 terram,
721 432 876 472 confusi
905 438 999 473 sunt
1030 432 1223 484 agricolze.
1255 439 1503 485 operuerunt
1531 433 1668 486 capita
1695 446 1779 474 sua.
1836 436 1851 458 ⁵
1882 435 1986 475 Nam
2015 441 2056 476 et
2083 449 2205 477 cerva

295 496 334 535 in
358 508 451 545 agro
477 493 642 546 peperit.
668 498 707 531 et
730 491 910 544 reliquit:
936 491 1032 544 quia
1053 504 1133 531 non
1156 497 1244 532 erat
1265 491 1401 532 herba.
1456 493 1471 515 ⁶
1494 491 1548 532 Et
1570 492 1710 544 onagri
1731 498 1936 534 steterunt
1958 493 1998 533 in
2019 494 2203 547 rupibus,

296 561 509 595 traxerunt
542 556 711 591 ventum
743 550 858 603 quasi
888 549 1095 597 dracones,
1127 550 1364 591 defecerunt
1394 549 1497 590 oculi
1528 563 1679 597 eorum,
1713 550 1809 604 quia
1838 564 1918 592 non
1950 557 2037 592 erat
2067 552 2204 594 herba.

143 625 238 667 prem-s
256 654 268 666 ‚⁴
405 614 417 634 ⁷
445 611 483 651 Si
511 609 748 663 iniquitates
774 614 923 649 nostrae
948 608 1230 661 responderint
1256 608 1390 649 nobis:
1418 608 1592 648 Domine
1618 609 1682 649 fac
1706 615 1874 662 propter
1899 623 2047 651 nomen
2074 615 2205 659 tuum,

100 654 279 713 ‘'¹³‘i221‘1¹‚fl⁹¹'‘
299 670 490 724 quoniam
527 668 667 709 multae
700 673 795 708 sunt
831 666 1059 708 aversiones
1094 673 1254 713 nostrae,
1292 667 1366 707 tibi
1400 667 1671 719 peccavimus.
1737 671 1753 691 ὅ
1786 667 2032 721 Expectatio
2071 669 2206 717 Israel,

86 725 478 769 ⁵¹¹⁵⁴‘³¹‘¹¹¹¹¹‘¹¹‘salvator
510 727 593 768 eius
625 727 665 767 in
699 732 880 778 tempore
914 725 1207 767 tribulationis:
1243 738 1366 778 quare
1401 725 1515 778 quasi
1548 725 1713 766 colonus
1745 727 1908 766 futurus
1940 740 1981 767 es
2012 727 2053 767 in
2087 733 2207 775 terra,

295 795 335 828 et
363 787 477 840 quasi
504 786 638 826 viator
664 784 870 825 declinans
897 784 947 825 ad
975 784 1250 825 manendum?
1307 786 1322 808 ⁹
1349 785 1482 833 Quare
1508 784 1671 824 futurus
1697 797 1738 825 es
1765 784 1879 825 velut
1904 785 1966 825 vir
1992 799 2131 839 vagus,
2161 792 2209 827 ut

294 846 409 887 fortis
439 845 507 899 qui
535 858 615 885 non
644 849 782 897 potest
808 843 990 883 salvare?
1020 849 1065 883 tu
1094 849 1232 884 autem
1261 843 1300 883 in
1330 843 1445 883 nobis
1473 856 1513 883 es
1541 842 1728 891 Domine,
1759 848 1800 884 et
1827 857 1975 884 nomen
2003 849 2123 884 tuum
2151 844 2211 885 in-

294 910 488 946 vocatum
517 910 577 944 est
606 915 726 955 super
754 915 838 946 nos,
869 916 918 942 ne
947 901 1203 955 derelinquas
1231 915 1316 942 nos.
1375 904 1410 925 ¹⁰
1438 901 1536 942 Haec
1564 901 1664 942 dicit
1690 901 1891 943 Dominus
1920 902 2071 956 populo
2102 903 2208 951 huic,

296 963 363 1017 qui
387 962 530 1003 dilexit
552 974 714 1003 movere
737 961 859 1014 pedes
882 974 987 1007 suos,
1012 966 1054 1000 et
1075 973 1154 1001 non
1180 960 1348 1013 quievit,
1373 965 1415 1001 et
1436 960 1613 1001 Domino
1637 973 1718 1000 non
1741 960 1914 1013 placuit:
1941 961 2059 1001 Nunc
2080 974 2211 1002 recor-

294 1022 460 1063 dabitur
497 1020 762 1074 iniquitatum
799 1032 951 1065 eorum,
989 1024 1031 1060 et
1067 1019 1253 1060 visitabit
1288 1024 1458 1072 peccata
1493 1031 1644 1060 eorum.
1711 1021 1739 1043 ¹¹
1777 1019 1834 1060 Et
1868 1019 1975 1060 dixit
2009 1019 2212 1060 Dominus

295 1081 345 1121 ad
369 1094 450 1120 me:
479 1080 589 1121 aNoli
615 1091 727 1119 orare
750 1091 822 1131 pro
846 1077 996 1131 populo
1018 1077 1096 1119 isto
1119 1077 1160 1117 in
1183 1078 1349 1118 bonum.
1402 1080 1432 1102 ¹²
1454 1078 1556 1118 Cum
1579 1077 1862 1126 ieiunaverint,
1887 1091 1968 1119 non
1992 1077 2211 1119 exaudiam

296 1152 431 1193 preces
448 1151 605 1179 eorum:
622 1137 709 1178 etsi
725 1136 949 1178 obtulerint
963 1136 1311 1183 holocautomata,
1329 1142 1370 1177 et
1385 1136 1586 1180 victimas,
1603 1149 1685 1176 non
1700 1136 1918 1189 suscipiam
1934 1150 1999 1177 ea:
2017 1137 2212 1190 quoniam

295 1197 441 1251 gladio,
474 1202 515 1237 et
543 1197 664 1245 fame,
697 1201 738 1236 et
766 1200 880 1249 peste
910 1208 1149 1236 consumam
1179 1208 1257 1236 eos.

119 1259 268 1318 “xfffffgsth'
408 1259 439 1280 ¹³
461 1256 516 1296 Et
537 1255 633 1298 dixi.
657 1255 692 1295 A
715 1268 738 1295 a
760 1268 794 1298 a,
818 1253 993 1294 Domine
1014 1254 1144 1294 Deus:
1167 1254 1384 1307 Prophetae
1405 1253 1548 1294 dicunt
1569 1253 1642 1294 eis:
1670 1254 1783 1294 bNon
1806 1253 1996 1294 videbitis
2018 1253 2211 1307 gladium,

115 1330 270 1360 probatur:
304 1322 345 1356 et
367 1316 496 1355 fames
521 1327 601 1355 non
627 1313 701 1354 erit
726 1313 766 1353 in
793 1313 920 1358 vobis,
947 1313 1017 1353 sed
1041 1326 1183 1365 pacem
1208 1325 1348 1353 veram
1373 1312 1490 1353 dabit
1514 1312 1629 1353 vobis
1654 1312 1694 1352 in
1718 1312 1806 1353 loco
1830 1312 1920 1353 isto.
1974 1314 2006 1337 ¹⁴
2031 1313 2086 1353 Et
2110 1312 2215 1353 dixit

298 1373 498 1415 Dominus
521 1373 573 1414 ad
594 1386 676 1412 me:
700 1372 818 1412 Falso
840 1371 1052 1425 prophetae
1073 1371 1354 1412 vaticinantur
1373 1370 1413 1411 in
1435 1370 1600 1412 nomine
1622 1384 1730 1412 meo:
1754 1384 1835 1411 non
1856 1371 1947 1412 misi
1968 1384 2046 1420 eos,
2071 1376 2112 1412 et
2132 1384 2213 1411 non

301 1432 470 1486 prtecepi
498 1431 565 1476 eis,
596 1444 726 1484 neque
754 1431 914 1471 locutus
943 1444 1032 1471 sum
1063 1431 1114 1471 ad
1142 1444 1227 1471 eos:
1258 1430 1455 1471 visionem
1483 1430 1734 1471 mendacem.
1766 1435 1807 1470 et
1834 1429 2143 1478 divinationem,
2174 1435 2215 1470 et

294 1491 628 1534 fraudulentiam,
659 1496 701 1530 et
729 1489 1008 1530 seductionem
1038 1489 1169 1530 cordis
1198 1489 1259 1529 sui
1288 1489 1540 1542 prophetant
1568 1488 1695 1529 vobis
1754 1490 1786 1513 ¹⁵
1817 1488 1971 1529 Idcirco
2000 1488 2086 1529 haec
2114 1488 2214 1529 dicit

295 1549 496 1591 Dominus
517 1550 566 1590 de
587 1549 809 1603 prophetis,
834 1548 902 1602 qui
922 1548 1175 1601 prophetant
1194 1547 1235 1588 in
1256 1547 1420 1588 nomine
1441 1561 1543 1595 meo,
1568 1560 1668 1600 quos
1689 1560 1761 1600 ego
1783 1560 1864 1588 non
1886 1547 1988 1595 misi,
2012 1547 2212 1588 dicentes:

296 1608 476 1651 Gladius,
498 1614 540 1649 et
556 1608 684 1648 fames
703 1621 784 1647 non
804 1607 880 1647 erit
896 1607 936 1647 in
956 1612 1065 1647 terra
1082 1607 1176 1647 hac:
1199 1607 1246 1647 In
1264 1606 1398 1659 gladio
1418 1611 1459 1646 et
1476 1606 1584 1646 fame
1603 1610 1896 1646 consumentur
1914 1606 2125 1659 prophetae
2142 1605 2211 1647 illi.

298 1670 332 1691 ¹⁶
350 1668 406 1708 Et
424 1666 576 1720 populi,
600 1666 746 1719 quibus
766 1665 1030 1719 prophetant,
1052 1671 1172 1706 erunt
1191 1665 1360 1718 proiecti
1379 1664 1419 1705 in
1440 1664 1515 1704 viis
1538 1664 1756 1705 Ierusalem
1775 1677 1859 1717 prae
1876 1665 1985 1705 fame
2005 1669 2046 1705 et
2063 1664 2211 1717 gladio.

296 1732 338 1767 et
361 1739 443 1766 non
468 1725 544 1766 erit
570 1725 639 1778 qui
662 1724 833 1778 sepeliat
857 1737 942 1772 eos;
969 1723 1045 1777 ipsi
1069 1729 1110 1764 et
1135 1736 1280 1765 uxores
1305 1736 1458 1771 eorum,
1485 1723 1555 1763 filii
1579 1729 1621 1764 et
1645 1722 1736 1764 filiae
1760 1735 1911 1772 eorum,
1939 1728 1980 1764 et
2004 1723 2214 1764 effundam

296 1798 417 1837 super
444 1797 511 1825 eos
539 1783 693 1824 malum
722 1796 853 1824 suum.
911 1784 945 1807 ¹⁷
974 1783 1030 1823 Et
1058 1782 1164 1823 dices
1194 1782 1246 1823 ad
1274 1795 1340 1823 eos
1369 1782 1542 1823 verbum
1570 1782 1699 1823 istud:
1737 1782 1974 1823 eDedueant
2002 1781 2107 1823 oculi
2135 1781 2214 1822 mei

296 1843 519 1896 lacrymam
542 1856 613 1896 per
631 1848 794 1883 noctem
815 1847 856 1882 et
875 1841 994 1890 diem,
1017 1848 1058 1882 et
1077 1854 1159 1882 non
1179 1847 1364 1882 taceant:
1387 1840 1581 1894 quoniam
1602 1840 1846 1881 contritione
1866 1853 2017 1893 magna
2036 1840 2216 1881 contrita

296 1908 358 1943 est
378 1902 490 1955 virgo
512 1901 595 1942 filia
615 1901 754 1954 populi
776 1900 865 1945 mei,
890 1900 1010 1954 plaga
1030 1900 1206 1954 pessima
1226 1900 1500 1941 vehementer.
1552 1901 1587 1924 ¹⁸
1607 1899 1649 1941 Si
1670 1912 1851 1952 egressus
1871 1899 1985 1940 fuero
2008 1899 2061 1940 ad
2082 1912 2210 1952 agros,

297 1974 386 2002 ecce
407 1960 525 2002 occisi
543 1960 696 2014 gladio:
717 1966 758 2000 et
777 1960 808 2000 si
827 1959 1018 2000 introiero
1038 1959 1079 1999 in
1099 1959 1324 2004 civitatem,
1345 1972 1435 1999 ecce
1455 1958 1662 1999 attenuati
1680 1958 1800 1999 fame.
1822 1957 2032 2011 Propheta
2051 1970 2214 2011 quoque

297 2026 338 2060 et
366 2020 552 2060 sacerdos
582 2019 772 2060 abierunt
799 2018 840 2059 in
870 2024 1033 2066 terram,
1066 2031 1190 2071 quam
1219 2018 1476 2071 ignorabant.

138 2079 249 2144 ¹523?
408 2080 442 2103 ¹⁹
471 2077 683 2131 Numquid
711 2077 923 2131 proiiciens
952 2077 1135 2118 abiecisti
1166 2076 1336 2117 Iudam?
1368 2082 1441 2117 aut
1468 2076 1564 2118 Sion
1594 2075 1834 2117 abominata
1861 2081 1923 2116 est
1951 2075 2089 2116 anima
2116 2074 2213 2115 tua?

229 2132 232 2136 ⁵
302 2150 425 2191 quare
452 2149 544 2190 ergo
571 2136 804 2190 percussisti
830 2149 915 2185 nos,
943 2135 1003 2176 ita
1027 2141 1075 2177 ut
1100 2135 1213 2176 nulla
1238 2135 1291 2176 sit
1316 2134 1495 2176 sanitas?
1525 2134 1856 2188 dexpectavimus
1882 2147 2037 2187 pacem,
2066 2138 2108 2174 et
2132 2147 2214 2174 non

296 2202 358 2237 est
382 2197 554 2236 bonum:
581 2201 622 2236 et
645 2201 808 2248 tempus
833 2195 1065 2243 curationis,
1092 2200 1133 2235 et
1156 2207 1247 2235 ecce
1271 2194 1466 2236 turbatio.
1519 2196 1555 2217 20
1577 2193 1852 2247 Cognovimus
1875 2192 2051 2234 Domine
2075 2192 2215 2246 impie-

297 2260 403 2295 tates
429 2260 601 2301 nostras,
628 2254 867 2307 iniquitates
892 2259 1059 2307 patrum
1084 2258 1331 2301 nostrorum,
1360 2253 1456 2306 quia
1480 2252 1739 2305 peccavimus
1764 2251 1851 2292 tibi.
1905 2253 1936 2276 2¹
1963 2251 2023 2292 Ne
2047 2251 2117 2292 des
2142 2264 2215 2292 nos

295 2314 336 2354 in
366 2314 629 2366 opprobrium
658 2318 825 2366 propter
852 2325 1001 2352 nomen
1028 2317 1160 2356 tuum,
1190 2324 1321 2365 neque
1348 2310 1473 2352 facias
1500 2310 1617 2352 nobis
1645 2310 1938 2351 contumeliam
1965 2310 2054 2351 solii
2080 2309 2217 2363 gloriae

295 2379 394 2413 tuae:
430 2372 651 2420 recordare,
687 2384 737 2412 ne
770 2371 930 2411 irritum
963 2370 1088 2411 facias
1122 2370 1256 2412 foedus
1290 2375 1410 2410 tuum
1442 2369 1667 2410 nobiscum.
1730 2371 1762 2393 ²2
1796 2368 2008 2422 Numquid
2041 2374 2138 2409 sunt
2172 2368 2214 2409 in

296 2430 551 2484 sculptilibus
578 2430 773 2471 Gentium
802 2430 869 2483 qui
896 2429 1066 2483 pluant?
1095 2434 1168 2470 aut
1195 2428 1279 2469 caeli
1305 2433 1478 2482 possunt
1503 2428 1599 2469 dare
1625 2427 1798 2468 imbres?
1827 2440 1962 2468 nonne
1989 2432 2035 2468 tu
2061 2440 2102 2468 es
2129 2427 2211 2468 Do-

297 2490 430 2530 minus
461 2490 571 2530 Deus
602 2495 751 2535 noster,
786 2502 907 2542 quem
938 2487 1271 2541 expectavimus?
1304 2493 1349 2528 tu
1381 2487 1489 2527 enini
1519 2487 1650 2527 fecisti
1682 2487 1819 2527 omnia
1848 2486 1944 2527 haec.

116 2559 272 2611 ¹}3'ff1tgfflff·
408 2549 471 2591 15.
527 2551 538 2572 ¹
564 2549 620 2589 Et
642 2548 748 2589 dixit
769 2547 970 2588 Dominus
995 2547 1047 2587 ad
1069 2560 1151 2587 me:
1176 2547 1217 2588 Si
1240 2546 1401 2587 steterit
1422 2546 1595 2599 Moyses,
1621 2550 1663 2586 et
1684 2544 1848 2586 Samuel
1871 2557 2007 2586 coram
2030 2557 2106 2590 me,
2132 2557 2214 2585 non

148 2595 195 2612 ¹⁰¹¹
215 2595 259 2615 ω’
302 2614 363 2648 est
388 2607 523 2647 anima
548 2620 639 2647 mea
663 2607 715 2647 ad
740 2606 937 2659 populum
961 2606 1105 2646 istum:
1132 2605 1228 2646 eiice
1252 2605 1339 2646 illos
1365 2618 1389 2645 a
1411 2604 1514 2645 facie
1537 2617 1640 2653 mea,
1667 2610 1709 2644 et
1732 2603 2003 2657 egrediantur.
2057 2605 2072 2627 ²
2096 2603 2216 2651 Quod

298 2667 330 2706 si
346 2665 522 2707 dixerint
539 2666 590 2706 ad
607 2672 664 2706 te:
683 2666 771 2713 Quo
788 2664 1062 2719 egrediemur?
1080 2664 1187 2705 dices
1203 2664 1255 2704 ad
1270 2677 1355 2705 eos:
1374 2663 1472 2704 Haec
1487 2663 1586 2704 dicit
1600 2662 1820 2704 Dominus:
1844 2662 1942 2710 eQui
1957 2662 2009 2703 ad
2023 2667 2212 2707 mortem,

298 2726 349 2765 ad
377 2730 569 2765 mortem:
597 2730 639 2765 et
665 2724 733 2778 qui
760 2724 812 2764 ad
837 2723 1030 2777 gladium,
1060 2723 1111 2764 ad
1137 2722 1337 2775 gladium:
1365 2728 1407 2763 et
1433 2722 1501 2776 qui
1528 2722 1579 2763 ad
1605 2722 1769 2769 famem,
1798 2721 1850 2762 ad
1875 2721 2047 2762 famem:
2079 2725 2120 2761 et
2147 2720 2216 2774 qui

298 2784 349 2824 ad
376 2783 675 2837 captivitatem,
704 2783 755 2823 ad
782 2781 1081 2836 captivitatem.
1135 2784 1151 2806 ³
1176 2781 1232 2822 Et
1256 2781 1433 2822 visitabo
1459 2793 1580 2834 super
1604 2794 1671 2821 eos
1698 2785 1896 2834 quattuor
1920 2779 2087 2833 species,
2115 2778 2215 2820 dicit

300 2843 518 2883 Dominus:
552 2841 743 2883 Gladium
777 2842 829 2882 ad
861 2841 1114 2888 occisionem,
1149 2846 1190 2881 et
1222 2853 1339 2881 canes
1373 2840 1422 2880 ad
1456 2839 1731 2888 lacerandum,
1766 2844 1808 2880 et
1839 2837 2027 2879 volatilia
2058 2837 2143 2878 caeli
2174 2842 2216 2878 et

301 2901 448 2941 bestias
474 2907 589 2942 terrae
612 2901 664 2941 ad
688 2900 970 2941 devorandum
993 2905 1035 2940 et
1057 2899 1351 2952 dissipandum.
1403 2900 1418 2922 ⁴
1441 2904 1483 2938 et
1505 2898 1611 2939 dabo
1636 2911 1701 2938 eos
1725 2897 1766 2938 in
1788 2897 1992 2938 fervorem
2017 2895 2214 2937 universis

298 2960 428 3011 regnis
460 2966 593 3000 terrae:
635 2965 815 3013 fpropter
844 2958 1073 2999 Manassem
1104 2958 1230 2998 filium
1261 2957 1445 2998 Ezechiae
1474 2957 1575 3010 regis
1608 2957 1721 3003 Iuda,
1754 2968 1875 3009 super
1903 2955 2091 2996 omnibus
2122 2967 2212 3008 quae

299 3018 394 3059 fecit
418 3019 456 3058 in
486 3018 713 3059 Ierusalem.
765 3020 780 3042 5
804 3018 901 3066 Quis
925 3017 1032 3058 enim
1056 3016 1314 3057 miserebitur
1335 3016 1395 3057 tui
1422 3015 1665 3056 Ierusalem?
1691 3020 1763 3055 aut
1787 3014 1875 3068 quis
1899 3013 2212 3055 contristabitur

302 3090 370 3128 pro
392 3077 455 3117 te?
478 3083 549 3117 aut
570 3077 657 3130 quis
678 3077 753 3117 ibit
773 3077 823 3117 ad
844 3076 1069 3129 rogandum
1090 3088 1162 3129 pro
1182 3088 1281 3129 pace
1300 3074 1397 3116 tua?
1448 3076 1463 3098 ⁶
1482 3074 1542 3115 Tu
1560 3073 1759 3127 reliquisti
1778 3086 1854 3118 me,
1877 3072 1977 3113 dicit
1996 3071 2208 3115 Dominus,

301 3141 518 3175 retrorsum
545 3136 698 3176 abiisti:
725 3142 765 3176 ct
791 3135 1011 3175 extendam
1035 3147 1203 3174 manum
1228 3147 1362 3174 meam
1386 3146 1507 3187 super
1530 3139 1582 3180 te,
1610 3138 1651 3173 et
1674 3131 1915 3172 interficiam
1940 3136 1999 3172 te:
2025 3129 2211 3171 laboravi

302 3206 455 3243 rogans.
514 3196 526 3217 ⁷
553 3195 608 3236 Et
633 3195 862 3247 dispergam
889 3207 955 3233 eos
982 3192 1210 3233 ventilabro
1236 3193 1275 3233 in
1304 3192 1429 3245 portis
1457 3197 1590 3232 terrae:
1618 3191 1802 3231 interfeci
1828 3196 1869 3231 et
1893 3188 2115 3243 disperdidi
2140 3202 2211 3242 po-

303 3251 439 3303 pulum
474 3267 620 3297 meum,
654 3259 694 3293 et
725 3258 863 3293 tamen
895 3266 918 3292 a
949 3252 1022 3292 viis
1054 3251 1134 3292 suis
1166 3265 1246 3291 non
1278 3257 1374 3291 sunt
1404 3250 1563 3291 reversi.
1627 3252 1642 3272 ⁸
1672 3248 1955 3303 Multiplicatae
1985 3252 2084 3288 sunt
2114 3247 2211 3287 mihi

303 3310 435 3350 vidua>
460 3311 541 3350 eius
568 3325 688 3364 super
712 3325 876 3352 arenam
904 3311 1043 3351 maris:
1071 3310 1213 3350 induxi
1239 3310 1293 3350 eis
1319 3323 1439 3363 super
1465 3314 1638 3349 matrem
1665 3307 1936 3349 adolescentis
1962 3311 2215 3347 vastatorem

302 3369 483 3408 meridie:
504 3370 591 3409 misi
610 3384 729 3423 super
746 3370 933 3411 civitates
953 3374 1117 3421 repente
1136 3374 1341 3409 terrorem.
1392 3371 1407 3392 ⁹
1429 3367 1669 3407 alnfirmata
1685 3372 1746 3407 est
1764 3379 1854 3420 quae
1870 3365 2028 3418 peperit
2044 3369 2213 3418 septem,

437 3461 486 3501 14,
523 3462 560 3493 11
593 3462 682 3504 usurp
710 3463 738 3499 Ῑ,
769 3464 816 3494 143.
845 3482 861 3484 e
914 3462 953 3494 13
980 3462 1056 3494 ¹›111f
1082 3463 1134 3494 23.
1166 3461 1215 3493 17.
1243 3481 1280 3483 —>
1310 3461 1349 3493 17
1381 3461 1481 3493 cham
1512 3462 1539 3498 1,
1570 3461 1624 3499 163
1653 3462 1684 3499 2,
1714 3461 1763 3492 lb'.
1792 3479 1831 3481 ——
1857 3458 1898 3491 19
1922 3456 2013 3501 dSup
2038 3456 2070 3495 8,
2096 3456 2147 3490 15.
2175 3475 2216 3479 —-

303 3509 353 3550 15»,
380 3508 399 3540 2
427 3507 534 3540 elau-11
569 3510 619 3547 11,
646 3510 675 3541 S).
703 3529 725 3531 ff
768 3509 787 3541 -l
820 3510 850 3542 ¹2
879 3509 930 3552 Rg
955 3509 1198 3548 31,11.j⁷9
1224 3509 1257 3540 g]
1287 3508 1345 3540 δη]
1370 3509 1401 3547 2,
1427 3508 1456 3541 5.
