2356 3760
152 51 205 91 30,
231 52 371 90 22—31‚
397 51 439 84 32
932 52 1273 89 ECCLESIASTIFI
1963 67 2038 107 649

153 146 185 168 ²2
210 144 454 185 aTristitiam
483 158 565 186 non
594 145 662 186 des
691 143 836 184 animae
866 150 957 189 tuae,
1041 151 1081 186 et
1109 160 1189 187 non
1224 148 1378 201 affligas
1407 151 1665 204 temetipsum
1695 154 1733 194 in
1764 158 1923 199 consilio
1953 164 2035 200 tuo.
2061 159 2087 183 ¹¹¹
2105 159 2218 184 ‘sibfflffl

153 204 185 227 23
205 202 443 244 Iucunditas
463 203 593 245 cordis
611 203 696 243 haec
714 207 776 242 est
794 202 882 242 vita
899 203 1084 249 hominis,
1158 212 1199 246 et
1217 207 1430 248 thesaurus
1449 208 1531 249 sine
1550 210 1773 252 defectione
1791 217 2036 257 sanctitatis:
2057 194 2223 224 remum&

415 267 455 303 et
484 261 683 303 exultatio
712 260 787 300 viri
817 265 878 301 est
905 261 1155 315 longaevitas

153 322 185 344 ²4
203 320 389 361 Miserere
414 320 557 361 animae
580 325 662 359 tuae
683 318 846 372 placens
869 320 968 367 Deo,
995 326 1036 361 et
1059 322 1237 362 contine:
1316 337 1511 378 congrega
1534 339 1600 367 cor
1622 331 1739 367 tuum
1763 329 1801 368 in
1826 332 2040 372 sanctitate

413 379 508 426 eius,
592 382 634 417 et
662 377 873 418 tristitiam
900 378 1017 432 longe
1046 379 1191 433 repelle
1221 394 1245 421 a
1272 386 1324 423 te.

153 439 185 462 2⁵
210 437 380 478 bMultos
411 436 517 477 enim
549 435 697 477 occidit
726 436 905 486 tristitia,
992 443 1033 479 et
1061 451 1143 479 non
1174 444 1235 479 est
1264 440 1420 481 utilitas
1450 442 1490 482 in
1520 442 1598 484 illa.

153 498 189 521 ²⁶
206 496 321 537 Zelus
346 500 387 536 et
409 495 621 536 iracundia
642 494 836 536 minuunt
859 496 954 540 dies.
1033 500 1075 537 et
1098 502 1192 537 ante
1216 502 1378 551 tempus
1402 506 1605 541 senectam
1631 503 1806 544 adducet
1829 504 2040 558 cogitatus

152 556 186 579 ²⁷
205 553 471 607 Splendidum
502 566 579 599 cor,
611 558 653 593 et
682 554 835 594 bonum
864 554 905 595 in
935 555 1062 609 epulis
1092 560 1170 596 est:
1265 556 1392 609 epulae
1421 558 1526 598 enim
1554 558 1658 599 illius
1688 561 1897 611 diligenter
1925 563 2039 604 fiunt.

151 657 214 701 31.
271 660 282 681 1
314 658 460 712 Vigilia
487 658 712 699 honestatis
743 659 963 700 tabefaciet
992 672 1143 709 carnes,
1227 665 1268 701 et
1297 661 1498 714 cogitatus
1527 662 1630 703 illius
1660 665 1814 705 auferet
1842 679 2038 708 somnum.
2084 670 2205 708 i¹¹.⁰¹¹1‘¹·

171 716 415 770 2Cogitatus
458 716 720 781 praescientiae
768 718 919 758 avertit
967 731 1140 767 sensum,
1234 724 1275 760 et
1302 719 1516 761 infirmitas
1563 722 1696 774 gravis
1732 723 1906 764 sobriam
1944 725 2040 766 facit
2079 705 2208 769 ³333}

413 788 603 816 animam.

170 834 428 875 ³Laboravit
468 833 581 875 dives
624 835 664 875 in
707 835 1017 889 congregatione
1058 836 1309 886 substantiae‚
1388 842 1429 877 et
1468 837 1509 878 in
1550 838 1686 892 requie
1723 852 1796 880 sua
1827 840 2044 894 replebitur

413 892 529 934 bonis
561 893 655 934 suis.

171 953 185 975 ⁴
203 951 428 993 Laboravit
456 965 613 1006 pauper
641 953 682 993 in
713 952 981 994 diminutione
1012 953 1156 1003 victus⁷
1241 958 1282 995 et
1310 954 1351 995 in
1381 955 1459 995 fine
1488 955 1603 1009 inops
1633 955 1691 997 fit.

170 1012 186 1034 ⁵
204 1010 282 1060 Qui
307 1023 451 1051 aurum
477 1010 619 1065 diligit,
646 1025 728 1052 non
752 1011 1056 1053 iustificabitur:
1126 1018 1168 1053 et
1193 1013 1261 1066 qui
1286 1013 1512 1066 insequitur
1531 1015 1893 1068 consumptionem,
1920 1016 2044 1070 reple-

410 1069 522 1110 bitur
551 1083 600 1110 ex
629 1084 687 1111 ea.

170 1128 186 1151 ⁶
210 1127 346 1169 cMulti
374 1128 461 1169 dati
490 1136 586 1169 sunt
613 1129 655 1169 in
684 1129 769 1170 auri
799 1142 925 1177 casus,
1009 1135 1049 1170 et
1076 1131 1188 1171 facta
1211 1136 1272 1171 est
1300 1130 1340 1171 in
1367 1130 1496 1184 specie
1524 1130 1648 1184 ipsius
1671 1132 1842 1184 perditio
1870 1133 2041 1175 illorum.

170 1186 377 1240 ⁷Lignum
412 1188 643 1229 offensionis
678 1194 739 1228 est
774 1200 916 1229 aurum
952 1188 1285 1230 sacrificantium:
1368 1202 1431 1229 vae
1464 1188 1550 1236 illis,
1588 1189 1656 1242 qui
1691 1195 1897 1231 sectantur
1930 1191 2040 1237 illud,

412 1251 453 1287 et
481 1247 611 1288 omnis
640 1247 875 1301 imprudens
905 1247 1085 1301 deperiet
1112 1247 1154 1287 in
1182 1247 1260 1288 illo.

169 1305 185 1329 ⁸
203 1304 355 1345 Beatus
377 1305 502 1351 dives,
524 1305 593 1359 qui
613 1305 805 1346 inventus
826 1310 888 1346 est
905 1305 989 1346 sine
1009 1305 1187 1346 macula:
1254 1310 1295 1346 et
1317 1305 1385 1358 qui
1406 1310 1499 1358 post
1520 1318 1663 1346 aurum
1685 1320 1765 1348 non
1787 1307 1898 1356 abiit,
1973 1321 2044 1349 nec

410 1364 591 1417 speravit
617 1364 660 1405 in
687 1364 871 1417 pecunia,
904 1368 945 1404 et
973 1363 1184 1404 thesauris,

169 1423 184 1446 ⁹
202 1421 300 1471 Quis
330 1427 391 1463 est
419 1422 495 1471 hic,
527 1428 569 1462 et
595 1421 856 1463 laudabimus
886 1422 1002 1462 eum?
1086 1422 1182 1463 fecit
1211 1422 1318 1463 enim
1346 1422 1548 1464 mirabilia
1575 1423 1616 1464 in
1645 1423 1733 1464 vita
1761 1437 1843 1464 sua.

148 1482 184 1504 ¹⁰
201 1480 279 1529 Qui
305 1481 503 1534 probatus
531 1486 592 1521 est
618 1481 659 1521 in
686 1480 764 1525 illo,
794 1485 835 1521 et
861 1480 1064 1534 perfectus
1092 1486 1164 1529 est,
1246 1481 1321 1522 erit
1347 1480 1403 1521 illi
1428 1481 1555 1535 gloria
1580 1487 1748 1523 aeterna:

201 1539 270 1592 qui
300 1539 438 1593 potuit
468 1539 706 1594 transgredi,
740 1544 781 1580 et
810 1553 892 1581 non
923 1545 984 1581 est
1014 1544 1303 1594 transgressus:
1388 1540 1518 1581 facere
1548 1540 1667 1589 mala,
1700 1545 1741 1581 et
1770 1555 1851 1582 non
1881 1542 1993 1583 fecit:

147 1599 178 1621 ¹¹
198 1597 288 1639 ideo
310 1597 494 1639 stabilita
514 1604 610 1640 sunt
630 1599 740 1640 bona
758 1597 862 1639 illius
883 1598 924 1639 in
944 1599 1133 1647 Domino7
1210 1604 1251 1639 et
1271 1598 1545 1652 eleemosynas
1565 1599 1669 1640 illius
1690 1600 1896 1641 enarrabit
1916 1600 2044 1642 omnis

408 1656 590 1698 Ecclesia
618 1662 865 1698 sanctorum.

148 1763 180 1786 ¹2
199 1762 332 1815 Supra
356 1775 539 1803 mensam
566 1775 758 1816 magnam
784 1761 947 1803 sedisti?
1027 1776 1108 1804 non
1135 1762 1290 1816 aperias
1316 1775 1436 1816 super
1459 1761 1569 1802 illam
1594 1763 1753 1803 faucem
1779 1767 1895 1803 tuam
1921 1764 2039 1817 prior.
2068 1767 2247 1808 1⁰⁰0¹²V¹V¹¹⁸

146 1822 180 1845 ¹³
200 1820 292 1862 Non
316 1820 426 1862 dicas
450 1821 522 1862 sic:
547 1821 681 1862 Multa
703 1826 810 1870 sunt,
837 1834 927 1874 quae
950 1834 1070 1874 super
1092 1820 1202 1862 illam
1226 1826 1339 1862 sunt:
1416 1823 1446 1845 ¹⁴
1468 1826 1673 1862 memento
1698 1821 1890 1875 quoniam
1913 1821 2042 1862 malus
2064 1803 2246 1833 mbram&

409 1885 470 1920 est
499 1880 638 1921 oculus
667 1893 856 1934 nequam.

147 1939 180 1962 ¹⁵
200 1938 383 1993 Nequius
412 1938 527 1980 oculo
557 1939 656 1992 quid
684 1944 866 1980 creatum
896 1938 980 1979 est?
1062 1939 1151 1980 ideo
1182 1939 1232 1979 ab
1262 1938 1371 1979 omni
1399 1938 1500 1979 facie
1529 1952 1602 1979 sua
1627 1938 1931 1992 lacrymabitur.

199 2012 292 2039 cum
327 1997 487 2046 viderit,
538 2000 573 2021 ¹⁶
607 2011 657 2038 ne
691 1998 888 2038 extendas
919 2010 1087 2038 manum
1116 2002 1231 2037 tuam
1261 1997 1380 2051 prior,
1478 2002 1519 2037 et
1550 1996 1705 2038 invidia
1739 1997 2042 2038 contaminatus

408 2057 632 2097 erubescas.
714 2058 748 2080 ¹⁷
778 2056 837 2096 Ne
865 2055 1142 2109 comprimaris
1170 2056 1211 2096 in
1239 2055 1437 2097 convivio.

147 2116 182 2138 ¹⁸
200 2115 385 2169 Intellige
411 2128 501 2169 quae
526 2119 623 2156 sunt
651 2114 826 2168 proximi
851 2114 912 2155 tui
937 2128 987 2155 ex
1011 2114 1160 2168 teipso:
1240 2116 1275 2138 ¹⁹
1300 2119 1413 2155 utere
1440 2114 1554 2167 quasi
1579 2114 1700 2155 homo
1725 2113 1830 2167 frugi
1854 2113 1926 2161 his,
1956 2128 2044 2168 quae

408 2174 483 2215 tibi
513 2178 794 2228 apponuntur:
879 2186 940 2221 ne,
973 2186 1066 2214 cum
1095 2174 1319 2214 manducas
1348 2172 1537 2221 multum,
1569 2172 1660 2214 odio
1690 2172 1886 2213 habearis.

146 2233 183 2257 ²⁰
198 2234 319 2275 Cessa
344 2233 453 2287 prior
480 2246 603 2274 causa
630 2232 867 2286 disciplinae:
949 2237 991 2273 et
1017 2231 1097 2272 noli
1125 2231 1272 2272 nimius
1300 2244 1394 2274 esse.
1425 2244 1474 2271 ne
1500 2231 1604 2272 forte
1633 2231 1824 2272 offendas.

146 2292 176 2315 ²¹
199 2293 256 2334 Et
280 2292 311 2333 si
335 2292 378 2333 in
402 2292 535 2333 medio
561 2291 786 2333 multorum
811 2291 962 2341 sedisti,
1042 2291 1150 2344 prior
1174 2290 1249 2330 illis
1275 2304 1324 2331 ne
1349 2290 1545 2330 extendas
1571 2302 1738 2330 manum
1764 2294 1891 2337 tuam,
1970 2302 2042 2330 nec

408 2351 517 2405 prior
544 2363 688 2405 poscas
717 2351 865 2391 bibere.

146 2410 179 2434 ²²
200 2411 333 2460 Quam
367 2409 570 2451 sufficiens
603 2414 664 2450 est
695 2409 851 2451 homini
883 2408 1041 2450 erudito
1076 2408 1217 2449 vinum
1257 2408 1459 2461 exiguum,
1547 2411 1586 2447 et
1619 2406 1659 2447 in
1693 2406 1927 2447 dormiendo
1960 2419 2041 2447 non

409 2468 614 2510 laborabis
643 2468 695 2510 ab
724 2467 804 2517 illo,
888 2472 929 2509 et
957 2481 1038 2508 non
1068 2467 1215 2508 senties
1245 2466 1436 2508 dolorem.

148 2529 181 2552 2³
200 2527 357 2582 Vigiha,
382 2527 553 2575 cholera,
577 2532 618 2568 et
638 2532 801 2568 tortura
820 2527 906 2568 viro
928 2526 1143 2567 infrunito:
1215 2528 1247 2550 2¹¹
1268 2538 1433 2567 somnus
1454 2524 1641 2565 sanitatis
1662 2523 1703 2564 in
1723 2523 1884 2564 homine
1904 2535 2037 2577 parco.

407 2586 582 2628 dormiet
610 2599 737 2640 usque
764 2599 896 2635 mane,
927 2590 969 2626 et
997 2585 1134 2626 anima
1160 2584 1263 2625 illius
1293 2597 1384 2625 cum
1413 2584 1498 2637 ipso
1528 2582 1806 2624 delectabitur.

145 2646 177 2670 ²⁵
197 2646 254 2687 Et
272 2645 304 2687 si
323 2650 488 2687 coactus
506 2645 628 2686 fueris
646 2644 687 2686 in
707 2645 863 2686 edendo
881 2644 1070 2688 multum,
1140 2656 1256 2696 surge
1275 2656 1295 2683 e
1313 2642 1457 2689 medio,
1479 2654 1637 2682 evome:
1659 2646 1699 2682 et
1716 2639 1966 2693 refrigerabit
1985 2644 2038 2688 te,

407 2709 449 2745 et
476 2717 558 2745 non
588 2704 764 2745 adduces
794 2703 950 2757 corpori
979 2708 1050 2744 tuo
1080 2702 1372 2743 infirmitatem.

145 2765 180 2788 ²⁶
196 2763 305 2805 Audi
332 2777 397 2804 me
425 2762 492 2809 fih',
524 2766 565 2804 et
592 2776 642 2803 ne
670 2775 835 2816 spernas
864 2775 946 2803 me:
1029 2766 1070 2802 et
1097 2761 1138 2802 in
1167 2760 1384 2802 novissimo
1414 2758 1591 2799 invenies
1620 2758 1745 2798 verba
1771 2769 1872 2797 mea.

145 2823 179 2846 2⁷
199 2822 248 2863 In
277 2822 465 2864 omnibus
495 2821 683 2876 operibus
712 2821 793 2862 tuis
823 2825 908 2862 esto
939 2820 1069 2869 velox,
1163 2825 1204 2860 et
1233 2819 1361 2861 omnis
1390 2817 1602 2858 infirmitas
1631 2829 1712 2857 non
1742 2820 1923 2857 occurret
1951 2814 2037 2855 tibi.

144 2881 180 2905 ²⁸
197 2880 465 2935 Splendidum
490 2880 533 2921 in
561 2880 736 2935 panibus
766 2880 1007 2921 benedicent
1031 2878 1142 2919 labia
1169 2878 1402 2923 multorum,
1485 2881 1524 2916 et
1550 2873 1829 2916 testimonium
1856 2873 2040 2914 veritatis

406 2938 511 2980 illius
539 2939 668 2980 fidele.

144 2999 179 3023 ²⁹
198 2997 453 3052 Nequissimo
491 2998 533 3039 'm
579 3011 684 3052 pane
731 2996 1005 3038 murmurabit
1042 2996 1196 3041 civitas,
1319 2999 1359 3035 et
1395 2992 1672 3034 testimonium
1710 2991 1901 3044 nequitiae
1936 2989 2040 3030 illius

406 3069 548 3098 verum
578 3061 649 3097 est.

143 3117 180 3140 ³⁰
195 3115 419 3170 Diligentes
450 3115 492 3156 in
522 3115 617 3157 vino
648 3114 731 3156 noli
761 3127 999 3169 provocare:
1088 3112 1258 3154 dmultos
1290 3111 1394 3151 enim
1426 3108 1716 3151 exterminavit
1746 3108 1898 3149 vinum,

143 3176 175 3198 ³¹
197 3174 306 3228 Ignis
330 3175 480 3228 probat
503 3173 655 3215 ferrum
688 3174 853 3215 durum:
933 3173 988 3214 sic
1013 3173 1154 3213 vinum
1180 3171 1301 3212 corda
1325 3169 1588 3222 superborum
1615 3172 1754 3221 arguet
1780 3166 1820 3207 in
1845 3166 2039 3207 ebrietate

435 3237 609 3274 otatum.

142 3293 175 3316 ³²
196 3291 331 3345 AEqua
347 3246 436 3332 vitii
452 3291 685 3333 hominibus
705 3290 847 3331 vinum
866 3290 907 3330 in
928 3289 1167 3331 sobrietate:
1234 3287 1265 3328 si
1285 3287 1399 3328 bibas
1417 3285 1517 3326 illud
1535 3285 1754 3329 moderate,
1776 3284 1850 3323 eris
1870 3281 2033 3322 sobrius.

275 3395 317 3429 22
342 3396 406 3429 ³P1
429 3370 489 3436 12‚'
507 3396 565 3437 253
591 3396 644 3436 15,
670 3395 726 3436 13;
752 3395 805 3434 17,
831 3394 881 3427 22.
902 3415 943 3417 -
959 3394 1000 3427 25
1024 3395 1063 3426 1³2
1088 3393 1152 3427 Cor
1177 3392 1206 3432 7,
1232 3391 1281 3425 10.
1303 3411 1343 3415 —
1361 3390 1414 3431 31,
1439 3390 1458 3424 6
1487 3389 1573 3433 es11p
1597 3389 1628 3429 8,
1653 3388 1682 3421 3.
1703 3408 1743 3410 -
1762 3387 1803 3419 30
1826 3384 1903 3417 ‹lIdt
1927 3382 1977 3419 13,
2003 3380 2030 3411 4.
