2356 3760
106 128 158 167 11,
185 127 324 167 4942
351 128 371 160 4
869 132 1247 168 MACHABAEORUM
1931 146 2006 186 923

105 220 168 260 die
196 219 275 269 illa,
306 227 345 261 et
373 220 650 264 liberaverunt
678 236 823 276 regem.
879 226 915 248 4⁹
941 225 997 266 Et
1024 226 1217 268 viderunt
1245 228 1313 281 qui
1341 234 1457 269 erant
1484 230 1533 270 de
1561 231 1738 277 civitate,
1770 237 1876 288 qnod
1905 238 2008 278 obti-

104 278 289 319 nuissent
308 280 434 322 Iudaei
451 281 663 322 civitatem
680 282 784 322 sicut
802 282 1014 323 volebant:
1034 289 1074 325 et
1091 285 1286 326 infirmati
1303 292 1399 327 sunt
1415 293 1552 329 mente
1568 302 1652 337 sua,
1672 296 1711 331 et
1730 292 2006 336 clamaverunt

105 337 157 377 ad
177 349 311 390 regem
334 352 425 379 cum
446 339 644 392 precibus,
668 340 867 381 dicentes:
915 343 951 364 ⁵⁰
970 343 1035 383 Da
1055 344 1170 384 nobis
1192 344 1368 389 dextras,
1392 350 1432 386 et
1453 352 1609 388 cessent
1632 348 1756 390 Iudaei
1777 363 2009 403 oppugnare

104 408 188 441 nos,
222 400 262 436 et
292 396 515 439 civitatem.
573 400 605 422 51
634 398 690 438 Et
718 398 974 450 proiecerunt
1004 413 1118 441 arma
1147 415 1230 447 sua,
1263 408 1303 443 et
1332 404 1515 445 fecerunt
1544 419 1697 458 pacem,
1730 414 1770 448 et
1798 402 2009 461 glorificati

104 459 200 493 sunt
230 454 357 495 Iudaei
384 455 424 495 in
453 460 673 508 conspectu
701 456 814 509 regis,
845 462 886 498 et
912 458 953 498 in
982 465 1202 512 conspectu
1231 461 1424 510 omnium,
1456 463 1523 515 qui
1552 470 1667 505 erant
1694 466 1734 506 in
1762 479 1883 519 regno
1912 468 2006 512 eius.

104 516 146 552 et
175 513 376 553 nominati
406 519 502 554 sunt
531 514 572 554 in
601 526 741 566 regno:
774 520 814 555 et
843 517 1009 569 regressi
1038 523 1133 558 sunt
1163 518 1203 558 in
1236 519 1452 560 Ierusalem
1483 522 1678 563 habentes
1709 524 1837 577 spolia
1865 526 2006 567 multa.

208 573 241 595 52
267 571 322 612 Et
348 572 453 612 sedit
478 572 711 612 Demetrius
737 585 807 613 rex
833 574 874 614 in
900 575 993 616 sede
1019 576 1130 629 regni
1156 576 1234 616 sui:
1263 582 1302 617 et
1329 577 1439 619 siluit
1466 585 1573 620 terra
1598 580 1637 620 in
1665 588 1883 636 conspectu
1910 584 2004 624 eius.
2044 590 2179 618 1¹s01¹¹issa

103 630 136 652 53
164 629 220 669 Et
248 630 445 671 mentitus
475 636 535 671 est
564 630 701 671 omnia
730 644 996 687 quaecumque
1025 634 1141 681 dixit,
1173 639 1213 675 et
1242 635 1491 677 abalienavit
1519 651 1559 678 se
1589 652 1611 678 a
1642 640 1827 690 Ionatha,
1859 647 1899 682 et
1927 655 2007 683 non
2024 630 2083 682 Ῑὲἑῗι
2097 628 2201 683 siffriss-t'

103 687 295 728 retribuit
326 688 361 728 ei
392 689 615 729 secundum
649 689 854 735 beneficia,
890 705 980 745 quae
1011 692 1087 733 sibi
1118 693 1331 739 tribuerat,
1366 700 1406 735 et
1438 696 1617 737 vexabat
1649 711 1739 738 eum
1773 699 1902 741 valde.
2021 693 2212 719 ¹¹¹³¹¹¹V⁰³⁸t·

232 792 326 843 IV.
363 792 650 843 Antiocho
692 793 783 845 VI.
823 795 1081 861 Dionyso
1120 798 1421 863 regnante,
1461 799 1529 860 11,
1557 801 1779 862 54—-12‚
1807 803 1890 853 52.

464 882 504 922 1.
533 883 568 923 A
599 894 709 935 rege
741 896 841 925 cum
874 885 1059 927 Simone
1089 886 1359 938 honoratur,
1388 889 1454 939 11,
1474 888 1646 929 54-59.

207 955 239 977 ⁵⁴
259 953 359 994 Post
378 952 462 994 haec
484 958 622 994 autem
643 967 825 996 reversus
847 962 907 997 est
929 957 1135 1010 Tryphon,
1158 963 1198 998 et
1217 958 1444 999 Antiochus
1466 973 1557 1000 cum
1579 972 1623 1001 eo
1644 973 1744 1013 puer
1764 959 2005 1007 adolescens,
2083 968 2154 1011 Rex?

102 1015 143 1051 et
159 1012 358 1064 regnavit,
377 1017 417 1052 et
434 1011 628 1065 imposuit
645 1013 721 1054 sibi
738 1014 937 1056 diadema.
982 1017 1014 1039 ⁵⁵
1031 1016 1087 1056 Et
1103 1018 1336 1070 congregati
1352 1023 1448 1058 sunt
1464 1018 1516 1058 ad
1532 1030 1624 1058 eum
1641 1031 1779 1059 omnes
1796 1020 2006 1066 exercitus,
2032 1003 2193 1027 ³‘¹'’¹⁰³⁰“¹¹³

102 1082 203 1122 quos
230 1070 475 1123 disperserat
500 1071 744 1120 Demetrius,
773 1079 813 1114 et
838 1080 1127 1127 pugnaverunt
1153 1081 1295 1116 contra
1320 1089 1430 1116 eum:
1459 1081 1499 1116 et
1523 1076 1639 1130 fugit,
1667 1082 1707 1117 et
1733 1082 1845 1131 terga
1871 1078 2008 1119 vertit.

101 1129 137 1152 56
168 1128 224 1169 Et
256 1128 413 1181 accepit
445 1129 639 1183 Tryphon
673 1130 834 1179 bestias,
869 1138 909 1172 et
941 1132 1119 1173 obtinuit
1150 1133 1430 1175 Antiochiam:

206 1188 242 1211 5⁷
261 1192 301 1228 et
321 1187 481 1240 scripsit
499 1188 725 1230 Antiochus
747 1190 978 1231 adolescens
1000 1191 1195 1235 Ionathae,
1218 1192 1372 1233 dicens:
1393 1192 1606 1233 Constituo
1627 1193 1701 1233 tibi
1721 1194 2003 1236 sacerdotium.
2035 1197 2188 1255 {watham

101 1250 142 1285 et
164 1245 369 1287 constituo
392 1252 432 1286 te
454 1260 574 1299 super
595 1253 792 1300 quattuor
813 1249 1013 1297 civitates,
1037 1255 1084 1290 ut
1104 1250 1155 1290 sis
1177 1250 1227 1291 de
1248 1250 1386 1291 amicis
1408 1250 1520 1304 regis.
1570 1252 1605 1275 56
1626 1251 1681 1291 Et
1701 1251 1811 1292 misit
1832 1252 1887 1293 illi
1908 1239 2032 1293 vasae
2051 1239 2203 1292 έξέἷζῖζῖῗω

101 1316 225 1345 aurea
251 1303 291 1344 in
318 1304 602 1349 ministerium,
631 1311 672 1346 et
699 1307 811 1347 dedit
838 1307 872 1347 ei
898 1312 1148 1360 potestatem
1176 1308 1341 1349 bibendi
1366 1308 1407 1348 in
1435 1321 1544 1355 auro,
1574 1314 1613 1349 et
1640 1322 1723 1349 esse
1749 1310 1789 1349 in
1816 1323 2006 1362 purpura,

101 1367 143 1402 et
170 1362 319 1404 habere
348 1363 516 1404 fibulam
546 1377 730 1405 auream:
787 1367 822 1389 5⁹
851 1370 891 1406 et
919 1365 1126 1406 Simonem
1154 1367 1323 1406 fratrem
1353 1366 1435 1407 eius
1465 1367 1680 1408 constituit
1709 1368 1853 1408 ducem
1881 1381 1905 1408 a
1933 1374 2010 1408 ter-

101 1420 221 1462 minis
252 1422 348 1475 Tyri
377 1435 505 1475 usque
535 1423 587 1463 ad
616 1423 715 1464 fines
746 1424 925 1477 AEgypti.

495 1515 533 1553 2.
566 1513 680 1554 Cum
712 1513 898 1555 Simone
928 1515 1090 1555 hostes
1122 1515 1333 1566 debellat,
1362 1516 1429 1567 11,
1448 1516 1620 1556 60—74.

208 1585 245 1608 ⁶⁰
270 1584 326 1625 Et
351 1584 451 1624 exiit
479 1584 686 1631 IonathaS,
716 1590 756 1625 et
782 1585 1097 1637 perambulabat
1124 1591 1236 1627 trans
1262 1586 1412 1626 flumen
1440 1586 1645 1627 civitates:
1674 1591 1714 1627 et
1740 1592 2005 1641 congregatus
2042 1591 2180 1616 1011²²th⁸³

101 1647 162 1684 est
185 1643 237 1683 ad
262 1656 354 1683 eum
379 1643 508 1683 omnis
533 1643 732 1683 exercitus
756 1643 882 1696 Syriae
904 1643 945 1684 in
969 1644 1178 1692 auxilium,
1204 1649 1245 1685 et
1268 1644 1381 1685 venit
1404 1644 1656 1693 Ascalonem,
1682 1650 1723 1685 et
1747 1650 2006 1686 occurrerunt
2049 1627 2171 1691 Jtssffi

101 1701 136 1742 ei
165 1701 384 1742 honorifice
414 1701 463 1742 de
493 1701 673 1742 civitate.
736 1704 766 1726 ⁶¹
798 1702 853 1742 Et
883 1702 984 1743 abiit
1014 1703 1107 1743 inde
1137 1703 1308 1743 Gazam:
1341 1708 1381 1743 et
1411 1702 1694 1744 concluserunt
1724 1716 1764 1743 se
1794 1704 1863 1757 qui
1892 1709 2008 1744 erant

101 1760 239 1801 Gazae:
271 1766 311 1800 et
342 1760 502 1801 obsedit
532 1772 633 1805 eam,
666 1766 707 1801 et
736 1761 946 1801 succendit
977 1774 1066 1814 quae
1096 1766 1212 1802 erant
1240 1761 1281 1801 in
1311 1761 1481 1802 circuitu
1512 1761 1702 1807 civitatis,
1735 1767 1775 1802 et
1804 1763 2009 1815 praedatus

101 1824 163 1859 est
191 1832 249 1859 ea.
310 1820 341 1842 ⁶²
370 1819 425 1859 Et
454 1824 703 1872 rogaverunt
731 1819 931 1860 Gazenses
963 1819 1178 1867 Ionathan,
1210 1825 1251 1861 et
1279 1820 1391 1861 dedit
1420 1819 1495 1860 illis
1525 1820 1753 1861 dexteram:
1785 1826 1825 1861 et
1853 1820 2009 1874 accepit

101 1876 203 1918 filios
232 1890 370 1919 eorum
399 1877 570 1923 obsides,
601 1883 641 1918 et
668 1877 779 1918 misit
806 1877 894 1919 illos
922 1878 962 1918 in
991 1878 1228 1919 Ierusalem:
1258 1885 1299 1919 et
1324 1877 1625 1932 perambulavit
1653 1878 1854 1931 regionem
1882 1891 2010 1931 usque

100 1936 363 1977 Damascum.

209 1996 241 2019 63
271 1994 328 2035 Et
359 1994 519 2035 audivit
552 1994 747 2035 Ionathas
780 1995 889 2048 quod
920 1995 1176 2048 praevaricati
1207 2000 1303 2036 sunt
1333 1995 1532 2048 principes
1563 1995 1761 2036 Demetrii
1792 1995 1832 2036 in
1863 1995 2002 2038 Gades,
2022 1998 2193 2057 Dgffijgtifff

102 2066 191 2106 quae
218 2058 279 2094 est
305 2052 345 2093 in
372 2052 550 2101 Galilaea,
580 2066 672 2094 cum
700 2053 879 2094 exercitu
906 2054 1049 2103 multo,
1078 2053 1260 2096 volentes
1288 2067 1379 2094 eum
1406 2066 1613 2094 removere
1639 2067 1663 2094 a
1688 2053 1849 2107 negotio
1876 2053 2004 2107 regni:
2042 2068 2177 2093 occurrit:

103 2114 135 2135 ‘³⁴
168 2116 209 2152 et
240 2111 416 2153 occurrit
446 2111 541 2152 illis:
574 2111 743 2152 fratrem
775 2117 913 2152 autem
946 2125 1064 2152 suum
1096 2112 1302 2153 Simonem
1333 2111 1497 2165 reliquit
1527 2111 1635 2152 intra
1665 2111 1928 2164 provinciam.

209 2171 240 2194 ⁶⁵
271 2170 327 2211 Et
356 2169 554 2223 applicuit
583 2169 723 2211 Simon
754 2171 806 2211 ad
837 2170 1095 2219 Bethsuram‚
1128 2176 1169 2211 et
1198 2170 1462 2224 expugnabat
1492 2183 1581 2211 eam
1612 2169 1752 2211 diebus
1783 2169 1933 2216 multis,
1966 2175 2007 2210 et
2026 2170 2197 2231 Βθῗξξῑξξᾶω

101 2228 300 2270 conclusit
324 2241 402 2270 eos.
460 2230 495 2253 66
519 2228 576 2269 Et
599 2228 915 2282 postulaverunt
941 2229 992 2269 ab
1019 2242 1063 2270 eo
1091 2229 1255 2270 dextras
1281 2228 1472 2282 accipere.
1501 2233 1542 2269 et
1567 2228 1680 2269 dedit
1704 2227 1798 2269 illis:
1827 2234 1867 2268 et
1892 2227 2006 2268 eiecit
2033 2243 2188 2272 expugnat,

102 2301 168 2329 eos
195 2287 301 2335 inde,
331 2292 372 2328 et
399 2287 508 2341 cepit
535 2287 759 2335 civitatem,
789 2294 830 2328 et
856 2288 993 2341 posuit
1020 2287 1061 2328 in
1089 2300 1136 2327 ea
1162 2287 1405 2340 praesidium.

209 2347 243 2370 ⁶⁷
267 2346 324 2387 Et
350 2346 558 2393 IonathaS,
586 2351 627 2386 et
651 2351 785 2387 castra
809 2346 891 2387 eius
917 2345 1202 2399 applicuerunt
1226 2346 1278 2386 ad
1302 2358 1453 2399 aquam
1477 2344 1665 2391 Genesar,
1693 2350 1733 2385 et
1757 2349 1853 2385 ante
1876 2344 2005 2385 lucem
2042 2344 2181 2408 ᾗξξυᾶξίἓζζ

102 2404 377 2458 vigilaverunt
396 2404 437 2445 in
457 2418 601 2458 campo
621 2405 735 2446 Asor.
787 2406 822 2429 66
842 2410 882 2446 et
902 2418 992 2446 ecce
1012 2410 1146 2445 castra
1165 2403 1480 2458 alienigenarum
1501 2403 1767 2444 occurrebant
1786 2402 1826 2442 in
1847 2415 2002 2455 campo.
2042 2414 2179 2463 Demetrii

102 2468 143 2504 et
168 2463 397 2504 tendebant
422 2463 457 2504 ei
482 2463 648 2504 insidias
674 2463 715 2504 in
739 2463 967 2505 montibus:
996 2463 1080 2516 ipse
1106 2468 1244 2503 autem
1271 2461 1445 2504 occurrit
1470 2474 1519 2502 ex
1545 2462 1726 2502 adverso.
1784 2462 1818 2485 69
1846 2460 2006 2501 Insidiae
2065 2449 2154 2480 ΜΨ·

102 2534 198 2563 vero
220 2526 515 2562 exurrexerunt
536 2522 585 2563 de
604 2521 701 2563 locis
723 2522 816 2571 suis,
840 2527 880 2563 et
902 2521 1192 2563 commiserunt
1212 2520 1407 2575 praelium.
1460 2522 1495 2544 ⁷0
1515 2519 1571 2560 Et
1590 2520 1783 2573 fugerunt
1805 2518 1873 2573 qui
1893 2524 2009 2559 erant

102 2593 152 2621 ex
170 2585 288 2634 parte
309 2580 494 2622 Ionathae
512 2593 663 2629 omnes,
685 2586 726 2622 et
744 2594 862 2622 nemo
882 2580 1044 2621 relictus
1064 2586 1125 2621 est
1143 2593 1192 2620 ex
1212 2579 1278 2624 eis,
1299 2579 1375 2620 nisi
1394 2578 1645 2619 Mathathias
1664 2577 1767 2618 filius
1786 2577 2005 2621 Absolomi,

102 2643 144 2680 et
167 2639 290 2680 Iudas
313 2638 418 2680 filius
440 2638 595 2692 Calphi,
619 2639 806 2693 princeps
828 2639 984 2681 militiae
1007 2639 1218 2679 exercitus
1273 2639 1303 2662 ⁷1
1327 2637 1382 2678 Et
1404 2637 1523 2678 scidit
1546 2636 1740 2678 Ionathas
1764 2635 2009 2676 vestimenta

102 2711 187 2746 sua,
214 2703 256 2739 et
278 2697 417 2751 posuit
441 2702 591 2738 terram
616 2698 656 2738 in
682 2698 815 2751 capite
840 2711 924 2743 suo,
952 2704 993 2739 et
1017 2697 1161 2739 oravit.
1218 2698 1250 2720 ⁷2
1274 2696 1330 2737 Et
1353 2708 1535 2736 reversus
1561 2699 1622 2735 est
1647 2694 1841 2735 Ionathas
1866 2694 1918 2734 ad
1942 2706 2007 2734 eos

102 2756 144 2797 in
161 2756 357 2810 praelium,
378 2761 419 2797 et
437 2756 641 2797 convertit
659 2770 724 2798 eos
743 2757 784 2797 in
801 2757 953 2810 fugam,
975 2761 1015 2797 et
1032 2760 1331 2809 pugnaverunt.
1382 2756 1413 2778 ⁷³
1431 2754 1485 2794 Et
1504 2753 1694 2793 viderunt
1712 2752 1780 2805 qui
1797 2751 2007 2805 fugiebant

102 2814 231 2868 partis
255 2814 373 2863 illius,
401 2819 443 2856 et
466 2815 615 2855 reversi
639 2820 736 2856 sunt
760 2816 813 2857 ad
837 2829 942 2863 eum,
970 2820 1011 2855 et
1034 2814 1356 2868 insequebantur
1380 2825 1470 2853 cum
1496 2824 1541 2852 eo
1567 2823 1704 2852 omnes
1729 2822 1856 2863 usque
1880 2810 2006 2850 Gades

103 2874 156 2915 ad
185 2878 320 2914 castra
347 2886 431 2922 sua,
462 2879 503 2914 et
530 2879 805 2927 pervenerunt
833 2886 961 2928 usque
988 2873 1093 2914 illuc.
1154 2874 1186 2897 ⁷4
1214 2878 1255 2913 et
1282 2871 1513 2912 ceciderunt
1540 2870 1589 2910 de
1617 2868 1848 2922 alienigenis
1875 2868 1917 2908 in
1945 2867 2008 2908 die

102 2931 173 2973 illa
200 2931 280 2972 tria
307 2931 434 2972 millia
461 2932 661 2973 virorum:
692 2938 733 2973 et
761 2945 944 2973 reversus
974 2937 1035 2973 est
1066 2931 1260 2973 Ionathas
1289 2930 1330 2971 in
1361 2928 1589 2969 Ierusalem.

517 3035 556 3075 3.
587 3034 702 3075 Cum
733 3036 889 3076 amicis
920 3034 1097 3076 foedera
1126 3033 1333 3084 renovat,
1362 3031 1593 3082 12‚1-23.

208 3105 272 3149 12.
327 3107 342 3130 ¹
372 3104 430 3147 Et
459 3105 565 3147 vidit
596 3105 792 3146 Ionathas
824 3105 919 3159 quia
950 3110 1112 3158 tempus
1144 3117 1236 3145 eum
1267 3103 1394 3149 iuvat,
1428 3101 1547 3154 elegit
1576 3100 1695 3148 viros,
1729 3104 1770 3140 et
1799 3099 1910 3140 misit
1941 3112 2006 3140 eos
2029 3103 2192 3163 Affiffgi-fftm

104 3164 281 3205 Romam
309 3168 501 3212 statuere,
531 3168 573 3204 et
598 3176 794 3205 renovare
823 3176 915 3204 cum
943 3163 998 3204 eis
1026 3162 1267 3204 amicitiam:
1323 3163 1337 3184 2
1365 3165 1405 3200 et
1432 3160 1484 3200 ad
1510 3158 1752 3211 Spartiatam,
1782 3163 1823 3199 et
1850 3158 1901 3198 ad
1929 3157 2007 3198 alia

102 3222 193 3263 loca
218 3222 330 3263 misit
358 3221 550 3275 epistolas
578 3222 802 3263 secundum
830 3222 1016 3263 eamdem
1044 3221 1236 3263 formam:

207 3283 223 3305 ³
249 3286 291 3322 et
317 3281 507 3322 abierunt
534 3281 722 3328 Romam,
750 3285 793 3321 et
817 3280 1077 3321 intraverunt
1103 3278 1267 3325 curiam,
1297 3282 1338 3317 et
1363 3276 1573 3318 dixerunt:
1603 3275 1797 3316 Ionathas
1824 3286 2004 3315 summus
2035 3273 2182 3332 ῡῑιῐζζζωξθ·

104 3339 301 3387 sacerdos,
325 3345 366 3380 et
383 3352 480 3394 gens
504 3339 733 3380 Iudaeorum
754 3338 952 3379 miserunt
971 3352 1056 3383 nos,
1079 3343 1125 3378 ut
1145 3348 1431 3378 renovaremus
1452 3333 1686 3381 amicitiam,
1709 3338 1749 3373 et
1769 3332 2003 3373 societatem

104 3398 329 3439 secundum
349 3397 581 3451 pristinum.
631 3399 647 3421 4
667 3397 724 3438 Et
745 3397 947 3438 dederunt
967 3396 1043 3438 illis
1065 3394 1256 3449 epistolas
1279 3394 1331 3435 ad
1352 3393 1459 3447 ipsos
1481 3405 1552 3447 per
1571 3392 1671 3440 loca,
1696 3396 1742 3432 ut
1760 3391 2006 3432 deducerent

105 3468 172 3497 eos
201 3455 243 3496 in
272 3461 424 3498 terram
454 3456 559 3497 Iuda
587 3468 680 3497 cum
709 3468 820 3510 pace.
