2356 3760
292 146 367 186 992
1091 141 1403 175 EvffloELwM
1958 146 1990 185 6,
2014 146 2133 186 53-7,
2158 147 2202 180 30

290 237 397 277 enim
429 233 717 276 intellexerunt
751 235 799 275 de
833 235 1024 288 panibus:
1074 240 1162 275 erat
1194 235 1300 275 enim
1335 249 1401 277 cor
1433 248 1572 277 eorum
1605 235 1869 278 obcaecatum.
1929 241 1962 263 ⁵³
1999 240 2073 281 aEt
2105 253 2196 280 cum

291 294 637 339 transfretassent,
669 299 869 334 venerunt
898 292 936 333 in
968 299 1116 334 terram
1145 294 1408 339 Genesareth,
1440 300 1481 335 et
1509 292 1831 347 applicuerunt..

97 359 151 417 (ῥυ
173 361 263 417 §effigi
397 356 429 378 ⁵²
446 353 629 406 Cumque
647 351 790 401 egressi
808 357 941 392 essent
958 352 1007 392 de
1025 351 1132 397 navi,
1152 352 1346 393 continuo
1364 358 1643 405 cognoverunt
1661 366 1771 394 eum:
1816 356 1848 379 ⁵⁵
1865 360 1905 395 et
1922 364 2200 408 percurrentes

111 400 247 455 ’ζιῗζῗὲῖζῖἷζε
269 401 273 416 ¹
293 413 523 454 universam
555 411 756 460 regionem
787 408 909 453 illam,
942 416 1155 463 coeperunt
1184 410 1223 451 in
1252 412 1433 464 grabatis
1463 425 1541 457 eos,
1575 411 1643 465 qui
1672 425 1713 453 se
1742 411 1846 454 male
1875 413 2097 461 habebant,
2128 415 2200 456 cir-

136 467 230 489 ⁵³¹¹²¹‘·
292 472 501 514 cumferre.
535 470 602 510 ubi
633 468 857 509 audiebant
887 483 979 509 eum
1010 483 1106 510 csse.
1164 472 1199 494 5⁶
1228 470 1284 511 Et
1314 484 1572 524 quocumque
1602 470 1812 514 introibat.
1844 471 1884 512 in
1915 472 2036 519 vicos,
2069 471 2133 514 vel
2161 474 2201 514 in

291 529 418 574 villas,
452 538 519 570 aut
554 527 754 571 civitates,
788 526 827 567 in
858 525 1002 580 plateis
1034 529 1244 581 ponebant
1274 529 1466 575 infirmos,
1499 534 1540 570 et
1570 530 1897 582 deprecabantur
1926 545 2030 577 eum,
2063 537 2110 572 ut.
2139 530 2202 573 vel

291 589 493 630 fimbriam
529 586 763 628 vestimenti
798 585 882 626 eius
916 592 1144 640 tangerent,
1181 594 1222 629 et
1257 592 1462 641 quotquot
1497 588 1724 641 tangebant
1758 603 1862 635 eum,
1899 588 2000 630 salvi
2036 590 2200 632 fiebant.

611 691 650 730 2.
682 689 910 731 Refutatio
940 690 1276 742 pharisaeorum
1308 692 1352 732 et
1381 691 1649 743 scribarum,
1679 693 1718 743 7,
1737 695 1882 735 1—23.

99 772 270 811 Mandatum
396 763 432 806 7.
488 765 501 786 1
537 762 588 803 Et
621 761 893 803 bconveniunt
923 763 975 803 ad
1005 776 1097 803 eum
1128 762 1333 809 Pharisaei,
1366 768 1408 803 et
1439 763 1605 816 quidam
1637 763 1686 804 de
1716 764 1876 808 Scribis.
1910 764 2118 806 venientes
2149 766 2200 805 ab

95 808 561 875 l'f‘X‹1¹.'siJ‚¹iL‘.}i1lerosolymis.
612 822 626 845 ‘-‘
649 821 705 861 Et
726 834 818 861 eum
842 821 1040 861 vidissent
1063 822 1262 875 quosdam
1285 835 1334 862 ex
1356 820 1562 875 discipulis
1585 822 1668 862 eius
1691 823 1975 864 communibus
1998 823 2199 869 manibus,

92 879 272 938 Πῗζρῌῗῆξξζὶζζζ,
288 881 391 922 idest
428 894 507 922 non
543 879 647 924 lotis,
684 880 931 920 manducare
966 893 1103 933 panes,
1140 880 1492 934 vituperaverunt.
1556 883 1571 905 3
1605 881 1797 922 Pharisaei
1831 882 1950 928 enim,
1987 887 2028 923 et
2062 896 2201 924 omnes

107 950 175 973 dum
205 951 257 976 vst-
292 939 428 984 Judaei,
453 939 527 980 nisi
550 939 688 980 crebro
710 937 887 979 laverint
907 952 1065 985 manus,
1089 952 1170 980 non
1192 940 1458 987 manducant,
1484 945 1669 980 tenentes
1692 940 1957 982 traditionem
1979 941 2201 983 seniorum:

289 1002 304 1024 ⁴
332 1005 373 1040 et
401 1000 514 1040 aforo
544 998 618 1038 nisi
649 997 921 1050 baptizentur,
954 1011 1034 1039 non
1063 999 1303 1039 comedunt:
1333 1005 1375 1039 et
1402 997 1482 1040 alia
1509 997 1641 1039 multa
1668 1005 1776 1047 sunt,
1808 1013 1898 1053 quae
1925 1000 2081 1041 tradita
2108 1006 2203 1041 sunt

288 1057 363 1099 illis
400 1071 572 1101 servare,
612 1056 867 1110 baptismata
902 1055 1086 1105 calicum,
1125 1062 1167 1098 et
1203 1070 1427 1103 urceorum,
1466 1062 1507 1098 et
1543 1063 1870 1107 aeramentorum,
1909 1065 1950 1100 et
1984 1057 2202 1100 lectorum:

287 1120 301 1141 ⁵
336 1124 374 1158 et
409 1116 719 1169 interrogabant
752 1129 843 1156 eum
877 1115 1081 1163 Pharisaei,
1117 1122 1159 1157 et
1190 1116 1358 1158 Scribae:
1395 1117 1528 1165 Quare
1561 1115 1747 1170 discipuli
1780 1117 1841 1158 tui
1874 1131 1955 1159 non
1989 1116 2205 1159 ambulant

290 1177 406 1216 iuxta
433 1174 698 1216 traditionem
725 1174 941 1221 seniorum,
971 1175 1041 1215 sed
1069 1175 1354 1217 communibus
1381 1176 1570 1216 manibus
1598 1176 1853 1217 manducant
1879 1177 2052 1231 panem?
2109 1178 2124 1201 ⁶
2150 1177 2205 1217 At

289 1233 353 1275 ille
392 1234 653 1288 respondens,
695 1233 800 1274 dixit
839 1233 912 1274 eis:
956 1234 1065 1274 Bene
1104 1234 1371 1288 prophetavit
1412 1234 1538 1275 Isaias
1578 1235 1626 1275 de
1666 1235 1782 1276 vobis
1821 1235 2057 1289 hypocritis,
2099 1235 2205 1276 sicut

289 1294 488 1347 scriptum
518 1298 597 1334 est:

346 1351 542 1406 cPopulus
571 1352 636 1392 hic
666 1350 782 1392 labiis
811 1365 875 1392 me
904 1352 1092 1401 honorat,
1178 1366 1245 1394 cor
1274 1358 1413 1394 autem
1443 1366 1582 1394 eorum
1611 1351 1729 1407 longe
1758 1358 1820 1394 est
1849 1367 1873 1394 a
1901 1367 1976 1394 me.

307 1414 322 1437 ⁷
343 1412 383 1453 in
413 1425 567 1452 vanum
597 1416 736 1451 autem
764 1424 829 1451 me
859 1409 1010 1455 colunt,
1095 1411 1287 1453 docentes
1317 1411 1536 1459 doctrinas,
1568 1417 1609 1452 et
1637 1417 1844 1466 praecepta
1871 1412 2096 1454 hominum.

399 1473 413 1494 ⁸
435 1468 727 1524 Relinquentes
747 1470 854 1510 enim
874 1470 1118 1510 mandatum
1138 1470 1226 1514 Dei.
1249 1470 1397 1511 tenetis
1418 1470 1682 1512 traditionem
1701 1471 1926 1520 hominum,
1949 1471 2205 1525 baptismata

291 1543 515 1575 urceorum,
548 1535 588 1570 et
618 1527 807 1569 calicum:
839 1534 880 1569 et
909 1527 987 1569 alia
1016 1527 1163 1569 similia
1191 1529 1251 1569 his
1281 1529 1414 1570 facitis
1443 1528 1586 1571 multa.
1647 1532 1662 1553 ⁹
1692 1530 1746 1571 Et
1776 1530 1939 1571 dicebat
1967 1529 2062 1571 illis:
2096 1530 2206 1570 Bene

291 1590 451 1630 irritum
480 1588 612 1629 facitis
640 1592 890 1641 praeceptum
918 1587 1005 1633 Dei,
1036 1594 1083 1628 ut
1110 1587 1375 1629 traditionem
1403 1593 1583 1628 vestram
1610 1588 1791 1630 servetis.
1849 1591 1883 1613 ¹⁰
1910 1589 2070 1643 Moyses
2098 1588 2205 1630 enim

291 1648 414 1689 dixit:
450 1647 639 1688 dHonora
670 1652 830 1700 patrem
861 1651 991 1693 tuum,
1025 1652 1066 1687 et
1096 1651 1271 1687 matrem
1301 1651 1429 1687 tuam.
1462 1647 1535 1687 Et:
1575 1646 1671 1695 eQui
1702 1645 1959 1688 maledixerit
1988 1647 2109 1701 patri,
2142 1646 2206 1688 vel

291 1706 426 1753 matri,
474 1711 604 1747 morte
649 1705 860 1746 moriatur.
931 1706 961 1729 ¹¹
1003 1705 1083 1746 Vos
1127 1711 1267 1746 autem
1310 1705 1462 1746 dicitis:
1512 1705 1554 1747 Si
1598 1705 1747 1747 dixerit
1791 1706 1913 1747 homo
1961 1706 2082 1759 patri,
2134 1711 2206 1746 aut

293 1765 426 1815 matri,
469 1765 640 1807 (Torban.
686 1764 814 1817 (quod
848 1769 909 1804 est
944 1764 1115 1817 donum)
1159 1764 1446 1818 quodcumque
1488 1778 1538 1805 ex
1579 1778 1654 1810 me,
1698 1764 1774 1805 tibi
1816 1764 2033 1818 profuerit:
2099 1766 2130 1788 ¹2
2166 1769 2207 1804 et

293 1823 401 1866 ultra
441 1837 523 1866 non
564 1823 773 1865 dimittitis
819 1836 911 1864 eum
957 1823 1183 1877 quidquam
1227 1823 1358 1864 facere
1402 1822 1511 1876 patri
1555 1836 1639 1867 suo,
1689 1829 1762 1864 aut
1796 1822 1930 1869 matri,
1996 1825 2027 1847 ¹3
2061 1821 2206 1863 rescin-

295 1885 436 1925 dentes
471 1883 643 1923 verbum
674 1882 750 1923 Dei
776 1895 847 1936 per
876 1881 1141 1924 traditionem
1171 1888 1363 1931 vestram,
1397 1895 1521 1936 quam
1551 1881 1796 1923 tradidistis:
1827 1888 1868 1923 et
1894 1880 2041 1922 similia
2069 1881 2206 1922 huius-

295 1942 405 1984 modi
440 1940 573 1983 multa
606 1941 751 1982 facitis.

134 2010 245 2053 imm„
402 2003 433 2025 ¹⁴¹
467 2001 537 2043 fEt
560 2001 765 2042 advocans
790 2000 937 2041 iterum
962 2001 1139 2044 turbam.
1166 2000 1329 2041 dicebat
1351 1998 1446 2041 illis:
1472 2000 1625 2041 Audite
1648 2014 1712 2040 me
1737 2013 1887 2045 omnes,
1914 2004 1955 2040 et
1978 1997 2204 2053 intelligite.

115 2045 263 2110 Ῐῖἷῗῗιῗιῗιῖἶῖι
298 2064 327 2085 ¹5
360 2058 469 2101 Nihil
500 2066 561 2101 est
591 2065 709 2100 extra
737 2059 944 2101 hominem
975 2059 1170 2101 introiens
1201 2059 1242 2100 in
1272 2073 1376 2103 eum.
1407 2059 1517 2113 quod
1546 2059 1676 2113 possit
1706 2073 1798 2100 eum
1829 2058 2103 2112 coinquinare,
2137 2058 2207 2099 sed

148 2119 228 2141 ¹¹⁴¹¹¹¹·
297 2133 386 2173 quae
408 2120 457 2160 de
479 2118 642 2160 homine
665 2118 892 2172 procedunt
914 2116 983 2158 illa
1004 2125 1112 2167 sunt,
1139 2132 1229 2172 quae
1251 2118 1557 2160 communicant
1578 2118 1796 2159 hominem.
1848 2119 1883 2142 ¹⁶
1905 2118 1946 2159 Si
1969 2117 2058 2171 quis
2079 2117 2205 2158 habet

295 2192 410 2219 aures
442 2178 646 2221 audiendi,
679 2177 833 2217 audiat.

104 2248 197 2301 tame·
219 2249 265 2265 “x-
401 2239 433 2261 ¹⁷
455 2237 511 2278 Et
533 2250 624 2277 cum
646 2235 854 2277 introisset
875 2235 915 2275 in
937 2236 1105 2277 domum
1128 2249 1152 2276 a
1172 2236 1305 2278 turba.
1330 2235 1640 2289 interrogabant
1661 2249 1753 2276 eum
1776 2233 1963 2289 discipuli
1985 2235 2068 2276 eius
2089 2248 2207 2289 para-

87 2284 442 2344 cdtii'siniif-'iinbolam.
502 2298 536 2319 ¹⁵
566 2296 619 2336 Et
650 2295 707 2335 ait
735 2293 829 2335 illis:
860 2294 925 2336 Sic
954 2300 995 2335 et
1024 2308 1095 2336 vos
1125 2294 1405 2348 imprudentes
1434 2294 1554 2335 estis?
1587 2294 1677 2335 Non
1708 2292 1932 2348 intelligitis
1963 2294 2060 2348 quia
2088 2307 2208 2335 omne

294 2355 544 2396 extrinsecus
577 2353 772 2395 introiens
807 2353 847 2394 in
880 2353 1099 2399 hominem,
1136 2367 1217 2395 non
1251 2358 1388 2407 potest
1421 2366 1513 2394 eum
1548 2353 1866 2394 communicare:
1929 2355 1963 2377 ¹⁹
1998 2352 2094 2406 quia
2126 2365 2208 2393 non

294 2415 421 2455 intrat
445 2414 484 2454 in
508 2427 576 2455 cor
597 2413 692 2459 eius,
718 2413 787 2453 sed
809 2412 850 2452 in
874 2417 1059 2453 ventrem
1082 2413 1210 2457 vadit,
1236 2418 1277 2453 et
1298 2412 1338 2453 in
1361 2425 1561 2453 secessum
1585 2411 1681 2459 exit,
1706 2425 1884 2465 purgans
1908 2424 2047 2453 omnes
2070 2410 2204 2452 escas?

290 2476 326 2498 2⁰
354 2473 530 2514 Dicebat
559 2477 710 2519 autem,
744 2471 937 2525 quoniam
969 2485 1058 2525 quae
1087 2472 1136 2512 de
1164 2471 1328 2513 homine
1358 2477 1521 2519 exeunt,
1553 2469 1622 2511 illa
1651 2470 1958 2512 communicant
1986 2469 2205 2511 hominem.

291 2535 320 2557 2¹
364 2532 560 2573 gAbintus
599 2531 706 2572 enim
744 2531 793 2571 de
830 2531 949 2572 corde
986 2530 1199 2572 hominum
1237 2529 1354 2571 malae
1391 2529 1658 2584 cogitationes
1696 2530 1936 2583 procedunt.
1991 2527 2205 2573 adulteria,

292 2591 591 2634 fornicationes,
624 2589 855 2635 homicidia,
914 2591 946 2613 ²2
975 2589 1098 2635 furta,
1132 2589 1327 2638 avaritiae,
1360 2588 1564 2643 nequitiae.
1597 2587 1725 2637 dolus,
1758 2588 2035 2642 impudicitiae.
2069 2585 2207 2630 oculus

292 2649 434 2694 malus,
470 2648 736 2702 blasphemia,
772 2648 973 2702 superbia,
1009 2647 1198 2690 stultitia.
1261 2651 1292 2673 23
1326 2647 1475 2690 Omnia
1507 2648 1592 2689 haec
1625 2646 1734 2688 mala
1767 2647 1932 2689 abintus
1965 2647 2205 2701 procedunt,

299 2715 340 2751 et
367 2708 674 2752 communicant
702 2706 921 2749 hominem.

744 2813 782 2852 3.
812 2811 942 2852 Fides
973 2811 1177 2852 mulieris
1208 2810 1500 2861 Chananaeae‚
1529 2811 1569 2862 7,
1589 2812 1768 2852 24—30.

114 2889 183 2912 ΓΜ
197 2890 257 2912 ’Ἥ
271 2898 286 2913 ³¹
404 2886 437 2909 2³
457 2884 532 2924 hEt
551 2884 644 2924 inde
663 2896 828 2937 surgens
848 2881 948 2923 abiit
967 2882 1007 2922 in
1026 2883 1124 2923 fines
1143 2882 1250 2936 Tyri.
1272 2888 1312 2923 et
1329 2882 1508 2924 Sidonis:
1528 2887 1569 2923 et
1587 2881 1787 2935 ingressus
1806 2882 1986 2929 domum,
2006 2880 2209 2921 neminem

117 2925 266 2985 i'iiii-'J‘i'r'siss
303 2941 429 2983 voluit
458 2943 568 2985 scire.
600 2948 641 2983 et
668 2956 749 2983 non
777 2941 913 2995 potuit
940 2939 1078 2982 latere.
1135 2944 1167 2965 ²⁵
1194 2940 1339 2982 Mulier
1366 2942 1473 2982 enim
1501 2941 1643 2982 statim
1672 2946 1718 2981 ut
1745 2940 1905 2982 audivit
1932 2940 1981 2981 de
2009 2953 2067 2985 eo,
2097 2939 2209 2980 cuius

300 3000 380 3042 filia
413 3002 591 3042 habebat
623 3001 811 3055 spiritum
844 3000 1115 3048 immundum,
1150 3000 1334 3045 intravit,
1368 3006 1409 3041 et
1440 2999 1616 3054 procidit
1647 3000 1700 3040 ad
1730 2999 1852 3053 pedes
1885 2999 1980 3040 eius.
2041 3000 2076 3022 ²⁶
2108 2998 2208 3039 Erat

299 3060 405 3100 enim
427 3058 569 3100 mulier
588 3058 772 3104 Gentilis,
795 3059 1109 3112 Syrophoenissa
1128 3073 1283 3109 genere.
1334 3060 1388 3100 Et
1408 3059 1581 3109 rogabat
1601 3072 1693 3099 eum
1715 3063 1761 3099 ut
1782 3057 2029 3099 daemonium
2049 3056 2207 3098 eiiceret

300 3120 348 3159 de
370 3117 449 3159 filia
470 3118 564 3158 eius.
614 3120 646 3143 ²⁷
670 3119 747 3167 Qui
768 3118 873 3159 dixit
892 3116 965 3158 illi:
988 3117 1081 3159 Sine
1101 3118 1211 3171 prius
1232 3118 1405 3159 saturari
1427 3116 1546 3158 filios:
1571 3130 1649 3159 non
1670 3123 1731 3157 est
1751 3117 1857 3157 enim
1878 3118 2030 3158 bonum
2052 3128 2207 3157 sumere

302 3191 445 3231 panem
467 3175 649 3220 filiorum,
669 3183 709 3217 et
727 3177 888 3218 mittere
905 3176 1086 3218 canibus.
1131 3179 1166 3200 ²⁸
1182 3177 1237 3217 At
1255 3176 1322 3218 illa
1338 3176 1559 3230 respondit,
1578 3182 1619 3216 et
1636 3176 1739 3216 dixit
1758 3174 1830 3216 illi:
1854 3176 2003 3229 Utique
2019 3173 2207 3217 Domine.

301 3250 394 3276 nam
425 3242 466 3276 et
495 3234 628 3275 catelli
659 3237 880 3277 comedunt
909 3236 984 3276 sub
1014 3249 1155 3277 mensa
1184 3236 1232 3276 de
1263 3236 1375 3276 micis
1406 3248 1635 3289 puerorum.
1694 3237 1729 3259 ²⁹
1759 3235 1814 3275 Et
1844 3235 1902 3275 ait
1932 3232 2004 3274 illi:
2036 3234 2210 3286 Propter

300 3295 404 3335 hunt·
438 3308 662 3335 sermonem
696 3296 810 3336 vade.
845 3294 945 3335 exiit
976 3294 1221 3335 daemonium
1255 3308 1278 3335 a
1310 3293 1392 3335 filia
1422 3300 1505 3335 tua.
1565 3295 1602 3318 ³⁰
1632 3293 1687 3334 Et
1719 3307 1811 3334 cum
1843 3292 2008 3334 abiisset
2039 3292 2207 3333 domum

299 3368 427 3396 suam.
460 3353 613 3393 invenit
644 3351 818 3406 puellam
849 3353 1048 3394 iacentem
1076 3367 1199 3407 supra
1226 3351 1389 3397 lectum.
1421 3360 1461 3394 et
1489 3352 1735 3394 daemonium
1765 3352 1918 3393 exiisse.

435 3444 476 3477 5:2¹
495 3444 566 3477 ant,
589 3445 636 3478 14.
655 3445 707 3477 34.
736 3465 776 3468 a
802 3445 831 3484 7,
860 3446 967 3478 JbMt
986 3446 1037 3484 15,
1060 3448 1086 3478 1.
1117 3466 1149 3468 κ-
1174 3446 1194 3477 6
1222 3445 1271 3478 els
1297 3446 1349 3481 29
1378 3446 1426 3477 13.
1455 3465 1495 3468 Ἃ
1523 3445 1562 3477 10
1585 3444 1659 3477 dEx
1684 3444 1736 3478 2ο,
1764 3444 1819 3479 12;
1854 3443 1902 3476 Dt
1926 3443 1957 3477 5.
1985 3443 2039 3481 102
2077 3443 2155 3487 Eph
2180 3442 2209 3482 6,

301 3492 330 3525 2.
359 3512 398 3515 ί
426 3491 495 3524 eux
522 3494 573 3530 21,
605 3492 655 3526 17:
687 3492 732 3524 Lx-
759 3493 810 3525 21».
837 3495 871 3532 9;
902 3493 942 3525 er
967 3494 1018 3532 20,
1045 3494 1095 3526 20.
1125 3513 1164 3516 -
1192 3492 1231 3525 [l
1263 3492 1327 3525 fMt
1354 3493 1403 3531 15),
1433 3492 1480 3525 io.
1510 3512 1549 3515 <
1575 3492 1614 3525 -21
1642 3492 1714 3525 gen
1739 3491 1769 3531 o,
1795 3492 1824 3523 5.
1852 3511 1893 3514 —
1919 3490 1960 3523 24
1983 3490 2054 3524 hMt
2080 3490 2132 3531 1.5
2158 3491 2209 3523 21.
