2356 3760
111 269 198 296 atquc
220 266 247 290 in

99 304 175 326 terra
197 308 258 331 pro-

131 337 228 366 inissa:

104 1499 249 1530 ‹insulaqia

123 1538 229 1566 quarta.

112 2041 242 2066 Laudent

100 2077 253 2101 Dominum

97 2263 214 2288 deducti
227 2263 255 2288 in

104 2306 179 2324 viam
193 2306 249 2324 rec·

140 2337 211 2363 tam,

129 2729 225 2753 educti

98 2771 112 2789 e
123 2764 256 2793 Mneulis,

106 3245 195 3275 premi
217 3245 250 3269 d<-

92 3280 265 3304 infirmitati·

149 3316 208 3344 bus,

284 174 360 213 544
1160 171 1237 204 LlB
1245 170 1306 204 ER
1865 172 1938 214 105,
1965 172 2128 213 34-106,
2155 172 2196 206 18

285 268 316 290 ³¹
339 279 419 307 non
450 265 774 319 disperdiderunt
807 269 959 317 gentes.
1047 278 1146 317 quas
1178 265 1282 305 dixit
1312 264 1512 305 Dominus
1543 264 1630 305 illis.

287 327 318 349 ³⁵
342 324 395 365 Et
422 324 625 365 commisti
652 330 747 364 sunt
775 323 880 363 inter
905 329 1056 372 gentes,
1140 329 1179 363 et
1207 323 1436 364 didicerunt
1463 336 1586 377 opera
1612 336 1769 364 eorum:

286 385 321 407 3²³
340 389 379 423 et
410 384 637 424 servierunt
667 381 922 435 sculptilibus
953 394 1110 422 eorum:
1196 388 1236 423 et
1266 383 1423 423 factum
1453 388 1514 423 est
1545 382 1619 424 illis
1650 382 1690 423 in
1720 382 1971 425 scandalum.

286 444 319 467 3⁷
339 442 393 483 Et
420 442 737 483 immolaverunt
764 440 864 481 lilios
891 454 995 485 suos,
1077 447 1117 481 et
1145 440 1244 482 filias
1272 454 1364 481 suas
1391 441 1611 482 daemoniis.

285 503 320 525 ³⁸
339 501 393 542 Et
420 502 651 542 effuderunt
678 500 915 553 sanguinem
943 500 1219 540 innocentem:
1300 500 1537 551 sanguinem
1565 500 1737 541 filiorum
1764 513 1929 541 suorum
1956 506 1997 542 et
2018 501 2192 542 filiarum

548 572 725 604 suarum,

340 632 438 671 quas
461 618 793 659 sacrificaverunt
815 616 1070 670 sculptilibus
1093 618 1299 658 Chanaan.
1380 617 1434 658 Et
1463 617 1614 658 infecta
1636 624 1695 659 est
1720 623 1830 658 terra
1852 618 1891 658 in
1915 619 2191 671 sanguinibus,

285 680 319 701 ³²·
337 684 376 717 et
397 677 680 718 contaminata
698 683 757 718 est
778 676 815 717 in
836 677 1024 729 operibus
1044 690 1200 717 eorum:
1275 682 1314 717 ct
1333 677 1522 717 fornicati
1541 682 1638 717 sunt
1657 677 1695 717 in
1716 677 2076 719 adinventionibus
2095 678 2190 719 suis.

285 739 320 760 ·¹‘¹
338 736 392 777 Et
412 737 539 777 iratus
559 742 618 777 est
641 736 772 776 furore
792 736 992 777 Dominus
1012 736 1051 776 in
1072 735 1269 788 populum
1288 748 1426 776 suum:
1494 741 1535 776 et
1554 736 1815 777 abominatus
1836 741 1897 777 est
1917 736 2190 778 hereditatem

548 808 675 836 suain.

284 856 313 877 ⁴¹
338 854 392 894 Et
418 854 589 895 tradidit
616 868 682 895 eos
709 854 748 895 in
775 867 919 894 manus
945 853 1147 907 gentium:
1229 858 1269 894 et
1296 853 1497 894 dominati
1523 859 1619 895 sunt
1645 866 1784 895 eorum
1812 854 1881 907 qui
1908 854 2084 895 oderunt
2111 868 2189 896 eos.

283 915 316 936 ⁴²
337 913 390 954 Et
422 913 723 954 tribulaverunt
754 926 820 954 eos
853 912 1000 953 inimici
1032 925 1183 961 eorum,
1269 918 1309 953 et
1340 912 1543 953 humiliati
1573 918 1670 954 sunt
1699 913 1774 953 sub
1810 913 1999 953 manibus
2030 926 2189 954 eorum:

283 974 316 996 *¹³
336 985 440 1026 saepe
456 972 644 1013 liberavit
661 986 737 1013 eos.
810 972 891 1024 Ipsi
907 978 1045 1012 autem
1062 971 1411 1012 exacerbaverunt
1427 985 1519 1012 eum
1536 971 1576 1012 in
1592 971 1757 1013 consilio
1774 984 1865 1013 suo:
1931 977 1974 1013 et
1989 972 2191 1013 humiliati

546 1038 642 1072 sunt
671 1031 711 1072 in
742 1030 1029 1084 iniquitatibus
1059 1031 1151 1072 suis.

282 1092 314 1114 ‘²⁴
339 1090 389 1131 Et
417 1091 520 1131 vidit
546 1104 637 1131 cum
665 1090 975 1131 tribularentur:
1056 1095 1098 1131 et
1123 1090 1281 1131 audivit
1308 1090 1534 1131 orationem
1561 1103 1711 1131 eorum.

284 1149 407 1189 ⁴·''12Et
441 1163 596 1190 memor
628 1150 707 1190 fuit
740 1149 978 1190 testamenti
1012 1149 1091 1189 sui:
1191 1154 1231 1190 et
1266 1149 1460 1202 poenituit
1493 1162 1586 1190 eum
1620 1149 1843 1190 secundum
1884 1148 2192 1190 multitudinem

546 1209 827 1250 misericordife
856 1221 948 1249 suae.

282 1268 317 1290 ⁴⁶
336 1267 389 1308 Et
419 1268 532 1309 dedit
559 1282 626 1309 eos
654 1268 694 1309 in
722 1268 1015 1309 misericordias
1097 1267 1138 1308 in
1166 1272 1385 1321 conspectu
1415 1267 1597 1308 omnium
1627 1268 1696 1321 qui
1724 1272 1917 1321 ceperant
1944 1280 2023 1309 eos.

282 1327 316 1349 ⁴⁷
335 1326 478 1367 Salvos
509 1341 580 1368 nos
611 1327 675 1368 fac
706 1327 880 1368 Domine
911 1327 1021 1367 Deus
1058 1331 1212 1367 noster:
1298 1332 1339 1367 et
1369 1339 1568 1380 congrega
1598 1340 1669 1367 nos
1701 1327 1750 1367 de
1782 1326 2047 1367 Nationibus:

336 1385 393 1427 Ut
424 1386 692 1427 confiteamur
721 1386 875 1427 nomini
905 1391 1046 1426 sancto
1077 1390 1167 1428 tuo:
1252 1390 1293 1426 et
1321 1385 1539 1439 gloriemur
1569 1385 1609 1426 in
1639 1385 1759 1426 laude
1789 1390 1872 1426 tua.

283 1492 318 1514 ‘¹⁸
338 1490 582 1533 Benedictus
609 1491 810 1533 Dominus
832 1492 941 1532 Deus
965 1491 1088 1532 Israel
1109 1505 1133 1532 a
1153 1490 1297 1533 saeculo
1314 1496 1355 1532 et
1376 1504 1503 1544 usque
1524 1490 1565 1531 in
1585 1490 1796 1532 saeculum:
1871 1494 1912 1531 et
1933 1490 2040 1532 dicet
2061 1491 2192 1532 omnis

546 1551 739 1604 populus:
770 1551 803 1591 F
805 1551 875 1595 iat,
908 1550 993 1592 fiat.

337 1677 407 1729 II.
447 1679 725 1731 Collectio
764 1679 1132 1730 Psalmomun
1172 1678 1520 1729 omissorum
1560 1678 1830 1739 secunda,
1870 1677 2140 1730 106—118

981 1760 1160 1821 (hebr.
1200 1758 1501 1819 107—119).

872 1857 1092 1908 106(107).
1124 1856 1244 1897 Laus
1276 1855 1607 1909 Redemptoris.

386 1928 569 1971 Alleluia.
603 1928 757 1980 (Iudith
788 1929 847 1977 13,
880 1929 960 1979 21.)
992 1928 1093 1971 CVI.

302 2035 314 2057 ¹
335 2033 592 2075 Confitemini
618 2034 795 2075 Domino
822 2033 1016 2088 quoniam
1046 2035 1194 2075 bonus:
1280 2033 1473 2088 quoniam
1501 2034 1542 2075 in
1567 2032 1760 2075 saeculum
1788 2033 2064 2075 misericordia
2092 2033 2188 2075 eius.

302 2095 315 2116 ²
334 2093 485 2134 Dicant
517 2094 584 2147 qui
615 2093 816 2148 redempti
846 2099 942 2133 sunt
973 2106 997 2133 a
1026 2093 1215 2141 Domino,
1302 2106 1403 2147 quos
1433 2092 1606 2134 redemit
1636 2092 1685 2134 de
1714 2105 1840 2133 manu
1871 2093 2041 2134 inimici:

334 2157 374 2193 et
393 2153 443 2193 de
461 2153 691 2206 regionibus
705 2152 966 2207 congregavit
986 2165 1070 2193 eos:
1128 2155 1143 2177 ³
1162 2153 1197 2193 A
1216 2151 1308 2193 solis
1322 2157 1427 2198 ortu,
1443 2158 1484 2193 et
1503 2164 1666 2194 occasu:
1725 2152 1777 2193 ab
1797 2151 1996 2205 aquilone,
2013 2157 2055 2193 et
2073 2152 2188 2193 mari.

302 2259 316 2281 ⁴
335 2257 588 2299 Erraverunt
611 2258 650 2299 in
666 2258 884 2299 solitudine
905 2259 945 2299 in
968 2259 1184 2313 inaquoso:
1252 2258 1362 2299 viam
1376 2257 1556 2298 civitatis
1578 2256 1804 2298 habitaculi
1826 2270 1908 2298 non
1929 2257 2188 2305 invenerunt,

304 2318 318 2340 5
337 2317 583 2364 Esurientes,
615 2323 655 2358 et
683 2317 884 2359 sitientes:
967 2318 1105 2359 anima
1132 2330 1271 2358 eorum
1299 2317 1339 2358 in
1368 2316 1463 2370 ipsis
1491 2316 1651 2357 defecit.

306 2377 321 2400 ⁶
338 2376 394 2418 Et
422 2375 705 2418 clamaverunt
734 2377 785 2417 ad
804 2377 1028 2418 Dominum
1055 2390 1147 2418 cum
1170 2375 1482 2418 tribularentur:
1565 2380 1606 2416 et
1634 2375 1683 2416 de
1712 2375 2023 2416 necessitatibus
2051 2388 2190 2416 eorum

546 2436 695 2490 eripuit
724 2449 802 2477 eos,

302 2496 316 2518 ⁷
335 2495 391 2536 Et
418 2495 591 2537 deduxit
617 2508 683 2537 eos
710 2495 751 2536 in
779 2495 889 2536 viam
916 2501 1089 2537 rectam:
1171 2500 1219 2536 ut
1245 2495 1351 2536 irent
1377 2494 1418 2535 in
1446 2494 1658 2534 civitatem
1686 2493 1966 2535 habitationis.

303 2555 318 2578 8
336 2554 620 2596 Confiteantur
646 2554 822 2596 Domino
851 2555 1135 2596 misericordiae
1163 2554 1265 2595 eius:
1347 2558 1389 2594 et
1416 2552 1618 2594 mirabilia
1645 2552 1728 2594 eius
1756 2552 1846 2594 filiis
1873 2552 2098 2594 hominum.

302 2615 319 2637 ⁹
336 2613 442 2662 Quia
468 2614 638 2655 satiavit
667 2614 847 2655 animam
876 2614 1057 2656 inanem:
1141 2619 1183 2655 et
1211 2612 1390 2654 animam
1420 2612 1663 2653 esurientem
1693 2611 1864 2653 satiavit
1892 2612 2020 2653 bonis.

284 2721 319 2743 ¹⁰
336 2720 530 2760 Sedentes
559 2720 599 2761 in
627 2719 816 2765 tenebris,
847 2724 888 2760 et
915 2720 1062 2760 umbra
1088 2719 1249 2761 mortis:
1331 2718 1491 2759 vinctos
1519 2717 1560 2758 in
1588 2716 1865 2763 mendicitate,
1896 2722 1937 2758 et
1964 2717 2082 2759 ferro.

284 2781 311 2802 ¹¹
337 2779 442 2827 Quia
469 2779 821 2820 exacerbaverunt
849 2778 1011 2832 eloquia
1038 2779 1132 2820 Dei:
1216 2784 1257 2819 et
1285 2776 1497 2819 consilium
1525 2775 1723 2818 Altissimi
1752 2776 2029 2817 irritaverunt.

282 2840 313 2862 ¹2
335 2837 389 2878 Et
406 2838 667 2880 humiliatum
685 2844 746 2879 est
763 2839 803 2879 in
819 2838 1026 2879 laboribus
1045 2851 1112 2879 cor
1128 2851 1286 2880 eorum:
1353 2835 1548 2877 infirmati
1565 2840 1673 2881 sunt.
1689 2848 1761 2876 nec
1777 2835 1857 2877 fuit
1874 2835 1943 2889 qui
1960 2835 2186 2877 adiuvaret.

283 2899 314 2921 ¹³
335 2897 390 2938 Et
417 2897 700 2939 clamaverunt
727 2898 778 2939 ad
805 2897 1029 2939 Dominum
1056 2910 1147 2938 cum
1176 2895 1487 2938 tribularentur:
1568 2900 1610 2936 et
1636 2895 1686 2936 de
1712 2894 2023 2936 necessitatibus
2050 2906 2189 2936 eorum

544 2956 735 2998 liberavit
764 2971 842 2998 eos.

284 3017 313 3038 ¹¹
336 3015 388 3055 Et
414 3016 556 3056 eduxit
581 3029 648 3057 eos
673 3017 722 3057 de
747 3016 935 3064 tenebris,
963 3021 1003 3056 et
1029 3016 1175 3056 umbra
1199 3014 1359 3056 mortis:
1439 3019 1480 3054 et
1504 3012 1668 3054 vincula
1692 3026 1830 3054 eorum
1856 3013 2041 3067 disrupit.

284 3075 616 3116 ¹⁵Conf1teantur
652 3075 829 3117 Domino
868 3075 1150 3116 misericordiae
1187 3074 1289 3115 eius:
1391 3078 1432 3113 et
1470 3071 1671 3113 mirabilia
1708 3072 1792 3113 eius
1830 3072 1919 3114 filiis
1957 3072 2183 3114 hominum.

285 3134 318 3155 ¹⁶
337 3133 441 3181 Quia
470 3135 664 3175 contrivit
692 3140 832 3188 portas
862 3147 1002 3175 aereas:
1086 3139 1127 3174 et
1156 3138 1292 3174 vectes
1321 3133 1470 3173 ferreos
1499 3131 1708 3185 confregit.

287 3239 520 3291 Ususcopit
570 3253 635 3279 eos
684 3240 732 3280 de
789 3239 857 3280 via
903 3239 1132 3293 iniquitatis
1181 3252 1338 3280 eorum:
1440 3241 1606 3291 propter
1663 3237 1883 3278 iniustitias
1940 3237 2047 3278 enim
2095 3250 2187 3278 suas

547 3297 750 3339 humiliati
780 3304 887 3340 sunt.

286 3356 508 3396 ”Omnem
545 3370 676 3396 escam
713 3358 953 3399 abominata
987 3364 1048 3400 est
1093 3357 1230 3398 anima
1265 3369 1422 3398 eorum:
1512 3360 1553 3396 et
1589 3356 2024 3411 appropinquaverunt
2059 3368 2186 3408 usque

545 3416 596 3456 ad
628 3422 765 3468 portas
795 3417 948 3460 mortis.

416 3528 458 3561 45
483 3527 552 3562 aDt
575 3527 629 3568 30,
657 3530 684 3562 1.
