2356 3760
306 169 382 209 372
1155 166 1302 200 LIBER
1331 167 1376 200 II.
1984 171 2016 212 6,
2041 172 2159 213 14-6,
2185 172 2227 207 38

116 259 292 320 aggffiss‘gff
310 261 551 304 latitudinis.
572 265 613 302 et
631 265 711 301 tres
729 259 889 300 cubitos
907 257 1156 299 altitudinis:
1176 260 1374 313 stetitque
1392 273 1512 314 super
1529 274 1637 302 eam:
1658 266 1697 302 et
1716 262 1905 316 deinceps
1925 263 2038 305 flexis
2054 265 2224 318 genibus

112 331 293 360 deprecatur.
310 326 454 361 contra
473 320 705 361 universam
726 317 1035 358 multitudinem
1059 318 1193 362 Israel.
1217 324 1258 359 et
1277 318 1424 372 palmis
1444 320 1484 360 in
1506 319 1646 361 caelum
1668 320 1826 366 levatis,
1877 324 1908 346 1⁴
1929 322 2004 368 ait:
2032 323 2224 365 aDomine

309 380 418 419 Deus
448 379 582 422 Israel.
614 390 693 418 non
721 382 782 417 est
809 376 949 417 similis
977 376 1036 416 tui
1069 377 1175 417 Deus
1203 377 1243 417 in
1271 377 1365 419 caelo
1394 384 1434 419 et
1462 379 1501 419 in
1530 384 1655 420 terra:
1686 379 1754 433 qui
1781 381 1961 422 custodis
1987 387 2155 434 pactum
2183 387 2224 423 et

309 438 623 479 misericordiam
652 449 743 476 cum
771 436 896 476 servis
924 435 1015 479 tuis,
1046 435 1113 488 qui
1141 436 1357 477 ambulant
1384 450 1519 478 coram
1547 443 1587 478 te
1613 438 1654 479 in
1682 443 1769 479 toto
1797 439 1916 480 corde
1942 453 2033 481 suo:
2088 443 2119 466 ¹⁵
2145 442 2224 490 Qui

308 497 534 551 prtestitisti
565 508 680 536 servo
711 500 781 535 tuo
811 494 949 534 David
978 494 1086 547 patri
1115 508 1204 536 meo
1236 509 1502 549 quaeeumque
1532 495 1692 538 locutus
1722 497 1856 538 fueras
1885 499 1937 539 ei:
1969 504 2008 539 et
2040 512 2129 553 quae
2157 513 2223 541 ore

308 556 562 610 promiseras,
585 567 704 608 opere
725 553 949 606 complesti.
972 553 1077 594 sicut
1096 559 1137 594 et
1156 567 1332 607 praesens
1351 559 1514 608 tempus
1535 555 1694 608 probat.
1744 558 1778 581 ¹⁶
1798 557 1917 598 Nunc
1936 571 2028 609 ergo
2048 558 2224 600 Domine

310 616 420 655 Deus
456 613 590 657 lsrael,
626 612 748 666 imple
783 625 898 653 servo
934 618 1004 653 tuo
1038 613 1145 666 patri
1180 626 1268 654 meo
1302 614 1439 654 David
1473 627 1739 669 quaecumque
1771 615 1932 657 locutus
1965 610 2017 663 03,
2067 617 2223 658 dicens:

310 674 399 714 Non
430 673 589 713 deficiet
618 686 667 713 ex
697 678 736 713 10
766 672 827 712 vir
855 684 990 713 coram
1020 685 1095 715 me.
1128 672 1196 725 qui
1224 672 1365 713 sedeat
1393 686 1513 726 super
1541 672 1735 714 thronum
1767 674 1908 715 lsrael:
1937 675 1997 716 ita
2024 680 2164 717 tamen
2192 676 2224 717 si

309 732 574 774 custodierint
604 731 671 771 filii
699 731 758 771 tui
786 731 872 771 vias
898 743 1003 777 31103,
1031 737 1072 771 01
1098 730 1402 772 ambulaverint
1427 731 1468 772 in
1493 731 1578 783 lege
1604 745 1705 777 mea,
1734 733 1839 774 sicut
1864 739 1906 774 et
1931 738 1975 775 tu
2003 735 2224 776 ambulasti

309 804 443 832 coram
474 804 549 831 me.
610 792 642 814 ¹⁷
672 790 727 831 Et
755 803 862 830 01100
892 790 1065 831 Domine
1095 790 1206 830 Deus
1238 790 1371 836 Israel,
1403 791 1588 831 firmetur
1615 804 1744 833 sermo
1774 797 1882 841 tuus,
1914 806 2035 847 quem
2063 793 2223 835 locutus

309 863 349 891 03
372 863 487 891 servo
512 855 583 890 1110
608 849 756 890 David.
809 851 844 873 ¹⁸
867 849 1026 898 Ergone
1050 849 1239 889 credibile
1262 854 1323 890 est
1346 855 1392 890 ut
1415 850 1577 891 habitet
1598 851 1708 891 Deus
1732 863 1824 892 cum
1847 852 2081 893 hominibus
2104 865 2225 906 super

310 908 484 950 terram?
507 909 549 950 Si
571 908 712 949 caelum
736 913 777 949 et
799 908 882 949 czeli
905 907 1094 948 eaelorum
1117 921 1197 949 non
1221 914 1261 949 10
1283 909 1463 962 capiunt,
1489 915 1645 962 quanto
1667 910 1796 963 magis
1818 910 1964 952 domus
1984 912 2074 957 1310,
2100 925 2224 966 quam

308 968 531 1009 aedificavi?
591 970 624 992 ¹⁹
654 968 732 1009 Sed
763 968 814 1008 ad
844 967 919 1007 1100
950 971 1113 1007 tantum
1145 967 1257 1008 facta
1286 974 1358 1012 031,
1391 974 1438 1009 ut
1468 968 1656 1022 respicias
1687 969 1913 1011 orationem
1943 971 2048 1012 servi
2079 971 2151 1020 tui,
2183 976 2225 1012 et

308 1027 631 1069 obsecrationem
666 1027 750 1067 eius
784 1026 959 1066 Domine
992 1026 1103 1067 Deus
1137 1039 1268 1067 meus:
1305 1032 1345 1067 et
1380 1027 1521 1068 audias
1555 1040 1704 1081 preces,
1742 1041 1842 1082 quas
1875 1029 2013 1071 fundit
2045 1029 2225 1070 famulus

309 1091 405 1128 tuus
430 1099 564 1128 coram
592 1091 650 1126 te:
703 1087 739 1109 2⁰
763 1090 808 1125 ut
834 1085 991 1138 aperias
1017 1084 1153 1126 0011103
1178 1092 1270 1126 11103
1296 1099 1416 1139 super
1440 1086 1607 1127 domum
1634 1087 1755 1127 istam
1781 1087 1923 1129 diebus
1948 1101 1995 1129 ac
2019 1089 2222 1138 noctibus,

308 1159 429 1199 super
460 1145 605 1190 locum,
640 1145 680 1185 in
714 1158 793 1198 quo
824 1144 1029 1197 pollicitus
1062 1157 1101 1185 es
1134 1150 1181 1185 ut
1211 1145 1472 1186 invocaretur
1503 1158 1651 1187 nomen
1683 1150 1814 1195 tuum,
1875 1148 1906 1171 21
1938 1152 1980 1188 01
2011 1147 2223 1188 exaudires

309 1205 548 1248 orationem.
579 1217 703 1258 quam
729 1217 869 1245 servus
896 1208 991 1244 tuus
1018 1208 1109 1244 orat
1134 1203 1175 1244 in
1202 1217 1267 1245 eo:
1295 1211 1336 1245 et
1362 1205 1557 1245 exaudias
1584 1218 1719 1258 preces
1745 1204 1889 1247 famuli
1915 1206 1988 1254 tui,
2017 1212 2058 1247 et
2083 1206 2224 1261 populi

310 1264 368 1305 tui
402 1263 535 1304 lsrael.
568 1264 823 1317 Quicumque
853 1262 1032 1303 oraverit
1060 1263 1099 1303 in
1128 1262 1215 1304 1000
1245 1263 1335 1310 1310,
1367 1264 1515 1304 exaudi
1544 1264 1592 1304 de
1621 1264 1857 1306 habitaculo
1886 1270 1970 1311 100,
2001 1265 2043 1306 id
2071 1271 2144 1312 031,
2175 1265 2224 1306 de

310 1322 425 1366 caelis.
451 1328 491 1364 et
512 1323 745 1377 propitiare.
798 1324 829 1346 22
851 1321 891 1363 Si
913 1322 1145 1375 peccaverit
1168 1322 1369 1376 quispiam
1392 1323 1433 1363 in
1455 1323 1688 1376 proximum
1710 1336 1842 1373 suum,
1866 1329 1907 1365 et
1928 1324 2059 1365 iurare
2082 1329 2226 1365 contra

309 1395 400 1424 eum
435 1386 606 1436 paratus
639 1381 808 1425 venerit.
844 1394 966 1435 seque
999 1381 1218 1423 maledicto
1252 1382 1541 1423 constrinxerit
1574 1395 1710 1423 coram
1744 1382 1863 1423 altari
1895 1382 1944 1423 in‘
1971 1383 2092 1424 domo
2124 1383 2222 1424 ista:

309 1443 341 1466 23
372 1446 417 1482 111
449 1442 588 1482 audies
620 1442 669 1482 de
700 1440 807 1485 caelo.
841 1446 882 1481 et
912 1440 1032 1481 facies
1064 1440 1259 1481 iudicium
1289 1453 1499 1482 servorum
1531 1446 1709 1491 tuorum,
1742 1441 1801 1482 ita
1831 1446 1878 1482 ut
1907 1441 2054 1483 reddas
2084 1442 2224 1496 iniquo

310 1501 419 1542 viam
437 1514 553 1541 suam
572 1501 612 1541 in
631 1506 756 1554 00001
773 1499 995 1553 proprium,
1016 1505 1055 1540 et
1074 1500 1278 1541 ulciscaris
1296 1500 1463 1547 iustum,
1483 1501 1710 1541 retribuens
1729 1500 1763 1541 ei
1780 1501 2005 1542 secundum
2022 1501 2225 1542 iustitiam

309 1573 437 1601 suam.
491 1562 522 1584 2⁴¹
545 1560 585 1601 Si
609 1564 824 1613 superatus
847 1559 970 1599 fuerit
993 1558 1168 1613 populus
1192 1564 1286 1599 tuus
1312 1559 1435 1600 Israel
1459 1560 1510 1601 ab
1533 1559 1706 1600 inimicis
1729 1560 1978 1614 (peccabunt
2001 1560 2107 1601 enim
2131 1560 2225 1614 tibi)

310 1625 350 1659 01
372 1619 555 1660 conversi
577 1619 732 1672 egerint
751 1617 1054 1672 poenitentiam,
1075 1624 1115 1659 et
1137 1618 1439 1659 obsecraverint
1461 1632 1609 1659 nomen
1631 1624 1762 1663 tuum.
1785 1624 1826 1660 et
1846 1619 1998 1660 fuerint
2019 1619 2225 1673 deprecati

310 1678 349 1718 in
369 1677 456 1719 1000
479 1678 568 1726 1310,
618 1680 649 1701 25
670 1684 715 1718 tu
736 1676 927 1717 exaudies
949 1677 997 1717 de
1018 1676 1126 1721 caelo.
1149 1681 1190 1717 et
1209 1677 1432 1730 propitiare
1451 1683 1620 1731 peccato
1640 1677 1781 1731 populi
1801 1678 1862 1718 tui
1884 1678 2019 1727 Israel,
2042 1684 2084 1720 et
2102 1679 2225 1720 reduc

311 1750 376 1778 eos
403 1737 443 1777 in
470 1742 633 1786 terram,
663 1749 787 1790 quam
813 1736 962 1776 dedisti
987 1735 1054 1781 eis,
1083 1741 1123 1777 et
1148 1736 1335 1789 patribus
1361 1749 1512 1777 eorum.
1566 1738 1602 1760 2⁶
1626 1737 1667 1777 Si
1693 1736 1828 1778 clauso
1855 1736 1950 1778 caelo
1976 1737 2119 1791 pluvia
2143 1750 2225 1778 non

312 1796 474 1837 fluxerit
498 1801 665 1850 propter
682 1800 853 1850 peccata
868 1794 1020 1849 populi,
1043 1800 1083 1836 et
1102 1795 1309 1848 deprecati
1327 1799 1367 1836 te
1384 1795 1537 1836 fuerint
1554 1795 1595 1835 in
1611 1794 1700 1836 1000
1717 1795 1808 1841 1310,
1827 1800 1868 1836 01
1883 1796 2054 1836 confessi
2070 1797 2226 1837 nomini

310 1860 394 1899 tuo.
410 1861 450 1896 et
464 1855 647 1896 conversi
661 1868 685 1896 a
700 1855 877 1908 peccatis
891 1854 984 1903 suis,
1001 1867 1093 1895 cum
1107 1867 1173 1895 003
1187 1853 1392 1899 afflixeris,
1425 1856 1458 1878 2⁷
1474 1854 1621 1895 exaudi
1636 1854 1684 1895 (10
1698 1854 1792 1895 01010
1807 1854 1994 1904 Domine,
2010 1860 2050 1896 et
2063 1855 2226 1896 dimitte

309 1920 478 1969 peccata
504 1914 628 1955 servis
655 1915 736 1955 tuis
761 1919 802 1954 01
827 1913 966 1967 0001111
993 1914 1053 1954 1111
1081 1912 1216 1959 Israel,
1244 1919 1285 1955 et
1310 1913 1409 1955 doce
1434 1926 1500 1954 003
1526 1913 1636 1954 viam
1662 1913 1826 1962 bonam,
1853 1926 1924 1967 per
1949 1927 2074 1967 quam
2098 1914 2226 1968 ingre-

309 1974 493 2015 diantur:
515 1978 555 2014 01
575 1974 629 2014 (10
646 1973 830 2027 pluviam
852 1978 978 2017 terrae.
1003 1986 1126 2027 quam
1147 1972 1295 2014 dedisti
1314 1972 1465 2026 populo
1486 1978 1557 2014 1110
1578 1972 1630 2013 ad
1649 1972 1952 2026 possidendum.
2001 1974 2036 1997 ²⁸
2059 1973 2112 2013 bF
2115 1985 2226 2014 ames

309 2033 341 2074 si
370 2038 460 2074 orta
487 2033 609 2074 fuerit
637 2033 677 2073 in
706 2040 815 2073 terra
842 2037 883 2073 et
910 2032 1156 2086 pestilentia,
1187 2045 1333 2086 aerugo,
1364 2038 1405 2073 et
1432 2045 1598 2085 aurugo,
1629 2037 1669 2072 et
1696 2031 1866 2080 locusta,
1897 2036 1938 2072 et
1965 2031 2155 2078 bruchus,
2185 2037 2227 2073 et

310 2092 458 2138 hostes,
483 2093 657 2133 vastatis
679 2092 920 2145 regionibus,
943 2097 1083 2145 portas
1105 2091 1339 2132 obsederint
1359 2091 1552 2139 civitatis,
1576 2091 1788 2144 omnisque
1808 2090 1930 2144 plaga
1949 2095 1990 2132 et
2009 2090 2226 2132 infirmitas

310 2151 517 2206 presserit:
577 2153 612 2176 2⁹
642 2152 674 2192 si
706 2151 795 2205 quis
825 2151 874 2191 de
904 2150 1055 2205 populo
1087 2155 1159 2191 tuo
1192 2149 1316 2191 Israel
1345 2150 1468 2191 fuerit
1499 2150 1753 2203 (1001000103,
1787 2162 2031 2204 cognoscens
2062 2149 2225 2204 plagam

310 2216 351 2252 et
382 2210 666 2252 infirmitatem
698 2222 827 2257 suam,
862 2216 902 2251 ct
934 2210 1177 2263 expanderit
1208 2222 1355 2250 manus
1387 2222 1479 2250 suas
1512 2209 1552 2249 in
1585 2209 1706 2250 domo
1739 2209 1827 2254 1100,
1887 2210 1924 2234 ³⁰
1954 2214 2001 2250 tu
2033 2209 2226 2250 exaudies

310 2271 359 2311 de
390 2270 497 2319 caelo,
530 2271 578 2311 dc
608 2269 771 2310 sublimi
801 2268 952 2310 scilicet
982 2268 1217 2310 habitaculo
1247 2274 1332 2315 1110,
1364 2274 1403 2309 01
1433 2267 1666 2322 0100111010,
1699 2273 1740 2308 01
1768 2267 1890 2308 redde
1921 2268 2138 2322 unicuique
2167 2281 2226 2310 30-

310 2330 490 2370 cundum
514 2330 601 2370 vias
624 2342 729 2373 suas,
758 2341 857 2382 quas
881 2328 989 2369 nosti
1013 2341 1105 2368 eum
1128 2328 1277 2369 habere
1300 2328 1341 2368 in
1365 2328 1484 2368 corde
1508 2340 1599 2368 suo:
1623 2328 1687 2379 (tn
1711 2326 1819 2367 enim
1841 2326 1950 2368 solus
1972 2327 2080 2368 nosti
2104 2327 2228 2368 corda

311 2389 484 2430 filiorum
504 2388 750 2441 hominum.)
795 2389 827 2412 31
847 2392 893 2428 111
912 2388 1087 2428 timeant
1106 2391 1158 2432 te.
1180 2392 1221 2428 et
1239 2386 1452 2428 ambulent
1470 2386 1511 2427 in
1530 2386 1605 2426 viis
1625 2386 1706 2426 tuis
1725 2385 1881 2427 cunctis
1900 2386 2055 2431 diebus,
2078 2386 2226 2439 quibus

311 2448 460 2489 vivunt
488 2460 608 2501 super
634 2448 780 2488 faciem
809 2452 937 2491 terrae,
970 2460 1092 2500 quam
1122 2446 1270 2487 dedisti
1297 2446 1485 2500 patribus
1511 2445 1672 2487 nostris.
1729 2446 1761 2470 32
1790 2445 2020 2486 Externum
2050 2457 2223 2499 quoque,

312 2507 380 2561 qui
410 2520 492 2548 non
523 2511 584 2548 est
614 2507 663 2548 de
692 2506 844 2560 populo
876 2511 947 2547 tuo
980 2505 1115 2553 Israel,
1148 2506 1180 2546 si
1210 2505 1368 2546 venerit
1398 2505 1447 2546 de
1479 2510 1587 2546 terra
1614 2503 1849 2558 longinqua,
1881 2509 2048 2558 propter
2077 2516 2226 2545 nomen

312 2571 430 2607 tuum
458 2579 665 2619 magnum,
694 2571 735 2607 et
761 2572 928 2619 propter
953 2578 1122 2606 manum
1149 2570 1265 2605 tuam
1291 2565 1516 2608 robustam.
1545 2569 1586 2605 et
1612 2563 1824 2604 brachium
1851 2568 1969 2604 tuum
1996 2567 2223 2611 extentum,

312 2630 353 2666 et
383 2625 616 2666 adoraverit
645 2625 685 2666 in
714 2625 802 2666 loco
832 2625 922 2671 isto,
981 2626 1014 2649 33
1043 2630 1088 2665 111
1119 2624 1311 2665 exaudies
1340 2624 1389 2664 de
1420 2623 1514 2664 caelo
1545 2622 1774 2664 firmissimo
1803 2621 2039 2663 habitaculo
2069 2627 2154 2669 tuo,
2185 2626 2227 2663 et

312 2684 432 2725 facies
465 2689 624 2731 000010,
657 2697 730 2738 010
763 2684 910 2738 quibus
940 2684 1195 2725 invocaverit
1226 2688 1266 2724 te
1297 2682 1360 2724 ille
1392 2683 1642 2736 peregrinus:
1675 2686 1723 2723 ut
1753 2681 1884 2722 sciant
1915 2693 2053 2723 omnes
2083 2680 2226 2735 populi

312 2750 428 2785 terrae
458 2756 605 2785 nomen
637 2748 767 2788 tuum,
800 2748 841 2784 et
872 2743 1046 2784 timeant
1076 2748 1116 2784 te
1146 2743 1251 2784 sicut
1280 2742 1455 2796 populus
1486 2747 1581 2782 tuus
1606 2740 1741 2783 Israel.
1774 2746 1814 2782 et
1844 2745 2104 2794 cognoscant,
2131 2740 2227 2793 quia.

312 2816 459 2844 nomen
490 2809 608 2843 tuum
637 2803 876 2844 invocatum
907 2808 967 2843 est
997 2815 1118 2856 super
1146 2802 1314 2843 domum
1344 2801 1460 2844 hanc.
1494 2814 1617 2854 quam
1647 2799 1857 2841 aedifieavi.
1914 2801 1947 2824 ³⁴²
1975 2799 2017 2841 Si
2046 2811 2226 2852 egressus

311 2862 433 2903 fuerit
464 2861 640 2916 populus
670 2867 767 2903 tuus
798 2862 850 2903 ad
881 2861 1031 2903 bellum
1063 2866 1207 2903 contra
1237 2860 1491 2902 adversarios
1522 2872 1615 2901 31103
1645 2872 1716 2913 001
1746 2859 1857 2900 viam
1887 2858 1928 2899 in
1959 2870 2041 2912 qua
2070 2857 2225 2898 miseris

312 2934 389 2964 003,
423 2921 656 2962 adorabunt
686 2926 725 2962 te
756 2927 899 2963 contra
923 2921 1045 2966 viam,
1078 2921 1117 2961 in
1149 2933 1230 2974 qua
1258 2920 1404 2961 civitas
1432 2919 1517 2960 haec
1547 2924 1619 2964 est,
1648 2931 1771 2972 quam
1801 2917 1967 2971 elegisti,
1995 2922 2036 2958 et
2065 2917 2224 2967 domus,

313 2993 435 3033 quam
456 2980 654 3021 {edificavi
672 2980 827 3021 nomini
848 2986 938 3022 tuo:
985 2982 1017 3004 ³⁵
1037 2985 1081 3020 tu
1102 2980 1294 3020 exaudies
1314 2979 1362 3020 de
1383 2978 1476 3020 caelo
1497 2991 1633 3032 preces
1653 2990 1804 3025 eorum,
1826 2982 1868 3018 et
1886 2975 2221 3023 obsecrationem,

311 3046 352 3081 et
376 3038 590 3080 ulciscaris
636 3041 672 3064 ³⁶
695 3040 735 3081 Si
761 3045 899 3080 autem
922 3039 1183 3093 peccaverint
1206 3039 1281 3080 tibi
1304 3039 1476 3091 (cneque
1500 3037 1606 3078 enim
1630 3041 1691 3078 est
1714 3036 1848 3080 homo,
1871 3035 1940 3089 qui
1963 3048 2045 3076 non
2068 3035 2226 3088 peccet)

312 3105 353 3139 et
372 3099 501 3139 iratus
521 3098 643 3139 fueris
663 3099 729 3142 eis.
753 3105 792 3140 et
814 3098 1029 3139 tradideris
1050 3098 1247 3142 hostibus.
1270 3103 1310 3139 et
1331 3097 1517 3151 captivos
1537 3095 1730 3137 duxerint
1750 3108 1817 3136 eos
1836 3094 1877 3135 in
1898 3099 2049 3136 terram
2068 3093 2225 3143 longin-

314 3171 448 3210 quam.
471 3157 535 3198 vel
554 3164 661 3198 certe
682 3172 771 3211 quae
790 3158 907 3199 iuxta
926 3162 998 3205 cst,
1046 3159 1080 3181 ³⁷
1101 3162 1141 3198 01
1160 3157 1343 3199 conversi
1362 3156 1403 3197 in
1423 3156 1542 3197 corde
1562 3168 1633 3196 suo
1654 3155 1694 3195 in
1714 3159 1834 3197 terra.
1856 3154 1908 3194 ad
1928 3166 2051 3207 quam
2071 3152 2224 3206 captivi

313 3216 424 3257 ducti
457 3216 632 3261 fuerant,
668 3218 821 3265 egerint
853 3216 1153 3270 poenitentiam,
1189 3222 1229 3257 et
1262 3215 1468 3270 deprecati
1501 3221 1540 3255 te
1572 3213 1723 3255 fuerint
1756 3213 1797 3253 in
1830 3219 1939 3254 terra
1969 3211 2226 3265 captivitatis

313 3287 405 3317 suae.
438 3276 635 3316 dicentes:
668 3276 943 3320 Peccavimus.
976 3275 1112 3329 inique
1141 3275 1322 3319 fecimus,
1355 3275 1502 3315 iniuste
1532 3273 1704 3327 egimus:
1761 3274 1798 3296 ³⁸
1826 3276 1867 3312 et
1896 3271 2044 3312 reversi
2073 3270 2226 3311 fuerint

313 3334 365 3374 ad
392 3341 430 3374 te
458 3334 496 3374 in
525 3342 611 3376 toto
639 3336 757 3376 corde
783 3349 867 3378 suo.
896 3342 935 3376 01
963 3336 1002 3375 10
1029 3339 1120 3376 1010
1145 3335 1282 3375 001010
1307 3347 1391 3377 sua.
1419 3333 1460 3373 in
1487 3338 1595 3374 terra
1620 3331 1876 3385 captivitatis
1901 3343 1994 3375 suae.
2023 3330 2075 3370 ad
2102 3341 2225 3382 quam

313 3393 424 3433 ducti
456 3400 563 3435 sunt.
598 3395 830 3435 adorabunt
862 3401 900 3435 te
932 3400 1076 3435 contra
1105 3394 1214 3434 viam
1247 3399 1363 3434 terrae
1393 3405 1486 3440 suae,
1521 3404 1644 3445 quam
1675 3389 1823 3431 dedisti
1854 3389 2039 3443 patribus
2071 3400 2222 3435 eorum,

447 3521 487 3555 14
513 3521 550 3553 ³2
577 3520 647 3553 Mc(-
674 3521 704 3560 2,
730 3521 758 3554 8.
788 3541 828 3544 —
854 3521 894 3555 28
921 3521 996 3554 bInt
1021 3522 1073 3561 20,
1099 3521 1128 3554 9.
1157 3541 1198 3544 —
1222 3519 1263 3554 36
1293 3522 1326 3553 cl
1358 3519 1409 3563 Rg
1434 3519 1465 3560 8,
1491 3519 1548 3559 463
1576 3518 1636 3552 Ecl
1661 3518 1691 3558 7,
1718 3518 1774 3558 21;
1803 3519 1820 3550 1
1847 3516 1884 3550 Io
1910 3518 1940 3557 1,
1966 3515 1995 3550 8.
