2356 3760
68 459 270 491 Sacerdotum‚

80 691 258 720 Leviter-um.

80 785 257 816 reliquorum

99 821 240 846 Israelita-

132 864 205 882 rum.

91 1478 246 1503 Habitatio

64 1520 256 1544 reversorum,

113 1571 221 1596 festum

91 1607 241 1636 tubarum,

108 2598 213 2622 fvstum

97 2633 232 2657 tabernu-

284 88 383 128 1218
1016 86 1161 120 LIBER
1186 86 1250 121 111.
1276 86 1445 120 ESDRAE
1947 88 1978 128 9,
2005 87 2126 128 15—9,
2149 87 2194 121 56

279 190 356 213 cum
380 179 454 214 illis.
503 181 528 198 ¹⁵
552 178 600 213 Et
621 182 795 214 steterunt
816 179 1006 213 secundum
1029 179 1102 213 haec
1124 179 1241 213 omnia
1264 179 1414 213 universi
1437 179 1496 223 qui
1519 181 1619 212 erant
1641 189 1683 212 ex
1706 178 1922 223 captivitate.
1969 182 1999 201 ¹⁰
2022 180 2070 214 Et
2092 180 2193 225 elegit

277 227 342 261 sibi
362 227 451 260 viros
472 226 599 260 Esdras
618 227 775 260 sacerdos
796 226 964 270 principes
984 237 1127 271 magnos
1147 226 1189 260 de
1209 226 1366 270 patribus
1386 237 1502 260 eorum
1523 225 1711 259 secundum
1732 226 1888 260 nomina:
1909 230 1945 261 et
1963 227 2193 261 consederunt

279 274 454 307 novilunio
473 273 597 307 mensis
616 273 738 307 decimi
756 273 953 307 examinare
970 273 1147 317 negotium
1165 273 1269 307 istud.
1312 275 1340 293 ¹⁷
1359 273 1406 307 Et
1423 273 1694 307 determinatum
1712 276 1764 307 est
1781 273 1823 306 de
1841 273 1921 307 viris
1939 274 1999 318 qui
2015 274 2193 308 habebant

278 332 399 354 uxores
427 321 644 365 alienigenaS,
673 331 780 364 usque
807 320 851 353 ad
877 320 1094 354 neomeniam
1122 321 1223 365 primi
1248 321 1389 354 mensis:

504 402 538 437 7.
566 401 838 437 Enumeratio
866 401 1260 446 transgressorum,
1286 400 1322 446 9,
1341 399 1484 436 18—36
1513 399 1581 446 (cf.
1609 399 1687 436 Esr
1712 399 1772 446 10,
1789 399 1963 446 18-44).

389 461 416 479 ¹³
443 464 477 493 et
502 459 635 493 inventi
660 462 743 493 sunt
767 470 809 493 ex
834 459 1071 493 sacerdotibus
1098 460 1253 504 permisti
1278 460 1337 503 qui
1362 459 1541 493 habebant
1566 458 1772 503 alienigenas
1798 470 1931 494 uxoreS.
1982 461 2011 480 ¹⁹
2036 459 2091 493 Ex
2116 459 2192 494 filiis

276 506 353 540 Iesu
376 506 434 540 filii
457 506 606 546 Iosedec,
629 509 664 540 et
684 506 849 540 fratribus
871 507 957 540 eius:
981 506 1125 547 Maseas,
1148 510 1183 541 et
1204 506 1389 545 Eliozerus,
1412 510 1447 540 et
1470 506 1614 546 loribus,
1636 509 1672 540 et
1695 506 1851 546 Ioadeus,
1897 508 1926 527 ²⁰
1947 509 1983 540 et
2002 507 2193 541 iniecerunt

275 564 396 587 manus
422 556 462 587 ut
486 553 696 597 expellerent
720 564 842 587 uxores
866 564 960 587 suas:
988 557 1023 588 et
1047 554 1091 588 ad
1116 554 1288 588 litandum
1314 554 1348 587 in
1373 553 1620 593 exorationem,
1646 553 1787 587 arietem
1813 564 1874 598 pro
1900 554 2095 598 ignorantia
2118 565 2191 589 sua.

274 603 297 620 ²¹
314 605 349 633 et
362 612 404 634 ex
419 600 494 634 filiis
509 601 688 634 Semineri:
705 601 837 635 Maseas
852 604 887 634 et
901 601 1000 635 Esses
1015 604 1051 635 et
1066 602 1208 641 Ieelech,
1223 601 1374 635 Azarias.
1402 603 1428 620 ²²
1442 604 1478 635 et
1491 611 1534 635 ex
1547 600 1623 634 filiis
1634 600 1661 634 F
1663 611 1772 634 osere:
1789 600 1967 642 Limosias‚
1985 601 2191 641 Hismaenis,

273 653 308 681 et
334 648 526 687 Nathanee,
556 648 675 687 iussio,
705 648 857 688 Reddus,
884 652 919 682 et
946 648 1098 682 Thalsas.

387 696 413 714 ²³
432 699 468 729 et
487 706 529 729 ex
550 695 694 729 Levitis:
718 695 897 735 Iorabdus,
919 699 954 729 et
972 695 1112 736 Semeis,
1133 699 1168 730 et
1187 695 1310 735 Colnis,
1332 698 1371 730 et·
1386 695 1525 735 CalitaS,
1546 698 1582 729 et
1600 694 1756 735 FacteaS,
1777 698 1813 729 et
1831 694 1965 736 Colvas‚
1986 698 2022 730 et
2040 695 2191 731 ElionaS.

274 743 301 760 ²⁴
325 746 361 775 et
384 753 426 775 ex
450 743 554 776 sacris
579 743 789 782 cantoribus,
816 742 955 781 Eliasiu
984 743 1161 777 Zaccarus.
1211 745 1237 762 ²⁵
1261 746 1297 776 et
1320 753 1363 776 ex
1387 742 1549 776 ostiariis:
1576 742 1747 782 Salumus,
1773 745 1809 776 et
1833 742 2013 777 Tolbanes.

387 791 416 809 ²⁶
433 792 468 823 et
485 801 527 823 ex
547 790 665 824 Israel:
685 801 728 824 ex
745 790 820 823 filiis
840 790 938 829 Foro,
959 790 1030 829 Ozi,
1049 793 1084 824 et
1104 790 1252 830 Remias,
1272 792 1307 824 et
1324 789 1485 830 Geddias,
1504 793 1539 823 et
1556 789 1729 829 MelchiaS,
1749 792 1784 823 et
1800 789 1977 830 Michelus,
1995 789 2191 830 Eleazarus,

275 839 310 869 et
333 836 551 877 Iammebias,
575 840 610 871 et
631 837 781 871 Bannas.
828 839 855 856 ²⁷
878 840 913 870 et
934 848 976 870 ex
997 837 1073 871 filiis
1097 837 1268 871 Iolaman:
1292 837 1450 877 Ghamas,
1473 840 1508 870 et
1530 836 1722 876 Zacharias,
1745 839 1780 870 et
1802 836 1958 877 Iezrelus,
1981 839 2016 870 et
2039 836 2191 877 Ioddius,

275 886 310 916 et
325 883 495 922 Erimoth,
513 887 548 917 et
564 884 690 919 Helias.
718 886 746 904 ²⁸
756 888 791 918 et
806 895 849 918 ex
864 884 939 917 filiis
957 884 1125 918 Zathoim.
1153 884 1304 924 Eliadas,
1320 887 1356 918 et
1371 884 1563 924 Liasumus,
1581 883 1733 923 Zochias,
1750 886 1785 917 et
1798 883 1988 921 Larimoth,
2005 887 2040 917 et
2056 884 2191 924 Zabdis,

275 934 310 963 et
327 930 503 965 Tebedias.
545 932 573 950 ²⁰
590 935 626 964 et
641 942 683 965 ex
700 931 775 964 filiis
794 931 913 965 Zebes:
934 931 1090 971 Ioannes,
1109 935 1144 965 et
1159 931 1335 971 Amanias,
1353 934 1389 965 et
1406 931 1563 970 Zabdias,
1581 934 1617 964 et
1633 931 1771 965 Emeus.
1812 932 1842 951 ³⁰
1858 933 1893 964 et
1909 942 1951 964 ex
1968 931 2043 964 filiis
2061 931 2189 965 Banni:

276 977 429 1015 Olamus,
449 981 485 1011 et
501 978 692 1018 Maluchus,
711 982 746 1012 et
765 979 921 1018 IeddeuS‚
940 982 976 1012 et
994 979 1109 1019 Iasub,
1129 982 1164 1012 et
1180 979 1329 1018 Azabus,
1348 982 1384 1012 et
1402 979 1577 1012 Ierimoth.
1620 980 1645 998 ³¹
1664 980 1699 1011 et
1716 989 1758 1011 ex
1775 977 1852 1011 filiis
1869 977 2000 1012 Addin:
2019 977 2190 1018 Naathus,

274 1027 309 1058 et
329 1024 488 1065 Moosias,
510 1028 546 1059 et
566 1025 697 1065 Caleus,
719 1029 755 1059 et
777 1026 926 1063 Raanas.
949 1025 1115 1066 Maaseas,
1137 1026 1362 1065 Mathathias,
1385 1028 1420 1060 et
1441 1025 1569 1065 Beseel,
1592 1029 1627 1059 et
1647 1025 1801 1065 Bonnus,
1823 1029 1858 1058 et
1878 1024 2063 1059 Manasses.
2109 1028 2136 1045 ³²
2156 1029 2192 1060 et

274 1082 316 1104 ex
333 1071 408 1105 filiis
426 1072 526 1105 Nuae:
545 1072 693 1113 Noneas,
711 1076 746 1106 et
761 1074 878 1112 Aseas,
896 1076 931 1106 et
946 1073 1119 1112 Melchias,
1137 1077 1173 1107 et
1188 1073 1339 1113 Sameas,
1357 1076 1392 1106 61-
1407 1073 1537 1113 Simon,
1554 1072 1747 1111 Beniamin,
1765 1075 1800 1106 et
1815 1072 1981 1112 Malchus,
1998 1075 2034 1106 et
2048 1072 2189 1107 Marras.

275 1120 301 1138 ³³
318 1122 355 1152 et
371 1130 414 1152 ex
432 1119 507 1153 filiis
527 1121 646 1154 Asom:
667 1120 862 1159 Carianeus‚
881 1120 1107 1160 Mathathias,
1126 1123 1161 1154 et
1179 1120 1332 1160 Bannus,
1351 1124 1387 1154 et
1404 1120 1619 1164 Eliphalach,
1639 1122 1674 1153 et
1691 1119 1877 1160 Manasses,
1896 1123 1931 1153 et
1948 1119 2069 1154 Semei.
2112 1121 2139 1139 33
2156 1123 2192 1153 61

274 1176 316 1199 ex
335 1165 412 1200 filiis
432 1166 560 1200 Banni:
584 1167 755 1208 Ieremias,
775 1171 811 1201 et
829 1167 996 1207 Moadias,
1016 1170 1053 1201 et
1071 1168 1254 1208 Abramus,
1275 1171 1311 1201 et
1332 1167 1436 1207 Iohel,
1458 1170 1492 1201 et
1512 1167 1658 1206 Baneas,
1679 1169 1714 1200 et
1734 1166 1855 1207 Pelias,
1876 1169 1911 1200 et
1932 1167 2044 1207 Ionas,
2065 1170 2100 1200 et
2119 1166 2190 1200 Ma·

275 1213 413 1253 rimoth,
428 1216 463 1248 et
475 1214 616 1254 Eliasib,
630 1218 665 1248 et
677 1214 895 1255 Mathaneus,
910 1218 945 1248 et
957 1214 1091 1255 Eliasis,
1105 1218 1141 1249 et
1154 1215 1282 1254 Orizas,
1296 1218 1331 1248 et
1343 1215 1472 1254 Dielus,
1487 1218 1522 1248 et
1534 1213 1722 1253 Semedius‚
1737 1216 1772 1247 et
1785 1213 1950 1254 Zambris,
1965 1217 2000 1247 et
2014 1214 2189 1258 Iosephus.

275 1261 301 1279 ³⁵
314 1264 349 1294 et
362 1271 403 1294 ex
417 1261 492 1294 filiis
506 1261 630 1295 Nobei:
648 1262 772 1301 Idelus,
786 1265 821 1295 et
834 1262 1059 1301 Mathathias,
1074 1265 1109 1296 et
1120 1262 1289 1302 Sabadus,
1303 1265 1339 1296 et
1352 1262 1517 1301 Zecheda,
1531 1261 1658 1300 Sedmi,
1672 1264 1708 1294 et
1722 1261 1834 1301 Iessei,
1848 1261 1993 1295 Baneas.
2031 1263 2060 1281 ³⁸
2073 1272 2190 1295 omnes

273 1307 331 1341 isti
354 1309 608 1343 coniunxerunt
629 1309 694 1343 sibi
717 1320 840 1343 uxores
863 1309 1081 1354 alienigenas,
1105 1312 1140 1344 et
1163 1310 1367 1343 dimiserunt
1389 1320 1446 1343 eas
1470 1319 1548 1343 cum
1571 1309 1658 1343 filiis.

276 1400 374 1443 III.
407 1402 571 1444 Lectio
605 1403 727 1454 legis
761 1403 847 1444 sub
876 1402 1101 1444 Nehemia
1134 1402 1355 1454 praeside,
1377 1402 1420 1453 9,
1438 1402 1612 1443 37-56
1635 1401 1715 1454 (cf.
1739 1401 1837 1443 Neh
1861 1403 1902 1454 7,
1923 1402 2081 1454 73—8,
2100 1401 2189 1455 18).

385 1478 412 1495 ³⁷
437 1476 484 1510 Et
506 1476 793 1511 inhabitaverunt
814 1477 1008 1511 sacerdotes
1033 1480 1067 1511 et
1091 1477 1235 1511 Levitae:
1261 1480 1296 1511 et
1344 1477 1379 1510 ui
1402 1479 1501 1511 erant
1524 1488 1566 1510 ex
1591 1477 1695 1511 Israel
1717 1477 1753 1510 in
1777 1476 1974 1518 Ierusalem,
1998 1480 2034 1511 et
2055 1476 2092 1511 in
2113 1479 2191 1511 tota

273 1534 343 1556 una
366 1524 501 1567 regione
524 1524 701 1558 novilunio
725 1525 850 1558 mensis
874 1524 1022 1569 septimi.
1049 1524 1096 1558 Et
1119 1527 1218 1558 erant
1242 1524 1301 1558 filii
1320 1488 1430 1558 ‘israel
1453 1524 1488 1557 in
1513 1524 1841 1558 commorationibus
1865 1524 1945 1558 suis.

384 1573 412 1590 ³⁶
431 1571 478 1604 Et
497 1574 703 1615 congregata
721 1574 772 1605 est
791 1572 900 1605 omnis
919 1572 1108 1605 multitudo
1127 1571 1228 1605 simul
1246 1572 1281 1605 in
1299 1582 1426 1610 aream,
1446 1581 1521 1615 quae
1540 1574 1592 1605 est
1610 1571 1653 1605 ab
1673 1571 1802 1605 oriente
1821 1574 1929 1616 portae
1946 1581 2065 1605 sacrae:
2108 1573 2137 1592 ³⁹
2155 1574 2190 1606 et

273 1617 435 1652 dixerunt
454 1618 571 1652 Esdrae
590 1618 755 1662 pontifici,
776 1622 810 1652 et
827 1619 956 1659 lectori,
977 1623 1016 1653 ut
1035 1619 1173 1652 afferret
1190 1619 1298 1663 legem
1316 1618 1438 1662 Moysi,
1459 1629 1535 1663 quae
1553 1618 1684 1652 tradita
1702 1622 1754 1652 est
1772 1630 1793 1652 a
1810 1618 1960 1652 Domino
1978 1618 2052 1652 Deo
2072 1618 2187 1653 Israel.

273 1666 303 1685 ⁴⁰
321 1664 368 1698 Et
385 1665 506 1699 attulit
524 1666 651 1699 Esdras
670 1666 827 1710 pontifex
845 1667 953 1711 legem
972 1666 1066 1700 omni
1082 1666 1300 1700 multitudini
1317 1677 1435 1700 eorum
1453 1677 1474 1699 a
1491 1666 1564 1699 viro
1582 1676 1690 1710 usque
1708 1665 1753 1699 ad
1769 1665 1958 1706 mulierem,
1977 1669 2012 1699 et
2029 1665 2189 1700 omnibus

273 1712 508 1746 sacerdotibus
531 1713 648 1746 audire
669 1713 777 1758 legem
799 1714 977 1747 novilunio
998 1714 1124 1747 mensis
1146 1713 1294 1758 septimi.
1340 1715 1364 1733 ⁴¹
1389 1713 1435 1747 Et
1457 1713 1593 1758 legebat
1614 1713 1649 1746 in
1670 1724 1759 1753 area,
1783 1723 1858 1756 quae
1880 1716 1932 1746 est
1954 1716 2034 1746 ante
2056 1724 2188 1747 sacram

274 1763 410 1803 portam
434 1760 565 1804 templi,
591 1771 611 1793 a
634 1760 745 1804 plima
768 1761 841 1794 luce
866 1772 974 1805 usque
998 1761 1042 1794 ad
1066 1771 1245 1805 vesperam
1270 1771 1385 1794 coram
1409 1760 1489 1794 viris
1514 1764 1549 1794 et
1572 1759 1781 1794 mulieribus.
1808 1760 1855 1794 Et
1878 1759 2048 1793 dederunt
2071 1770 2188 1794 omnes

272 1817 410 1840 sensum
431 1807 474 1840 ad
496 1808 613 1851 legem.
658 1809 685 1827 ⁴²
705 1808 752 1841 Et
771 1808 871 1842 stetit
891 1808 1018 1842 Esdras
1038 1808 1206 1848 sacerdos,
1228 1810 1263 1842 et
1281 1808 1389 1842 lector
1407 1808 1488 1852 legis
1509 1818 1611 1852 super
1629 1807 1779 1852 ligneum
1799 1807 1953 1841 tribunal
1973 1807 2065 1851 quod
2085 1807 2188 1841 fabri-

272 1857 390 1887 catum
415 1858 498 1888 erat.
547 1857 574 1874 33
598 1855 645 1888 Ε1
669 1858 841 1889 steterunt
866 1855 910 1889 ad
935 1866 1013 1889 eum
1038 1855 1263 1895 Mathathias,
1289 1858 1324 1889 et
1347 1855 1481 1895 Samus,
1507 1854 1671 1894 Ananias,
1696 1855 1847 1894 Azarias,
1874 1854 1985 1894 Urias,
2011 1854 2187 1896 Ezechias,

272 1904 307 1934 et
329 1901 510 1935 Balsamus
533 1902 577 1935 ad
600 1902 793 1936 dexteram:
841 1904 868 1922 33
889 1906 924 1936 et
946 1902 990 1937 ad
1012 1902 1186 1936 sinistram
1210 1902 1367 1941 Faldeus,
1390 1902 1519 1941 Misael,
1542 1901 1740 1941 Malachias,
1764 1902 1951 1941 Abusthas,
1974 1901 2096 1941 Sabus,
2119 1901 2188 1935 Na-

272 1948 403 1986 badias,
428 1952 463 1982 et
486 1949 676 1983 Zacharias.
724 1951 750 1969 ⁴¹⁵
773 1949 820 1984 Et
842 1950 1030 1994 assumpsit
1053 1950 1179 1984 Esdras
1202 1950 1327 1983 librum
1351 1960 1466 1983 coram
1489 1950 1582 1983 omni
1605 1948 1843 1983 multitudine:
1869 1948 2075 1993 praesidebat
2097 1949 2187 1982 enim

272 1996 307 2028 in
325 1996 431 2040 gloria
450 1996 484 2030 in
503 2000 689 2041 conspectu
709 1997 874 2032 omnium.
917 1999 946 2016 ⁴¹⁶
966 1997 1013 2031 Et
1031 2008 1109 2031 cum
1129 1997 1333 2031 absolvisset
1351 1997 1470 2042 legem,
1491 2008 1608 2030 omnes
1628 1997 1730 2030 erecti
1749 1999 1936 2030 steterunt:
1957 1999 1992 2030 et
2011 1996 2188 2030 benedixit

273 2043 400 2077 Esdras
417 2044 604 2077 Dominum
621 2044 734 2077 Deum
751 2044 968 2084 altissimum,
986 2045 1098 2078 Deum
1115 2044 1269 2078 Sabaoth
1286 2044 1571 2089 omnipotentem.
1602 2046 1629 2063 ⁴¹⁷
1646 2044 1693 2077 Et
1708 2043 1886 2088 respondit
1901 2043 2011 2077 omnis
2027 2043 2186 2088 populus,

273 2091 393 2124 Amen.
420 2091 467 2124 Et
490 2091 632 2124 elevatis
656 2102 791 2125 sursum
815 2092 975 2124 manibus
1001 2091 1215 2135 procidentes
1239 2092 1274 2124 in
1297 2094 1436 2130 terram,
1462 2091 1696 2124 adoraverunt
1720 2091 1918 2125 Dominum.
1968 2092 1996 2110 ⁴⁸
2022 2091 2126 2130 Iesus,
2152 2094 2188 2124 et

274 2137 431 2177 Banaeus,
448 2141 482 2171 et
498 2138 665 2178 Sarebias,
683 2142 717 2171 et
734 2138 922 2177 Iaddimus,
940 2142 975 2172 et
990 2138 1160 2177 Accubus,
1177 2142 1212 2172 et
1227 2138 1466 2177 Sabbathaeus,
1484 2141 1519 2171 et
1534 2137 1694 2178 Cahthes,
1711 2141 1746 2171 et
1761 2138 1912 2177 AzariaS,
1929 2140 1964 2171 et
1981 2138 2135 2178 Ioradus,
2152 2141 2187 2172 et

272 2185 435 2225 Ananias,
463 2188 497 2218 et
523 2185 649 2218 Philias
674 2184 815 2225 Levitae,
865 2188 894 2205 33
920 2185 978 2228 qui
1004 2185 1176 2219 docebant
1200 2185 1309 2229 legem
1335 2185 1486 2224 Domini,
1525 2188 1560 2219 et
1584 2185 1618 2218 in
1644 2184 1867 2218 multitudine
1893 2185 2054 2229 legebant
2077 2185 2185 2229 legem

272 2231 423 2271 Domini,
450 2236 484 2265 et
510 2232 737 2276 praeferebant
761 2233 884 2276 singuli
910 2243 977 2273 eos,
1004 2233 1063 2276 qui
1087 2232 1326 2276 intelligebant
1350 2232 1543 2266 lectionem.
1593 2233 1622 2252 ⁵⁰
1647 2232 1694 2265 Et
1719 2232 1808 2265 dixit
1832 2232 2042 2266 Atharathes
2068 2232 2185 2266 Esdrae

273 2279 437 2322 pontifici,
457 2285 491 2312 et
509 2279 636 2320 lectori,
653 2282 687 2313 et
701 2279 840 2319 Levitis,
861 2280 919 2323 qui
938 2279 1110 2313 docebant
1127 2279 1398 2319 multitudinem,
1441 2281 1465 2299 ⁵¹
1485 2279 1610 2313 dicens.
1631 2279 1711 2313 Dies
1728 2279 1783 2312 hic
1800 2282 1940 2312 sanctus
1959 2282 2011 2313 est
2023 2279 2184 2314 Domino.

272 2326 319 2359 Et
338 2337 455 2359 omnes
474 2326 615 2367 flebant,
636 2337 713 2360 cuni
733 2327 910 2361 audissent
928 2327 1045 2371 legem.
1091 2329 1117 2346 5²
1137 2327 1183 2361 Et
1202 2327 1290 2360 (lixit
1309 2327 1447 2367 Esdras,
1468 2326 1618 2371 Digressi
1636 2337 1715 2371 ergo
1734 2326 1943 2360 manducate
1962 2326 2187 2370 pinguissima

272 2384 416 2417 quaeque
439 2377 473 2407 et
495 2374 601 2407 bibite
623 2374 820 2407 dulcissima
840 2385 985 2418 quaeque
1006 2377 1041 2407 et
1061 2374 1191 2408 mittite
1213 2385 1356 2408 munera
1376 2374 1428 2407 his
1450 2374 1509 2417 qui
1529 2384 1599 2407 non
1619 2373 1760 2408 habent.
1806 2374 1833 2393 ⁵³
1854 2373 2000 2407 Sanctus
2023 2374 2113 2406 enim
2134 2376 2187 2407 est

271 2420 324 2453 hic
346 2420 415 2453 dies
438 2421 587 2460 Domini,
609 2425 643 2454 et
663 2421 768 2455 nolite
789 2422 904 2455 11116311
925 2432 1005 2455 6336.
1029 2421 1197 2455 Dominus
1218 2422 1308 2455 enim
1330 2421 1531 2455 clarificabit
1551 2431 1622 2455 vos.
1663 2422 1690 2440 ⁵⁴
1711 2421 1757 2454 Et
1777 2420 1906 2454 Levitae
1927 2420 2186 2454 denunciabant

270 2468 305 2500 in
326 2468 462 2512 publico
483 2468 652 2507 omnibus,
674 2468 836 2508 dicentes,
858 2469 937 2501 Dies
958 2468 1012 2501 hic
1031 2472 1171 2502 sanctus
1191 2472 1253 2508 est,
1274 2468 1380 2502 nolite
1399 2471 1515 2502 moesti
1535 2479 1616 2503 esse.
1660 2469 1687 2487 ⁵⁶
1707 2468 1754 2501 Et
1773 2467 1933 2501 abierunt
1952 2478 2069 2501 omnes
2088 2478 2184 2501 man-

271 2514 406 2551 ducare,
434 2519 468 2548 et
493 2515 618 2555 bibere,
645 2519 679 2549 et
704 2515 844 2559 epulari,
871 2520 906 2549 et
930 2515 1010 2549 dare
1036 2526 1179 2549 munera
1203 2515 1254 2549 his
1280 2516 1339 2560 qui
1363 2526 1433 2549 non
1457 2515 1645 2555 habebant,
1684 2518 1724 2549 ut
1748 2515 1978 2559 epularentur.
2005 2514 2185 2559 Magnifice

272 2562 361 2595 enim
387 2567 468 2596 sunt
493 2562 637 2596 exaltati
662 2563 774 2596 verbis
800 2563 924 2606 quibus
950 2562 1062 2596 edocti
1087 2567 1178 2597 sunt.

382 2611 412 2629 ⁶⁶
427 2614 462 2644 et
477 2610 672 2655 congregati
688 2615 770 2644 sunt
786 2610 935 2644 universi
949 2610 985 2644 in
1002 2610 1186 2644 Ierusalem
1203 2610 1372 2649 celebrare
1387 2610 1556 2651 laetitiam,
1573 2609 1763 2644 secundum
1779 2612 2029 2645 testamentum
2044 2608 2185 2644 Domini

143 2676 173 2693 or
199 2676 234 2692 ιη.
273 2657 334 2690 Dei
361 2657 475 2696 Israel,
