2356 3760
130 84 182 122 16,
208 83 351 123 52—17‚
378 82 418 116 19
943 83 1222 118 EZECHIELIS
1949 92 2025 132 803

124 181 387 229 peccatorum
424 181 589 217 tuorum
622 189 704 218 non
738 177 942 230 peccavit:
978 178 1048 218 sed
1082 177 1215 217 vicisti
1249 190 1314 217 eas
1349 177 1562 219 sceleribus
1598 180 1689 228 tuis,
1710 188 1765 262 5et
1798 182 2026 225 iustificasti

124 247 278 275 sorores
311 240 404 276 11133
434 234 478 275 111
510 235 698 276 omnibus
730 235 1104 276 abominationibus
1137 236 1229 284 tuis,
1265 249 1364 289 quas
1397 241 1566 289 operata
1596 250 1648 278 es
1726 240 1875 293 -Ergo
1908 248 1949 283 et
1979 247 2025 283 tu

123 297 245 346 porta
272 293 552 334 confusionem
580 298 707 339 tuam,
740 306 830 346 quae
858 293 991 334 vicisti
1018 307 1171 335 sorores
1200 298 1292 334 tuas
1320 295 1496 347 peccatis
1526 295 1617 343 tuis,
1648 247 1876 338 300101311113
1906 313 2025 352 agens

125 351 177 391 ab
196 351 269 392 eis:
289 352 521 392 iustificatae
540 356 636 391 sunt
655 351 762 391 enim
782 364 806 392 a
824 356 882 392 te:
903 365 995 405 crgo
1015 358 1056 392 et
1075 358 1121 393 tu
1140 352 1397 401 confundere,
1420 358 1460 394 et
1478 359 1598 406 porta
1615 354 1878 420 ignominiam
1898 363 2023 405 1113111

125 422 215 463 quae
244 409 473 451 iustificasti
504 421 658 449 sorores
689 414 793 451 11133.
852 411 885 434 53
915 410 970 450 Ε1
1001 416 1238 451 convertam
1268 412 1485 452 restituens
1516 425 1581 452 eas
1613 414 1872 454 conversione
1902 415 2026 457 Sodo-

123 481 283 509 morum
310 481 401 508 cum
428 467 589 507 filiabus
616 467 709 513 suis,
739 473 779 508 et
806 469 1067 509 conversione
1094 469 1297 515 Samariae,
1327 474 1366 509 et
1394 469 1566 511 filiarum
1594 471 1695 511 eius:
1724 478 1763 513 et
1791 478 2026 514 convertam

122 526 392 567 reversionem
417 530 532 566 tuam
556 525 597 565 in
619 525 752 567 medio
777 539 928 575 earum,
980 529 1012 552 ⁵4
1035 532 1082 568 ut
1105 533 1240 581 portes
1265 528 1526 581 ignominiam
1551 535 1677 573 tuam,
1703 536 1744 570 et
1767 531 2026 572 confundaris

123 585 164 625 in
182 585 382 631 omnibus,
405 597 495 637 quae
510 583 641 624 fecisti
659 585 870 626 consolans
888 599 966 627 eas.
1012 587 1045 610 55
1062 586 1117 626 Ε1
1134 599 1246 627 30101
1263 592 1335 626 1113
1351 587 1540 635 Sodoma,
1560 594 1600 628 et
1617 588 1707 628 filiae
1725 589 1807 629 eius
1824 595 2027 630 reverten-

123 648 193 683 tur
220 643 273 683 ad
301 642 593 696 antiquitatem
619 655 754 683 suam:
784 650 824 684 et
852 644 1047 693 Samaria,
1077 650 1118 685 et
1146 644 1237 685 filiae
1263 644 1346 684 eius
1374 650 1630 686 revertentur
1657 647 1708 686 ad
1736 648 2026 700 antiquitatem

124 714 259 741 suam:
287 707 328 741 et
352 706 410 748 tu,
437 705 478 741 et
501 700 593 741 filiae
617 706 699 742 tuae
721 703 980 743 revertemini
1005 703 1058 744 ad
1076 703 1368 756 antiquitatem
1387 709 1578 745 vestram.
1631 706 1666 728 5⁶
1686 705 1775 745 Non
1792 706 1870 746 fuit
1889 712 2027 747 autem

122 759 303 801 Sodoma
323 772 435 800 soror
456 764 530 800 tua
550 760 693 800 audita
713 760 754 800 in
776 774 842 801 010
865 767 948 809 1110,
972 761 1013 802 111
1035 761 1098 802 die
1120 761 1318 815 superbiae
1340 767 1431 810 11130,
1481 763 1515 786 ⁵⁷
1539 768 1760 815 antequam
1782 764 2028 805 revelaretur

121 817 280 858 malitia
312 823 402 858 tua:
436 817 542 858 sicut
573 817 649 859 hoc
681 825 864 872 tempore
895 820 937 860 in
970 820 1233 873 opprobrium
1266 820 1440 860 filiarum
1472 821 1608 874 Syriae,
1643 826 1684 861 01
1716 827 1954 863 cunctarum
1986 823 2027 863 in

122 876 294 917 circuitu
320 882 391 917 tuo
419 875 593 917 filiarum
620 876 943 927 Palaesfflnarum,
973 892 1063 931 quae
1090 878 1279 920 ambiunt
1305 884 1344 919 10
1371 891 1442 932 per
1466 892 1624 932 gyrum.
1679 881 1714 903 ⁵²³
1740 880 1866 920 scelus
1894 885 2023 926 tuum,

122 940 162 975 et
188 935 453 988 ignominiam
480 940 596 976 tuam
624 939 670 976 tu
696 937 883 989 portasti,
913 937 970 978 ait
997 937 1199 978 Dominus
1226 938 1348 978 Deus.

227 995 262 1018 5⁹
286 993 391 1042 Quia
412 993 497 1034 haec
520 993 618 1034 dicit
641 994 841 1036 Dominus
865 996 994 1036 Deus:
1019 996 1074 1036 Et
1096 996 1244 1036 faciam
1269 996 1343 1037 tibi
1366 996 1470 1037 sicut
1493 996 1713 1050 despexisti
1735 997 2021 1046 iuramentum,

122 1057 169 1093 ut
194 1052 354 1093 irritum
379 1052 530 1093 faceres
556 1058 744 1106 pactum:
800 1055 837 1078 ⁶⁰
861 1059 901 1094 et
927 1054 1170 1096 recordabor
1194 1068 1266 1108 ego
1292 1055 1403 1108 pacti
1428 1055 1506 1095 mei
1533 1060 1667 1095 tecum
1693 1056 1734 1096 in
1760 1056 1901 1096 diebus
1928 1057 2023 1097 ado-

121 1110 323 1151 lescentiae
347 1115 447 1151 tuae:
475 1116 516 1152 et
541 1111 746 1153 suscitabo
773 1112 848 1153 tibi
872 1118 1041 1166 pactum
1067 1113 1372 1167 sempiternum.
1429 1115 1460 1137 ⁶1
1487 1113 1542 1154 Et
1566 1114 1838 1154 recordaberis
1864 1114 2023 1154 viarum

122 1174 299 1217 tuarum,
337 1174 378 1210 et
412 1170 688 1211 confunderis:
726 1184 817 1211 cum
852 1171 1045 1225 receperis
1080 1184 1234 1213 sorores
1269 1177 1361 1212 tuas
1395 1177 1436 1212 te
1470 1172 1640 1212 maiores
1675 1185 1767 1213 cum
1801 1172 2023 1214 minoribus

122 1228 222 1268 tuis:
249 1233 290 1268 et
313 1228 420 1269 dabo
445 1241 512 1269 033
537 1229 612 1270 tibi
636 1229 676 1269 in
701 1229 814 1275 filias,
841 1230 912 1271 sed
936 1244 1017 1271 non
1041 1243 1090 1271 ex
1114 1236 1235 1283 pacto
1261 1236 1344 1271 tuo.
1400 1231 1432 1254 ⁶2
1456 1229 1512 1270 Et
1535 1230 1739 1271 suscitabo
1765 1243 1835 1283 ego
1859 1237 2028 1284 pactum

122 1299 259 1327 meum
284 1292 439 1327 tecum:
466 1292 507 1328 et
530 1287 628 1328 scies
655 1288 751 1341 quia
773 1302 845 1341 ego
869 1289 1082 1333 Dominus,
1138 1290 1170 1313 ⁶3
1194 1293 1241 1329 ut
1264 1288 1493 1335 recorderis,
1521 1293 1560 1328 et
1585 1288 1857 1336 confundaris,
1883 1294 1924 1329 01
1947 1303 2029 1329 11011

123 1345 175 1386 311
204 1345 279 1385 tibi
306 1345 415 1386 ultra
443 1346 596 1399 aperire
624 1360 666 1387 03
694 1359 777 1399 prae
804 1347 1039 1387 confusione
1068 1352 1151 1390 tua,
1182 1360 1274 1386 cum
1302 1346 1488 1397 placatus
1516 1346 1591 1387 tibi
1618 1346 1730 1388 fuero
1758 1346 1799 1387 in
1828 1347 2026 1390 omnibus

123 1417 214 1457 quae
240 1404 383 1452 fecisti,
415 1405 473 1444 ait
500 1405 701 1445 Dominus
730 1405 852 1446 Deus,

517 1507 556 1547 8.
587 1506 701 1547 Sors
732 1508 898 1549 domus
929 1508 1074 1549 David
1103 1508 1382 1560 praedicitur,
1410 1508 1477 1558 17,
1495 1508 1641 1549 1—24.

230 1577 294 1620 17.
350 1579 364 1601 ¹
392 1577 448 1618 Et
473 1578 630 1618 factum
659 1582 719 1618 est
746 1578 918 1619 verbum
944 1579 1110 1620 Domini
1139 1580 1191 1620 ad
1216 1593 1293 1628 me,
1323 1579 1477 1620 dicens:
1506 1581 1521 1603 2
1547 1578 1622 1618 Fili
1649 1578 1822 1619 hominis
1849 1592 2028 1632 propone

121 1636 308 1689 aenigma,
340 1641 382 1677 et
410 1649 531 1676 narra
559 1636 798 1689 parabolam
829 1638 881 1678 ad
910 1638 1079 1678 domum
1111 1638 1245 1685 Israel,
1303 1640 1318 1662 3
1347 1643 1388 1679 et
1417 1638 1542 1678 dices:
1575 1637 1672 1678 Haec
1702 1637 1800 1678 dicit
1828 1637 2027 1678 Dominus

123 1695 252 1735 Deus:
280 1694 430 1748 Aquila
454 1695 617 1748 grandis
644 1709 885 1749 magnarum
912 1696 1080 1746 alarum,
1108 1697 1227 1750 longo
1253 1697 1529 1738 membrorum
1556 1696 1694 1745 ductu,
1722 1695 1842 1749 plena
1866 1695 2025 1749 plumis,

122 1759 165 1794 et
188 1753 401 1801 varietate,
427 1754 542 1795 venit
564 1754 616 1795 ad
639 1754 855 1803 Libanum,
881 1760 920 1796 et
944 1755 1039 1796 tulit
1062 1755 1282 1796 medullam
1307 1755 1424 1797 cedri.
1476 1757 1491 1779 ⁴
1513 1755 1803 1796 Summitatem
1825 1755 2031 1795 frondium

123 1812 208 1853 eius
230 1812 400 1853 avulsit:
423 1817 464 1853 01
484 1813 786 1866 transportavit
806 1827 895 1854 eam
916 1813 957 1854 in
978 1814 1142 1855 Terram
1164 1814 1370 1859 Chanaan,
1394 1814 1434 1854 in
1455 1814 1553 1854 urbe
1574 1813 1874 1867 negotiatorum
1895 1813 2033 1867 posuit

123 1870 246 1912 illam.
300 1873 314 1895 5
340 1871 396 1911 Ε1
419 1870 517 1912 111111
542 1871 590 1912 de
615 1872 767 1913 semine
792 1878 919 1918 terrae,
948 1878 988 1913 01
1012 1873 1150 1926 posuit
1174 1873 1273 1914 illud
1297 1873 1337 1913 in
1363 1878 1471 1913 terra
1494 1885 1566 1926 pro
1591 1872 1753 1921 semine,
1780 1878 1828 1913 ut
1852 1872 2032 1913 firmaret

125 1929 304 1970 radicem
334 1942 455 1983 super
485 1943 612 1984 aquas
643 1930 813 1971 multas:
846 1931 886 1971 in
917 1932 1125 1985 superficie
1156 1932 1294 1985 posuit
1323 1931 1433 1973 illud.
1496 1933 1511 1955 ⁶
1541 1931 1723 1984 Cumque
1752 1930 2029 1984 germinasset,

123 1988 252 2029 crevit
284 1988 325 2028 in
358 1988 520 2029 vineam
552 1988 739 2030 latiorem
772 1989 915 2030 humili
947 1995 1119 2039 statura,
1153 1990 1461 2044 respicientibus
1493 1989 1615 2030 ramis
1648 1989 1731 2030 eius
1765 1989 1817 2029 ad
1849 2002 1956 2029 eam:
1991 1995 2032 2029 et

122 2046 277 2087 radices
298 2046 382 2087 eius
402 2047 477 2087 sub
497 2046 566 2087 illa
585 2053 713 2089 erant.
734 2048 847 2089 facta
866 2054 927 2089 est
946 2061 1038 2101 ergo
1059 2049 1190 2095 vinea,
1212 2054 1254 2089 et
1272 2049 1537 2089 fructificavit
1556 2048 1597 2088 in
1616 2047 1816 2101 palmites,
1839 2052 1879 2088 et
1899 2047 2033 2088 emisit

122 2105 377 2159 propagines.
439 2107 452 2128 ⁷
482 2105 537 2146 Et
567 2106 678 2147 facta
707 2112 769 2147 est
798 2107 935 2160 aquila
963 2107 1093 2148 altera
1120 2107 1283 2161 grandis
1313 2107 1469 2160 magnis
1500 2106 1583 2155 alis,
1614 2105 1835 2159 multisque
1863 2106 2030 2159 plumis:

124 2169 165 2205 et
193 2177 283 2205 ecce
312 2163 433 2204 vinea
460 2164 540 2205 ista
569 2165 685 2218 quasi
712 2165 881 2206 mittens
910 2166 1064 2206 radices
1093 2179 1185 2207 suas
1215 2167 1268 2207 ad
1296 2179 1397 2214 eam,
1428 2165 1616 2219 pahnites
1645 2178 1737 2205 suos
1766 2164 1951 2205 extendit
1980 2164 2032 2205 ad

123 2222 247 2271 illam,
271 2228 319 2263 ut
339 2222 523 2276 irrigaret
545 2236 634 2263 eam
657 2224 706 2264 de
729 2224 870 2265 areolis
891 2224 1081 2277 germinis
1103 2225 1175 2266 sui.
1229 2226 1244 2248 ⁸
1267 2225 1314 2265 In
1336 2230 1444 2265 terra
1465 2225 1573 2265 bona
1593 2236 1713 2277 super
1734 2236 1860 2276 aquas
1881 2222 2032 2263 multas

125 2281 318 2335 plantata
335 2286 415 2322 est:
435 2287 483 2322 ut
500 2282 625 2322 faciat
645 2282 820 2328 frondes,
843 2288 883 2323 et
901 2288 1038 2336 portet
1056 2283 1249 2331 fructum,
1270 2288 1317 2323 ut
1336 2283 1389 2323 sit
1406 2283 1447 2323 in
1467 2283 1628 2322 vineam
1646 2282 1853 2335 grandem.
1904 2283 1918 2305 ⁹
1936 2282 2031 2321 Dic:

129 2340 227 2381 Haec
259 2340 358 2380 dicit
388 2340 590 2381 Dominus
621 2341 750 2381 Deus:
784 2341 943 2394 Ergone
974 2341 1304 2395 prosperabitur?
1338 2354 1471 2382 nonne
1501 2341 1655 2381 radices
1687 2340 1770 2380 eius
1802 2339 1958 2388 evellet,
1992 2346 2033 2380 et

128 2399 287 2439 fructus
320 2398 403 2439 eius
437 2399 662 2452 distringet,
698 2405 739 2440 et
770 2399 939 2440 siccabit
972 2414 1110 2441 omnes
1142 2399 1330 2454 palmites
1362 2399 1550 2453 germinis
1584 2399 1679 2447 01113,
1714 2403 1755 2439 01
1787 2403 1958 2438 arescet:
1992 2404 2033 2438 et

127 2470 210 2498 non
232 2457 273 2497 in
295 2457 459 2498 brachio
481 2458 636 2510 grandi,
660 2471 792 2511 neque
813 2458 853 2499 in
874 2458 1026 2512 populo
1048 2458 1191 2508 multo,
1215 2464 1262 2499 ut
1284 2432 1472 2499 evelleret
1493 2471 1583 2498 eam
1604 2456 1822 2497 radicitus?
1873 2458 1908 2480 1⁰
1928 2456 2032 2497 Ecce

125 2515 319 2569 plantata
334 2520 413 2556 est:
432 2529 577 2581 ergone
592 2517 923 2581 prosperabitur?
941 2531 1074 2559 nonne
1092 2531 1183 2558 cum
1201 2517 1380 2570 tetigerit
1397 2530 1485 2557 earn
1502 2521 1649 2557 ventus
1666 2528 1784 2556 urens
1801 2515 2030 2563 siccabitur,

124 2580 165 2615 et
192 2574 233 2614 in
261 2574 362 2615 areis
388 2574 578 2628 germinis
606 2575 667 2616 sui
694 2576 872 2617 arescet?

231 2634 262 2657 Π
275 2633 331 2674 Ε1
342 2633 500 2674 factum
515 2638 576 2674 est
590 2634 761 2675 verbum
774 2634 940 2676 Domini
954 2635 1006 2676 ad
1019 2649 1095 2683 me,
1111 2635 1265 2676 dicens:
1309 2636 1340 2659 ¹²
1354 2635 1430 2675 Dic
1443 2635 1495 2675 ad
1508 2634 1675 2675 domum
1694 2637 2024 2685 exasperantem:

125 2691 297 2732 Nescitis
315 2691 413 2745 quid
427 2692 508 2733 ista
522 2692 772 2746 significent?
789 2693 883 2734 Dic:
901 2694 1005 2734 Ecce
1021 2694 1135 2735 venit
1150 2707 1221 2734 rex
1237 2693 1459 2747 Babylonis
1475 2693 1515 2733 in
1534 2691 1769 2732 Ierusalem:
1792 2696 1832 2730 et
1848 2694 2027 2731 assumet

123 2763 269 2804 regem,
293 2756 334 2791 et
354 2750 554 2804 principes
576 2751 671 2800 eius,
696 2757 737 2792 et
758 2752 935 2793 adducet
956 2766 1022 2794 003
1044 2753 1096 2793 ad
1117 2752 1381 2806 semetipsum
1402 2752 1443 2792 in
1466 2750 1731 2804 Babylonem.
1781 2750 1813 2773 1³
1834 2748 1890 2789 Et
1910 2748 2027 2790 tollet

125 2809 175 2849 de
203 2809 354 2849 semine
382 2809 506 2863 regni,
536 2810 734 2864 ferietque
763 2823 855 2851 cum
885 2825 929 2852 00
958 2811 1111 2852 foedus:
1142 2816 1183 2852 et
1212 2811 1263 2852 ab
1293 2824 1337 2852 eo
1368 2810 1538 2863 accipiet
1566 2807 1859 2849 iusiurandum.
1891 2807 1960 2848 sed
1989 2811 2030 2848 et

74 2906 77 2907 ⁷
123 2867 250 2908 101103
271 2872 389 2908 terrae
410 2867 537 2917 tollet,
588 2870 620 2893 14
642 2874 689 2909 ut
710 2869 763 2909 sit
783 2882 951 2923 regnum
974 2869 1137 2918 humile,
1162 2875 1203 2910 et
1224 2883 1305 2911 non
1328 2868 1518 2915 elevetur,
1543 2867 1612 2908 sed
1634 2865 1840 2907 custodiat
1861 2870 2030 2919 pactum

126 2925 222 2975 eius,
251 2930 292 2966 01
319 2931 452 2967 servet
477 2926 589 2969 illud.
645 2929 676 2952 ¹5
705 2928 782 2976 Qui
808 2929 997 2969 recedens
1025 2929 1076 2969 ab
1104 2941 1150 2970 eo
1177 2928 1288 2968 misit
1314 2927 1481 2968 nuncios
1509 2926 1562 2966 ad
1588 2925 1814 2978 AEgyptum
1841 2929 1888 2964 ut
1915 2925 2031 2965 daret

125 2984 202 3025 sibi
225 2997 362 3037 eqUOS,
390 2990 430 3025 et
453 2985 652 3038 populum
675 2986 866 3028 multum
894 2987 1106 3040 Numquid
1129 2986 1447 3040 prosperabitur,
1474 2984 1539 3025 vel
1563 2987 1833 3036 consequetur
1856 2983 2030 3023 salutem

128 3042 196 3096 qui
227 3042 324 3083 fecit
354 3042 464 3083 haec?
524 3049 565 3084 et
597 3044 666 3108 qui
697 3044 883 3086 dissolvit
914 3051 1095 3111 pactum,
1129 3045 1331 3098 numquid
1362 3043 1552 3097 effugiet?
1612 3044 1646 3066 1⁶
1677 3041 1781 3082 Vixo
1814 3054 1898 3094 ego,
1933 3041 2031 3082 dicit

126 3101 326 3142 Dominus
346 3098 476 3142 Deus·
500 3102 693 3155 quoniam
713 3103 754 3143 in
773 3103 860 3145 loco
881 3104 994 3157 regis,
1019 3104 1087 3158 qui
1107 3103 1321 3145 constituit
1342 3115 1434 3143 eum
1453 3114 1599 3155 regem,
1623 3100 1735 3141 0111113
1754 3099 1851 3140 10011
1870 3100 2030 3140 1111111111

126 3159 415 3208 11113111οη111111,
437 3165 478 3200 01
497 3160 619 3201 solvit
639 3166 820 3214 pactum,
844 3163 953 3216 quod
972 3138 1154 3203 liabebat
1173 3175 1265 3203 cum
1285 3174 1343 3207 eo,
1364 3161 1406 3201 in
1425 3160 1558 3201 medio
1580 3158 1802 3212 Babylonis
1822 3159 2028 3199 morietur.

127 3219 161 3242 ¹⁷
190 3218 247 3259 Et
275 3231 357 3259 non
387 3218 428 3258 in
457 3219 636 3259 exercitu
665 3220 821 3285 grandi,
854 3234 985 3274 neque
1014 3221 1055 3261 in
1085 3220 1235 3274 populo
1265 3218 1395 3260 multo
1425 3219 1548 3259 faciet
1577 3222 1720 3260 contra
1749 3230 1841 3257 eum
1871 3217 2029 3257 Pharao

127 3275 328 3329 praelium:
353 3277 395 3317 in
418 3277 528 3317 iactu
553 3277 717 3342 aggeris,
744 3284 785 3319 et.
807 3279 849 3319 in
872 3280 1128 3321 extructione
1151 3278 1352 3319 vallorum
1375 3282 1422 3318 ut
1444 3277 1662 3318 interficiat
1687 3275 1842 3316 animas
1866 3274 2026 3314 multas.

126 3335 162 3358 1⁸
193 3334 412 3388 Spreverat
443 3335 551 3376 enim
582 3335 859 3377 iuramentum
891 3343 938 3379 ut
969 3338 1143 3380 30110101
1174 3337 1320 3384 10001113,
1356 3341 1397 3376 01
1429 3349 1519 3377 0000
1551 3328 1664 3377 dedit
1695 3346 1863 3374 manum
1895 3343 2027 3372 suam:

128 3397 170 3433 et
197 3406 290 3433 cum
318 3394 456 3435 omnia
482 3394 567 3435 haec
595 3394 746 3438 fecerit
778 3409 859 3436 non
888 3396 1065 3450 effugiet.
1124 3398 1157 3420 ¹⁹
1186 3396 1408 3448 Propterea
1434 3394 1520 3436 haec
1548 3394 1646 3435 dicit
1673 3391 1871 3432 Dominus
1900 3391 2027 3429 Deus:

1750 3459 1825 3500 51*

2073 1000 2189 1029 propter

2071 1035 2189 1064 pactum

2081 1071 2179 1094 tamt-n

2078 1105 2182 1129 iterum

2039 1139 2219 1170 suscipietur.

2049 1584 2220 1610 Humiliatio

2073 1620 2195 1645 Sedecim

2063 1655 2205 1686 foedifragi

2066 1691 2202 1721 parabola

2063 2642 2095 2660 ac
2110 2635 2202 2660 dec-la-

2077 2671 2187 2696 ratione

2103 2706 2163 2731 eius

2055 2741 2216 2770 nuntiatur,
