2356 3760
456 508 768 577 LIBER
817 508 1188 577 ESDRAE
1242 510 1750 593 QUARTUS.

638 712 893 754 Praemissa
926 724 1014 765 pro
1049 711 1240 764 Iudaeis,
1274 712 1315 764 1,
1341 712 1468 765 1-2,
1491 714 1561 756 48.

675 785 709 821 1.
736 784 996 831 lmprobatio
1024 785 1277 831 ludaeorum,
1303 785 1338 831 1,
1356 786 1462 832 1-2,
1481 787 1515 823 9.

251 845 282 880 1.
330 847 341 865 1
367 844 467 878 Liber
489 843 606 878 Esdrae
629 844 805 888 prophetae
827 845 1007 885 secundus,
1031 845 1090 879 filii
1112 846 1216 886 Sarei,
1240 845 1299 878 filii
1321 847 1452 886 Azarei,
1476 847 1535 879 filii
1558 847 1694 884 Helciae,
1718 847 1777 881 filii
1799 847 1966 888 Sadaniae,
1990 849 2048 882 filii
2096 849 2209 889 Turnus

140 892 287 932 Sadoch,
309 891 368 925 filii
389 891 549 931 Aehitob,
595 893 607 911 2
629 891 687 925 11111
708 892 834 931 Acmae,
857 892 916 925 11111
939 892 1093 932 Phinees,
1114 892 1173 926 fini
1195 892 1283 932 Heli,
1306 893 1365 926 filii
1387 893 1542 933 mneriae⁹
1565 894 1624 927 filii
1646 894 1748 935 Asioi,
1770 894 1830 928 filii
1850 894 2047 935 Mammoth,
2113 885 2189 915 ¹¹br¹³

140 939 199 973 filii
218 940 323 979 Arna,
346 938 404 972 filii
425 938 525 978 Oziae,
547 938 606 972 filii
625 938 758 977 Βο11111,
780 939 838 972 filii
859 939 984 979 Abisei,
1006 939 1064 972 filii
1085 940 1239 980 Phinees,
1260 939 1319 973 filii
1339 940 1492 977 Eleazar,
1536 943 1548 960 ³
1567 941 1626 974 filii
1645 942 1761 975 Aaron
1780 952 1822 975 ex
1841 942 1934 976 tribu
1955 942 2048 982 Levi,

140 986 199 1031 qui
223 986 291 1020 fuit
315 986 474 1030 captivus
499 986 534 1019 in
558 985 694 1030 regione
718 986 909 1026 Medorum,
935 987 970 1020 in
994 997 1097 1031 regno
1123 987 1323 1021 Artaxerxis
1348 988 1434 1032 regis
1461 988 1650 1023 Persarum.

250 1041 263 1059 ⁴
276 1039 322 1072 Et
334 1039 467 1072 factum
481 1041 533 1072 est
546 1038 689 1072 verbum
703 1039 844 1072 Domini
857 1039 901 1072 ad
913 1050 978 1079 me,
994 1039 1119 1078 dicens,
1157 1041 1169 1059 ⁵
1183 1040 1288 1076 Vade.
1303 1043 1338 1073 et
1350 1040 1476 1074 nuncia
1489 1041 1616 1085 populo
1629 1051 1705 1074 meo
1718 1041 1871 1075 facinora
1882 1042 2046 1086 ipsorum,
2090 1045 2213 1075 populus

139 1089 174 1120 et
198 1086 273 1120 filiis
298 1096 415 1120 eorum
440 1085 652 1129 iniquitates,
690 1096 775 1129 quas
800 1086 834 1119 in
859 1097 913 1119 me
938 1086 1162 1126 admiserunt,
1200 1089 1240 1120 ut
1262 1087 1426 1121 nuntient
1450 1087 1525 1121 filiis
1550 1087 1711 1121 filiorum:
1763 1090 1776 1107 ⁶
1800 1088 1881 1132 quia
1905 1092 2047 1133 peccata
2102 1087 2180 1141 bugin
2207 1122 2219 1140 s

139 1136 323 1178 parentum
347 1133 499 1177 ipsorum
524 1132 559 1165 in
583 1131 647 1165 illis
673 1136 863 1167 creverimt.
892 1133 999 1167 Obliti
1024 1134 1114 1167 enirn
1139 1134 1205 1167 mei
1230 1134 1510 1168 sacrificaverunt
1535 1134 1597 1168 diis
1623 1134 1750 1170 alienis.
1801 1137 1812 1155 ⁷
1838 1135 1961 1169 Nonne
1986 1147 2046 1181 ego
2082 1124 2098 1141 ⁰
2122 1123 2136 1142 e
2170 1123 2204 1141 ΘΠ

138 1180 242 1214 eduxi
254 1190 310 1214 eos
323 1180 365 1213 de
377 1183 468 1213 terra
480 1179 623 1223 AEgypti
636 1179 677 1213 de
690 1179 792 1213 domo
805 1180 1001 1214 servitutis?
1018 1181 1088 1225 Ipsi
1101 1188 1218 1214 autem
1230 1181 1453 1215 irritaverunt
1466 1192 1531 1221 me,
1544 1185 1579 1215 et
1591 1182 1731 1215 consilia
1742 1193 1819 1216 mea
1830 1187 2045 1227 spreverunt.

140 1229 153 1247 ⁸
173 1228 223 1261 Tu
243 1230 360 1261 autem
380 1229 502 1260 excute
522 1237 656 1260 comam
676 1227 797 1271 capitis
818 1227 879 1266 tui,
900 1230 935 1261 et
954 1227 1079 1272 proiice
1098 1227 1213 1261 omnia
1232 1228 1323 1261 mala
1342 1239 1444 1272 super
1461 1228 1550 1262 illos:
1572 1228 1735 1272 quoniam
1754 1240 1823 1263 non
1843 1230 2046 1264 obedierunt

136 1274 202 1319 legi
225 1284 319 1309 meae.
345 1273 495 1317 Populus
520 1276 636 1307 autem
661 1276 713 1307 est
736 1274 1020 1318 indisciplinatus.
1071 1277 1082 1294 ⁹
1108 1275 1295 1318 Usquequo
1319 1286 1374 1309 eos
1398 1275 1585 1315 sustinebo,
1610 1276 1734 1319 quibus
1758 1278 1859 1310 tanta
1882 1277 2047 1311 beneficia

139 1321 288 1356 contuli?
333 1322 363 1341 ¹⁰
383 1320 491 1365 Reges
511 1320 639 1354 multos
660 1324 800 1365 propter
819 1331 874 1355 eos
894 1321 1059 1355 subverti.
1082 1322 1296 1355 Pharaonem
1316 1333 1393 1355 cum
1414 1323 1526 1366 pueris
1546 1322 1625 1362 suis,
1647 1325 1682 1355 et
1701 1333 1837 1356 omnem
1858 1324 2045 1357 exercitum

138 1369 208 1402 eius
228 1367 386 1413 percussi.
429 1369 455 1387 ¹¹
476 1367 602 1401 Omnes
620 1371 737 1412 gentes
757 1379 777 1401 a
794 1368 880 1401 facie
899 1379 1015 1402 eorum
1034 1368 1178 1412 perdidi,
1198 1371 1232 1402 et
1250 1369 1285 1402 in
1305 1369 1443 1403 Oriente
1462 1369 1716 1413 provinciarum
1735 1370 1881 1404 duarum
1901 1371 2044 1415 populos

138 1415 219 1459 Tyri
237 1418 272 1449 et
289 1415 423 1449 Sidonis
442 1414 616 1458 dissipavi,
636 1417 670 1448 et
688 1425 805 1448 omnes
824 1414 1036 1448 adversarios
1055 1425 1172 1448 eorum
1190 1415 1354 1449 interfeci.
1398 1418 1424 1435 ¹²
1443 1416 1493 1449 Tu
1512 1427 1591 1449 vero
1609 1416 1747 1460 loquere
1765 1417 1809 1450 ad
1827 1428 1893 1453 eos,
1913 1417 2043 1451 dicens:

138 1463 221 1497 Haec
235 1462 318 1496 dicit
333 1462 515 1495 Dominus:
555 1463 581 1480 ¹³
594 1461 727 1504 Nempe
741 1471 802 1505 ego
817 1472 876 1494 vos
892 1472 952 1505 per
964 1472 1057 1494 mare
1072 1462 1293 1501 transmeavi,
1309 1464 1343 1495 et
1358 1462 1489 1506 plateas
1504 1463 1600 1496 vobis
1615 1463 1712 1496 initio
1727 1464 1878 1497 munitas
1894 1464 2043 1498 exhibui.

138 1510 260 1544 ducem
284 1509 381 1542 vobis
404 1508 483 1541 dedi
505 1508 659 1551 Moysen,
692 1511 727 1541 et
750 1509 865 1541 Aaron
888 1508 1117 1542 sacerdotem:
1165 1510 1192 1528 ¹⁴
1215 1508 1326 1542 lucem
1352 1509 1449 1542 vobis
1475 1520 1534 1553 per
1559 1510 1753 1543 columnam
1779 1510 1864 1554 ignis
1890 1511 2045 1555 praestiti,

138 1560 173 1591 et
189 1567 315 1601 magna
332 1555 501 1589 mirabilia
518 1555 582 1589 feci
599 1555 634 1588 in
652 1554 764 1588 vobis:
785 1566 844 1588 vos
863 1558 980 1588 autem
999 1555 1065 1589 mei
1083 1555 1179 1589 obliti
1198 1556 1290 1595 estis,
1309 1555 1393 1589 dicit
1410 1556 1589 1590 Dominus.
1631 1558 1658 1576 ¹⁵
1677 1556 1759 1590 Haec
1777 1557 1860 1591 dicit
1877 1557 2046 1591 Dominus

138 1604 369 1648 omnipotens:
390 1602 556 1636 Coturnix
574 1602 671 1635 vobis
690 1602 723 1635 in
741 1602 836 1646 signo
855 1602 931 1642 fuit,
951 1605 1063 1636 castra
1082 1602 1178 1636 vobis
1197 1603 1240 1636 ad
1259 1603 1405 1636 tutelam
1424 1603 1512 1643 dedi,
1532 1606 1566 1637 et
1583 1603 1649 1637 illic
1667 1604 1922 1638 murmurastis:
1965 1607 1994 1624 ¹⁶
2011 1608 2046 1638 et

137 1662 206 1684 non
232 1649 471 1694 triumphastis
498 1650 533 1682 in
558 1649 695 1682 nomine
723 1660 798 1682 meo
825 1649 866 1682 de
893 1649 1084 1693 perditione
1110 1650 1326 1683 inimicorum
1353 1652 1556 1689 vestrorum,
1596 1650 1655 1684 sed
1681 1650 1794 1684 adhuc
1820 1662 1910 1685 nunc
1938 1662 2045 1696 usque

136 1697 386 1731 murmurastis.
430 1698 459 1716 ¹⁷
481 1696 548 1730 Ubi
567 1698 648 1729 sunt
668 1696 843 1735 beneficia,
864 1706 940 1740 quae
960 1696 1104 1740 praestiti
1124 1696 1241 1730 vobis?
1263 1697 1386 1730 Nonne
1406 1697 1439 1730 in
1460 1697 1593 1731 deserto
1614 1708 1691 1731 cum
1711 1698 1893 1737 esuriretis,
1914 1699 2044 1742 procla-

136 1745 256 1778 mastis
276 1744 320 1778 ad
339 1754 404 1783 me,
448 1745 476 1763 ¹⁸
497 1743 659 1782 dicentes,
682 1743 731 1777 Ut
750 1743 833 1787 quid
853 1754 913 1776 nos
934 1743 968 1776 in
988 1743 1162 1777 desertum
1183 1743 1275 1777 istud
1296 1744 1472 1778 adduxisti
1492 1744 1683 1778 interficere
1703 1745 1783 1778 nos?
1806 1745 1926 1779 melius
1946 1746 2044 1779 nobis

135 1793 249 1826 fuerat
270 1791 395 1825 servire
417 1790 599 1834 AEgyptiis,
624 1800 729 1834 quam
751 1790 837 1823 mori
858 1790 894 1824 in
916 1790 1050 1824 deserto
1072 1791 1146 1825 hoc.
1193 1793 1222 1810 ¹⁹
1245 1791 1317 1835 Ego
1340 1791 1433 1825 dolui
1455 1792 1601 1836 gemitus
1624 1795 1766 1831 vestros,
1790 1795 1825 1826 et
1847 1792 1925 1825 dedi
1947 1793 2045 1826 vobis

136 1850 264 1873 manna
276 1839 311 1872 in
325 1848 448 1872 escam.
464 1838 592 1870 Panem
607 1837 805 1881 angelorum
818 1837 1064 1872 manducastis.
1103 1839 1132 1858 ²⁰
1145 1838 1268 1871 Nonne
1282 1849 1359 1871 cum
1374 1839 1524 1879 sitiretis,
1539 1841 1673 1883 petram
1687 1839 1808 1878 excidi,
1823 1843 1858 1873 et
1870 1840 2046 1873 fluxerunt

136 1896 233 1930 aquae
246 1886 281 1919 in
294 1885 497 1919 saturitate?
514 1888 654 1928 propter
666 1887 768 1918 aestus
782 1884 870 1918 101113
885 1885 1045 1918 arborum
1060 1896 1120 1918 vos
1134 1885 1215 1919 texi.
1254 1887 1279 1905 ²¹
1294 1885 1403 1918 Divisi
1418 1885 1514 1919 vobis
1528 1889 1634 1919 terras
1650 1886 1806 1930 pingues:
1822 1886 2044 1927 Chananaeos,

135 1936 170 1967 et
196 1933 401 1971 Pherezaeos,
429 1935 463 1965 et
489 1931 703 1965 Philisthaeos
729 1942 750 1965 a
774 1932 860 1965 facie
886 1935 1001 1966 vestra
1026 1932 1166 1976 proieci:
1194 1932 1277 1976 quid
1303 1932 1427 1966 faciam
1455 1933 1551 1966 vobis
1577 1933 1704 1967 adhuc:
1745 1933 1828 1967 dicit
1854 1933 2042 1967 Dominus?

135 1982 162 2000 ²²
183 1980 266 2014 Haec
286 1979 369 2013 dicit
390 1978 558 2012 Dominus
579 1978 807 2022 omnipotens.
832 1979 871 2012 In
892 1979 1026 2013 deserto
1047 1990 1125 2013 cum
1145 1979 1262 2013 essetis
1283 1979 1317 2013 in
1338 1980 1477 2013 flumine
1498 1981 1695 2013 Amorrhaeo
1716 1980 1880 2020 sitientes,
1902 1987 1937 2014 et
1957 1980 2045 2014 blas-

135 2028 338 2072 phemantes
356 2037 482 2059 nomen
499 2036 625 2066 meum,
667 2027 694 2046 ²³
711 2036 779 2059 non
797 2026 909 2070 ignem
928 2026 1025 2060 vobis
1044 2037 1104 2071 pro
1122 2026 1342 2071 blasphemiis
1361 2027 1449 2066 dedi,
1469 2027 1527 2061 sed
1545 2027 1686 2061 mittens
1704 2028 1834 2071 lignum
1852 2028 1886 2060 in
1904 2038 2042 2072 aquam,

135 2074 233 2108 dulce
257 2073 322 2107 1001
346 2074 483 2107 flumen.

246 2122 272 2140 ²⁴¹
296 2120 385 2164 Quid
408 2120 471 2154 tibi
494 2119 619 2153 faciam
644 2120 767 2153 Iacob?
792 2120 942 2154 Noluisti
965 2120 1102 2154 obedire
1127 2120 1222 2155 Iuda.
1249 2121 1465 2155 Transferam
1489 2132 1542 2155 me
1566 2121 1609 2155 ad
1633 2121 1715 2155 alias
1738 2124 1866 2165 gentes.
1891 2124 1925 2155 et
1948 2122 2038 2156 dabo
2083 2124 2204 2150 derelin-

135 2169 181 2202 eis
196 2178 322 2201 nomen
336 2177 461 2206 meum,
479 2170 517 2200 ut
533 2166 731 2200 custodiant
744 2167 898 2211 legitima
911 2178 998 2201 mea.
1039 2169 1064 2187 ²5
1081 2167 1251 2210 Quoniam
1266 2179 1320 2201 me
1336 2168 1572 2212 dereliquistis,
1590 2173 1624 2202 et
1639 2179 1699 2213 ego
1715 2180 1775 2202 vos
1791 2169 2035 2213 derelinquam.
2063 2162 2225 2225 ffiffitcffinfrt

136 2214 337 2249 Petentibus
353 2214 449 2247 vobis
467 2225 486 2247 a
501 2224 555 2247 me
570 2213 848 2253 misericordiam,
865 2225 934 2247 non
949 2214 1143 2248 miserebor.
1184 2217 1212 2234 ²⁶
1229 2215 1375 2257 Quando
1390 2215 1595 2249 invocabitis
1611 2226 1676 2255 me,
1693 2227 1753 2259 ego
1770 2226 1838 2249 non
1854 2216 2036 2249 exaudiam
2221 2216 2227 2227 ’

135 2272 206 2296 vos.
220 2261 418 2296 Maculastis
431 2261 521 2294 enim
534 2271 656 2294 manus
670 2263 800 2294 vestras
813 2261 988 2304 sanguine,
1002 2264 1037 2294 et
1050 2261 1151 2305 pedes
1165 2261 1269 2294 vestri
1282 2261 1417 2305 impigri
1430 2265 1511 2295 sunt
1523 2262 1567 2295 ad
1581 2262 1831 2295 committenda
1842 2263 2037 2297 homicidia.

135 2311 162 2329 ²⁷
186 2309 265 2343 Non
288 2308 386 2353 quasi
408 2319 462 2341 me
485 2307 723 2351 dereliquistis,
747 2307 807 2340 sed
830 2308 994 2352 vosipsos,
1019 2307 1103 2341 dicit
1126 2308 1304 2342 Dominus.
1352 2309 1380 2327 ²⁸
1405 2308 1488 2341 Haec
1510 2308 1593 2341 dicit
1616 2308 1784 2341 Dominus
1809 2309 2037 2353 omnipotens

134 2356 256 2389 Nonne
277 2366 337 2399 ego
358 2366 418 2388 vos
438 2354 567 2399 rogavi,
588 2358 628 2388 ut
648 2358 747 2398 pater
766 2354 862 2394 filios,
884 2357 919 2388 et
939 2358 979 2388 ut
998 2356 1109 2388 mater
1129 2354 1224 2394 filias,
1246 2358 1281 2388 et
1302 2359 1340 2388 ut
1360 2355 1478 2388 nutrix
1498 2355 1658 2399 parvulos
1679 2366 1767 2391 31103,
1813 2357 1841 2375 ²⁹
1861 2360 1901 2389 ut
1921 2357 2038 2389 essetis

134 2402 218 2436 mihi
236 2402 272 2436 in
291 2401 468 2446 populum,
489 2404 524 2435 et
543 2412 603 2445 ego
623 2401 721 2435 vobis
741 2401 776 2434 in
795 2401 918 2441 Deum,
940 2404 974 2434 et
994 2412 1054 2435 vos
1074 2401 1157 2434 mihi
1176 2402 1211 2435 in
1231 2401 1327 2442 filios,
1348 2404 1383 2435 et
1402 2412 1462 2446 ego
1483 2402 1580 2435 vobis
1599 2402 1633 2435 in
1654 2402 1807 2446 patrem?
1852 2404 1881 2422 ³⁰
1902 2403 1957 2436 Ita
1976 2414 2037 2436 vos

134 2449 262 2494 collegi,
282 2451 322 2483 ut
340 2448 466 2493 gallina
485 2448 594 2492 pullos
613 2459 691 2482 suos
710 2448 774 2482 sub
794 2448 864 2481 alas
883 2459 971 2483 suas.
992 2448 1095 2482 Modo
1115 2452 1231 2482 autem
1251 2448 1334 2492 quid
1352 2449 1477 2482 faciam
1496 2449 1613 2482 vobis?
1635 2449 1815 2482 Proiiciam
1834 2460 1894 2482 vos
1913 2460 1933 2482 a
1951 2450 2037 2483 facie

132 2507 219 2531 mea.
261 2498 287 2516 ³¹
306 2495 525 2530 Oblationem
543 2505 621 2529 cum
639 2494 723 2528 mihi
740 2495 936 2536 attuleritis,
955 2498 1111 2529 avertam
1129 2495 1250 2529 faciem
1269 2506 1382 2529 meam
1400 2507 1420 2529 a
1438 2496 1545 2530 vobis.
1565 2496 1644 2529 Dies
1663 2496 1752 2529 enim
1770 2496 1875 2530 festos
1893 2500 2036 2535 vestros,

133 2546 168 2577 et
186 2543 382 2577 neomenias
403 2546 438 2576 et
458 2542 728 2576 circumcisiones
748 2542 937 2586 repudiavi.
982 2544 1009 2562 ³²
1024 2542 1096 2587 Ego
1117 2543 1193 2576 misi
1213 2553 1335 2587 pueros
1355 2553 1448 2576 meos
1468 2543 1654 2587 prophetas
1669 2543 1713 2576 ad
1726 2554 1797 2582 vos,
1820 2554 1904 2586 quos
1919 2554 2036 2587 accep-

132 2593 186 2624 tos
211 2589 439 2629 interfecistis,
464 2592 500 2623 et
522 2589 676 2623 laniastis
694 2600 837 2633 corpora
852 2600 980 2630 eorum,
1005 2600 1151 2633 quorum
1167 2590 1368 2634 sanguinem
1385 2590 1573 2634 exquiram.
1592 2590 1675 2624 dicit
1692 2590 1869 2624 Dominus.
1911 2592 1937 2609 33
1956 2590 2037 2623 Haec

133 2637 217 2671 dicit
235 2637 404 2670 Dominus
425 2636 652 2680 omnipotens,
674 2636 805 2670 Domus
826 2639 942 2670 vestra
961 2636 1096 2670 deserta
1115 2639 1181 2670 est:
1204 2636 1384 2670 Proiiciam
1404 2647 1464 2670 vos
1485 2637 1573 2670 sic-ut
1593 2640 1717 2670 ventus
1737 2637 1911 2681 stipulam,
1955 2638 1982 2656 ³⁴
2001 2640 2036 2670 et

133 2684 191 2717 filii
210 2684 480 2728 procreationem
498 2694 567 2717 non
584 2683 727 2717 facient:
748 2683 911 2727 quoniam
929 2683 1135 2717 mandatum
1154 2694 1269 2717 meum
1287 2683 1520 2728 neglexerunt,
1540 2687 1575 2718 et
1592 2683 1685 2728 quod
1703 2683 1832 2717 malum
1851 2686 1903 2717 est
1921 2694 2035 2717 coram

132 2742 187 2765 me
222 2731 387 2764 fecerunt.

190 2758 197 2771 ’
243 2779 270 2798 33
290 2777 438 2811 Tradam
460 2777 578 2811 domos
599 2780 730 2811 vestras
751 2777 878 2822 populo
899 2778 1061 2818 venienti,
1083 2778 1142 2822 qui
1161 2788 1215 2811 me
1235 2789 1304 2812 non
1325 2778 1502 2812 audientes
1523 2777 1681 2811 credunt:
1705 2777 1827 2820 quibus
1849 2777 1943 2821 signa
1964 2788 2033 2811 non
2052 2780 2082 2806 in
2100 2780 2224 2812 gratiam

133 2824 277 2864 ostendi,
299 2824 428 2858 facient
449 2834 524 2868 quae
547 2824 700 2869 praecepi.
747 2826 776 2844 ³⁶
799 2825 988 2869 Prophetas
1009 2835 1079 2858 non
1101 2824 1272 2864 viderunt,
1297 2827 1331 2858 et
1352 2824 1636 2858 memorabuntur
1657 2824 1881 2868 iniquitatum
1904 2835 2031 2859 eorum.
2068 2818 2208 2847 genuum,

133 2873 160 2891 ³⁷
187 2871 307 2904 Testor
331 2871 449 2916 populi
474 2871 641 2905 venientis
667 2871 824 2916 gratiam,
851 2872 946 2905 cuius
972 2872 1106 2915 parvuli
1131 2872 1291 2905 exultant
1316 2882 1394 2905 cum
1418 2871 1549 2911 laetitia,
1575 2881 1630 2904 me
1654 2881 1724 2904 non
1749 2870 1904 2904 videntes
1931 2871 2035 2904 oculis

133 2917 336 2958 carnalibus,
356 2918 414 2951 sed
433 2918 556 2962 spiritu
575 2918 750 2953 credentes
770 2929 845 2962 quae
865 2918 946 2953 dixi.
990 2920 1018 2938 ³⁸
1038 2918 1085 2952 Et
1102 2929 1194 2952 nunc
1212 2919 1319 2952 frater
1337 2918 1460 2962 aspice.
1481 2928 1556 2961 quae
1575 2917 1696 2961 gloria:
1717 2920 1752 2951 et
1770 2917 1849 2951 vide
1868 2918 2034 2962 populum

133 2964 326 2998 venientem
349 2965 392 2998 ab
414 2965 554 3004 oriente,
599 2967 628 2985 ³⁹
650 2965 774 3009 quibus
796 2965 887 2999 dabo
908 2965 1074 2999 ducatum
1096 2965 1283 3004 Abraham,
1308 2965 1414 3004 Isaac,
1437 2968 1472 2998 et
1495 2965 1608 3004 Iacob,
1631 2967 1666 2998 et
1688 2964 1783 3004 Osee,
1806 2967 1841 2998 et
1861 2965 1977 3004 Amos,
2000 2967 2035 2998 et

132 3011 291 3050 Miehaeae,
315 3013 351 3044 et
374 3011 454 3051 Ioel,
478 3014 512 3045 et
535 3012 665 3051 Abdiae,
689 3015 725 3045 et
748 3012 850 3052 Ionae,
897 3014 926 3032 ⁴⁰
949 3015 983 3045 et
1004 3011 1156 3052 Nahum,
1180 3015 1215 3046 et
1236 3011 1411 3051 Habacuc,
1430 3011 1621 3055 Sophoniae,
1645 3011 1771 3056 Aggaei,
1796 3011 1976 3050 Zachariae,
2000 3013 2036 3045 et

131 3057 318 3097 Malachiae,
347 3058 405 3102 qui
432 3061 467 3092 et
493 3059 631 3103 angelus
659 3059 797 3092 Domini
825 3062 968 3093 vocatus
996 3061 1058 3094 est.
1558 3079 1560 3082 >

241 3109 272 3144 2.
319 3112 330 3130 ¹
357 3110 439 3144 Haec
465 3110 549 3144 dicit
574 3111 758 3145 Dominus:
786 3111 859 3156 Ego
886 3111 989 3145 eduxi
1014 3111 1181 3156 populum
1207 3111 1312 3144 istum
1339 3111 1380 3144 de
1406 3111 1583 3150 servitute,
1611 3109 1735 3154 quibus
1761 3110 1928 3143 mandata
1953 3110 2031 3143 dedi
2075 3115 2109 3153 in⁸
2126 3120 2199 3144 quas

131 3167 191 3201 per
210 3167 331 3201 pueros
351 3167 443 3190 meos
464 3158 661 3201 prophetas,
681 3168 766 3202 quos
787 3158 903 3192 audire
923 3158 1117 3197 noluerunt,
1138 3158 1197 3192 sed
1216 3158 1313 3191 irrita
1330 3158 1486 3191 fecerunt
1504 3168 1582 3191 mea
1601 3156 1750 3191 consilia.
1794 3158 1806 3176 ²
1825 3156 1936 3190 Mater
1955 3167 2030 3201 quae
2082 3149 2190 3209 ᾱέξξξζ

131 3214 186 3237 003
207 3203 394 3248 generavit‚
416 3203 499 3237 dicit
518 3204 593 3244 illis,
616 3204 668 3238 Ite
689 3204 758 3244 filii,
781 3205 862 3248 quia
881 3216 943 3250 ego
963 3205 1069 3239 vidua
1089 3215 1165 3238 sum
1185 3207 1221 3238 et
1240 3204 1410 3239 derelicta.
1455 3206 1468 3224 3
1488 3203 1645 3238 Educavi
1665 3214 1726 3237 vos
1747 3214 1824 3236 cum
1844 3203 1974 3243 laetitia,
1996 3206 2031 3237 et
2076 3191 2093 3215 g
2183 3202 2189 3208 ⁴

131 3250 229 3284 amjsi
252 3260 313 3284 vos
338 3260 415 3283 cum
438 3250 535 3284 luctu
558 3254 593 3284 et
615 3251 768 3291 tristitia,
794 3252 957 3295 quoniam
981 3251 1146 3297 peccastis
1171 3262 1285 3285 coram
1309 3251 1458 3285 Domino
1482 3251 1555 3285 Deo
1579 3254 1704 3289 vestm,
1729 3252 1764 3283 et
1787 3249 1879 3293 quod
1903 3250 2034 3283 malum

131 3299 183 3330 est
203 3307 318 3331 coram
338 3307 388 3337 eo,
408 3297 546 3331 10013113.
591 3299 604 3317 ⁴
623 3297 726 3331 Modo
746 3301 863 3332 autem
885 3299 968 3342 quid
988 3299 1113 3332 faciam
1133 3298 1251 3332 vobis?
1274 3298 1347 3342 Ego
1368 3298 1474 3331 vidua
1493 3308 1569 3332 sum
1589 3301 1624 3331 et
1644 3296 1819 3331 derelicta:
1841 3296 1888 3330 ite
1909 3296 1978 3336 filii,
2000 3299 2035 3329 et

132 3343 238 3386 petite
258 3355 279 3377 a
298 3343 447 3377 Domino
467 3344 745 3379 misericordiam.
789 3346 801 3364 ⁵
821 3345 894 3389 Ego
914 3348 1031 3379 autem
1051 3348 1086 3380 te
1106 3348 1204 3389 pater
1223 3347 1348 3379 testem
1367 3345 1490 3379 invoco
1509 3356 1611 3389 super
1630 3346 1779 3377 matrem
1798 3343 1955 3377 filiorum.
1977 3343 2036 3386 qui

131 3389 316 3424 noluerunt
336 3393 586 3424 testamentum
608 3401 723 3425 meum
745 3402 891 3432 servare,
939 3394 952 3411 ⁶
973 3395 1014 3426 ut
1035 3392 1093 3426 des
1116 3392 1161 3425 eis
1185 3391 1429 3431 contusionem,
1453 3394 1489 3426 et
1509 3394 1655 3425 matrem
1680 3400 1797 3423 eorum
1818 3390 1853 3423 in
1876 3389 2035 3433 direptio-

131 3446 221 3476 nem,
238 3447 281 3470 ne
297 3437 470 3482 generatio
487 3447 604 3471 eorum
621 3437 693 3472 fiat.
735 3439 747 3457 ⁷
764 3438 1015 3483 Dispergantur
1030 3439 1064 3472 in
1081 3441 1198 3483 gentes
1214 3439 1355 3472 nomina
1371 3449 1499 3478 eorum,
1517 3438 1698 3471 deleantur
1713 3447 1734 3470 a
1749 3439 1854 3470 terra:
1873 3435 2036 3479 quoniam

130 3486 335 3527 spreverunt
358 3487 613 3519 sacramentum
638 3495 763 3520 meum.
815 3486 828 3505 ⁸
853 3485 912 3519 Vae
936 3485 1001 3520 tibi
1025 3486 1142 3526 Assur,
1168 3485 1226 3529 qui
1251 3485 1432 3519 abscondis
1457 3485 1592 3529 iniquos
1618 3494 1720 3528 penes
1746 3486 1791 3516 te.
1818 3483 1907 3516 Gens
1932 3481 2034 3521 mala,

1746 3541 1826 3580 77*
