2356 3760
79 209 110 233 ct·
133 207 259 231 mulii-ris

99 243 237 267 dochum.

91 685 245 709 Habitatio

88 721 244 745 (immoniti-

92 763 155 781 rum
177 757 240 783 erit,

103 1094 228 1124 populus

80 1129 131 1153 bvi
151 1130 252 1153 urbem

88 1165 243 1196 relinquat.

136 1283 200 1305 qua*

102 1312 231 1338 aravit-21·

93 1347 239 1377 punietur.

113 1740 225 1768 uenum

120 1778 212 1802 terrae.

103 1979 231 2007 negotiu-

118 2018 216 2039 torum

120 2052 213 2076 terra«.

95 2690 236 2717 mih-:rna-

91 2729 189 2750 toriini
212 2730 239 2749 vt

80 2762 252 2787 nautarum:

86 3038 244 3063 exsultatio

131 3073 200 3097 Geli.

88 3269 169 3293 Ultra
192 3276 247 3294 nori

85 3305 249 3330 invenietur
277 3328 283 3333 ,

123 3343 211 3370 :nque

64 3376 258 3403 obmutescet,

282 115 379 156 1204
1073 113 1386 147 APOCALYPSIS
1902 117 1954 150 11.
1985 117 2121 152 15--18,
2149 118 2186 151 21

386 209 413 232 ¹⁵
438 207 486 247 Et
510 207 614 247 dixit
636 206 751 246 mihi:
775 207 914 259 Aquae,
939 220 1038 259 quas
1062 205 1198 247 vidisti
1221 206 1287 247 ubi
1310 207 1502 248 meretrix
1523 207 1648 252 sedet,
1672 208 1811 261 populi
1831 215 1940 255 sunt,
1964 216 2003 252 et
2024 211 2188 257 Gentes,

276 273 315 307 et
346 266 502 319 linguae.
563 267 596 289 ¹⁶
628 265 677 306 Et
708 265 846 305 decern
877 278 1040 310 cornua,
1073 278 1162 318 quae
1193 265 1329 306 vidisti
1359 265 1398 306 in
1429 265 1577 307 bestia:
1607 265 1648 306 hi
1679 266 1817 308 odient
1846 267 2117 316 fornicariam,
2148 277 2191 311 et

273 325 500 365 desolatam
533 324 684 364 facient
717 323 839 368 illam,
875 329 915 364 et
949 324 1114 369 nudam,
1150 331 1189 365 et
1223 337 1361 365 carnes
1395 324 1478 365 eius
1511 324 1835 371 manducabunt,
1871 333 1911 368 et
1943 327 2074 381 ipsam
2107 328 2188 382 igni

273 383 604 424 concremabunt.
662 384 693 406 ¹⁷
723 383 830 422 Deus
858 382 964 422 enim
992 382 1105 423 dedit
1133 383 1172 423 in
1199 383 1321 424 corda
1348 396 1486 424 eorum
1514 389 1560 424 ut
1586 384 1740 425 faciant
1767 385 1877 438 quod
1903 385 2100 439 placitum
2127 394 2189 429 est

273 442 347 482 illi:
377 449 422 484 ut
448 442 545 482 dent
574 454 738 490 regnum
768 454 885 481 suum
915 440 1053 482 bestia}
1080 442 1207 482 donec
1234 449 1570 483 consummentur
1598 442 1718 483 verba
1746 443 1833 485 Dei.
1890 446 1924 468 ¹⁸
1950 445 2004 486 Et
2032 445 2186 491 mulier,

274 515 395 555 quam
429 500 578 544 vidisti,
610 508 669 540 est
699 499 843 540 civitas
874 513 1034 553 magna,
1066 514 1156 554 qua}
1186 500 1310 542 habet
1341 514 1505 550 regnum
1536 515 1657 554 super
1684 515 1794 555 reges
1824 509 1951 544 terrfe.

753 610 792 648 2.
823 609 1034 650 interitus
1065 610 1192 651 urbis
1223 610 1473 661 nuntiatur,
1502 611 1568 661 18,
1589 610 1712 651 1—8.

384 680 443 722 18.
503 683 509 703 ¹
543 680 598 721 Et
633 686 725 732 post
760 679 842 720 haec
879 680 960 721 vidi
997 681 1121 721 alium
1157 680 1356 733 Angelum
1391 680 1706 723 descendentem
1741 682 1790 723 de
1825 683 1932 729 caelo,
1968 683 2189 726 habentem

277 746 523 792 potestatem
558 751 767 792 magnam:
801 747 842 780 et
875 746 981 780 terra
1013 739 1243 781 illuminata
1275 747 1336 781 est
1368 753 1391 780 a
1421 740 1547 793 gloria
1579 740 1674 781 eius.
1736 743 1750 765 ²
1782 741 1836 783 Et
1869 742 2117 784 exclamavit
2149 743 2189 784 in

270 798 511 839 fortitudine
534 798 688 838 dicens:
729 798 915 845 aCecidit,
951 798 1097 839 cecidit
1132 798 1319 852 Babylon
1354 812 1520 852 magna:
1556 806 1596 840 et
1629 800 1741 841 facta
1773 807 1834 841 est
1868 800 2072 843 habitatio
2106 801 2186 843 dae-

270 857 512 903 nionioruin,
532 864 569 898 et
588 857 772 897 custodia
791 857 920 898 omnis
937 857 1102 910 spiritus
1120 858 1333 901 immundi.
1352 864 1393 899 et
1408 858 1596 899 custodia
1612 858 1742 899 omnis
1760 859 1933 901 volucris
1950 860 2186 907 immundae,

270 923 311 958 et
337 916 514 956 odibilis:
568 919 583 939 ²⁵
610 916 705 969 quia
731 916 780 956 de
807 916 902 956 vino
929 916 996 957 irre
1022 916 1300 957 fornicationis
1327 916 1410 957 eius
1438 917 1630 958 biberunt
1657 930 1795 959 omnes
1820 925 1980 972 gentes:
2008 925 2049 961 et
2074 933 2186 974 reges

271 982 386 1016 teme
407 988 500 1015 cuni
523 974 589 1014 illa
612 974 799 1015 fornicati
821 981 936 1016 sunt:
960 981 999 1016 et
1023 981 1266 1017 mercatores
1290 982 1405 1016 terrae
1427 976 1476 1016 de
1499 976 1652 1017 virtute
1674 976 1909 1018 deliciarum
1932 978 2015 1019 eius
2038 978 2187 1020 divites

274 1034 370 1075 facti
401 1041 508 1074 sunt.

377 1094 392 1116 ⁴
420 1093 475 1133 Et
502 1092 641 1133 audivi
670 1092 791 1133 aliam
820 1106 962 1133 vocem
990 1093 1039 1133 de
1067 1093 1175 1138 caelo,
1206 1093 1428 1135 dicentem:
1458 1093 1580 1135 Exite
1608 1094 1658 1135 de
1685 1094 1752 1135 illa
1780 1095 1954 1149 populus
1982 1109 2114 1137 meus:
2145 1103 2191 1138 ut

274 1165 322 1191 ne
354 1151 570 1204 participes
601 1151 688 1192 sitis
719 1151 960 1192 delictorum
991 1152 1087 1201 eius,
1128 1159 1168 1193 et
1199 1152 1247 1193 de
1278 1152 1405 1206 plagis
1437 1152 1520 1193 eius
1552 1165 1632 1193 non
1663 1153 1884 1207 accipiatis.
1942 1156 1957 1178 ⁵
1986 1155 2189 1203 Quoniam

273 1216 545 1263 pervenerunt
562 1216 732 1264 peccata
747 1210 829 1251 eius
843 1224 969 1265 usque
985 1211 1037 1251 ad
1049 1211 1203 1258 caelum,
1215 1218 1256 1252 et
1270 1211 1506 1253 recordatus
1521 1217 1582 1253 est
1592 1212 1794 1253 Dominus
1809 1212 2077 1267 iniquitatum
2089 1214 2185 1256 eius.

383 1271 398 1293 ‘³
433 1269 607 1309 Reddite
640 1269 696 1309 illi
729 1269 833 1310 sicut
866 1275 906 1310 et
939 1270 1028 1323 ipsa
1060 1270 1237 1312 reddidit
1271 1270 1405 1312 vobis:
1441 1277 1479 1312 et
1514 1270 1720 1324 duplicate
1754 1271 1933 1325 duplicia
1964 1273 2189 1314 secundum

275 1342 397 1381 opera
426 1328 527 1369 eius:
560 1328 600 1369 in
630 1328 787 1381 poculo.
821 1342 900 1382 quo
930 1329 1105 1377 miscuit,
1137 1329 1302 1371 miscete
1331 1329 1386 1370 illi
1417 1329 1600 1383 duplum.
1662 1332 1675 1354 ⁷
1705 1330 1918 1379 Quantum
1946 1331 2189 1385 glorificavit

271 1402 323 1432 se,
346 1395 385 1428 et
409 1387 448 1427 in
469 1387 619 1428 deliciis
639 1388 730 1434 fuit,
753 1393 919 1428 tantum
938 1388 1034 1429 date
1055 1388 1109 1428 illi
1130 1394 1383 1429 tormentum
1403 1395 1443 1430 et
1462 1389 1638 1429 luctum:
1662 1389 1757 1443 quia
1776 1390 1817 1430 in
1837 1390 1956 1431 corde
1976 1404 2048 1432 suo
2068 1391 2185 1432 dicit:

276 1446 423 1487 ¹³Sedeo
445 1446 599 1500 regina:
622 1452 664 1487 et
684 1446 810 1486 vidua
830 1460 910 1487 non
932 1461 1040 1487 suni:
1064 1453 1104 1488 et
1124 1447 1281 1488 luctum
1302 1460 1383 1488 non
1406 1447 1564 1489 videbo.
1618 1449 1632 1471 s
1656 1448 1751 1489 Ideo
1772 1449 1812 1489 in
1834 1462 1916 1490 una
1937 1449 2000 1490 die
2022 1450 2187 1491 venient

273 1505 401 1558 plagae
431 1505 526 1549 eius,
558 1518 677 1548 mors.
710 1511 749 1545 et
779 1505 925 1552 luctus,
957 1511 997 1546 et
1027 1506 1167 1550 fames,
1199 1512 1239 1547 et
1268 1506 1359 1559 igne
1389 1506 1669 1547 comburetur:
1703 1508 1798 1560 quia
1827 1507 1943 1549 fortis
1973 1514 2033 1550 est
2063 1509 2186 1557 Deua

274 1564 342 1617 qui
372 1564 569 1604 iudicabit
599 1563 722 1604 illam.

665 1670 702 1709 3.
735 1668 947 1709 Planctus
978 1670 1228 1709 amicorum
1260 1668 1538 1720 praedicitur,
1569 1670 1635 1720 18,
1654 1670 1801 1711 9—20.

382 1743 396 1762 ³⁴
417 1739 471 1780 Et
492 1739 661 1781 flebunt.
685 1745 724 1780 et
745 1739 940 1793 plangent
961 1753 1001 1780 se
1021 1752 1141 1793 super
1160 1738 1272 1780 illam
1293 1753 1403 1794 reges
1424 1746 1552 1789 terrae,
1577 1741 1645 1794 qui
1666 1754 1758 1782 cum
1780 1740 1847 1782 illa
1866 1741 2056 1783 fornicati
2077 1749 2185 1787 sunt.

274 1804 314 1839 et
336 1799 375 1839 in
399 1798 548 1839 deliciis
572 1799 775 1845 vixerunt,
800 1812 892 1839 cum
915 1798 1092 1839 viderint
1113 1799 1274 1840 fumum
1295 1799 1471 1841 incendii
1493 1800 1595 1840 eius:
1647 1802 1681 1824 ¹⁰
1701 1799 1818 1854 longe
1840 1806 1997 1842 stantes
2019 1808 2187 1856 propter

272 1858 460 1899 timorem
487 1863 787 1898 tormentorum
815 1858 910 1905 eius,
940 1858 1139 1899 dicentes:
1168 1858 1250 1904 Vae,
1280 1871 1341 1899 vae
1367 1859 1511 1900 civitas
1539 1858 1608 1899 illa
1635 1872 1782 1913 magna
1812 1859 2012 1914 Babylon,
2041 1860 2187 1902 civitas

272 1917 340 1957 illa
369 1917 503 1958 fortis:
536 1917 730 1971 quoniam
762 1930 843 1957 una
873 1917 972 1957 hora
1001 1917 1115 1958 venit
1145 1917 1340 1958 iudicium
1371 1924 1502 1959 tuum.

381 1979 407 2000 ¹¹
443 1976 497 2016 Et
530 1976 804 2030 negotiatores
837 1982 954 2017 terrae
985 1975 1155 2024 flebunt,
1190 1982 1231 2017 et
1262 1976 1461 2030 lugebunt
1494 1990 1614 2030 super
1646 1977 1774 2018 illam:
1811 1978 2004 2031 quoniam
2037 1992 2187 2020 merces

275 2048 413 2075 eorum
435 2048 554 2076 nemo
575 2041 682 2076 emet
703 2034 895 2088 amplius:
946 2037 975 2059 ¹²
996 2048 1146 2076 merces
1168 2036 1266 2081 auri,
1290 2042 1329 2076 et
1351 2035 1520 2089 argenti,
1543 2042 1583 2077 et
1603 2036 1748 2089 lapidis
1770 2036 1946 2090 pretiosi,
1969 2042 2010 2078 et
2029 2051 2187 2092 marga-

273 2094 372 2138 ritae,
401 2100 440 2134 et
467 2094 588 2146 byssi,
617 2100 656 2134 et
683 2107 884 2146 purpurae,
912 2099 952 2134 et
978 2094 1102 2138 serici,
1131 2100 1171 2134 et
1196 2095 1316 2138 cocci,
1343 2096 1401 2147 (et
1428 2107 1546 2135 omne
1571 2094 1725 2148 lignum
1752 2095 1956 2148 thyinum.
1984 2102 2024 2137 et
2050 2097 2188 2139 onmia

277 2166 374 2193 vasa
400 2152 542 2196 eboris,
570 2158 609 2193 et
636 2152 771 2193 onmia
798 2165 897 2193 vasa
921 2152 970 2193 de
994 2152 1128 2206 lapide
1154 2153 1343 2206 pretioso,
1371 2158 1411 2194 ct
1436 2160 1670 2197 aeramentO.
1697 2159 1737 2194 et
1763 2154 1879 2198 ferro.
1907 2160 1946 2195 et
1971 2168 2184 2201 marmore,

274 2214 304 2236 ¹³³
331 2218 371 2252 et
399 2212 722 2261 cinnamomum)
750 2218 789 2252 et
818 2211 1190 2257 odoramentorum,
1220 2218 1260 2252 et
1289 2212 1498 2265 unguenti,
1527 2218 1569 2253 et
1595 2212 1737 2259 thuris,
1767 2219 1807 2254 et
1835 2213 1931 2261 vini,
1961 2219 2001 2254 et
2030 2213 2116 2263 olei,
2144 2220 2186 2255 et

273 2270 424 2314 similae.
448 2277 488 2311 et
510 2270 646 2319 tritici,
671 2276 711 2310 et
733 2270 1021 2314 iumentorum.
1046 2277 1085 2311 et
1109 2270 1260 2314 ovium,
1284 2276 1325 2312 et
1346 2284 1557 2325 equorum,
1581 2278 1621 2312 et
1643 2271 1874 2318 rhedarum,
1898 2278 1938 2313 et
1960 2273 2183 2326 mancipio-

272 2343 374 2373 rum,
403 2336 442 2370 et
469 2330 699 2370 animarum
725 2329 950 2370 hominum.
1006 2331 1037 2353 ¹⁴
1063 2329 1118 2370 Et
1143 2342 1267 2383 poma
1292 2330 1478 2371 desiderii
1505 2330 1651 2371 animae
1676 2336 1758 2371 tuae
1784 2330 2053 2372 discesserunt
2080 2345 2104 2372 a
2130 2338 2182 2381 te,

273 2396 312 2430 et
342 2389 478 2429 omnia
505 2388 683 2442 pinguia,
715 2395 754 2429 et
785 2388 976 2441 praeclara
1004 2388 1211 2441 perierunt.
1239 2402 1263 2429 a
1290 2394 1342 2436 te,
1373 2394 1413 2430 et
1442 2388 1616 2442 amplius
1645 2389 1713 2430 illa
1740 2390 1821 2430 iam
1850 2403 1931 2431 non
1960 2390 2182 2432 invenient.

273 2450 303 2472 ¹⁵
328 2448 572 2488 Mercatorcs
599 2447 756 2491 horum,
785 2447 853 2501 qui
879 2447 1026 2488 divites
1052 2448 1150 2488 facti
1177 2454 1285 2494 sunt,
1313 2448 1365 2489 ab
1391 2461 1438 2489 ea
1462 2448 1579 2501 longe
1605 2448 1777 2489 stabunt
1802 2454 1969 2502 propter
1994 2449 2182 2491 timorem

272 2515 571 2547 tormentorum
597 2507 692 2551 eius,
719 2506 873 2551 flentes,
901 2519 945 2546 ac
971 2506 1166 2559 lugentes,
1221 2509 1254 2531 ¹⁶
1278 2512 1318 2547 et
1343 2507 1541 2548 dicentes:
1568 2507 1603 2547 V
1605 2520 1649 2553 ae,
1677 2521 1737 2548 vae
1761 2508 1906 2548 civitas
1929 2507 1999 2548 illa-
2022 2521 2183 2563 magna.

273 2579 362 2619 quae
379 2565 530 2606 amicta
546 2572 632 2606 erat
651 2565 783 2618 bysso,
802 2572 843 2606 et
859 2578 1051 2618 purpura,
1071 2572 1111 2606 et
1127 2579 1258 2610 cocco.
1277 2571 1317 2606 et
1334 2566 1533 2606 deaurata
1549 2572 1637 2607 erat
1653 2579 1763 2613 auro,
1783 2572 1822 2608 et
1838 2566 1974 2620 lapide
1992 2567 2181 2621 pretioso,

271 2633 306 2665 ct
342 2624 588 2677 margaritis:
648 2626 681 2648 ¹⁷
713 2624 905 2677 quoniam
939 2637 1019 2665 una
1048 2624 1147 2665 hora
1177 2625 1387 2666 destitutae
1416 2631 1511 2666 sunt
1543 2630 1670 2666 tantae
1700 2625 1866 2671 divitiae,

378 2690 418 2724 et
442 2683 571 2723 omnis
593 2682 854 2735 gubernator,
879 2689 919 2724 et
943 2683 1085 2727 omnis,
1111 2684 1179 2737 qui
1201 2684 1242 2724 in
1264 2683 1398 2725 lacurn
1422 2684 1603 2737 navigat,
1627 2690 1667 2725 et
1691 2690 1840 2731 nautae,
1863 2690 1904 2725 et
1928 2685 1996 2738 qui
2018 2685 2059 2726 in
2082 2686 2183 2726 mari

276 2750 507 2795 operantur.
526 2742 641 2791 longe
658 2748 873 2784 steterunt.
921 2745 954 2766 ¹⁸
969 2748 1010 2783 et
1026 2742 1308 2783 clamaverunt
1326 2743 1510 2783 videntes
1527 2742 1661 2783 locum
1677 2743 1852 2784 incendii
1869 2743 1964 2792 eius,
1983 2743 2181 2785 dicentes:

272 2801 370 2848 Qufe
397 2801 535 2841 similis
564 2801 723 2841 civitati
751 2801 843 2841 huic
872 2801 1053 2854 magnae?
1111 2804 1143 2825 ¹⁹
1172 2801 1225 2842 Et
1253 2801 1451 2842 miserunt
1480 2801 1688 2855 pulverem
1715 2815 1836 2855 super
1863 2802 2000 2856 capita
2026 2815 2112 2851 sua,
2142 2809 2183 2844 et

271 2859 553 2900 clamaverunt
573 2859 727 2907 flentes,
750 2866 790 2900 ct
811 2859 1006 2913 lugentes,
1029 2860 1226 2901 dicentes:
1251 2860 1331 2909 Vae,
1355 2874 1416 2901 vae
1435 2860 1580 2901 civitas
1600 2860 1669 2901 illa
1689 2874 1849 2914 magna,
1871 2861 1913 2902 in
1934 2874 2015 2915 qua
2034 2861 2182 2903 divites

271 2918 367 2959 facti
396 2927 489 2958 sunt
519 2933 668 2962 omnes,
699 2918 765 2972 qui
794 2918 1003 2959 habebant
1032 2932 1155 2959 naves
1184 2919 1223 2959 in
1251 2919 1351 2959 mari
1379 2919 1428 2960 de
1458 2919 1594 2972 pretiis
1621 2919 1723 2959 cius:
1753 2919 1947 2973 quoniam
1974 2933 2057 2961 una
2081 2920 2183 2961 hora

271 2977 453 3018 desolata
483 2987 553 3018 cst.

378 3038 413 3060 ²⁰
432 3035 585 3076 Exulta
604 3050 722 3089 super
741 3050 829 3077 eam
850 3037 1004 3083 caeluni,
1026 3045 1065 3077 et
1085 3037 1214 3077 sancti
1235 3037 1432 3089 Apostoli,
1454 3044 1494 3077 et
1514 3037 1746 3090 Prophetze:
1769 3037 1963 3091 quoniam
1984 3037 2179 3078 iudicavit

272 3095 381 3135 Deus
412 3094 604 3135 iudiciuin
636 3102 815 3135 vestrum
845 3095 893 3135 de
923 3095 1000 3136 illa.

716 3200 753 3238 4.
785 3199 984 3240 vastitas
1015 3199 1142 3239 urbis
1174 3198 1455 3250 depingitur,
1485 3200 1551 3249 18,
1570 3199 1742 3240 21—724.

378 3271 408 3293 2¹
438 3269 491 3309 Et
520 3268 684 3309 sustulit
716 3282 816 3308 unus
846 3269 1021 3322 Angelus·
1050 3269 1165 3310 fortis
1194 3269 1370 3323 lapidem
1400 3270 1514 3323 quasi
1543 3270 1737 3311 molarem
1764 3282 1972 3323 magnum,
2002 3275 2041 3309 et
2071 3268 2181 3310 misit

276 3341 314 3368 in
337 3341 459 3370 mare.
483 3328 636 3367 dicens:
663 3327 748 3367 Hoc
773 3327 926 3379 inipetu
950 3328 1138 3368 mittetur
1163 3328 1347 3381 Babylon
1369 3328 1513 3369 civitas
1536 3328 1603 3369 illa
1624 3341 1784 3382 magna,
1807 3334 1848 3369 et
1869 3328 1976 3368 ultra
1997 3327 2078 3368 iam
2098 3341 2178 3369 non

408 3451 458 3492 18,
485 3452 504 3485 ‘2
529 3453 580 3485 ³1<
606 3453 657 3486 21.
684 3454 718 3488 st:
748 3453 780 3487 h·
803 3455 856 3490 51,
882 3455 916 3488 8:
943 3455 1013 3498 Sup
1040 3455 1091 3493 14,
1116 3454 1145 3487 8.
1172 3475 1213 3478 ⁴
1238 3456 1255 3487 7
1280 3455 1332 3487 bis
1357 3455 1408 3494 47,
1433 3455 1462 3488 S.
