2356 3760
117 89 147 129 7,
173 87 291 127 66-8‚
318 88 358 120 15
954 84 1190 118 ΝΕΗΕΜΙΕ
1936 95 2010 135 417

223 182 259 205 ⁶⁶
284 181 426 221 Omnis
452 179 673 220 multitudo
702 177 818 230 quasi
843 177 905 217 vir
930 191 1034 218 unus
1061 191 1130 230 qu
1119 178 1415 227 idraomtaduo
1442 180 1568 220 millia
1593 185 1761 224 trecenti
1787 187 2160 239 30111111111111,(ΟΨΠΒ

119 242 153 264 ⁶⁷
178 241 331 292 absque
355 239 480 279 servis
503 244 543 279 et
567 236 720 278 ancillis
744 248 894 279 eorum
922 236 990 289 qui
1014 242 1129 276 erant
1154 243 1308 289 septem
1332 236 1458 277 millia
1481 240 1651 279 trecenti
1674 228 2008 296 trigintaseptem,
2049 221 2180 283 “3¹23le

117 304 157 340 et
181 299 286 339 inter
309 311 376 339 eos
399 303 595 343 031110ῑο3,
621 300 661 335 et
684 294 940 342 cantatrices
967 295 1131 335 ducenti
1156 295 1620 349 quadragintaquinque
1675 299 1710 321 ⁶⁸
1733 299 1838 351 Equi
1862 314 2009 346 eorum

117 357 363 411 septingenti
405 355 662 407 trigintasex:
706 352 806 393 muli
849 365 999 402 eorum,
1045 353 1209 394 ducenti
1253 367 1320 406 qu
1311 354 1723 409 idragintaquinque:
1797 359 1831 382 ⁶⁹
1874 361 2012 401 cameli

117 429 267 461 eorum.
299 412 583 468 quadringenti
611 411 981 465 trigintaquinque:
1012 411 1124 454 asini.
1155 424 1224 451 sex
1251 412 1374 452 millia
1403 414 1648 466 septingenti
1676 415 1831 468 viginti.

117 509 331 559 Hucusque
349 506 510 557 refertur
527 504 622 557 quid
639 504 683 545 1ἶ11
703 504 976 545 commentario
997 504 1184 556 seriptum
1203 505 1332 555 fuerit
1354 505 1444 546 01111
1462 506 1662 547 Xehemiae
1679 508 1845 549 historia
1862 510 2012 551 terim

224 585 260 607 70
290 581 484 623 Nonnulli
515 587 653 621 autem
685 580 733 620 de
764 580 1013 633 principibus
1043 579 1291 620 familiarum
1322 581 1520 622 dederunt
1552 582 1592 621 in
1623 596 1734 634 opus.
1767 582 2210 648 11111013111113ξ)ξ)11[ζ“ζξζ3ζ·”Ι

116 642 258 683 dedit'
248 655 290 682 m
312 641 548 682 thesaurum
570 639 656 680 auri
678 639 892 679 drachmas
913 638 1032 682 mille
1056 639 1214 692 phialas
1236 639 1544 693 quinquaginta,
1569 641 1727 681 tunicas
1748 643 2015 684 sacerdotales

117 701 360 754 quingentas
397 699 576 752 triginta.
646 699 678 722 ⁷1
715 698 770 738 Et
808 698 857 738 de
895 698 1144 751 principibus
1180 697 1428 738 familiarum
1467 699 1666 739 dederunt
1703 700 1744 740 in
1782 701 2016 742 thesaurum

117 760 246 813 operis
276 759 363 799 auri
391 757 605 799 drachmas
633 756 779 810 viginti
807 756 944 800 millia,
975 762 1016 797 et
1045 757 1201 810 argenti
1229 770 1344 797 mnas
1374 757 1454 798 duo
1482 757 1608 798 millia
1636 758 1843 800 ducentas.
1903 762 1934 784 ⁷2
1963 760 2018 801 Et

117 819 227 872 quod
258 817 371 858 dedit
399 816 576 869 reliquus
607 815 794 869 populus,
828 815 914 856 auri
945 816 1159 856 drachmas
1190 816 1334 869 viginti
1364 815 1501 860 millia,
1534 822 1575 856 et
1606 817 1762 870 argenti
1791 831 1907 858 mnas
1938 819 2017 860 duo

116 877 253 925 millia,
287 881 327 917 et
357 875 516 916 tunicas
546 874 816 916 sacerdotales
847 875 1229 928 sexagintaseptem.

224 937 257 960 ⁷³
290 935 596 976 Habitaverunt
630 939 767 975 autem
801 934 1050 978 Sacerdotes,
1086 940 1127 974 et
1159 934 1324 979 Levitae,
1361 940 1400 974 et
1433 934 1635 978 ianitores,
1671 941 1713 975 et
1745 941 1941 980 cantores,
1977 931 2212 993 etrgssss’ssstgrtffi„

115 995 316 1048 reliquum
346 993 503 1046 vulgus,
537 998 577 1034 et
609 992 826 1035 Nathinaei.
859 998 900 1033 et
930 993 1060 1033 omnis
1094 992 1215 1033 Israel
1245 993 1286 1033 in
1316 993 1552 1034 civitatibus
1583 993 1675 1034 suis.
2218 988 2221 991 ’

764 1118 983 1173 PARS
1024 1119 1382 1172 ALTERA.

358 1208 718 1262 Nehemias
758 1210 1033 1274 gentem
1069 1208 1365 1272 roborat,
1405 1206 1462 1271 8,
1489 1207 1584 1259 1—
1588 1206 1673 1272 13,
1701 1207 1787 1260 31.

991 1299 1132 1314 11111

347 1354 389 1404 Ι.
425 1353 634 1403 Foedus
675 1369 804 1403 cum
844 1352 1087 1402 Domino
1127 1353 1386 1404 renovat.
1426 1351 1475 1403 8.
1503 1352 1679 1407 111410.
1706 1351 1791 1403 39.

580 1444 619 1483 1.
648 1442 884 1483 Praelectio
914 1443 1031 1494 legis
1062 1442 1290 1493 Mosaicae,
1318 1444 1357 1493 8,
1376 1443 1496 1493 1—9,
1517 1443 1555 1483 5.

221 1515 260 1559 8.
315 1517 329 1540 1
354 1516 410 1556 Et
435 1521 604 1556 venerat
628 1515 776 1555 mensis
802 1515 1017 1568 septimus:
1046 1514 1115 1555 filii
1141 1520 1278 1555 autem
1309 1514 1429 1555 lsrael
1454 1520 1570 1555 erant
1594 1514 1636 1555 in
1661 1515 1898 1556 civitatibus
1923 1517 2015 1558 suis.

115 1575 473 1628 Congregatusque
494 1580 555 1615 est
576 1574 706 1615 omnis
725 1573 901 1627 populus
922 1574 1036 1627 quasi
1057 1574 1119 1615 vir
1139 1587 1242 1614 unus
1263 1574 1315 1614 ad
1335 1574 1526 1627 plateam,
1551 1586 1640 1627 quae
1660 1579 1721 1614 est
1741 1580 1836 1615 ante
1856 1580 2017 1627 portam

117 1647 336 1687 aquarum:
355 1640 394 1674 et
412 1634 604 1707 dixerunt
621 1633 761 1674 Esdrae
777 1633 916 1674 scribae
934 1639 977 1673 ut
996 1632 1157 1673 afferret
1175 1633 1342 1673 Librum
1358 1632 1454 1687 legis
1470 1632 1612 1686 Moysi,
1633 1646 1755 1686 quam
1773 1639 2020 1699 praeceperat

115 1693 317 1734 Dominus
342 1692 490 1734 Israeli.
542 1691 731 1733 ‘Attulit
753 1705 845 1745 ergo
868 1692 1019 1732 Esdras
1041 1692 1226 1733 sacerdos
1247 1692 1375 1745 legem
1397 1705 1532 1733 coram
1554 1691 1818 1733 multitudine
1840 1692 2018 1734 virorum

117 1757 159 1793 et
178 1751 405 1796 mulierum
428 1751 666 1817 cunctisque
688 1751 756 1804 qui
777 1756 967 1804 poterant
988 1751 1220 1805 intelligere,
1244 1752 1283 1791 in
1305 1751 1367 1792 die
1388 1751 1520 1804 prima
1538 1751 1686 1791 mensis
1706 1751 1879 1804 septimi.
1928 1754 1943 1776 ³
1963 1752 2019 1793 Et

115 1810 212 1864 legit
240 1811 280 1851 in
310 1824 355 1852 eo
386 1816 524 1864 aperte
553 1810 594 1851 in
622 1810 761 1863 platea
790 1823 880 1863 quae
908 1816 994 1851 erat
1025 1816 1120 1851 ante
1150 1817 1310 1863 portam
1341 1823 1552 1863 aqua11,1m
1584 1810 1633 1850 de
1662 1823 1780 1850 mane
1810 1823 1937 1864 usque
1966 1811 2019 1852 ad

116 1870 292 1911 mediam
320 1870 439 1915 diem,
469 1870 509 1910 in
537 1876 757 1922 conspectu
785 1869 964 1910 virorum
992 1875 1032 1910 et
1059 1869 1286 1913 mulierum,
1316 1875 1356 1910 et
1384 1869 1647 1922 sapientium:
1677 1874 1717 1909 et
1745 1882 1860 1909 aures
1888 1869 2017 1910 omnis

116 1928 255 1982 populi
273 1937 389 1969 erant
406 1934 548 1969 erectae
565 1928 617 1968 ad
633 1928 813 1969 Librum.
859 1930 874 1952 ⁴
890 1928 1015 1969 Stetit
1033 1934 1171 1968 31110111
1189 1928 1339 1969 Esdras
1356 1928 1488 1969 scriba
1503 1940 1622 1981 super
1637 1928 1808 1981 gradum
1825 1927 2014 1981 ligneum,

117 2000 237 2040 quem
268 1987 420 2028 fecerat
451 1987 502 2028 ad
532 1986 800 2040 loquendum:
834 1992 874 2027 et
904 1992 1107 2028 steterunt
1137 1987 1255 2027 iuxta
1284 2000 1376 2028 eum
1407 1986 1671 2035 Mathathias,
1705 1992 1746 2027 et
1776 1987 1943 2035 80111013,
1977 1991 2018 2028 et

115 2046 231 2093 Ania,
261 2051 302 2086 et
330 2046 438 2090 Uria,
468 2053 507 2086 et
537 2045 688 2093 Heleia,
718 2051 759 2086 et
785 2046 951 2090 Maasia.
981 2046 1033 2086 ad
1060 2046 1270 2087 dexteram
1298 2046 1400 2086 eius:
1429 2051 1469 2086 et
1496 2046 1548 2086 ad
1574 2045 1791 2094 sinistram,
1820 2045 2016 2096 Phadaia,

116 2104 268 2151 Misael,
293 2110 333 2145 et
355 2104 538 2150 Melchia.
564 2110 605 2145 et
628 2104 798 2148 Hasum.
824 2110 865 2145 et
888 2104 1151 2148 Hasbadana.
1177 2105 1383 2153 Zacharia,
1409 2110 1449 2145 et
1471 2104 1694 2145 Mosollam.
1745 2106 1760 2129 ⁵
1782 2104 1837 2145 Et
1860 2105 2019 2158 aperuit

117 2164 268 2204 Esdras
294 2164 462 2204 Librum
489 2176 625 2204 coram
652 2163 762 2204 omni
788 2163 957 2217 populo:
986 2176 1106 2217 super
1131 2164 1364 2205 universum
1393 2164 1542 2217 quippe
1569 2163 1764 2216 populum
1792 2164 2016 2205 eminebat:

116 2228 158 2264 et
181 2235 273 2263 cum
298 2223 520 2276 aperuisset
544 2236 648 2270 eum,
675 2222 791 2263 stetit
814 2223 944 2263 onmis
968 2222 1153 2276 populus.
1209 2224 1224 2246 θ
1247 2223 1302 2263 Ε1
1326 2223 1534 2263 benedixit
1558 2222 1708 2263 Esdras
1731 2223 1907 2264 Domino
1931 2223 2017 2264 Deo

115 2295 282 2335 magno:
303 2288 344 2322 et
361 2282 571 2335 respondit
590 2281 720 2323 omnis
738 2281 931 2335 populus:
951 2282 1094 2327 Α111011
1115 2282 1264 2322 Amen:
1286 2281 1448 2322 elevans
1466 2294 1611 2321 manus
1630 2294 1734 2322 suas.
1756 2287 1796 2322 et
1814 2282 2018 2322 incurvati

115 2346 223 2389 sunt,
252 2346 292 2381 et
319 2341 595 2382 adoraverunt
620 2341 753 2381 Deum
780 2340 897 2394 proni
923 2341 963 2381 in
991 2346 1152 2382 terram.
1211 2341 1376 2382 ³P0rr0
1405 2341 1533 2386 Iosue,
1562 2346 1603 2381 et
1630 2340 1744 2385 Bani
1774 2346 1814 2381 et
1840 2341 2014 2390 Serebia,

118 2399 261 2448 Iamin‚
290 2393 440 2444 Αο0110,
470 2399 678 2453 Sephthai,
709 2399 824 2444 Odia,
854 2400 1019 2448 Maasia,
1049 2399 1187 2444 Celita.
1217 2400 1394 2444 Azarias.
1425 2400 1611 2443 Iozabed
1643 2399 1803 2447 Hanan
1833 2399 2014 2449 Phalaia,

116 2458 282 2507 Levitae,
308 2458 513 2499 silentium
535 2458 774 2499 faciebant
764 2472 805 2499 1n
828 2458 978 2512 populo
1003 2459 1055 2499 ad
1079 2459 1324 2500 audiendam
1347 2458 1493 2512 legem:
1518 2458 1693 2511 populus
1717 2463 1854 2499 autem
1878 2458 2018 2499 stabat

117 2517 158 2558 in
180 2517 309 2571 gradu
336 2530 420 2559 suo.
473 2519 488 2541 ⁸
507 2517 562 2558 Et
583 2517 768 2571 legerunt
782 2518 824 2558 in
841 2518 962 2559 Libro
979 2517 1075 2571 legis
1092 2518 1168 2558 Dei
1185 2518 1387 2563 distincte,
1408 2524 1448 2559 et
1466 2523 1604 2571 aperte
1622 2517 1674 2558 ad
1690 2516 2015 2571 intelligendum:

116 2582 157 2617 et
182 2575 469 2617 intellexerunt
495 2590 588 2618 cum
612 2576 822 2629 legeretur.
879 2578 895 2601 ⁹
920 2577 1037 2618 Dixit
1062 2582 1201 2618 autem
1228 2577 1444 2618 Nehemias
1470 2577 1571 2630 (ipse
1597 2581 1659 2617 est
1683 2576 1950 2629 Athersatha)
1976 2582 2017 2617 et

117 2635 267 2676 Esdras
294 2636 479 2676 sacerdos
506 2640 546 2676 et
572 2636 714 2680 scriba,
744 2640 785 2676 et
811 2636 966 2676 Levitae
991 2636 1308 2689 interpretantes
1336 2636 1523 2677 universo
1550 2634 1718 2689 populo:
1746 2635 1843 2675 Dies
1869 2635 2016 2676 sancti-

116 2694 262 2735 ficatus
290 2700 351 2735 est
379 2695 556 2736 Domino
584 2695 672 2735 Deo
702 2700 852 2743 nostro,
884 2695 1009 2736 nolite
1037 2695 1183 2748 lugere,
1215 2701 1256 2736 et
1285 2695 1409 2736 nolite
1440 2694 1545 2735 flere.
1576 2694 1722 2734 Flebat
1751 2694 1856 2734 enim
1887 2694 2017 2735 omnis

116 2753 291 2806 populus
315 2766 407 2794 cum
433 2754 592 2794 audiret
616 2753 743 2794 verba
764 2753 872 2807 legis.
927 2756 962 2778 ¹⁰
985 2754 1041 2795 Et
1065 2754 1170 2795 dixit
1194 2754 1266 2795 eis:
1296 2755 1368 2799 Ite,
1396 2754 1595 2795 comedite
1618 2752 1796 2806 pinguia,
1824 2758 1864 2793 et
1889 2753 2016 2794 bibite

115 2811 304 2861 mulsum,
324 2818 365 2853 et
381 2812 535 2853 mittite
553 2818 691 2866 partes
707 2812 780 2861 his,
802 2812 871 2866 qui
888 2826 969 2854 non
987 2819 1322 2867 praeparaverunt
1340 2813 1433 2854 sibi:
1454 2813 1549 2866 quia
1566 2816 1732 2852 sanctus
1749 2811 1832 2852 dies
1850 2811 2017 2853 Domini

116 2876 188 2920 est,
215 2875 257 2912 et
280 2870 404 2912 nolite
429 2872 679 2913 contristari:
705 2871 900 2925 gaudium
925 2872 1076 2913 etenim
1100 2872 1267 2913 Domini
1292 2878 1352 2913 est
1376 2871 1576 2913 fortitudo
1601 2875 1752 2912 nostra.
1806 2872 1837 2894 1¹
1863 2871 2017 2912 Levitae

117 2934 255 2970 autem
278 2929 483 2970 silentium
505 2931 712 2972 faciebant
734 2931 777 2971 in
799 2930 909 2972 omni
932 2930 1094 2984 populo,
1120 2931 1317 2972 dicentes:
1344 2931 1501 2977 Tacete,
1529 2929 1624 2983 quia
1646 2929 1730 2970 dies
1752 2934 1917 2970 sanctus
1941 2935 2013 2974 est,

116 2993 156 3029 et
176 2988 301 3029 nolite
321 2988 465 3030 dolere.
516 2991 547 3013 ¹2
566 2989 680 3030 Abiit
700 2989 840 3043 itaque
861 2990 990 3030 omnis
1011 2990 1186 3043 populus
1206 2996 1253 3031 ut
1273 2990 1501 3031 comederet
1521 2995 1562 3029 et
1582 2988 1749 3037 biberet,
1773 2993 1813 3029 et
1833 2989 2017 3029 mitteret

115 3052 264 3100 partes,
295 3052 335 3088 et
362 3048 515 3089 faceret
541 3048 728 3089 laetitiam
754 3061 965 3102 magnam:
997 3049 1092 3102 quia
1119 3049 1402 3090 intellexerant
1431 3048 1567 3095 verba,
1598 3060 1688 3101 quae
1716 3047 1909 3088 docuerat
1937 3060 2013 3088 eos.

219 3120 252 3142 ¹3
283 3118 339 3159 Et
370 3118 412 3159 in
445 3119 508 3159 die
540 3120 716 3161 secundo
750 3119 983 3173 congregati
1015 3125 1111 3161 sunt
1142 3120 1343 3174 principes
1374 3118 1621 3159 familiarum
1653 3117 1830 3158 universi
1862 3117 2012 3171 populi.

114 3177 353 3218 Sacerdotes
387 3183 428 3218 et
462 3177 617 3218 Levitae
651 3178 703 3218 ad
737 3178 912 3219 Esdram
947 3179 1132 3225 scribam,
1185 3185 1231 3219 ut
1265 3179 1603 3231 interpretaretur
1637 3176 1691 3217 eis
1726 3177 1852 3217 verba
1885 3176 2011 3230 Legis.

117 3237 148 3260 ¹4
168 3235 225 3276 Et
243 3236 488 3277 invenerunt
507 3236 704 3290 scriptum
724 3237 765 3277 in
785 3237 889 3291 Lege
909 3238 1144 3291 praecepisse
1164 3237 1387 3279 Dominum
1407 3236 1448 3276 in
1468 3249 1592 3276 manu
1612 3235 1743 3288 Moysi
1762 3240 1809 3275 ut
1828 3235 2016 3275 habitent

115 3294 185 3334 filii
211 3294 334 3335 Israel
357 3295 399 3335 in
425 3295 708 3341 tabernaculis,
736 3296 778 3336 in
803 3296 867 3337 die
892 3295 1087 3342 sollemni,
1114 3309 1251 3337 mense
1276 3295 1467 3349 septimo:
1521 3297 1553 3319 ¹5
1577 3299 1618 3336 et
1642 3300 1690 3334 ut
1713 3293 1946 3347 praedicent,
1974 3298 2015 3332 et

115 3352 325 3406 divulgent
345 3367 487 3395 vocem
512 3354 553 3394 in
575 3354 772 3395 universis
796 3355 964 3395 urbibus
989 3355 1081 3399 31113,
1104 3360 1145 3396 et
1168 3355 1208 3395 in
1232 3353 1461 3397 Ierusalem,
1486 3354 1683 3395 dicentes:
1708 3350 1953 3405 Egredimini
1972 3349 2011 3388 in

115 3417 309 3457 montem,
329 3418 368 3453 et
385 3412 526 3453 afferte
545 3413 709 3454 frondes
726 3413 853 3457 olivae,
869 3419 909 3454 et
925 3414 1087 3455 frondes
1103 3413 1198 3467 ligni
1214 3412 1483 3466 pulcherrimi.
1499 3412 1661 3454 frondes
1676 3410 1811 3463 myrti.
1827 3415 1866 3449 et
1882 3419 2012 3447 ramos

182 3486 436 3513 Hetzenauer.
462 3487 587 3518 Vulgata
609 3487 799 3513 Clementina.
1757 3479 1807 3517 27

2081 1510 2165 1536 Festo

2049 1546 2196 1575 tubarum,

2030 3114 2103 3139 resto
2117 3114 2209 3138 taber-

2031 3148 2206 3175 naculorum,
