2356 3760
145 186 198 221 32,
224 184 343 223 4—32,
371 185 406 216 41
1008 183 1200 217 Α11011001
1976 192 2050 232 139

147 275 294 324 Eleale,
317 281 359 316 et
379 276 526 321 8011011,
552 280 593 316 01
614 275 741 323 Nebo,
765 280 806 315 et
829 275 952 323 Beon,
1002 278 1017 299 ⁴
1039 281 1156 323 terra,
1183 290 1307 330 quam
1328 278 1526 331 percussit
1547 279 1746 320 Dominus
1769 281 1808 320 in
1830 288 2047 336 conspectu

149 333 323 375 filiorum
347 334 481 381 Israel,
505 334 612 387 regio
635 333 840 374 uberrima
861 338 923 374 est
944 333 997 374 ad
1018 339 1184 387 pastum
1207 336 1462 376 anima-lium:
1487 341 1528 376 et
1550 350 1622 377 nos
1645 338 1748 377 servi
1771 340 1831 379 tui
1853 340 2049 382 habemus

146 393 330 433 iumenta
360 393 550 446 plurima:
609 394 624 416 5
654 404 948 445 precamurque
979 392 1011 432 si
1040 392 1270 434 invenimus
1300 395 1474 448 gratiam
1506 407 1641 435 coram
1674 401 1724 443 te,
1758 402 1805 437 ut
1836 398 1903 437 des
1935 400 2049 439 nobis

146 451 308 492 famulis
341 452 421 492 tuis
454 464 544 492 eam
575 451 615 491 in
646 451 952 504 possessionem.
987 463 1059 491 nec
1091 451 1215 492 facias
1248 465 1320 493 nos
1353 453 1523 493 transire
1558 452 1784 495 Iordanem.
1849 458 1863 479 ⁶
1895 457 2050 503 Quibus

146 510 356 563 respondit
379 509 557 563 Moyses:
586 509 797 562 Numquid
821 509 965 549 fratres
992 510 1116 550 vestri
1141 510 1261 551 ibunt
1286 511 1339 552 ad
1363 524 1554 565 pugnam,
1583 516 1623 552 et
1648 526 1720 553 vos
1745 513 1809 553 1110
1834 514 2049 555 sedebitis?

150 570 163 592 ⁷
191 568 272 610 Cur
298 568 535 609 subvertitis
563 572 719 608 mentes
751 567 925 608 filiorum
955 568 1088 617 lsrael,
1119 582 1168 609 ne
1196 570 1368 610 transire
1397 570 1577 610 audeant
1604 570 1644 610 111
1671 570 1816 618 10011111,
1849 586 1969 625 quem
1997 574 2052 613 015

148 627 317 667 daturus
336 632 397 668 est
413 626 637 667 Dominus?
686 628 700 649 3
718 639 851 667 nonne
868 626 927 667 ita
944 632 1113 680 egerunt
1129 633 1265 681 patres
1283 629 1420 676 vestri,
1441 629 1605 682 quando
1624 629 1713 669 misi
1731 630 1779 670 de
1796 631 2052 672 (fadesbarne

147 686 199 726 ad
227 685 520 739 explorandam
549 685 737 725 Terram?
796 687 811 708 ⁰
843 685 1045 739 aCumque
1073 686 1279 727 venissent
1308 700 1435 740 usque
1464 688 1517 727 ad
1544 687 1701 728 Vallem
1729 688 1847 737 botri,
1877 689 2053 730 lustrata

147 744 257 785 011101
288 745 459 798 regione.
494 744 784 785 subverterunt
815 756 883 785 cor
916 743 1090 785 filiorum
1124 745 1258 793 Israel,
1293 750 1339 786 ut
1371 758 1451 787 non
1483 746 1684 786 intrarent
1718 746 1828 795 fines,
1864 761 1963 800 quos
1996 748 2051 789 eis

148 804 347 844 Dominus
378 803 501 844 dedit.
562 804 597 826 ¹⁰
626 802 703 851 Qui
734 802 860 843 iratus
891 802 1053 849 iuravit,
1086 803 1240 844 dicens:
1300 807 1326 828 1¹
1360 804 1401 845 Si
1432 804 1632 845 videbunt
1661 805 1843 845 homines
1872 806 1951 855 isti,
1985 807 2052 859 qui

148 862 418 903 ascenderunt
448 875 497 903 ex
528 862 706 915 AEgypto
738 874 762 902 a
792 861 935 915 viginti
968 862 1082 902 annis
1115 867 1155 903 et
1186 875 1318 916 supra,
1353 863 1529 911 Terram,
1564 876 1688 916 quam
1719 864 1793 904 sub
1824 864 2053 906 iuramento

148 921 350 974 pollicitus
375 934 465 961 sum
490 920 710 969 Abraham,
740 920 866 969 Isaac,
894 928 934 962 et
961 920 1102 962 Iacob:
1130 926 1171 962 01
1194 921 1414 962 noluerunt
1438 922 1551 975 sequi
1576 935 1651 969 100,
1706 924 1738 946 ¹2
1762 928 1908 975 praeter
1932 923 2052 964 Caleb

151 979 279 1020 filium
300 980 478 1033 Iephone
497 979 744 1027 Cenezaeum,
767 984 808 1019 et
828 979 945 1019 Iosue
967 979 1095 1019 filium
1115 980 1228 1020 Nun:
1250 980 1316 1020 isti
1336 980 1610 1033 impleverunt
1629 980 1887 1022 voluntatem
1906 995 2051 1023 meam.

148 1041 180 1063 ¹³
203 1039 418 1092 Iratusque
437 1038 638 1079 Dominus
659 1038 877 1078 adversum
900 1038 1033 1087 151001,
1057 1039 1330 1080 circumduxit
1351 1053 1443 1080 eum
1464 1052 1535 1093 per
1554 1040 1760 1080 desertum
1782 1040 2056 1094 quadraginta

149 1098 278 1147 annis,
299 1098 426 1139 donec
444 1102 751 1138 consumeretur
768 1097 957 1138 1101110150
971 1097 1190 1150 generatio,
1211 1111 1301 1152 quae
1316 1099 1469 1139 fecerat
1486 1098 1640 1139 malum
1661 1099 1702 1139 in
1720 1099 2051 1152 conspectu-eius.

150 1159 181 1182 1⁴
204 1156 260 1197 Et
281 1170 383 1205 ecce,
407 1156 554 1209 inquit,
574 1169 646 1197 vos
668 1155 898 1196 surrexistis
920 1169 992 1209 pro
1015 1157 1201 1210 patribus
1218 1157 1375 1203 vestris,
1400 1157 1662 1203 incrementa,
1686 1162 1727 1198 et
1748 1157 1901 1198 alumni
1926 1158 2055 1199 homi-

149 1229 249 1256 num
270 1220 545 1269 peccatorum,
572 1219 620 1255 ut
641 1215 842 1268 augeretis
866 1215 1045 1256 furorem
1060 1215 1226 1256 Domini
1253 1222 1395 1256 contra
1417 1215 1551 1257 Israel.
1597 1217 1628 1240 ¹5
1649 1216 1768 1263 Quod
1792 1216 1824 1257 si
1845 1216 2054 1257 nolueritis

151 1274 264 1328 sequi
292 1287 397 1323 eum,
426 1274 467 1314 in
495 1273 712 1314 solitudine
739 1273 937 1327 populum
966 1274 1229 1328 derelinquet,
1260 1280 1301 1314 et
1328 1288 1400 1315 vos
1428 1287 1551 1314 causa
1578 1274 1687 1315 eritis
1715 1275 1823 1315 00015
1858 1276 2051 1316 omnium.

256 1335 291 1357 ¹⁶
317 1333 373 1374 At
399 1332 455 1373 1111
483 1345 607 1386 prope
636 1333 884 1380 accedentes,
915 1333 1124 1373 dixerunt:
1154 1333 1298 1373 Caulas
1327 1333 1466 1373 ovium
1494 1333 1796 1381 fabricabimus,
1826 1338 1867 1374 01
1894 1333 2057 1374 stabula

152 1392 438 1441 iumentorum,
465 1391 644 1445 parvulis
671 1404 832 1444 quoque
856 1391 1004 1432 nostris
1030 1392 1147 1432 urbes
1172 1392 1370 1432 munitas:
1427 1394 1457 1416 ¹⁷
1483 1405 1554 1432 nos
1580 1396 1719 1433 autem
1743 1392 1819 1445 ipsi
1844 1393 1991 1433 armati
2016 1397 2056 1433 et

151 1451 322 1492 accincti
349 1463 561 1504 pergemus
590 1450 643 1491 ad
669 1449 852 1503 prfelium
881 1455 976 1490 ante
1008 1450 1108 1490 filios
1139 1450 1273 1497 Israel,
1305 1451 1432 1491 donec
1460 1451 1767 1491 introducamus
1796 1464 1862 1492 eos
1891 1452 1942 1492 ad
1970 1451 2058 1492 loca

152 1523 236 1551 sua.
258 1508 423 1550 Parvuli
443 1509 582 1557 nostri,
605 1513 646 1550 et
666 1509 865 1562 quidquid
884 1509 1032 1549 habere
1052 1522 1278 1563 possumus,
1301 1515 1421 1550 erunt
1439 1510 1479 1550 111
1499 1510 1667 1551 urbibus
1687 1510 1870 1559 muratis,
1891 1516 2058 1564 propter

151 1569 433 1609 habitatorum
454 1568 631 1609 insidias
684 1569 718 1591 1⁸
742 1568 830 1608 Non
855 1573 1106 1609 revertemur
1126 1568 1167 1609 in
1190 1568 1332 1609 domos
1355 1574 1525 1617 nostras,
1551 1582 1678 1622 usque
1701 1569 1800 1610 dum
1822 1569 2058 1622 possideant

154 1627 225 1668 filii
254 1627 377 1668 Israel
403 1627 673 1668 hereditatem
701 1640 835 1667 suam:
892 1628 926 1651 1⁹
953 1640 1026 1667 nec
1055 1627 1280 1681 quidquam
1309 1640 1533 1681 quaeremus
1562 1633 1675 1668 trans
1706 1627 1932 1675 Iordanem,
1964 1627 2059 1681 quia

152 1687 232 1727 iam
265 1686 463 1727 habemus
497 1690 679 1727 nostram
713 1685 1006 1739 possessionem
1039 1686 1080 1726 111
1114 1686 1299 1727 orientali
1332 1687 1414 1727 eius
1449 1687 1579 1740 11111011.
1642 1690 1678 1710 ²⁰
1710 1687 1866 1735 Quibus
1899 1687 2058 1740 Moyses

153 1745 228 1786 ait:
257 1745 317 1786 1)81
338 1745 472 1785 facitis
496 1744 606 1798 quod
627 1744 880 1798 promittitis,
905 1745 1084 1798 expediti
1107 1746 1261 1799 pergite
1283 1757 1419 1786 coram
1442 1746 1618 1786 Domino
1642 1746 1694 1786 ad
1715 1759 1914 1799 pugnam:
1965 1747 1996 1770 2¹
2019 1750 2060 1786 et

153 1804 282 1845 omnis
307 1804 370 1844 vir
393 1803 565 1845 bellator
589 1808 771 1844 armatus
798 1803 1013 1844 Iordanem
1039 1810 1232 1853 transeat,
1260 1805 1387 1845 donoc
1412 1805 1628 1846 subvertat
1651 1805 1851 1846 Dominus
1876 1804 2059 1845 inimicos

153 1876 257 1909 suos,
318 1864 349 1887 22
382 1867 422 1903 01
453 1862 692 1903 51111110101111·
723 1862 757 1902 01
790 1862 918 1903 omnis
953 1863 1091 1903 Terra:
1126 1868 1223 1904 tunc
1256 1863 1365 1904 eritis
1396 1863 1660 1917 inculpabiles
1693 1864 1803 1917 apud
1834 1863 2058 1905 Dominum

153 1927 195 1963 et
221 1922 332 1976 apud
359 1921 494 1970 Israel,
524 1926 565 1962 et
592 1921 828 1962 obtinebitis
856 1921 1047 1972 regiones,
1078 1935 1178 1975 quas
1206 1922 1330 1963 vultis
1357 1935 1493 1963 coram
1520 1922 1709 1964 Domino.
1764 1924 1797 1947 23
1823 1922 1892 1963 Sin
1919 1926 2058 1962 autem

155 1981 264 2035 quod
280 1980 425 2029 dicitis,
442 1993 525 2021 non
539 1980 725 2029 feceritis,
743 1979 841 2021 nulli
857 1980 1028 2021 dubium
1044 1986 1105 2021 est
1121 1981 1218 2034 quin
1233 1981 1407 2034 peccetis
1422 1981 1463 2021 in
1479 1982 1630 2022 Deum:
1648 1986 1689 2022 et
1704 1981 1848 2021 scitote
1865 1981 2057 2034 quoniam

154 2044 369 2093 peccatum
396 2044 579 2079 vestrum
608 2039 886 2092 apprehendet
914 2052 997 2080 vos.
1054 2041 1085 2064 2⁴
1113 2039 1330 2080 AEdificate
1359 2052 1450 2093 ergo
1478 2040 1596 2080 urbes
1624 2039 1804 2093 parvulis
1832 2040 1988 2088 vestris,
2019 2045 2060 2080 et

154 2098 302 2147 caulas,
326 2103 367 2139 et
387 2097 551 2139 stabula
572 2098 715 2138 ovibus
738 2111 783 2138 ac
804 2097 1013 2138 iumentis:
1038 2103 1079 2139 et
1100 2098 1210 2152 quod
1230 2098 1398 2151 polliciti
1420 2098 1514 2139 estis
1536 2098 1713 2152 implete.
1762 2100 1794 2123 2⁵
1823 2098 2060 2139 cDixerunt-

155 2171 232 2212 que
258 2156 328 2197 filii
351 2157 442 2198 Gad
465 2161 505 2197 et
530 2157 676 2197 Ruben
700 2156 752 2197 ad
774 2155 961 2210 Moysen:
987 2157 1099 2197 Servi
1124 2157 1184 2197 tui
1207 2171 1358 2205 sumus,
1384 2157 1578 2198 faciemus
1603 2157 1712 2211 quod
1735 2157 1849 2198 iubet
1872 2157 2060 2198 dominus

154 2221 302 2257 noster.
362 2217 398 2240 2⁶
427 2215 625 2256 Parvulos
656 2220 827 2262 nostros,
861 2220 902 2256 et
932 2215 1129 2265 mulieres,
1164 2221 1204 2257 et
1234 2229 1391 2269 pecora,
1426 2229 1471 2257 ac
1502 2216 1686 2257 iumenta
1715 2216 1988 2269 relinquemus
2019 2216 2060 2256 in

156 2275 322 2316 urbibus
342 2274 517 2315 Galaad:
565 2276 599 2298 2⁷
619 2287 690 2315 nos
711 2279 849 2315 autem
869 2274 1011 2315 famuli
1031 2274 1091 2315 tui
1111 2287 1250 2315 omnes
1270 2275 1449 2328 expediti
1468 2288 1680 2329 pergemus
1701 2275 1753 2316 ad
1772 2275 1934 2323 bellum,
1956 2275 2062 2316 sicut

156 2345 200 2375 tu
233 2333 395 2375 domine
425 2333 612 2387 loqueris.
672 2335 708 2357 23
738 2333 936 2386 Praecepit
967 2346 1059 2386 ergo
1091 2333 1250 2387 Moyses
1283 2334 1477 2375 Eleazaro
1509 2334 1720 2383 sacerdoti,
1755 2339 1796 2375 et
1829 2334 1944 2375 Iosue
1980 2333 2060 2374 filio

157 2393 263 2441 Nun,
287 2397 328 2433 et
348 2392 598 2446 principibus
619 2391 867 2433 familiarum
887 2405 959 2445 per
979 2393 1108 2433 tribus
1132 2392 1266 2441 Israel,
1291 2399 1332 2433 et
1353 2393 1457 2433 dixit
1478 2393 1531 2433 ad
1551 2406 1635 2433 eos:
1685 2395 1720 2417 29
1743 2393 1805 2434 (181
1826 2393 2062 2434 transierint

158 2451 229 2492 filii
246 2451 348 2501 Gad,
369 2456 411 2492 et
430 2451 501 2492 fflii
520 2451 666 2492 Ruben
685 2451 896 2492 vobiscum
918 2451 1133 2492 Iordanem
1152 2464 1290 2493 omnes
1310 2452 1457 2492 armati
1476 2452 1528 2492 ad
1547 2451 1697 2492 bellurn
1715 2465 1851 2493 coram
1868 2452 2058 2501 Domino,

155 2515 197 2551 et
227 2509 343 2551 vobis
374 2510 497 2551 fuerit
529 2510 649 2550 Terra
681 2510 881 2551 subiecta:
915 2510 1010 2551 date
1042 2510 1097 2550 eis
1129 2510 1287 2551 Galaad
1317 2511 1358 2551 in
1389 2511 1693 2564 possessionem.
1754 2513 1790 2535 ³⁰
1820 2511 1889 2552 Sin
1921 2515 2061 2552 autem

156 2568 360 2610 noluerint
374 2569 545 2610 transire
562 2569 709 2609 armati
725 2568 938 2609 vobiscum
953 2569 994 2609 10
1012 2569 1176 2610 Terram
1192 2569 1399 2618 Chanaan,
1417 2570 1610 2611 intervos
1626 2570 1840 2610 habitandi
1859 2570 2062 2623 accipiant

155 2628 254 2669 loca.
315 2630 348 2653 ³1
381 2628 777 2681 Responderuntque
813 2627 882 2668 filii
915 2627 1016 2676 Gad,
1052 2633 1093 2669 et
1127 2627 1197 2669 filii
1231 2629 1396 2670 Ruben:
1431 2629 1545 2669 Sicut
1576 2628 1735 2670 locutus
1768 2633 1829 2670 est
1860 2629 2061 2669 Dominus

156 2686 281 2727 servis
297 2687 390 2736 suis,
408 2687 469 2728 ita
482 2686 696 2727 faciemus:
739 2688 772 2711 32
787 2686 863 2740 ipsi
879 2687 1027 2727 armati
1042 2699 1254 2740 pergemus
1271 2700 1407 2728 coram
1419 2688 1595 2728 Domino
1612 2688 1652 2728 in
1671 2688 1835 2729 Terram
1851 2687 2057 2733 Chanaan,

155 2750 197 2786 et
220 2745 514 2799 possessionem
538 2746 620 2786 iam
646 2745 865 2799 suscepisse
890 2759 963 2786 nos
989 2745 1235 2786 confitemur
1258 2751 1371 2787 trans
1400 2746 1626 2788 Iordanem.

2073 1345 2138 1363 cum
2153 1340 2250 1369 Moyse

2071 1374 2251 1405 (1000015000-

2133 1411 2188 1437 tur.

259 2806 292 2829 33
326 2804 468 2845 eDedit
494 2804 634 2858 itaque
661 2804 821 2857 Moyses
852 2804 941 2845 filiis
969 2804 1060 2845 Gad
1088 2810 1129 2845 et
1158 2805 1316 2853 Ruben,
1347 2810 1388 2846 et
1416 2805 1593 2846 djmidiae
1621 2805 1744 2846 tribui
1772 2806 1958 2846 Manasse
1989 2804 2138 2846 filiicum
2150 2805 2266 2831 dimidia

157 2863 303 2917 Ioseph
324 2876 493 2917 regnum
515 2863 648 2904 801100
669 2863 770 2916 regis
793 2862 1028 2911 Amorrhaei,
1053 2868 1094 2904 et
1114 2876 1283 2916 regnum
1306 2864 1368 2917 Og
1388 2864 1490 2918 regis
1514 2864 1660 2909 Basan,
1685 2869 1725 2905 et
1748 2869 1897 2905 terram
1920 2877 2059 2905 eorum

155 2934 248 2962 cum
268 2922 436 2963 urbibus
457 2922 537 2963 suis
558 2935 629 2975 per
648 2922 874 2963 circuitum.
923 2924 956 2946 ³⁴
978 2922 1108 2975 Igitur
1127 2927 1398 2963 extruxerunt
1420 2923 1490 2963 filii
1510 2923 1612 2969 Gad,
1635 2923 1783 2971 Dibon,
1806 2928 1848 2964 et
1866 2923 2056 2967 Ataroth.

157 2984 199 3021 et
214 2980 351 3029 Aroer,
390 2982 422 3005 3⁵
438 2985 480 3021 et
495 2980 658 3030 Etroth,
677 2985 718 3021 01
734 2980 911 3034 Sophan,
930 2985 972 3021 et
989 2980 1112 3029 Iazer,
1131 2985 1173 3021 et
1190 2981 1351 3034 Iegbaa,
1391 2983 1427 3006 ³⁶
1443 2987 1483 3022 et
1501 2981 1760 3029 Bethnemra,
1780 2986 1821 3022 et
1837 2982 2057 3028 Betharan,

156 3039 274 3080 urbes
292 3039 484 3088 munitas,
505 3045 547 3080 et
563 3039 699 3080 caulas
717 3040 929 3093 pecoribus
948 3039 1040 3080 suis.
1087 3040 1122 3064 3⁷
1140 3039 1231 3080 Filii
1249 3053 1344 3080 11010
1364 3041 1511 3081 Ruben
1528 3040 1837 3081 aedificaverunt
1856 3040 2057 3082 Hesebon.

155 3102 196 3138 et
228 3097 376 3146 Elea-le,
412 3102 453 3138 et
485 3098 746 3147 Cariathaim,
807 3099 842 3122 33
875 3104 916 3139 01
950 3098 1079 3147 Nabo,
1115 3103 1157 3139 et
1190 3098 1413 3140 Baalmeon
1446 3099 1569 3140 versis
1603 3099 1846 3147 nominibus,
1882 3099 2061 3140 Sabama

156 3169 335 3210 quoque:
364 3156 620 3210 imponentes
648 3156 849 3198 vocabula
876 3156 1057 3206 urbibus,
1089 3170 1189 3210 quas
1217 3162 1495 3199 extruxerant.
1552 3160 1587 3182 33
1625 3158 1762 3199 fPorro
1793 3158 1863 3198 filii
1890 3158 2057 3206 Machir,

158 3214 228 3256 filii
262 3215 448 3256 Manasse
484 3220 759 3268 perrexerunt·
782 3215 824 3256 in
860 3215 1028 3265 Galaad,
1067 3220 1108 3256 et
1143 3220 1414 3257 vastaverunt
1450 3229 1539 3257 eam
1574 3217 1788 3258 interfecto
1824 3217 2058 3257 Aniorrhaeo

155 3273 386 3315 habitatore
415 3273 510 3315 eius.
566 3275 603 3298 ⁴¹⁰
628 3274 755 3315 Dedit
782 3287 873 3328 ergo
901 3274 1061 3328 Moyses
1091 3274 1256 3315 Terram
1284 3274 1441 3316 Galaad
1467 3274 1623 3316 Machir
1652 3275 1732 3317 filio
1761 3275 1958 3323 Manasse,
1990 3275 2058 3327 qui

155 3332 362 3373 habitavit
387 3332 430 3373 in
456 3346 514 3374 ea.
570 3335 601 3357 ⁴1
632 3332 713 3372 Iair
739 3337 877 3374 autem
907 3332 1012 3373 filius
1039 3332 1225 3374 Manasse
1254 3333 1356 3374 abiit
1382 3338 1424 3375 et
1451 3335 1668 3387 occupavit
1695 3334 1804 3375 vicos
1832 3334 1927 3382 01115,
1958 3345 2057 3386 quos

287 3471 341 3513 32,
359 3472 380 3505 9
397 3471 487 3515 ὃ18011
507 3471 559 3511 13,
578 3471 630 3504 24.
658 3492 699 3494 —
724 3471 766 3504 20
788 3471 863 3504 bIos
887 3473 916 3507 1.
934 3472 984 3505 13.
1012 3493 1053 3495 ἡ
1078 3472 1119 3505 2-5
1138 3471 1210 3505 cIos
1226 3473 1257 3512 4,
1281 3472 1331 3505 12.
1359 3493 1400 3496 —
1424 3472 1466 3505 29
1487 3472 1558 3505 th
1574 3472 1605 3511 3,
1625 3472 1679 3511 123
1708 3471 1761 3504 Ios
1778 3471 1829 3508 13,
1847 3470 1882 3510 ὃς
1902 3470 1953 3508 22,
1970 3469 1998 3501 4.
2015 3488 2057 3492 -

155 3518 198 3551 33
223 3518 296 3551 elos
319 3518 372 3557 22,
397 3519 425 3551 4.
453 3539 494 3542 —-
519 3518 560 3551 39
582 3518 649 3551 fGn
665 3517 717 3555 50,
734 3518 785 3550 22.

2100 2841 2231 2866 Manasse

2110 2877 2218 2901 terram

2086 2912 2241 2942 accipiunt.
