2356 3760
127 74 181 114 39,
206 74 347 114 16-40,
372 74 392 108 5
910 75 1252 110 ECCLESIASTICI
1943 90 2017 130 657

406 168 446 207 6.
476 166 707 218 Praecepta
736 166 791 206 de
822 167 1043 208 creaturis
1074 169 1389 222 observandis,
1419 173 1483 223 39,
1502 173 1672 225 16—42,
1692 178 1756 218 14.

130 237 327 278 ¹⁶Adhuc
356 238 607 285 consiliabor,
638 242 686 278 ut
714 249 914 277 enarrem:
998 243 1045 279 ut
1072 239 1205 280 furore
1234 241 1338 281 enim
1368 242 1544 295 repletus
1573 257 1674 285 sum.
2040 256 2131 285 opera
2153 257 2201 282 Dei

129 297 162 319 ¹⁷
182 296 230 336 In
255 310 353 338 voce
378 297 494 338 dicit:
523 295 728 337 Obaudite
752 308 816 335 me
841 295 968 336 divini
992 297 1159 346 fructus,
1244 305 1284 340 et
1309 300 1423 353 quasi
1447 314 1538 342 rosa
1561 302 1749 355 plantata
1772 318 1889 358 super
1912 309 2016 350 rivos
2034 292 2208 351 vmagupona

390 367 588 409 aquarum
616 353 872 395 fructificate.
2082 346 2092 350 ⁸
2152 346 2157 356 ’

129 415 163 438 ¹⁸
181 414 305 463 Quasi
332 415 510 455 Libanus
538 413 702 454 odorem
729 412 946 454 suavitatis
976 413 1135 455 habete.
1222 418 1256 440 1⁹
1281 417 1439 458 Florete
1466 418 1592 464 flores,
1623 421 1736 473 quasi
1762 421 1900 471 lilium,
1980 430 2020 464 et

389 473 484 513 date
514 471 690 518 odorem,
722 476 763 511 et
791 471 977 513 frondete
1005 472 1046 512 in
1074 474 1260 526 gratiam,

179 536 220 573 et
249 530 477 572 collaudate
506 529 722 577 canticum,
804 535 845 570 et
881 531 1105 572 benedicite
1132 532 1355 574 Dominum
1390 534 1430 574 in
1458 535 1643 588 operibus
1678 538 1769 579 suis.
1852 541 1887 563 '2⁰
1913 540 2019 581 Date

386 589 541 631 nomini
570 588 653 628 eius
682 589 1039 642 magnificentiam,

178 653 220 689 et
250 647 499 689 confitemini
527 646 582 687 illi
611 646 652 687 in
682 660 779 688 voce
808 647 1008 689 labiorum
1039 654 1278 697 vestrorum,
1369 656 1410 691 θῖ
1448 651 1488 691 in
1528 653 1693 693 canticis
1728 654 1937 705 labiorum,
1978 662 2020 698 et

387 705 564 751 citharis,

178 771 219 807 et
249 766 305 807 sic
335 765 476 807 dicetis
507 765 548 805 in
580 765 846 806 confessione:
932 768 963 790 21
999 766 1153 820 aOpera
1182 767 1348 808 Domini
1378 768 1566 809 universa
1597 770 1704 810 bona
1734 771 1862 813 valde.

125 826 157 848 22
181 825 250 865 bIn
272 825 395 865 verbo
417 824 501 865 eius
522 824 639 864 stetit
659 836 768 877 aqua
787 824 892 865 sicut
913 826 1132 879 congeries:
1209 831 1250 867 et
1269 826 1309 867 in
1331 839 1513 868 sermone
1534 828 1610 868 oris
1631 828 1734 869 illius
1756 830 1860 870 sicut
1880 844 2019 885 excep-

385 883 491 924 toria
519 895 738 936 aquarum:

125 943 158 967 ²³
178 942 371 996 quoniam
397 942 439 982 in
465 946 668 996 praecepto
696 941 820 995 ipsius
847 941 984 996 placor
1011 943 1068 992 fit,
1152 949 1193 984 et
1219 957 1301 985 non
1328 949 1389 985 est
1415 944 1630 986 minoratio
1657 945 1697 986 in
1725 946 1854 988 salute
1880 948 2016 1002 ipsius.

124 1002 157 1026 24
176 1001 312 1056 Opera
328 1000 459 1043 omnis
478 1000 607 1041 carnis
626 1013 761 1041 coram
780 1000 858 1047 illo,
928 1008 969 1043 et
986 1015 1067 1043 non
1086 1007 1146 1043 est
1165 1003 1388 1057 quidquam
1408 1004 1691 1045 absconditum
1711 1006 1761 1046 ab
1780 1006 1903 1047 oculis
1921 1007 2016 1048 eius.

124 1061 156 1084 ²⁵
176 1060 213 1101 A
239 1059 383 1101 saeculo
412 1073 540 1114 usque
566 1059 608 1100 in
636 1059 826 1100 saeculum
854 1060 1027 1114 respicit,
1113 1067 1154 1102 et
1180 1061 1279 1102 nihil
1307 1067 1367 1102 est
1395 1062 1575 1103 mirabile
1606 1063 1646 1103 in
1675 1070 1892 1118 conspectu
1921 1065 2015 1107 eius.

124 1120 159 1143 ²⁶
176 1119 268 1160 Non
292 1124 353 1160 est
376 1119 524 1160 dicere:
550 1118 657 1168 Quid
680 1124 741 1160 θεῖ
762 1119 850 1168 hoc,
876 1124 949 1160 aut
973 1119 1069 1173 quid
1092 1125 1154 1161 θεῖ
1175 1120 1309 1161 istud?
1392 1121 1528 1162 omnia
1550 1121 1656 1161 enim
1678 1122 1719 1162 in
1742 1127 1923 1177 tempore
1946 1138 2017 1166 suo

386 1183 628 1231 quaerentur.

123 1238 157 1261 ²⁷
176 1237 412 1278 Benedictio
444 1237 548 1278 illius
582 1237 696 1290 quasi
727 1237 875 1278 fluvius
910 1237 1138 1279 inundavit.
1228 1240 1264 1262 2⁸
1302 1239 1523 1291 cquomodo
1560 1238 1828 1292 cataclysmus
1864 1241 2017 1282 aridam

384 1296 613 1345 inebriavit,

175 1356 231 1396 sic
258 1356 318 1395 ira
349 1355 473 1409 ipsius
500 1360 651 1408 gentes,
695 1368 784 1407 quae
813 1368 894 1395 non
923 1354 1202 1408 exquisierunt
1231 1368 1335 1403 eum,
1376 1355 1633 1397 hereditabit.
1718 1358 1754 1380 ²⁹
1785 1358 2017 1406 dQuomodo

383 1413 586 1455 convertit
615 1426 741 1467 aquas
770 1413 811 1453 in
841 1413 1077 1462 siccitatem,
1109 1418 1151 1454 et
1178 1414 1330 1454 siccata
1358 1419 1419 1454 θεῖ
1448 1418 1571 1455 terra:

175 1478 217 1514 et
237 1473 314 1514 viae
339 1472 445 1513 illius
468 1471 543 1512 viis
571 1471 731 1513 illorum
754 1471 916 1512 directae
945 1477 1058 1513 sunt:
1136 1472 1191 1513 sic
1213 1472 1493 1526 peccatoribus
1518 1473 1756 1515 offensiones
1778 1474 1818 1515 in
1842 1474 1901 1515 ira
1921 1475 2016 1517 eius.

121 1534 158 1556 ³⁰
174 1532 292 1573 Bona
320 1531 436 1573 bonis
467 1535 604 1571 creata
633 1535 730 1571 sunt
759 1530 810 1571 ab
840 1530 967 1577 initio,
1053 1531 1108 1572 sic
1136 1531 1390 1585 nequissimis
1421 1532 1529 1573 bona
1558 1537 1598 1573 et
1627 1532 1746 1574 mala.

120 1593 152 1617 ³¹
179 1591 367 1632 eInitium
399 1589 632 1631 necessariae
662 1590 718 1629 rei
750 1589 845 1630 vitae
876 1589 1099 1639 hominum,
1186 1604 1304 1644 aqua,
1338 1591 1450 1644 ignis,
1485 1596 1526 1631 et
1556 1591 1717 1639 ferrum,
1752 1592 1820 1639 sal,

172 1650 245 1699 lac,
274 1656 316 1692 et
345 1649 462 1703 panis
494 1648 778 1703 similagineus,
807 1654 848 1689 et
879 1649 957 1689 mel
1032 1654 1073 1690 et
1099 1650 1240 1690 botrus
1269 1663 1370 1695 uvae,
1403 1655 1443 1691 et
1472 1650 1615 1694 oleum,
1647 1655 1688 1691 et
1714 1650 2016 1693 vestimentum.

120 1712 153 1735 ³²
174 1710 272 1751 Haec
293 1708 430 1751 omnia
450 1707 600 1749 sanctis
620 1707 661 1748 in
683 1708 801 1752 bona.
877 1707 932 1749 sic
952 1713 994 1748 et
1013 1707 1145 1762 impiis
1167 1713 1208 1749 et
1227 1708 1507 1763 peecatoribus
1528 1709 1568 1749 in
1588 1708 1697 1749 mala
1717 1715 2016 1751 convertentur.

120 1771 153 1794 ³³
172 1769 278 1811 Sunt
304 1767 481 1821 spiritus,
511 1766 580 1821 qui
607 1767 659 1808 ad
686 1766 911 1807 vindictam
938 1767 1062 1808 creati
1089 1773 1195 1813 sunt,
1279 1772 1320 1808 et
1345 1768 1386 1808 in
1412 1768 1545 1809 furore
1564 1772 1645 1809 ‘suo
1676 1768 2019 1810 confirmaverunt

383 1831 591 1868 tormenta
618 1839 708 1866 sua:

119 1889 152 1912 ³⁴
171 1887 211 1928 in
236 1892 418 1940 tempore
442 1884 803 1927 consummationis
825 1885 1037 1926 effundent
1060 1885 1273 1926 virtutem:
1328 1889 1369 1926 et
1390 1886 1565 1927 furorem
1589 1885 1683 1932 eius,
1710 1886 1777 1939 qui
1800 1886 1894 1927 fecit
1916 1886 2015 1935 illos,

381 1945 618 1999 placabunt.

119 2007 151 2030 ³⁵
173 2005 293 2059 Ignis,
323 2004 490 2058 grando,
520 2003 660 2050 fames,
692 2008 732 2043 et
760 2016 878 2051 mors,
962 2003 1099 2044 onmia
1125 2003 1210 2044 haec
1239 2004 1290 2044 ad
1319 2003 1542 2044 vindictam
1572 2008 1708 2044 creata
1735 2008 1848 2044 sunt:

118 2065 154 2089 ³⁶
171 2064 394 2106 bestiarum
412 2063 565 2111 dentes,
585 2068 627 2102 et
643 2061 799 2115 scorpii,
819 2067 860 2102 et
876 2067 1093 2115 serpentes,
1168 2067 1209 2103 et
1225 2062 1432 2115 romphaea
1448 2061 1658 2102 vindicans
1675 2062 1715 2102 in
1733 2062 2016 2103 exterminium

378 2122 536 2176 impios

118 2184 152 2207 ³⁷
172 2182 220 2223 In
240 2180 446 2223 mandatis
466 2180 549 2221 eius
570 2179 857 2234 epulabuntur,
933 2185 974 2220 et
993 2192 1113 2233 super
1131 2185 1281 2221 terram
1300 2180 1341 2220 in
1361 2180 1643 2220 necessitatem
1665 2180 2015 2233 praeparabuntur,

379 2245 420 2281 et
448 2240 489 2281 in
518 2238 770 2293 temporibus
800 2238 880 2280 suis
910 2252 991 2280 non
1020 2239 1252 2292 praeterient
1280 2239 1461 2280 verbum.

117 2302 153 2326 ³⁸
169 2300 392 2354 Propterea
413 2300 464 2340 ab
485 2298 600 2339 initio
623 2298 886 2339 confirmatus
908 2311 1009 2342 sum,
1091 2304 1133 2338 et
1154 2297 1386 2339 consiliatus
1408 2310 1509 2343 sum,
1533 2302 1574 2338 et
1595 2296 1781 2350 cogitavi,
1806 2302 1846 2338 et
1867 2297 2018 2351 scripta

380 2358 524 2400 dimisi.

117 2420 153 2444 ³⁹
171 2418 334 2460 ¹Omnia
361 2430 484 2471 opera
508 2416 675 2457 Domini
703 2417 822 2461 bona,
906 2421 946 2457 et
974 2429 1092 2457 omne
1121 2429 1220 2469 opus
1248 2416 1348 2457 hor'a
1375 2429 1448 2456 sua
1475 2414 1810 2456 subministrabit.

117 2479 155 2503 ⁴⁰
171 2478 264 2519 Non
289 2481 351 2518 est
375 2476 523 2518 dicere:
552 2475 641 2516 Hoc
665 2474 731 2517 illo
756 2475 927 2529 nequius
953 2480 1031 2516 est:
1116 2475 1252 2516 omnia
1280 2475 1386 2515 enim
1411 2474 1452 2514 in
1477 2479 1658 2527 tempore
1683 2487 1754 2514 suo
1781 2474 2015 2527 comproba-

378 2536 544 2577 buntur.

116 2598 149 2621 ⁴¹1
169 2595 226 2637 Et
249 2608 358 2636 nunc
383 2594 424 2635 in
451 2593 560 2636 omni
587 2593 704 2635 corde
731 2598 772 2634 et
797 2606 864 2635 ore
890 2592 1129 2641 collaudate,
1210 2598 1252 2634 et
1276 2592 1501 2634 benedicite
1526 2604 1673 2632 nomen
1698 2590 1873 2632 Domini.

116 2689 181 2733 4⁰.
234 2692 249 2713 ¹
278 2687 504 2742 Occupatio
533 2700 684 2741 magna
712 2691 848 2728 creata
876 2691 938 2727 est
967 2686 1153 2728 omnibus
1182 2685 1425 2731 hominibus,
1509 2689 1549 2725 et
1577 2684 1714 2737 iugum
1743 2696 1864 2736 grave
1893 2695 2012 2737 super
2027 2683 2141 2743 mssfffig
2154 2683 2203 2744 ζυ-

376 2746 478 2788 filiOS
506 2746 653 2792 Adam,
2058 2755 2174 2783 peccato

2066 2789 2164 2819 oritur,

169 2820 193 2848 a
217 2807 280 2848 die
307 2806 440 2848 exitus
475 2806 524 2847 de
553 2810 695 2846 ventre
728 2804 871 2845 matris
905 2817 1054 2850 eorum.
1142 2817 1270 2858 usque
1303 2804 1344 2844 in
1373 2803 1479 2844 diem
1508 2800 1734 2855 sepulturae,
1770 2800 1810 2840 in
1839 2805 2012 2841 matrem

378 2864 572 2906 omnium.

136 2927 151 2950 2
168 2924 443 2979 Cogitationes
461 2936 612 2971 eorum,
631 2928 672 2964 et
688 2923 853 2964 timores
870 2922 1011 2971 cordis,
1069 2922 1304 2963 adinventio
1323 2918 1626 2974 expectationis,
1643 2923 1683 2958 et
1699 2917 1782 2958 dies
1799 2917 2010 2959 finitionis:

136 2987 151 3009 ³
169 2997 193 3025 a
219 2984 420 3025 residente
449 2995 569 3036 super
597 2982 733 3024 sedem
762 2981 988 3035 gloriosam,
1063 2994 1191 3034 usque
1221 2981 1272 3021 ad
1300 2978 1559 3020 humiliatum
1588 2977 1628 3017 in
1657 2981 1766 3017 terra
1794 2981 1834 3017 et
1863 2976 2010 3017 cinere:

135 3045 151 3067 4
168 3044 219 3084 ab
248 3056 305 3091 eo,
337 3042 406 3096 qui
433 3041 565 3082 utitur
590 3040 826 3095 hyacintho,
857 3045 898 3081 et
924 3044 1065 3094 portat
1092 3052 1293 3087 coronam,
1369 3050 1494 3090 usque
1523 3036 1574 3077 ad
1602 3049 1706 3084 eum,
1738 3035 1806 3088 qui
1834 3035 2013 3089 operitur

375 3101 457 3142 lino
488 3100 630 3142 crudo:

167 3161 289 3207 furor,
321 3159 439 3208 zelus,
471 3159 686 3208 tumultus,
716 3158 943 3206 fluctuatio,
1027 3163 1067 3198 et
1096 3157 1218 3198 timor
1243 3155 1395 3201 mortis,
1427 3153 1636 3194 iracundia
1669 3165 1941 3206 perseverans,
1971 3157 2012 3193 et

376 3217 596 3267 contentio,

135 3281 150 3303 ⁵
167 3283 209 3319 et
234 3278 275 3319 in
303 3282 486 3331 tempore
512 3276 741 3318 refectionis
769 3275 810 3316 in
838 3274 959 3317 cubili
1039 3288 1202 3316 somnus
1230 3272 1358 3314 noctis
1386 3272 1581 3312 immutat
1608 3270 1816 3312 scientiam
1845 3269 1939 3310 eius.

247 3381 300 3423 39,
337 3381 377 3415 21
404 3381 476 3415 aGn
500 3383 531 3422 1,
555 3382 612 3422 313
645 3381 699 3414 Mc
724 3381 754 3419 7,
778 3380 829 3413 37.
858 3400 898 3403 —
922 3379 964 3412 22
988 3380 1060 3413 bGn
1084 3379 1115 3419 8,
1139 3379 1168 3412 3.
1203 3399 1244 3401 —
1275 3377 1316 3410 28
1345 3377 1414 3410 cGn
1439 3377 1469 3416 7,
1495 3377 1545 3410 21.
1579 3396 1620 3399 —
1652 3375 1693 3408 29
1716 3374 1790 3406 dEx
1815 3374 1865 3411 14,
1890 3372 1938 3403 21.
1966 3389 2006 3393 —

115 3428 154 3462 31
183 3428 270 3472 eSup
295 3429 348 3468 29,
374 3428 424 3462 28.
452 3450 494 3452 —
518 3429 560 3462 39
592 3428 658 3462 fGn
684 3430 714 3467 1,
738 3428 789 3460 31.

185 3491 212 3516 B
221 3499 236 3516 e
244 3492 258 3516 t
267 3498 281 3516 z
290 3499 304 3517 e
313 3499 331 3516 n
342 3500 357 3517 a
365 3500 381 3517 u
391 3500 405 3517 e
415 3500 442 3521 r,
467 3492 593 3523 Vulgata
616 3492 806 3517 Clementina.
1753 3478 1802 3516 42
