2356 3760
136 115 166 153 2,
193 114 311 152 11-3,
339 114 380 147 16
1023 110 1158 145 ISAIAE
1947 121 2019 161 671

138 210 166 232 ¹¹
189 207 305 248 Oculi
342 207 532 248 sublimes
571 205 744 247 hominis
782 203 984 244 humiliati
1022 210 1129 251 sunt,
1222 210 1262 246 et
1300 206 1579 247 incurvabitur
1617 208 1788 251 altitudo
1827 212 2020 253 virorum:

189 266 439 307 exaltabitur
467 270 605 306 autem
633 263 833 306 Dominus
863 262 968 303 solus
998 263 1039 303 in
1068 263 1131 303 die
1160 263 1237 304 illa.

139 327 169 349 ¹2
190 325 294 373 Quia
320 324 403 366 dies
428 323 593 365 Domini
619 321 869 363 exercituum
896 334 1015 374 super
1041 334 1201 362 omnem
1228 323 1457 375 superbum,
1486 329 1527 364 et
1552 323 1763 372 excelsum,
1844 332 1884 366 et
1908 341 2025 380 super

398 394 558 424 omnem
588 384 863 433 arrogantem:
895 384 935 419 et
963 379 1254 421 humiliabitur.

138 444 170 466 13
190 442 245 483 Ε1
274 454 393 495 super
421 453 559 482 01111103
588 439 726 480 cedros
756 438 901 479 Libani
929 437 1130 481 sublimes,
1163 443 1203 479 et
1232 444 1394 484 erectas,
1479 446 1519 480 et
1547 454 1665 494 super
1693 455 1829 482 omnes
1860 456 2025 496 quercus

399 499 545 539 Basan.

139 562 170 584 ¹⁴
190 560 245 600 Et
270 570 391 611 super
416 570 554 598 omnes
580 561 739 596 montes
766 555 954 600 excelsos,
1035 560 1076 596 et
1101 568 1220 608 super
1246 569 1382 596 omnes
1410 556 1526 597 colles
1553 556 1740 598 elevatos.

140 620 169 642 ¹5
189 618 245 658 Et
271 629 391 670 super
418 628 578 657 omnem
606 613 749 654 turrim
778 614 988 658 excelsam,
1070 620 1110 654 et
1137 627 1256 667 super
1283 628 1441 654 omnem
1469 628 1629 655 murum
1657 617 1870 660 munitum,

139 677 173 699 ¹⁶
189 680 231 716 et
259 688 379 729 super
408 686 545 716 omnes
574 685 699 713 naves
728 672 902 721 Tharsis,
986 678 1027 713 et
1055 685 1175 725 super
1203 686 1333 718 omne,
1366 673 1473 726 quod
1503 673 1590 713 visu
1619 673 1831 726 pulchrum
1860 682 1930 717 est.

138 735 172 758 ¹⁷
190 734 246 775 Et
274 732 557 775 incurvabitur
586 731 814 772 sublimitas
843 731 1066 775 hominurn,
1151 736 1192 772 et
1221 731 1502 771 humiliabitur
1531 731 1704 772 altitudo
1735 733 1922 779 virorum,

190 798 232 834 et
258 791 484 834 elevabitur
510 790 710 832 Dominus
738 790 844 831 solus
872 790 913 830 in
941 790 1004 830 die
1031 789 1115 830 illa:
1198 791 1232 814 ¹⁸
1260 794 1301 830 et
1327 790 1435 831 idola
1460 790 1622 844 penitus
1650 795 1923 832 conterentur:

139 853 173 876 ¹⁹
195 856 255 892 aet
280 850 511 892 introibunt
536 849 576 889 in
604 849 814 902 speluncas
842 854 1062 902 petrarum,
1144 854 1184 889 et
1210 848 1251 888 in
1278 849 1487 902 voragines
1515 853 1631 889 terrae

191 923 215 950 a
233 909 335 950 facie
355 908 581 950 formidinis
601 908 779 955 Domini,
855 912 895 948 01
916 920 940 948 a
959 907 1085 961 gloria
1104 907 1328 948 maiestatis
1350 908 1445 956 eius,

191 982 283 1009 cum
312 967 530 1009 surrexerit
558 971 767 1021 percutere
797 972 958 1007 terram.

139 1029 175 1051 ²⁰
193 1027 241 1068 In
263 1027 326 1068 die
347 1026 416 1067 illa
436 1026 617 1080 proiiciet
641 1026 762 1067 homo
784 1025 893 1066 idola
915 1025 1070 1078 argenti
1092 1025 1164 1071 sui,
1189 1030 1230 1065 et
1251 1025 1494 1065 simulachra
1516 1026 1600 1065 auri
1623 1025 1694 1073 sui,
1773 1038 1861 1077 quae
1882 1025 2032 1066 fecerat

399 1085 475 1126 sibi
504 1091 551 1125 ut
580 1085 778 1129 adoraret,
863 1084 994 1138 talpas
1025 1089 1063 1124 et
1094 1083 1407 1137 vespertiliones.

139 1147 169 1169 2¹
191 1145 247 1186 Et
275 1144 522 1198 ingredietur
550 1144 739 1184 scissuras
769 1150 987 1196 petrarum,
1071 1147 1111 1183 et
1138 1143 1179 1183 in
1208 1155 1401 1183 cavernas
1429 1155 1615 1182 saxorum

191 1216 216 1244 a
243 1203 345 1244 facie
373 1203 599 1244 formidinis
627 1202 804 1247 Domini,
888 1207 929 1242 et
958 1215 982 1242 a
1009 1201 1135 1255 gloria
1163 1201 1388 1241 maiestatis
1417 1200 1512 1241 01113.

192 1276 283 1303 011111
313 1262 530 1303 surrexerit
559 1266 768 1315 percutere
797 1266 958 1302 terram.

140 1323 172 1346 22
192 1321 394 1371 Quiescite
426 1334 518 1374 ergo
552 1321 602 1361 ab
635 1320 809 1367 homine,
844 1319 956 1360 cuius
988 1318 1152 1372 spiritus
1185 1318 1226 1358 in
1258 1317 1423 1358 naribus
1455 1317 1538 1358 eius
1571 1322 1642 1365 est,
1731 1318 1825 1371 quia
1856 1317 2032 1358 excelsus

400 1384 614 1433 reputatus
644 1383 705 1419 est
734 1379 828 1431 ipse.

140 1484 177 1528 3.
233 1487 245 1509 ¹
271 1484 374 1525 Ecce
399 1483 505 1524 enim
530 1482 763 1523 dominator
786 1481 985 1523 Dominus
1010 1480 1261 1522 exercituum
1338 1480 1493 1521 auferet
1517 1493 1542 1520 a
1566 1479 1793 1529 Ierusalem,
1821 1484 1861 1521 et
1885 1493 1909 1520 a
1933 1480 2036 1520 Iuda
2052 1482 2223 1541 ἣψῖξῦᾒξῡῄ

400 1542 583 1583 validum
612 1547 653 1581 et
681 1541 840 1589 fortem,
2051 1524 2224 1581 ¹¹¹¹ll‘liiijss,‘¹¹⁵

191 1615 310 1643 omne
338 1602 462 1642 robur
489 1600 618 1654 panis,
649 1605 690 1640 et
719 1613 837 1641 omne
866 1600 989 1640 robur
1018 1611 1150 1652 aquae:
1374 1628 1376 1631 -

156 1663 171 1685 2
190 1661 350 1708 fortem,
383 1665 424 1700 et
454 1660 586 1700 virum
617 1658 866 1702 bellatorem,
951 1658 1135 1704 iudicem,
1169 1662 1210 1698 et
1238 1657 1493 1710 prophetam,
1526 1661 1566 1697 et
1597 1655 1777 1705 ariolum,
1810 1662 1851 1696 et
1880 1669 2032 1696 senem:

155 1719 419 1773 3Ρ111101Ρο111
459 1731 579 1772 super
620 1717 928 1771 quinquaginta,
972 1722 1013 1757 et
1051 1715 1328 1757 honorabilem
1369 1715 1497 1763 vultu,
1540 1720 1581 1756 et
1620 1714 1902 1761 consiliarium,
1995 1720 2036 1755 et

399 1778 625 1831 sapientem
656 1777 704 1817 dc
734 1775 976 1823 architectis,
1008 1780 1049 1816 et
1078 1775 1320 1829 prudentem
1350 1774 1497 1828 eloquii
1525 1773 1698 1828 mystici.

156 1839 171 1862 ‘³
191 1837 247 1878 Et
274 1837 380 1878 dabo
409 1849 554 1890 pueros
582 1835 781 1889 principes
810 1848 959 1878 eorum,
1043 1840 1083 1875 et
1111 1833 1332 1874 effeminati
1361 1833 1681 1874 dominabuntur
1708 1832 1773 1873 eis.

155 1899 171 1921 ⁵
191 1897 246 1937 Et
274 1896 398 1936 irruet
429 1894 615 1949 populus,
649 1895 710 1935 vir
739 1895 791 1935 ad
821 1894 964 1939 virum,
1050 1898 1090 1934 et
1119 1892 1397 1946 unusquisque
1426 1892 1479 1932 ad
1508 1892 1737 1945 proximum
1768 1904 1903 1932 suum:

190 1955 514 1996 tumultuabitur
543 1966 643 2007 puer
673 1958 815 1994 contra
844 1966 991 2001 senem,
1078 1957 1118 1992 ct
1147 1951 1331 2005 ignobilis
1363 1955 1505 1991 contra
1534 1950 1721 1991 nobilem.

156 2016 170 2038 ⁶
189 2014 480 2067 Apprehendet
494 2013 600 2053 enim
614 2012 675 2052 vir
690 2012 857 2053 fratrem
872 2025 991 2052 suum
1004 2010 1272 2052 domesticum
1287 2010 1413 2063 patris
1429 2010 1508 2050 sui:
1558 2008 1856 2049 Vestimentum
1875 2008 1949 2049 tibi
1962 2011 2033 2056 est,

189 2072 375 2127 princeps
405 2077 491 2113 esto
520 2077 669 2119 1103101,
753 2071 870 2111 ruina
899 2075 1037 2111 autem
1065 2070 1150 2110 haec
1179 2070 1254 2110 sub
1283 2082 1407 2109 manu
1437 2073 1520 2109 tua.

156 2133 169 2156 ⁷
192 2131 473 2185 Respondebit
500 2130 541 2171 in
571 2130 635 2171 die
664 2129 742 2175 illa,
775 2129 928 2171 dicens:
1014 2129 1104 2170 Non
1134 2142 1224 2169 sum
1252 2127 1444 2175 medicus,

191 2196 232 2232 et
264 2191 304 2231 in
337 2190 457 2231 domo
490 2202 582 2230 mea
613 2202 694 2230 non
727 2194 788 2229 est
820 2189 948 2243 panis,
983 2201 1113 2241 neque
1146 2187 1455 2228 vestimentum:
1542 2185 1665 2226 nolite
1698 2184 1941 2226 constituere
1974 2197 2037 2223 me

400 2248 623 2303 principem
652 2248 803 2302 populi.

157 2310 171 2333 ⁸
193 2309 293 2356 Ruit
322 2308 429 2349 enim
460 2307 690 2353 Ierusalem,
775 2312 816 2347 et
848 2307 969 2347 Iudas
999 2305 1192 2346 concidit:

193 2367 289 2421 quia
312 2367 451 2420 lingua
477 2379 616 2408 eorum
643 2372 684 2407 et
711 2365 1020 2407 adinventiones
1048 2377 1186 2405 eorum
1213 2368 1355 2404 contra
1381 2362 1615 2408 Dominum,
1696 2365 1743 2401 ut
1768 2364 2036 2413 provocarent

402 2425 536 2467 oculos
566 2425 792 2466 maiestatis
822 2424 917 2466 eius.

157 2487 172 2510 ⁹
191 2485 356 2539 Agnitio
388 2484 526 2525 vultus
558 2497 696 2525 eorum
727 2484 936 2538 respondit
966 2482 1038 2524 eis:
1124 2486 1165 2522 et
1194 2485 1407 2535 peccatum
1439 2492 1557 2520 suum
1589 2478 1703 2532 quasi
1733 2478 1910 2519 Sodoma
1939 2489 2036 2530 prae-

401 2544 653 2591 dicaverunt,
685 2557 758 2584 nec
788 2542 1106 2584 absconderunt:

192 2617 253 2645 vae
282 2603 427 2644 animae
456 2615 606 2646 eorum,
692 2602 885 2656 quoniam
913 2601 1074 2642 reddita
1102 2604 1198 2640 sunt
1227 2599 1281 2639 eis
1311 2597 1430 2639 mala.

140 2665 176 2687 1⁰
190 2662 324 2703 Dicite
345 2662 452 2703 iusto
475 2661 668 2716 quoniam
690 2662 802 2710 bene,
880 2660 1072 2714 quoniam
1093 2659 1273 2699 fructum
1295 2656 1631 2698 adinventionum
1654 2666 1817 2694 suarum
1838 2652 2032 2693 comedet.

140 2723 171 2746 ¹¹
190 2721 262 2763 Vae
288 2721 412 2775 impio
440 2721 481 2761 in
509 2720 682 2761 malum:
764 2719 977 2761 retributio
1006 2718 1113 2759 enim
1140 2730 1337 2758 manuum
1366 2715 1448 2755 eius
1477 2715 1546 2754 fiet
1573 2713 1618 2754 ei.

140 2782 171 2805 ¹²
190 2780 388 2835 populum
420 2793 556 2820 meum
589 2784 797 2820 exactores
830 2779 890 2819 sui
923 2777 1212 2832 spoliaverunt,
1300 2780 1340 2815 et
1372 2773 1555 2814 mulieres
1588 2770 1806 2812 dominatae
1838 2774 1933 2810 sunt
1964 2768 2031 2810 eis.

189 2839 344 2893 Popule
361 2852 486 2882 meus,
507 2838 576 2892 qui
593 2844 633 2880 te
651 2839 818 2879 beatum
837 2837 990 2885 dicunt,
1014 2836 1090 2890 ipsi
1107 2841 1147 2876 te
1165 2834 1384 2887 decipiunt,
1462 2837 1503 2872 et
1520 2831 1627 2871 viam
1644 2842 1853 2884 gressuum
1870 2833 2035 2869 tuorum

400 2898 612 2952 dissipant.

139 2959 170 2982 ¹³
189 2957 283 2999 Stat
311 2957 364 2998 ad
390 2956 654 2997 iudicandum
681 2956 893 3004 Dominus,
977 2960 1017 2995 et
1044 2958 1128 2994 stat
1156 2953 1208 2994 ad
1236 2950 1470 2992 iudicandos
1499 2947 1680 3002 populos.

139 3018 169 3040 ¹4
188 3016 389 3057 Dominus
426 3016 478 3056 ad
511 3015 706 3056 iudicium
742 3014 878 3055 veniet
965 3027 1057 3054 cum
1093 3011 1254 3053 senibus
1290 3008 1428 3063 populi
1463 3008 1534 3054 sui,
1573 3011 1613 3047 et
1647 3004 1897 3060 principibus
1932 3005 2034 3045 eius:

190 3088 262 3116 vos
290 3075 396 3115 enim
424 3075 583 3128 depasti
610 3075 705 3115 estis
733 3074 907 3121 xdneam,
989 3077 1030 3114 et
1055 3071 1199 3125 rapina
1225 3068 1411 3123 pauperis
1438 3066 1479 3107 in
1506 3066 1626 3106 domo
1654 3069 1801 3105 vestra.

138 3135 169 3158 ¹⁵
190 3134 323 3183 Quare
353 3133 529 3174 atteritis
558 3133 756 3187 populum
786 3146 934 3175 meum,
1019 3135 1060 3172 et
1088 3130 1209 3170 facies
1238 3138 1464 3182 pauperum
1494 3123 1748 3170 commolitis,

190 3193 289 3233 dicit
316 3192 516 3233 Dominus
545 3193 656 3233 Deus
686 3190 962 3232 exercituum?

137 3299 172 3323 ¹⁶
189 3298 245 3339 Et
270 3297 375 3338 dixit
399 3297 618 3339 Dominus:
698 3296 776 3337 Pro
804 3310 848 3337 eo
877 3296 986 3349 quod
1013 3294 1181 3335 elevatae
1206 3295 1300 3332 sunt
1326 3289 1416 3329 filiae
1441 3287 1548 3336 Sion,
2052 3280 2213 3340 ‚„{J¹1¹i{¹{}{†,„

189 3362 230 3398 et
259 3356 575 3397 ambulaverunt
603 3359 771 3396 extento
802 3353 913 3401 collo,
998 3358 1039 3394 et
1068 3351 1234 3393 nutibus
1264 3347 1470 3390 oculorum
1499 3347 1627 3394 ibant,
2058 3352 2212 3412 {Znss'fsssffssj

273 3459 314 3494 19
339 3460 404 3494 aOs
431 3460 483 3513 10,
509 3461 545 3501 8;
571 3459 619 3493 Lc
643 3459 696 3500 23,
722 3458 779 3499 30;
806 3458 880 3501 Apo
906 3456 937 3497 6,
963 3456 1013 3490 16.
