2356 3760
127 93 196 133 106,
223 93 384 134 19—107‚
411 95 453 127 14
939 94 1225 129 PsALMoRrM
1937 104 2014 145 545

126 189 156 209 ¹³*
175 186 229 226 Et
255 186 538 228 clamaverunt
564 188 616 228 ad
641 187 863 228 Dominum
891 200 982 228 cum
1008 187 1319 230 tribularentur:
1404 196 1444 231 et
1470 191 1518 231 de
1546 193 1849 236 necessitatibus
1876 211 2011 238 eorum

382 245 572 287 liberavit
600 259 678 287 eos,

123 306 158 327 ’-’“
175 304 283 344 Misit
314 305 484 345 verbum
514 317 644 348 suum,
679 308 719 344 et
748 304 911 344 sanavit
941 317 1026 344 eos:
1110 310 1149 345 et
1180 306 1326 358 eripuit
1356 320 1422 347 eos
1453 308 1501 348 de
1531 308 1828 351 interitionibus
1863 326 2010 354 eorum.

123 364 152 385 ’-’1
175 362 458 404 Confiteantur
493 362 669 403 Domino
707 362 989 402 misericordiae
1027 363 1128 403 eius:
1232 370 1271 404 et
1309 365 1510 406 mirabilia
1546 366 1629 406 eius
1666 367 1754 408 filiis
1792 369 2012 411 hominum.

123 422 154 445 ²²
176 421 230 461 Et
266 421 492 462 sacrificent
525 420 765 461 sacrificium
800 420 949 461 laudis:
1048 426 1088 461 et
1123 423 1371 463 annuncient
1406 436 1528 476 opera
1562 424 1644 464 eius
1678 425 1718 465 111
1753 426 2013 469 exultatione.

122 530 153 550 ²²⁵
175 527 252 574 Qui
289 526 541 567 dese-endunt
575 537 686 565 mare
721 525 761 565 in
798 525 983 573 navibus,
1088 526 1282 566 facientes
1318 528 1594 580 operationem
1640 529 1680 570 in
1717 531 1830 583 aquis
1866 530 2015 572 multis.
2046 536 2178 574 deducti

122 587 154 608 ”-’1
179 585 259 637 Ipsi
286 584 479 625 viderunt
505 596 627 637 opera
653 584 830 628 Domini,
913 589 952 624 et
980 584 1182 625 mirabilia
1207 584 1290 625 eius
1318 585 1358 625 in
1386 587 1599 639 profundo.
2045 574 2198 635 msss'issttssffn

123 645 154 667 2⁵
175 643 303 691 Dixit,
336 648 377 684 et
406 642 522 683 stetit
550 642 715 695 spiritus
745 642 945 695 procellae:
1030 648 1069 683 et
1100 642 1271 684 exaltati
1300 650 1395 684 sunt
1427 644 1574 685 fluctus
1605 646 1700 687 eius.

121 703 157 726 ²⁶
174 702 412 743 Ascendunt
443 714 570 754 usque
601 701 653 741 ad
683 701 810 749 caelos,
855 706 894 743 et
926 702 1177 742 descendunt
1207 715 1335 754 usquc
1366 702 1417 742 ad
1449 703 1632 756 abyssos:
1718 704 1851 745 anima
1882 719 2018 746 eorum

384 760 425 800 in
453 759 570 800 malis
599 760 849 801 tabescebat.

122 821 155 843 ²⁷
175 819 346 860 Turbati
375 824 482 865 sunt,
525 824 567 859 et
599 819 701 860 moti
731 825 826 859 sunt
866 818 969 859 sicut
1002 819 1153 859 ebrius:
1246 825 1286 860 et
1326 820 1456 860 omnis
1494 820 1693 873 sapientia
1732 834 1869 861 eorum
1900 822 2021 862 devo-

384 883 475 917 rata
504 883 575 918 est.

123 940 157 960 2⁸
175 937 229 977 Et
257 936 538 977 clamaverunt
565 937 616 977 ad
642 936 866 977 Dominum
893 949 985 977 cum
1012 936 1316 979 tribularentur.
1406 942 1446 977 et
1473 938 1522 978 de
1548 937 1856 979 necessitatibus
1883 951 2022 979 eorum

386 995 527 1036 eduxit
557 1008 635 1036 eos.

122 1057 157 1078 ²⁹
175 1055 229 1095 Et
256 1054 403 1095 statuit
428 1054 646 1107 procellam
672 1054 755 1094 eius
781 1054 821 1094 in
849 1067 1007 1094 auram:
1088 1060 1127 1095 et
1154 1054 1349 1095 siluerunt
1379 1054 1526 1095 fluctus
1552 1055 1647 1096 eius.

122 1116 158 1137 ³³⁰
175 1114 229 1154 Et
259 1113 388 1154 laetati
418 1118 514 1154 sunt
545 1113 641 1166 quia
669 1113 885 1153 siluerunt:
980 1119 1019 1153 et
1051 1113 1222 1153 deduxit
1252 1126 1317 1154 eos
1348 1113 1388 1153 in
1419 1118 1581 1166 portum
1614 1113 1838 1154 voluntatis
1869 1126 2019 1155 eorum.

122 1175 153 1197 ³³¹
175 1172 457 1214 Confiteantur
493 1172 669 1213 Domino
708 1172 989 1212 nnserieordiae
1025 1171 1127 1212 eius:
1229 1177 1269 1212 et
1306 1171 1508 1212 mirabilia
1543 1171 1626 1211 eius
1664 1171 1753 1211 filiis
1798 1172 2020 1213 homiuum.

122 1234 154 1255 ³²
174 1231 229 1272 Et
262 1231 446 1272 exaltent
477 1244 569 1272 eum
601 1231 642 1271 in
675 1230 840 1271 ecclesia
871 1230 1016 1283 plebis:
1112 1235 1152 1271 et
1184 1230 1225 1270 in
1257 1230 1453 1270 cathedra
1483 1230 1685 1270 seniorum
1716 1229 1883 1270 laudent
1916 1244 2017 1271 eum.

123 1340 155 1361 ³²²³
176 1337 319 1378 Posuit
350 1336 519 1377 flumina
546 1336 587 1376 in
616 1337 840 1376 desertum:
923 1340 963 1375 et
992 1335 1125 1375 exitus
1155 1347 1354 1387 aquarum
1383 1334 1424 1374 in
1453 1334 1574 1375 sitim.
2042 1335 2229 1393 ³¹¹‘.‘1¹{⁵g.<“¹¹*0³

123 1398 155 1420 31
176 1396 341 1436 Terram
370 1396 623 1436 fructiferam
652 1395 693 1434 in
722 1394 978 1446 salsuginem,
1064 1407 1085 1434 a
1115 1393 1274 1433 malitia
1303 1392 1624 1433 inhabitantium
1656 1393 1695 1433 in
1725 1406 1783 1434 ea.
2052 1377 2205 1429 nuliiafffl‘

123 1457 155 1479 ³5
175 1455 318 1495 Posuit
342 1454 547 1494 desertum
572 1454 612 1493 in
638 1458 783 1506 stagna
808 1465 1026 1505 aquarum:
1105 1457 1146 1492 et
1170 1457 1320 1491 terram
1346 1451 1430 1491 sine
1455 1464 1563 1504 aqua
1586 1452 1626 1491 111
1651 1451 1784 1492 exitus
1810 1464 2020 1504 aquarum.
2069 1441 2190 1465 D‘'¹¹“¹¹i'

123 1515 159 1538 ³⁶
176 1513 231 1554 Et
257 1512 471 1554 collocavit
497 1511 575 1552 illic
602 1512 840 1552 esurientes:
922 1516 962 1551 et
988 1511 1288 1551 constituerunt
1316 1510 1527 1550 civitatem
1553 1510 1831 1551 habitationis.

123 1574 157 1597 ³³
177 1573 232 1613 Et
260 1571 565 1613 seminaverunt
595 1584 722 1624 agros,
762 1576 801 1611 et
832 1569 1125 1623 plantaverunt
1154 1570 1312 1610 vineas:
1407 1574 1448 1609 et
1484 1569 1666 1609 fecerunt
1704 1570 1883 1609 fructum
1921 1568 2025 1609 nati-

385 1631 539 1671 Vitatis.

124 1694 159 1716 ‘2³⁵
177 1690 232 1731 Et
254 1690 464 1731 benedixit
486 1690 553 1736 eis,
578 1694 620 1729 et
641 1687 902 1741 multiplicati
925 1693 1019 1728 sunt
1044 1687 1180 1727 nimis:
1257 1691 1298 1727 et
1319 1686 1504 1727 iumenta
1525 1699 1663 1727 eorum
1685 1699 1767 1727 non
1789 1685 2021 1726 minoravit.

125 1753 159 1773 ¹⁵¹³
177 1750 233 1790 Et
259 1748 379 1802 pauci
406 1748 504 1789 facti
532 1753 645 1789 sunt:
676 1754 716 1788 et
744 1747 882 1788 vexati
911 1752 1007 1787 sunt
1087 1759 1110 1787 a
1137 1745 1400 1786 tribulatione
1428 1745 1639 1787 malorum.
1669 1750 1710 1786 et
1737 1744 1884 1785 dolore.

131 1812 160 1833 111
176 1808 321 1850 Effusa
349 1813 410 1848 est
441 1807 692 1860 contemptio
723 1819 843 1859 super
872 1805 1090 1859 principes:
1185 1809 1226 1845 et.
1255 1817 1386 1844 errare
1415 1803 1509 1844 fecit
1541 1817 1606 1844 cos
1636 1804 1675 1844 in
1708 1803 1829 1846 invio.
1872 1808 1912 1843 et
1947 1815 2026 1843 non

385 1866 426 1907 in
460 1866 538 1907 via.

126 1929 154 1951 ’11
179 1927 233 1967 Et
264 1925 421 1966 adiuvit
452 1938 672 1978 pauperem
703 1924 752 1965 de
782 1923 936 1976 inopia:
1022 1927 1062 1963 et
1092 1922 1229 1976 posuit
1259 1921 1363 1962 sicut
1393 1934 1488 1962 oves
1518 1921 1703 1961 familias.

126 1988 156 2010 ⁴2
183 1985 409 2026 aVidebunt
439 1984 549 2031 recti,
581 1989 621 2024 et
650 1983 917 2024 laetabuntur:
1002 1987 1041 2022 et
1071 1981 1201 2022 omnis
1230 1980 1424 2033 iniquitas
1454 1979 1653 2033 oppilabit
1683 1992 1725 2020 os
1754 1992 1885 2019 suum.

130 2047 158 2069 ¹³
178 2044 276 2092 Quis
307 2043 466 2096 sapiens
497 2047 538 2083 et
568 2042 772 2083 custodiet
802 2040 910 2081 haec?
996 2046 1037 2081 et
1067 2039 1264 2093 intelliget
1295 2038 1588 2079 misericordias
1619 2037 1808 2079 Domini?

709 2167 929 2218 107(108).
961 2166 1182 2207 Laudatio
1213 2166 1257 2206 et
1286 2166 1459 2217 petitio.

231 2257 245 2280 1
274 2253 488 2296 Canticum
517 2251 670 2294 Psalmi
698 2251 774 2305 ipsi
802 2250 951 2292 David.
1011 2249 1126 2301 (Sap.
1158 2248 1220 2298 56,
1251 2248 1304 2296 8.)
1362 2247 1487 2289 CVII.

145 2375 160 2396 ”-’
178 2372 375 2413 Paratum
393 2382 460 2411 cor
475 2382 612 2410 meum
628 2369 751 2411 Deus,
771 2372 963 2421 paratum
980 2379 1048 2407 cor
1063 2378 1218 2406 meum·
1276 2364 1464 2411 cantabo,
1478 2368 1517 2404 et
1535 2361 1705 2415 psallam
1722 2361 1763 2401 in
1779 2361 1905 2414 gloria
1921 2374 2022 2401 mea.
2047 2361 2219 2421 offls3}³³§{³'

147 2434 162 2456 ³
180 2431 342 2483 Exurge
367 2429 495 2483 gloria
519 2440 621 2476 mea,
650 2439 797 2480 exurge
822 2425 1073 2479 psalterium,
1102 2429 1142 2465 et
1168 2423 1343 2464 cithara:
1424 2434 1616 2475 exurgam
1643 2419 1830 2461 diluculo.
2094 2431 2167 2470 fldffl

152 2488 413 2531 1Conf1tebor
441 2487 517 2528 tibi
546 2486 587 2527 in
615 2485 775 2539 populis
804 2484 998 2526 Domine:
1082 2488 1123 2524 et
1152 2482 1323 2536 psallam
1354 2481 1428 2522 tibi
1458 2481 1499 2521 111
1528 2478 1774 2520 nationibus.
2079 2466 2182 2497 mmm·

146 2551 161 2573 ⁵
180 2548 285 2597 Quia
308 2559 459 2601 magna
483 2551 544 2586 est
569 2558 689 2598 super
713 2543 828 2585 caelos
853 2542 1127 2584 misericordia
1152 2547 1242 2582 tua:
1310 2545 1349 2582 et
1377 2553 1503 2594 usque
1530 2539 1581 2580 ad
1607 2538 1733 2579 nubes
1761 2537 1908 2577 veritas
1935 2542 2025 2577 tua:

147 2610 162 2632 ⁶
179 2606 374 2648 Exaltare
401 2618 522 2659 super
548 2604 664 2646 caelos
691 2603 813 2652 Deus,
897 2607 938 2643 et
965 2614 1084 2655 super
1111 2613 1273 2642 omnem
1302 2605 1451 2641 terram
1478 2598 1605 2652 gloria
1631 2603 1722 2637 tua:

149 2715 161 2736 ⁷
179 2718 225 2753 ut
252 2711 474 2752 liberentur
502 2708 638 2751 dilecti
665 2709 738 2749 tui.
820 2707 987 2749 Salvum
1016 2707 1081 2747 fac
1109 2707 1278 2747 dextera
1305 2711 1388 2747 tua.
1420 2710 1459 2744 et
1488 2702 1634 2744 exaudi
1663 2714 1744 2741 me:
2035 2703 2234 2768 libeffiiftmffln

148 2771 289 2812 SDeus
316 2769 477 2811 locutus
507 2774 568 2810 est
596 2768 638 2808 in
666 2771 807 2809 sancto
837 2780 928 2808 suo:
959 2765 1179 2811 Exultabo,
2167 2757 2172 2762 '

179 2835 220 2871 et
249 2829 431 2870 dividam
460 2827 692 2875 Sicffimam,
724 2832 766 2867 et
794 2825 1020 2867 convallem
1049 2823 1405 2865 tabernaculorum
1436 2820 1634 2862 dimetiar.

147 2888 292 2929 ⁹Meus
323 2893 384 2928 est
415 2887 583 2935 Galaad,
616 2891 658 2926 et
687 2898 800 2925 meus
832 2889 893 2925 est
923 2884 1148 2924 Manasses:
1228 2887 1267 2923 et
1299 2880 1494 2935 Ephraim
1526 2877 1726 2931 susceptio
1759 2876 1902 2929 capitis
1934 2875 2023 2916 mei.

391 2946 494 2986 Iuda
521 2958 592 2986 rex
620 2957 752 2985 meus:

130 3008 163 3030 111
180 3006 301 3047 Moab
327 3005 435 3046 lebes
462 3004 546 3057 spei
571 3017 682 3044 meae.
769 3002 816 3043 In
844 3002 1068 3043 Idumaeam
1095 3000 1316 3041 extendam
1346 2997 1666 3039 calceamentum
1694 3007 1848 3034 meum:
1930 2992 2026 3032 mihi

389 3063 621 3116 alienigenae
650 3061 769 3102 amici
796 3061 895 3102 facti
924 3065 1031 3101 sunt.

128 3126 158 3148 11
181 3123 278 3172 Quis
299 3123 474 3164 deducet
494 3134 558 3162 me
578 3121 620 3161 in
641 3120 852 3161 civitatem
873 3118 1101 3160 munitam?
1176 3117 1263 3171 quis
1286 3116 1458 3157 deducet
1479 3127 1543 3154 mc
1565 3126 1692 3165 usque
1714 3112 1754 3152 in
1778 3108 2026 3151 Idumaeam?

129 3185 158 3206 ¹²
180 3183 324 3223 Nonne
352 3187 399 3222 tu
426 3181 548 3225 Deus,
581 3179 649 3233 qui
677 3178 860 3232 repulisti
887 3191 972 3221 nos.
1062 3182 1102 3217 et
1131 3189 1212 3217 non
1241 3174 1367 3216 exibis
1396 3173 1506 3213 Deus
1534 3172 1574 3212 111
1604 3170 1826 3211 virtutibus
1856 3167 2025 3209 nostris?

132 3244 159 3265 '¹³
179 3242 244 3281 Da
273 3241 388 3282 nobis
419 3239 615 3280 auxilium
646 3238 695 3278 de
725 3236 1007 3277 tribulatione:
1093 3235 1187 3288 quia
1218 3246 1326 3274 vana
1356 3232 1463 3272 salus
1494 3230 1678 3272 hominis.

129 3302 159 3324 11
182 3300 229 3340 In
254 3300 340 3341 Deo
367 3299 561 3339 faciemus
588 3297 804 3337 virtutem:
885 3300 925 3335 et
952 3295 1036 3348 ipse
1063 3294 1115 3334 ad
1142 3292 1313 3333 nihilum
1340 3291 1513 3332 deducet
1543 3288 1724 3329 inimicos
1752 3291 1920 3327 nostros.

261 3436 335 3477 106,
360 3435 402 3468 42
427 3435 509 3468 alob
534 3436 586 3475 22,
613 3435 664 3468 19.

197 3498 446 3524 Hetzenauer,
470 3498 596 3529 Vulgata
618 3498 808 3523 clementina.
1766 3479 1815 3519 35
