2356 3760
112 572 286 596 Mardocha?-

121 614 152 631 us
180 609 277 632 coniu-

129 644 271 667 rationem

120 679 279 702 ianitorum

125 714 275 743 patefacit.

121 1327 199 1352 l'rior
223 1327 281 1357 epi-

110 1362 185 1386 stola
205 1363 287 1386 Arta-

119 1398 213 1422 xerxis
237 1398 280 1421 vel

150 1433 248 1462 potius

142 1468 256 1494 Xerxis.

115 2738 287 2768 Deprecatio

110 2774 291 2801 Mardocbaei,

308 183 384 225 454
1193 182 1337 216 LIBER
1938 187 1989 225 11,
2017 186 2158 226 1οῐ-13,
2185 187 2224 220 17

305 281 451 330 parata
486 277 539 317 ad
574 281 759 317 mortem.
824 277 859 299 ¹⁰
893 274 1267 329 Clamaveruntque
1302 276 1354 316 ad
1389 276 1541 316 Deum:
1579 282 1619 318 et
1653 276 1729 318 illis
1764 277 2096 328 vociferantibus,
2134 280 2225 321 fons

305 348 457 389 parvus
484 335 613 376 crevit
639 335 679 375 in
711 334 881 374 fluvium
908 333 1148 382 maximum,
1178 340 1219 375 et
1246 335 1285 374 in
1313 348 1440 387 aquas
1468 335 1663 388 plurimas
1691 336 1951 378 redundavit.
2008 340 2039 362 ¹¹
2066 339 2157 379 Lux
2184 344 2226 380 et

305 394 364 435 sol
394 399 507 435 ortus
539 400 611 438 est,
645 400 685 433 et
716 392 888 433 humiles
919 391 1091 433 exaltati
1122 399 1229 437 sunt,
1264 399 1304 434 et
1335 394 1639 435 devoraverunt
1671 394 1856 448 inclytos.
1917 398 1948 420 ¹2
1979 396 2099 445 Quod
2131 411 2224 439 cum

307 453 475 494 vidisset
496 452 788 497 ll'lardochaeus,
814 457 853 491 01
877 451 1114 492 surrexisset
1138 453 1187 492 de
1210 457 1352 499 strato,
1377 453 1588 503 cogitabat
1611 453 1708 506 quid
1730 454 1841 495 Deus
1864 455 1994 495 facere
2018 455 2158 497 vellet:
2184 463 2225 497 et

308 512 432 552 fixum
464 512 643 551 habebat
671 511 710 550 in
739 510 887 556 animo,
918 510 1016 550 scire
1045 511 1209 564 cupiens
1239 511 1337 564 quid
1364 511 1610 563 significaret
1637 512 1854 554 somnium.

416 571 474 613 12.
533 572 544 593 ¹
577 570 818 609 Morabatur
853 574 1010 609 aautem
1045 582 1090 609 eo
1125 576 1306 622 tompore
1339 570 1379 610 in
1412 569 1506 610 aula
1536 570 1638 621 regis
1671 583 1763 611 cum
1798 572 1985 625 Bagatha
2018 578 2059 613 et
2091 573 2226 614 Thara

307 629 501 670 eunuchis
536 629 650 679 regis,
689 628 757 681 qui
792 628 983 669 ianitores
1019 634 1135 669 eraut
1169 628 1324 681 palatii.
1388 631 1402 652 '³
1437 630 1620 682 Cumque
1655 629 1921 671 intellexisset
1955 632 2224 685 cogitationes

307 702 458 732 eorum.
488 694 527 728 et
555 700 671 728 curas
695 686 929 739 diligentius
957 687 1209 740 pervidisset,
1236 687 1379 728 didicit
1405 688 1515 741 quod
1540 694 1786 729 conarentur
1810 689 1850 729 in
1878 702 2010 741 regem
2033 691 2226 731 Artaxer-

306 760 398 787 xem
421 760 568 787 manus
588 746 763 790 mittere.
780 751 821 786 et
842 746 1056 787 nunciavit
1074 759 1195 799 super
1213 759 1258 787 co
1282 746 1375 799 regi.
1419 749 1435 771 ³
1449 747 1528 795 Qui
1548 747 1598 787 de
1619 753 1806 801 utroque,
1824 748 1968 789 habita
1987 750 2223 803 quaestione,

307 806 510 847 confessos
537 805 654 846 iussit
676 805 769 846 duci
792 805 845 845 ad
872 811 1057 846 mortem.
1108 807 1121 828 ⁴
1145 806 1232 845 Rex
1259 810 1398 846 autem
1422 806 1532 859 quod
1557 811 1718 859 gestum
1744 813 1843 853 erat,
1869 807 2030 861 scripsit
2054 808 2095 850 in
2117 822 2225 849 com-

306 865 534 906 mentariis:
558 864 628 905 sed
649 869 689 905 et
710 864 990 905 Mardocbaeus
1012 864 1066 904 rei
1091 864 1328 905 memoriam
1350 864 1496 905 litteris
1519 865 1703 906 tradidit.
1742 866 1758 889 5
1778 866 2061 920 Przecepitque
2083 867 2118 908 ei
2138 880 2221 915 rex,

305 930 349 964 ut
373 924 412 964 in
435 923 529 964 aula
549 923 692 977 palatii
714 928 954 968 moraretur,
983 923 1090 964 datis
1112 923 1146 963 ei
1173 936 1245 976 pro
1271 923 1476 965 delatione
1500 924 1749 965 muneribus.
1804 926 1818 948 ‘³
1839 925 1975 966 Aman
1995 939 2091 967 vero
2119 926 2224 968 filius

305 983 530 1024 Amadathi
557 983 721 1035 bugaeus
747 987 834 1022 crat
857 982 1169 1035 gloriosissimus
1194 995 1331 1023 coram
1355 995 1458 1036 rege,
1487 988 1528 1023 et
1552 983 1685 1024 voluit
1709 996 1852 1024 nocere
1878 985 2149 1032 Mardochaeo,
2183 991 2224 1026 et

305 1042 455 1095 populo
478 1042 561 1082 cius
583 1053 654 1094 pro
677 1041 837 1081 duobus
859 1041 1054 1082 eunuchis
1073 1041 1187 1094 regis.
1205 1041 1274 1094 qui
1294 1042 1458 1082 fuerant
1477 1042 1693 1083 interfecti.
1736 1041 1954 1095 Hucusque
1975 1044 2222 1096 prooemz'um.

748 1134 785 1173 3.
815 1133 883 1174 Ad
912 1134 951 1184 3,
971 1134 1023 1173 14
1053 1134 1438 1185 supplementum,
1467 1135 1533 1185 12,
1553 1135 1724 1185 6b—13,
1744 1136 1783 1175 7.

411 1206 508 1256 Quoe
535 1210 761 1258 sequuntur,
790 1204 835 1245 m
862 1218 902 1244 eo
929 1204 1007 1244 loeo
1034 1204 1167 1256 posita
1193 1209 1312 1249 erant,
1341 1204 1410 1245 ubi
1437 1205 1629 1256 scrt'ptwn
1656 1210 1711 1245 est
1737 1205 1783 1246 m
1807 1206 2015 1255 volzmzme,
2048 1208 2104 1249 Et
2131 1208 2225 1249 diri-

305 1269 484 1318 puerunt
518 1265 637 1311 bona,
674 1264 738 1305 vel
772 1263 1024 1304 substantias
1060 1276 1210 1304 eorum.
1274 1264 1371 1314 Quae
1404 1263 1449 1305 in
1483 1264 1567 1305 sola
1599 1264 1756 1317 ‘vulqata
1789 1265 1957 1306 editione
1989 1267 2222 1319 reperimus.

412 1323 608 1377 Epistolae
630 1330 769 1364 autem
792 1323 868 1364 hoc
891 1322 1099 1375 exemplar
1120 1323 1210 1363 fuit.
1262 1321 1326 1366 13.
1384 1325 1396 1346 ¹
1421 1323 1509 1363 Rex
1532 1323 1736 1364 maximus
1759 1324 2007 1366 Artaxerxes
2031 1326 2082 1367 ab
2108 1327 2227 1367 India

307 1396 434 1436 usque
473 1383 725 1436 AEthiopiam
765 1387 929 1423 centum
968 1381 1274 1435 vigintiseptem
1312 1382 1616 1435 provinciarum
1654 1382 1917 1436 principibus,
1959 1390 2000 1424 et
2038 1385 2222 1431 ducibus,

307 1442 375 1495 qui
411 1442 494 1482 eius
529 1442 697 1496 imperio
734 1441 906 1482 subiecti
940 1446 1048 1486 sunt,
1086 1441 1272 1482 salutem.
1337 1443 1351 1465 2
1386 1441 1488 1482 Cum
1523 1441 1706 1494 plurimis
1741 1441 1931 1491 gentibus
1966 1443 2222 1497 imperarem,

306 1506 347 1542 et
377 1502 613 1542 universum
645 1501 784 1542 orbem
814 1513 914 1540 1110εο
945 1500 1091 1541 (11110111
1121 1500 1413 1554 subiugassem,
1447 1500 1557 1541 volui
1589 1513 1850 1554 nequaquam
1883 1502 1999 1543 abuti
2030 1503 2226 1556 potentiae

305 1560 600 1614 magnitudine,
628 1561 697 1601 sed
723 1559 939 1601 clementia
963 1564 1004 1599 et
1027 1559 1197 1600 lenitate
1220 1560 1446 1613 gubernare
1471 1560 1687 1603 subiectos,
1714 1565 1762 1600 ut
1787 1560 1941 1614 absque
1965 1561 2046 1603 ullo
2072 1567 2225 1604 terrore

305 1620 436 1660 vitam
458 1620 616 1661 silentio
640 1619 921 1669 transigentes,
947 1623 1094 1671 optata
1114 1618 1271 1659 cunctis
1292 1618 1535 1660 mortalibus
1556 1631 1656 1672 pace
1677 1620 1920 1661 fruerentur.
1970 1622 1986 1645 ³
2007 1621 2225 1670 Quaerente

307 1684 445 1720 autem
466 1692 530 1720 me
551 1692 575 1720 a
594 1678 830 1720 consiliariis
851 1677 949 1718 meis
971 1678 1176 1731 quomodo
1196 1682 1336 1731 posset
1355 1678 1431 1719 hoc
1451 1678 1620 1731 impleri,
1644 1691 1748 1719 unus
1771 1678 1840 1731 qui
1860 1679 2063 1732 sapientia
2083 1686 2125 1721 et
2145 1681 2225 1722 fide

307 1743 460 1779 ceteros
484 1738 753 1792 praecellebat,
780 1743 819 1778 et
846 1742 934 1778 erat
957 1742 1051 1790 post
1074 1749 1208 1790 regem
1234 1737 1447 1783 secundus,
1474 1737 1609 1777 Aman
1635 1736 1809 1783 1101111110,
1863 1739 1878 1761 4
1902 1738 2101 1780 indicavit
2125 1739 2226 1780 mihi

305 1798 347 1838 in
371 1802 460 1839 toto
486 1798 581 1839 orbe
606 1803 807 1838 terrarum
830 1796 1029 1850 populum
1054 1809 1138 1836 esse
1163 1796 1402 1849 dispersum,
1430 1796 1499 1849 qui
1523 1796 1639 1837 novis
1664 1801 1850 1836 uteretur
1871 1796 2038 1850 legibus,
2066 1803 2107 1839 et
2131 1812 2225 1840 con-

306 1862 372 1898 tra
401 1857 584 1898 omnium
615 1857 809 1897 Gentium
842 1855 1180 1897 consuetudinem
1211 1855 1374 1902 faciens,
1410 1856 1569 1909 Regum
1599 1855 1710 1896 iussa
1739 1861 2031 1906 contemneret,
2065 1862 2107 1898 et
2136 1858 2225 1898 uni-

306 1929 515 1957 versarum
536 1916 794 1957 concordiam
815 1915 1030 1956 nationum
1050 1928 1125 1955 sua
1143 1914 1391 1955 dissensione
1410 1914 1594 1956 violaret.
1642 1917 1657 1939 ⁵
1677 1914 1796 1963 Quod
1817 1928 1909 1956 011111
1929 1915 2223 1966 didicissemus,

306 1975 492 2016 videntes
530 1988 655 2016 unam
692 1980 857 2028 gentem
894 1973 1083 2015 rebellem
1122 1974 1317 2014 adversus
1356 1987 1475 2015 omne
1513 1974 1726 2015 hominum
1763 1986 1889 2027 genus
1926 1975 2126 2028 perversis
2165 1976 2227 2017 uti

305 2034 472 2087 legibus,
493 2035 724 2088 nostrisque
743 2033 988 2075 iussionibus
1008 2033 1220 2081 contraire,
1242 2038 1283 2074 et
1302 2034 1469 2074 turbare
1488 2033 1764 2074 subiectarum
1784 2033 1901 2074 nobis
1920 2034 2226 2087 provinciarum

306 2106 448 2147 pacem
469 2099 593 2146 atque
612 2093 882 2138 concordiam,
933 2094 948 2116 ⁶
966 2092 1155 2133 iussimus
1175 2098 1222 2133 ut
1241 2105 1521 2146 quoscumque
1539 2092 1686 2140 Aman,
1708 2092 1778 2146 qui
1796 2092 1987 2133 omnibus
2005 2094 2226 2147 provinciis

306 2152 548 2206 praepositus
572 2158 643 2197 est,
669 2158 710 2192 et
732 2152 932 2192 secundus
955 2164 979 2191 a
999 2164 1101 2205 rege,
1127 2157 1168 2192 et
1191 2164 1311 2204 quem
1334 2151 1462 2204 patris
1485 2151 1571 2192 loco
1595 2151 1776 2200 colimus,
1800 2152 2106 2199 monstraverit,
2132 2166 2226 2194 cum

308 2212 545 2264 coniugibus
584 2225 630 2252 ac
667 2211 800 2252 liberis
839 2209 1053 2252 deleantur
1090 2210 1141 2251 ab
1180 2210 1351 2251 inimicis
1389 2210 1482 2255 suis,
1538 2210 1753 2264 nullusque
1792 2223 1931 2251 eorum
1969 2211 2223 2262 misereatur,

309 2270 617 2324 quartadecima
647 2271 710 2311 die
742 2269 973 2311 duodecimi
1002 2269 1151 2310 mensis
1182 2269 1295 2310 Adar
1325 2269 1420 2310 anni
1451 2269 1680 2322 praesentis:
1743 2271 1756 2292 ⁷
1788 2274 1835 2310 ut
1865 2270 2009 2310 nefarii
2040 2271 2225 2313 homines

307 2343 387 2370 uno
410 2330 472 2370 die
494 2330 546 2370 ad
567 2330 714 2371 inferos
736 2329 1039 2375 descendentes,
1062 2329 1239 2370 reddant
1258 2328 1427 2381 imperio
1449 2333 1588 2370 nostro
1609 2342 1764 2382 pacem,
1790 2341 1914 2382 quam
1936 2329 2222 2372 turbaverant.

307 2388 523 2441 Hucusque
552 2389 748 2441 exemplar
777 2388 963 2441 epistolae.

747 2482 785 2522 4.
815 2482 882 2522 Ad
912 2482 950 2531 4,
970 2481 1022 2521 17
1053 2480 1438 2532 supplementum,
1466 2482 1533 2532 13,
1552 2481 1699 2531 8—14,
1718 2480 1784 2520 19.

412 2554 508 2605 Quae
541 2558 767 2606 sequuntur,
801 2558 888 2605 post
920 2566 1008 2593 eum
1039 2552 1165 2593 locum
1198 2552 1346 2604 scripta
1375 2553 1513 2605 reperi,
1547 2552 1616 2593 ubi
1646 2552 1794 2605 legitur,
1828 2552 2086 2607 Pergensque
2118 2553 2223 2594 Mar-

307 2613 507 2657 docbaeus,
533 2613 629 2653 fecit
652 2612 799 2655 onmia.
826 2625 915 2666 quae
937 2612 972 2652 ei
994 2612 1266 2652 mandaverat
1288 2611 1448 2653 Esther.
1500 2611 1582 2652 Nec
1603 2616 1733 2652 tamen
1754 2611 1943 2652 habentur
1963 2611 2009 2652 in
2030 2612 2224 2654 Hebraico

306 2678 338 2713 et
368 2672 477 2724 apud
504 2672 660 2713 nullum
688 2671 849 2723 pemeus
877 2672 1058 2722 seruntur
1086 2671 1352 2722 interpretum.

415 2733 429 2756 ⁸
470 2731 750 2772 Mardochaeus
792 2735 931 2771 autem
972 2730 1213 2782 deprecatus
1255 2735 1316 2771 est
1356 2730 1593 2776 Dominum,
1636 2742 1792 2770 memor
1832 2730 2015 2771 omnium
2056 2743 2225 2784 operum

308 2791 403 2837 eius,
457 2792 472 2815 ⁹
495 2797 536 2831 et
558 2790 680 2831 dixit:
705 2790 880 2831 Domine
902 2790 1078 2830 Domine
1101 2802 1170 2829 rex
1193 2789 1465 2843 omnipotens,
1490 2789 1530 2830 in
1554 2789 1708 2830 ditione
1731 2789 1838 2829 enim
1860 2794 1936 2830 tua
1957 2794 2107 2830 cuncta
2128 2795 2225 2831 sunt

308 2850 453 2902 posita,
485 2855 525 2890 et
554 2863 635 2890 non
665 2855 726 2889 est
756 2849 824 2903 qui
853 2848 982 2902 possit
1010 2854 1092 2888 111εο
1120 2848 1304 2889 resistere
1333 2848 1551 2894 voluntati,
1583 2848 1615 2889 si
1644 2847 1867 2889 decreveris
1897 2847 2055 2889 salvare
2086 2848 2222 2890 Israel.

310 2911 344 2932 ¹⁰
372 2909 431 2948 Tu
460 2909 591 2949 fecisti
620 2908 762 2949 caelum
792 2914 832 2948 et
861 2913 1024 2952 terram,
1056 2912 1097 2947 et
1127 2907 1326 2961 quidquid
1356 2907 1439 2948 caeli
1470 2907 1628 2948 ambitu
1659 2907 1903 2948 continetur.
1964 2909 1994 2931 ¹¹
2022 2907 2224 2948 Dominus

310 2967 490 3008 omnium
520 2982 571 3015 es,
600 2981 673 3008 1100
700 2972 761 3008 est
789 2967 857 3021 qui
884 2967 1048 3007 resistat
1073 2966 1281 3007 maiestati
1308 2972 1400 3007 tuae.
1458 2969 1489 2991 ¹2
1515 2967 1674 3008 Cuncta
1700 2966 1819 3014 nosti,
1849 2971 1890 3006 et
1917 2965 1992 3006 scis
2020 2967 2117 3020 quia
2142 2979 2224 3008 non

308 3038 380 3078 pro
399 3027 589 3079 superbia
607 3032 646 3066 et
665 3026 923 3070 contumelia,
945 3031 985 3066 et
1004 3025 1142 3079 aliqua
1158 3025 1293 3077 ‹gloriae
1311 3026 1539 3079 cupiditate
1556 3025 1719 3066 fecerim
1738 3025 1825 3072 hoc,
1846 3029 1893 3066 ut
1911 3038 1992 3066 non
2011 3025 2223 3066 adorarem

309 3085 441 3125 Aman
471 3086 816 3138 superbissimum,
874 3087 905 3109 ¹³
933 3085 1143 3132 (Libenter
1171 3084 1277 3125 enim
1305 3097 1377 3138 pro
1406 3084 1537 3125 salute
1568 3083 1691 3125 Israel
1719 3083 1844 3124 etiam
1872 3083 2046 3138 vestigia
2072 3084 2223 3137 pedum

310 3143 393 3183 eius
420 3144 642 3184 deosculari
671 3149 838 3197 paratus
865 3145 1025 3196 essem.)
1080 3145 1109 3167 ¹⁴
1136 3145 1205 3184 scd
1232 3144 1350 3184 timui
1378 3157 1426 3184 ne
1452 3144 1649 3184 honorem
1675 3143 1750 3183 Dei
1777 3143 1855 3183 mei
1882 3143 2144 3184 transferrem
2171 3144 2224 3184 ad

310 3202 526 3247 hominem,
564 3208 602 3243 et
638 3217 685 3242 ne
720 3216 969 3257 quemquam
1004 3203 1227 3249 admarem,
1264 3208 1434 3256 excepto
1468 3203 1555 3243 Deo
1589 3216 1691 3243 meo.
1754 3204 1785 3226 ¹⁵
1819 3202 1875 3242 Et
1907 3215 2014 3242 nunc
2048 3202 2223 3243 Domine

310 3274 378 3300 rex
405 3262 513 3301 Deus
541 3262 747 3302 Abrabam
776 3263 962 3303 miserere
988 3261 1127 3315 populi
1153 3262 1225 3306 tui,
1255 3262 1351 3315 quia
1376 3261 1521 3302 volunt
1547 3275 1619 3302 nos
1645 3260 1796 3301 inimici
1822 3260 1950 3301 nostri
1976 3261 2153 3313 perdere,
2182 3266 2223 3302 et

310 3320 576 3360 hereditatem
608 3326 721 3360 tuam
753 3322 894 3362 delere.
955 3323 987 3345 ¹⁶
1018 3321 1077 3361 Ne
1105 3320 1303 3373 despicias
1331 3326 1492 3374 partem
1520 3326 1648 3369 tuam,
1681 3333 1805 3374 quam
1833 3319 2041 3360 redemisti
2069 3319 2144 3360 tibi
2172 3320 2222 3360 de

310 3379 501 3432 ,issgrypm
557 3381 589 3403 ¹⁷
617 3379 777 3419 Exaudi
804 3379 1131 3433 deprecationem
1158 3392 1303 3424 meam,
1332 3385 1372 3420 et
1397 3379 1598 3433 propitius
1625 3384 1710 3420 esto
1737 3378 1836 3419 sorti
1861 3383 1901 3419 et
1926 3377 2107 3420 funiculo
2135 3384 2218 3424 tuo,

310 3444 349 3478 et
367 3444 558 3478 converte
575 3437 729 3478 luctum
749 3445 933 3479 nostrum
952 3439 991 3479 in
1007 3438 1215 3491 gaudium.
1237 3444 1280 3479 ut
1300 3439 1484 3479 viventes
1500 3438 1713 3479 laudemus
1731 3450 1879 3479 nomen
1896 3443 2015 3478 tuum
2032 3437 2218 3484 Domine,

443 3531 494 3571 12,
528 3532 544 3563 1
573 3532 661 3573 a»Sup
687 3531 716 3568 2,
743 3532 799 3570 21;
827 3534 856 3571 (5,
883 3534 911 3564 2.
