2356 3760
297 166 375 204 »25¹0
1146 166 1285 199 §.ll-{ER
1313 167 1358 201 ΙΙ.
1944 173 1996 208 23.
2024 175 2166 215 11—-24,
2192 176 2212 208 9

300 260 426 299 donec
452 260 642 300 deficeret
666 273 808 300 manus
835 260 929 300 eius.
957 266 996 300 et
1022 259 1290 310 obrigesceret
1313 274 1403 301 cum
1429 260 1581 309 gladio:
1609 263 1785 316 fecitque
1809 264 2011 308 Dominus
2035 268 2210 310 salutem

302 331 489 365 maenam
516 318 554 358 in
579 318 642 358 die
666 318 751 358 illa:
777 326 815 358 et
840 318 1026 371 populus.
1053 319 1121 372 qui
1145 319 1316 369 fugerat.
1343 332 1525 360 reversus
1549 326 1610 361 est
1632 322 1684 362 ad
1707 335 1901 364 caesorum
1926 325 2055 378 spolia
2076 328 2213 368 detra-

302 376 446 417 henda.
500 380 524 401 ¹¹
556 378 601 417 Et
629 383 719 429 post
743 377 861 421 hunc.
886 378 1048 418 Semina
1072 377 1174 418 filius
1198 379 1281 427 Aee
1304 379 1353 419 de
1374 379 1502 419 Arari.
1528 385 1567 420 et
1590 381 1822 434 congregati
1845 389 1940 424 sunt
1965 384 2211 427 philisthiim

303 435 340 475 in
373 436 567 476 statione:
601 444 682 476 erat
720 435 869 489 quippe
901 436 953 476 ibi
987 449 1080 487 ager
1110 436 1216 477 lente
1249 436 1402 490 plenus.
1436 439 1618 491 Cumque
1651 439 1821 488 fugisset
1851 442 2026 496 populus
2059 458 2082 485 a
2112 445 2213 486 facie

305 494 560 536 l‘hilisthiim.
611 496 641 518 ¹²
661 495 775 535 stetit
798 494 860 535 ille
881 494 919 535 in
943 495 1074 535 medio
1095 496 1190 544 agri.
1214 502 1254 536 et
1276 496 1404 536 tuitus
1425 503 1484 536 est
1506 510 1610 538 eum.
1635 499 1912 553 percussitque
1934 501 2211 545 Philisthaeos:

304 561 339 593 et
370 553 463 593 fecit
496 553 691 593 Dominus
718 553 890 594 salutem
919 568 1122 603 magnam.

143 612 250 672 '‘2¹:232ss
411 615 439 635 ¹⁵³
459 613 620 653 Necnon
638 620 676 653 et
693 620 788 653 ante
803 613 1093 654 descemlerant
1114 623 1191 653 tres
1208 613 1274 666 qui
1292 621 1402 654 erant
1425 614 1623 667 principes
1639 615 1745 656 inter
1759 616 1940 667 triginta,
1958 625 1999 660 et
2013 627 2213 662 venerant

131 683 259 708 mmm.
303 681 483 724 tempore
519 671 657 711 messis
692 672 742 712 ad
778 671 911 713 David
948 672 984 712 in
1021 672 1254 726 speluncam
1290 672 1496 713 Odollam:
1533 679 1664 714 castra
1700 682 1837 716 autem
1876 677 2209 720 philisthinorum

301 736 415 770 erant
444 730 572 783 posita
602 730 638 770 in
668 730 779 771 Valle
804 731 1029 783 gigantum.
1086 733 1115 755 ¹⁴
1145 731 1190 771 Et
1224 731 1357 772 David
1383 738 1470 773 erat
1496 732 1534 772 in
1561 732 1765 785 praesidio:
1795 748 1911 787 porro
1938 737 2061 779 statio
2088 738 2212 779 Phili-

301 789 528 830 sthinorum
560 796 656 830 tunc
686 796 766 830 erat
801 789 839 830 in
874 790 1121 831 Bethlehem.
1181 793 1210 814 ¹⁵
1239 791 1498 832 Desideravit
1525 804 1616 844 ergo
1646 792 1793 836 David.
1825 800 1865 835 et
1893 795 1969 836 ait:
1999 796 2033 837 O
2062 796 2093 837 si
2122 798 2211 850 quis

302 848 397 888 mihi
423 849 537 889 daret
563 858 703 901 potum
729 863 845 903 aqua²
868 850 916 890 de
939 850 1126 890 cisterna.
1153 863 1242 903 qua)
1265 856 1323 890 est
1348 850 1387 890 in
1417 849 1649 891 Bethlehem
1676 850 1794 892 iuxta.
1814 855 1995 906 portam!
2048 857 2082 879 ¹⁶
2106 856 2211 896 Irru-

303 915 446 959 perunt
483 921 575 958 ergo
611 914 689 948 tres
724 909 848 949 fortes
883 917 1012 949 eastra
1055 908 1401 957 l'hilisthinoriun.
1438 914 1476 950 et
1511 909 1735 951 hauserunt
1770 925 1918 965 aquam
1954 914 2002 954 de
2037 914 2213 955 cisterna

302 966 555 1009 Bethlehem.
585 981 675 1020 qua*
700 974 786 1008 erat
814 967 926 1008 iuxta
955 975 1129 1021 portam.
1159 974 1199 1008 ct
1225 967 1455 1009 attulerunt
1481 968 1532 1009 ad
1559 968 1714 1009 David:
1744 977 1785 1010 at
1812 969 1876 1011 ille
1903 971 2033 1013 noluit
2060 973 2208 1016 bibere.

301 1026 368 1065 sed
401 1025 540 1066 libavit
576 1040 663 1066 eam
699 1026 884 1068 Domino.
943 1028 974 1050 ¹⁷
1002 1026 1156 1067 dicens:
1185 1027 1390 1080 Propitius
1418 1027 1466 1067 sit
1497 1027 1593 1068 mihi
1622 1028 1835 1077 Dominus.
1865 1043 1914 1070 ne
1940 1031 2089 1072 faciam
2115 1032 2209 1073 hoc:

303 1098 395 1125 num
436 1085 671 1131 sanguinem
710 1085 921 1126 hominum
962 1085 1144 1128 istorum.
1184 1086 1250 1140 qui
1290 1087 1458 1139 profecti
1497 1094 1604 1128 sunt.
1644 1094 1683 1127 et
1721 1088 1949 1130 animarum
1987 1090 2209 1143 periculum

302 1144 463 1184 bibam?
499 1144 635 1185 Noluit
667 1158 758 1193 erizo
791 1145 936 1185 bibere.
971 1145 1053 1185 haec
1083 1146 1265 1186 fecerunt
1296 1151 1376 1185 tres
1407 1145 1688 1187 robustissimi.

134 1199 254 1257 dffiffi„
406 1206 439 1226 ¹*
469 1203 606 1243 Abisai
640 1218 801 1258 quoque
833 1205 956 1245 frater
991 1204 1085 1245 loab
1116 1204 1218 1245 filius
1249 1204 1411 1246 Sarviae.
1446 1205 1629 1259 princeps
1660 1211 1747 1246 erat
1776 1207 1824 1247 de
1854 1206 2004 1248 tribus:
2036 1207 2120 1262 ipse
2149 1214 2212 1250 est

132 1270 258 1294 fortium-
302 1261 368 1315 qui
402 1261 554 1303 levavit
587 1263 747 1303 hastam
778 1277 892 1304 suam
925 1270 1067 1304 eontra
1098 1269 1312 1305 trecentos.
1348 1278 1447 1317 quos
1479 1264 1694 1306 interfecit.
1728 1265 1963 1307 nominatus
1995 1266 2035 1307 in
2067 1267 2209 1317 tribus,

304 1323 334 1344 ¹⁹
365 1330 400 1361 et
437 1321 541 1362 inter
570 1328 649 1362 tres
682 1322 864 1365 nobilior.
898 1330 1066 1376 eratque
1097 1336 1234 1363 eorum
1267 1323 1465 1377 princeps.
1498 1324 1565 1364 sed
1597 1337 1724 1377 usque
1755 1325 1805 1365 ad
1837 1331 1917 1365 tres
1947 1325 2098 1379 primos
2129 1340 2210 1368 non

303 1389 553 1433 pervenerat.
617 1383 652 1405 ²⁰
686 1382 739 1422 Et
775 1382 948 1422 Banaias
983 1381 1085 1422 filius
1125 1381 1271 1423 loiadae
1305 1382 1379 1422 viri
1412 1382 1634 1425 fortissimi.
1670 1396 1911 1437 magnorum
1946 1398 2126 1438 operum.
2162 1386 2211 1426 de

302 1439 485 1480 l'abseel:
518 1440 600 1494 ipse
634 1441 828 1493 percussit
859 1441 959 1482 duos
990 1440 1123 1482 leones
1153 1442 1287 1483 Moab.
1320 1448 1359 1482 et
1390 1441 1473 1495 ipse
1503 1442 1725 1485 descendit.
1757 1449 1797 1483 et
1827 1444 2025 1496 percussit
2053 1443 2211 1485 leonem

303 1499 339 1538 in
362 1499 494 1540 media
512 1499 687 1540 cisterna
705 1499 742 1540 in
763 1500 904 1540 diebus
924 1500 1040 1540 nivis.
1087 1502 1115 1524 ‘2¹
1140 1500 1229 1554 lpse
1249 1515 1410 1555 quoque
1430 1501 1633 1542 interfecit
1651 1501 1783 1541 virum
1803 1502 2056 1556 Egyptium,
2076 1503 2217 1543 virum.

302 1558 468 1609 dignum
498 1558 741 1612 spectaculo.
771 1559 991 1600 habentem
1020 1559 1059 1599 in
1087 1573 1209 1600 manu
1240 1560 1420 1600 hastam:
1451 1560 1589 1613 itaque
1617 1573 1707 1600 cum
1737 1561 2011 1602 descendisset
2038 1562 2091 1603 ad
2118 1576 2209 1603 eum

301 1617 339 1657 in
365 1617 489 1671 virga.
515 1619 552 1658 vi
576 1618 747 1660 extorsit
770 1619 929 1659 hastam
955 1619 1003 1659 de
1026 1632 1149 1659 manu
1173 1618 1368 1672 Egyptii.
1393 1626 1434 1659 et
1457 1619 1660 1660 interfecit
1682 1633 1773 1659 eum
1796 1619 1916 1660 hasta
1937 1634 2021 1661 sua..
2072 1623 2104 1645 ²²
2125 1621 2212 1662 haec

302 1677 394 1717 feeit
430 1677 602 1718 Banaias
634 1677 735 1718 filius
768 1677 928 1719 Ioiadae.
988 1680 1019 1702 ²3
1050 1678 1103 1719 Et
1133 1677 1217 1731 ipse
1247 1678 1483 1719 nominatus
1513 1678 1619 1719 inter
1648 1684 1728 1719 tres
1758 1679 1960 1727 robustos,
1993 1679 2062 1734 qui
2092 1685 2210 1721 erant

301 1735 405 1776 inter
430 1737 594 1787 triginta
622 1737 854 1778 nobiliores:
883 1744 1165 1778 verumtamen
1191 1751 1318 1791 usque
1343 1738 1395 1778 ad
1420 1745 1499 1778 tres
1524 1751 1604 1778 non
1629 1744 1889 1791 pervenerat:
1915 1738 2093 1792 fecitque
2117 1752 2209 1780 eum

300 1795 372 1835 sibi
406 1796 540 1837 David
568 1796 867 1840 auricularium.
899 1811 921 1837 a
949 1803 1114 1837 secreto.

106 1849 273 1913 ¹⁶¹2¹ss¹t⁵g¹¹¹
407 1858 438 1879 ²⁴
464 1856 582 1896 Asael
612 1857 737 1897 frater
768 1857 863 1897 Ioab
890 1855 996 1897 inter
1023 1855 1202 1907 triginta.
1232 1855 1443 1896 Elehanan
1474 1855 1575 1896 tilius
1605 1855 1738 1909 patrui
1767 1856 1850 1896 eius
1878 1856 1926 1896 de
1955 1856 2207 1903 Bethlehem,

300 1917 331 1938 '²⁷'
360 1916 520 1955 Semina
551 1916 600 1956 de
631 1915 797 1957 Harodi.
831 1915 942 1956 Elica
970 1916 1018 1956 de
1049 1915 1216 1960 Harodi,
1273 1917 1309 1939 ²⁶
1338 1914 1457 1956 Heles
1487 1916 1535 1956 de
1564 1915 1712 1956 Phalti.
1749 1914 1846 1955 Hira.
1874 1914 1978 1955 filius
2006 1915 2131 1956 Acces
2161 1916 2210 1956 de

301 1974 474 2016 Theona.
538 1976 572 1998 '²³
607 1975 777 2016 Abiezer
812 1975 860 2015 de
897 1974 1122 2016 Anathoth.
1160 1974 1381 2015 Mobonnai
1417 1975 1466 2015 de
1504 1974 1664 2016 Husati.
1728 1976 1762 1998 '²³‘
1797 1973 1960 2015 Selmon
1995 1974 2206 2019 Ahohites,

301 2033 480 2074 naharai
512 2034 840 2087 Netophathites.
896 2036 931 2058 2⁹
960 2033 1087 2074 Heled
1114 2033 1217 2074 filius
1248 2034 1399 2075 Ba-ana.
1429 2039 1470 2074 et
1495 2033 1579 2086 ipse
1607 2033 1938 2086 Netophathites.
1970 2033 2076 2074 Ithai
2104 2033 2209 2074 filius

302 2093 419 2133 Ribai
440 2094 487 2133 de
507 2096 517 2130 (
529 2094 696 2134 {abaath
718 2093 891 2134 filiorum
913 2092 1138 2134 Beniamin.
1185 2095 1221 2117 ³⁰
1240 2093 1393 2133 Banaia
1414 2092 1744 2135 pharathonites.
1767 2092 1926 2133 Heddai
1946 2093 1995 2133 de
2015 2093 2209 2134 Torrente

299 2154 417 2194 Gaas.
470 2155 498 2176 ³¹
526 2152 728 2193 Abialbon
754 2152 1004 2193 Arbathites.
1031 2151 1260 2192 Azmaveth
1286 2152 1334 2192 de
1361 2151 1533 2193 Beromi.
1586 2153 1618 2176 ³²
1646 2151 1789 2192 Eliaba.
1813 2152 1861 2192 de
1885 2151 2090 2193 Salaboni.
2117 2151 2207 2192 Filii

306 2212 450 2253 lassen.
491 2212 701 2253 lonathan.
760 2215 792 2236 ³³
822 2213 984 2252 Sernma
1016 2212 1064 2252 de
1095 2211 1222 2252 Orori.
1255 2210 1373 2251 Aia-m
1405 2210 1509 2251 filius
1540 2211 1660 2251 Sarar
1690 2210 1882 2253 Arorites.
1941 2212 1973 2234 ³⁴
2004 2210 2209 2264 Eliphelet

301 2271 402 2311 lilius
424 2271 574 2311 Aasbai
597 2271 665 2311 filii
688 2271 879 2314 Machati.
905 2270 1035 2311 Eliam
1059 2270 1162 2310 filius
1183 2269 1429 2323 Achitophel
1450 2269 1668 2311 Gelonites.
1718 2272 1750 2293 ²¹⁵
1774 2269 1917 2310 Hesrai
1940 2270 1989 2310 de
2011 2269 2206 2312 Carmelo.

303 2331 445 2371 Pharai
464 2332 512 2371 de
529 2331 640 2372 Arbi.
685 2332 720 2354 ³⁴¹
743 2330 850 2381 [gaal
868 2329 970 2370 filius
991 2330 1157 2370 Nathan
1174 2330 1223 2370 de
1239 2330 1358 2370 Soba.
1380 2329 1511 2370 Bonni
1529 2330 1577 2370 de
1594 2328 1711 2370 Gadi.
1756 2330 1790 2352 ³⁷
1808 2327 1918 2369 Selec
1935 2329 1983 2369 de
2000 2328 2205 2373 Ammoni.

303 2390 478 2431 Naharai
496 2390 726 2430 Berothites
743 2390 916 2443 armiger
937 2389 1031 2430 [oab
1048 2388 1116 2429 filii
1133 2388 1295 2431 Sarviae.
1340 2391 1375 2413 ³⁸
1393 2389 1458 2429 Ira
1476 2388 1677 2430 lethrites.
1696 2388 1829 2429 Gareb
1846 2387 1985 2441 etipse
2003 2387 2205 2430 lethriteS.

298 2453 333 2473 ³³³¹
362 2450 479 2490 ¹l'rias
511 2450 717 2490 Hethaeus.
749 2450 899 2490 Omnes
927 2448 1093 2502 triginta
1125 2453 1293 2501 septem.

637 2555 674 2594 6.
705 2553 966 2594 Numer-atio
996 2553 1153 2606 populi
1185 2553 1374 2603 eiusque
1406 2551 1620 2603 sequeiae,
1649 2552 1715 2601 24,
1734 2552 1878 2592 1—25.

138 2629 254 2657 ¹¹¹·'¹'¹“s
404 2628 467 2670 24.
526 2630 533 2650 ¹
569 2627 619 2667 lit
653 2626 831 2666 aaddidit
859 2626 970 2666 furor
1001 2625 1160 2665 Domini
1190 2624 1307 2665 irasci
1334 2633 1477 2665 contra
1507 2623 1640 2665 lsrael.
1671 2624 1975 2677 commovitque
2002 2622 2140 2664 David
2167 2622 2207 2663 in

108 2666 282 2728 ‚¹f.'.¹,¹,¹‚¹'2}‘³,¹,.¹2,'.
299 2688 353 2727 eis
381 2687 602 2728 dicentem:
633 2686 756 2727 Vade.
786 2698 952 2725 numera
985 2683 1104 2724 lsrael
1133 2690 1174 2724 et
1202 2684 1358 2724 Iudam.
1415 2686 1428 2707 ²
1456 2683 1653 2736 Dixitque
1679 2696 1749 2723 rex
1776 2683 1827 2723 ad
1857 2683 1955 2724 Ioab
1982 2681 2206 2736 principem

110 2740 281 2765 ‘'¹²'‘'³'³¹''²¹¹¹¹
300 2747 498 2787 exercitus
525 2745 603 2785 sui:
635 2744 872 2785 perambula
901 2757 1038 2783 omnes
1065 2743 1194 2783 tribus
1223 2742 1344 2783 lsrael
1370 2756 1394 2783 a
1420 2743 1510 2783 Dan
1537 2756 1663 2795 usque
1691 2742 1901 2785 Bersabee.
1929 2748 1970 2782 et
1994 2746 2207 2782 numerate

302 2805 508 2859 populum.
535 2811 578 2845 ut
602 2804 724 2845 seiam
750 2816 962 2844 numerum
987 2802 1081 2843 eius.
1132 2805 1147 2825 ²³
1170 2802 1366 2855 Dixitque
1392 2802 1489 2842 loab
1512 2801 1611 2855 regi:
1636 2802 1851 2851 Adaugeat
1872 2800 2074 2842 Dominus
2095 2800 2206 2841 Deus

302 2875 393 2905 tuus
429 2865 477 2905 ad
513 2863 708 2918 populum
744 2869 873 2903 tuum.
910 2868 1088 2916 quantus
1122 2875 1228 2902 nunc
1263 2867 1334 2903 est.
1370 2861 1599 2914 iterumque
1633 2859 1879 2914 centuplicet
1912 2859 1952 2900 in
1985 2864 2205 2912 conspectu

301 2924 452 2964 domini
470 2924 546 2964 mei
564 2923 684 2973 regis:
703 2923 771 2963 sed
790 2921 886 2975 quid
903 2921 976 2961 sibi
995 2920 1183 2962 dominus
1201 2934 1312 2961 meus
1330 2934 1398 2960 rex
1416 2919 1504 2960 vult
1521 2920 1561 2960 in
1578 2933 1618 2959 re
1635 2918 1938 2960 huiuscenmdi?
1982 2920 1997 2942 ⁴
2013 2918 2207 2959 Obtinuit

301 2991 436 3023 autem
469 2996 598 3022 sermo
630 2982 729 3031 regis
760 2982 881 3021 verba
922 2981 1027 3024 loab.
1061 2985 1099 3020 et
1132 2980 1356 3033 principum
1390 2979 1607 3019 exercitus:
1640 2983 1901 3031 egressusque
1931 2983 1991 3018 est
2023 2977 2133 3020 Ioab.
2165 2983 2207 3017 et

302 3042 498 3095 principes
522 3041 695 3081 militum
720 3056 738 3081 a
763 3041 864 3081 facie
888 3040 1000 3088 regis.
1026 3046 1069 3079 ut
1093 3047 1351 3079 numerarent
1378 3037 1572 3091 populum
1600 3037 1730 3078 lsrael.
1817 3038 2000 3091 Cumque
2021 3042 2205 3090 pertran-

298 3102 437 3141 sissent
481 3102 703 3142 iordanem.
737 3106 935 3140 venerunt
967 3099 1004 3139 in
1036 3099 1162 3139 Aroer
1192 3099 1241 3138 ad
1274 3099 1482 3139 dexteram
1518 3097 1638 3141 urbis.
1672 3110 1761 3151 quae
1791 3102 1852 3137 est
1881 3096 1921 3136 in
1952 3095 2064 3136 Vallo
2095 3095 2202 3135 Gad:

301 3163 316 3183 ‘³
344 3169 381 3200 et
413 3174 481 3213 per
515 3160 621 3200 lazer
651 3160 897 3199 transierunt
926 3158 964 3198 in
993 3157 1162 3198 (ialaad.
1193 3165 1228 3197 el
1261 3157 1299 3197 in
1329 3164 1476 3197 terram
1508 3156 1735 3197 inferiorem
1768 3155 1906 3198 Hodsi.
1936 3160 1977 3195 et
2004 3160 2205 3195 Venerunt

300 3220 336 3260 in
374 3220 462 3259 Dan
495 3218 705 3258 silvestria.
741 3219 1126 3270 ('ircumeuntesque
1158 3216 1270 3256 iuxta
1305 3216 1508 3257 Sidonem.
1572 3217 1585 3238 ⁷
1618 3215 1867 3255 transierunt
1898 3226 2021 3267 prope
2054 3212 2206 3253 moenia.

300 3279 406 3332 Tyri.
441 3287 475 3318 et
512 3291 671 3317 ‹⁷›mnem
706 3285 852 3317 terram
892 3276 1026 3317 Hevzei
1059 3282 1100 3317 et
1131 3275 1360 3318 (hananzci.
1396 3280 1675 3327 veneruntque
1707 3274 1757 3314 ad
1790 3272 1996 3314 meridiem
2032 3272 2134 3313 luda
2163 3271 2204 3311 in

317 3339 517 3377 {ersabeet
579 3341 592 3357 ⁵
623 3346 658 3375 et
693 3336 862 3375 lustrata
899 3336 1081 3376 universa
1116 3341 1234 3376 terra.
1267 3334 1468 3374 affuerunt
1503 3339 1596 3386 post.
1626 3346 1769 3373 novem
1803 3345 1958 3372 menses
1989 3336 2030 3372 et
2059 3330 2202 3384 viginti

300 3397 381 3437 dies
405 3397 440 3436 in
472 3396 695 3436 ierusalem.
748 3398 762 3417 ³·
788 3395 901 3435 Dedit
928 3408 1019 3442 ergo
1047 3395 1141 3435 loab
1162 3407 1373 3434 numerum
1398 3392 1679 3446 descriptionis
1701 3390 1836 3445 populi
1859 3390 1952 3443 regi.
1974 3396 2015 3431 et
2034 3389 2205 3430 inventa

431 3524 482 3560 2⁴.
514 3526 584 3556 1³¹1
621 3524 682 3555 l'ar
708 3524 760 3555 21.
789 3525 814 3555 1.
