2356 3760
114 118 145 158 8,
174 120 270 158 ij&
296 119 316 152 5
964 119 1176 155 IEREMIAE
1930 138 2004 179 ,733

115 212 284 252 urbibus
307 212 420 253 Iuda.
443 219 483 252 et
502 213 551 253 de
569 212 713 265 plateis
735 211 952 252 Ierusalem
972 227 1113 254 vocem
1130 215 1278 268 gaudii,
1301 222 1342 256 θῖ
1360 229 1501 257 vocem
1520 217 1680 265 laetitiae,
1701 235 1838 266 vocem
1857 231 1988 281 sponsi

114 276 156 311 et
184 283 326 311 vocem
355 284 530 324 sponsae:
559 269 600 310 in
629 269 921 310 desolationem
950 272 1056 312 enim
1086 273 1161 314 erit
1190 279 1307 315 terra.
1966 268 1972 269 ⁷
1995 264 2002 274 ’

139 386 146 393 .
219 328 257 372 8.
312 331 326 353 1
347 329 393 369 In
411 329 478 370 illo
497 335 690 381 tempore,
711 328 770 368 ait
786 328 1004 370 Dominus:
1024 331 1198 372 Eiicient
1216 346 1306 373 ossa
1322 346 1461 386 regum
1482 333 1595 383 Iuda,
1616 340 1657 375 et
1675 349 1764 377 ossa
1780 340 2001 394 principum
2018 349 2043 371 ⁹¹
2069 349 2193 373 vitiatio<

114 400 209 431 elus,
242 394 282 428 θῖ
311 401 402 428 ossa
429 387 698 434 sacerdotum,
730 391 771 426 et
800 400 890 428 ossa
917 389 1220 442 prophetarum,
1252 396 1293 432 et
1322 404 1412 432 ossa
1440 404 1589 439 eorum,
1622 393 1690 446 qui
1718 394 2002 442 habitaverunt
2015 386 2197 442 ¹¹''¹ssirii¹12ss¹Jt'¹'

116 446 347 494 Ierusalem,
377 446 426 486 de
452 445 671 498 sepulchris
699 445 798 485 suis:
852 447 867 470 2
894 452 935 488 et
962 449 1196 501 expandent
1222 462 1269 489 ea
1295 450 1346 490 ad
1373 450 1509 497 solem,
1539 456 1579 492 et
1604 451 1756 501 lunam,
1785 460 1825 494 et
1852 469 2007 499 onmem

114 504 303 545 militiam
334 504 429 553 caeli,
463 516 553 557 quae
582 503 822 552 dilexerunt.
855 510 896 545 θῖ
926 506 1072 559 quibus
1103 507 1339 551 servierunt.
1372 513 1413 549 et
1442 514 1536 562 post
1566 522 1655 562 quae
1685 512 2007 564 ambulaverunt,

114 568 156 603 et
186 576 275 616 quae
305 562 561 616 quaesierunt,
593 567 634 602 et
663 562 955 604 adoraverunt:
987 578 1068 606 non
1097 566 1345 619 colligentur,
1377 573 1418 607 et
1446 580 1527 608 non
1556 567 1816 620 sepelientur:
1846 571 1886 611 in
1915 579 2011 613 ster-

115 621 329 675 quilinium
349 634 469 675 super
487 620 632 661 faciem
652 626 769 661 terrae
788 628 918 664 erunt.
966 626 981 647 ³
1000 624 1056 665 Et
1075 624 1223 678 eligent
1242 625 1368 678 magis
1388 631 1562 666 mortem
1584 639 1706 678 quam
1726 628 1853 668 vitam
1874 644 2009 672 omnes

115 680 184 733 qui
204 679 354 720 residui
374 679 526 720 fuerint
547 679 596 720 de
618 680 858 733 cognatione
880 681 955 722 hac
976 683 1152 735 pessima
1171 683 1212 723 in
1234 683 1429 724 universis
1450 683 1558 732 loeis,
1584 697 1673 737 quae
1694 685 1883 728 derelicta
1903 695 2008 738 sunt,

113 739 166 779 ad
196 752 286 792 quae
314 738 410 779 eieci
438 751 516 786 eos,
549 737 648 778 dicit
676 739 876 780 Dominus
906 741 1169 783 exercituum.

349 855 387 894 2.
418 852 627 894 Scientiae
658 854 777 905 legis
807 856 851 895 et
881 856 1209 896 circumcisioni
1241 856 1490 907 confidunt,
1517 856 1557 906 8,
1578 857 1702 907 4—9,
1720 858 1785 898 26.

216 927 232 950 ‘¹
260 925 316 966 Et
346 925 453 966 dices
485 925 537 965 ad
568 937 652 966 eos:
687 925 785 966 Haec
816 925 915 966 dicit
945 926 1163 967 Dominus:
1198 926 1409 980 Numquid
1441 927 1510 981 qui
1539 928 1662 977 cadit,
1696 941 1775 969 non
1807 932 2007 979 resurget?
2065 933 2162 963 ¹2⁴·2201'1

112 988 154 1024 θῖ
175 984 243 1037 qui
263 996 427 1024 aversus
448 988 520 1032 est,
542 996 624 1024 non
643 984 894 1024 revertetur?
941 986 956 1008 ⁵
977 985 1109 1033 Quare
1130 998 1221 1039 ergo
1243 998 1407 1026 aversus
1427 991 1488 1027 θεῖ
1508 985 1681 1039 populus
1701 987 1776 1027 iste
1796 987 1836 1028 in
1858 988 2009 1030 Ierusa—
2052 970 2170 1027 Ξῖἷῖἷῗῖἶῖ

111 1041 191 1082 lem
231 1042 438 1083 aversione
478 1042 756 1083 contentiosa?
797 1042 1167 1096 Apprehenderunt
1204 1044 1474 1092 mendacium,
1516 1050 1557 1085 et
1596 1044 1812 1086 noluerunt
1850 1050 2006 1089 reverti.
2032 1038 2183 1102 1,11¹1⁵1¹i<¹2ist⁵ur

115 1102 131 1125 ⁶
152 1101 334 1149 Attendi‚
359 1106 400 1141 et
422 1101 669 1142 auscultavi:
694 1114 811 1142 nemo
836 1102 945 1155 quod
967 1102 1119 1143 bonum
1142 1107 1203 1143 est
1224 1102 1416 1158 loquitur,
1440 1102 1573 1143 nullus
1597 1109 1658 1143 est
1681 1104 1749 1157 qui
1772 1110 1865 1157 agat
1887 1107 2011 1158 poeni·
2187 1094 2192 1101 ’

112 1159 286 1200 tentiam
318 1172 438 1213 super
468 1165 636 1213 peccato
668 1173 752 1204 suo,
787 1160 940 1200 dicens:
975 1160 1082 1209 Quid
1112 1160 1213 1201 feci?
1246 1161 1396 1202 Omnes
1429 1162 1611 1202 conversi
1642 1167 1738 1202 sunt
1770 1163 1821 1203 ad
1852 1177 2010 1205 cursum

112 1231 243 1267 suum,
271 1219 386 1271 quasi
410 1232 536 1272 equus
560 1219 717 1272 impetu
742 1219 894 1259 vadens
920 1219 968 1259 ad
995 1219 1189 1272 praelium.
1245 1221 1258 1242 ⁷
1282 1220 1430 1261 Milvus
1454 1219 1495 1260 in
1519 1219 1613 1260 caelo
1638 1221 1828 1273 cognovit
1852 1227 2010 1276 teinpus

112 1290 249 1318 suum:
281 1282 428 1323 turtur,
461 1282 502 1318 et
530 1278 716 1325 hirundo,
747 1283 788 1318 θῖ
817 1277 971 1318 ciconia
999 1277 1280 1319 custodierunt
1308 1283 1470 1331 tempus
1501 1279 1702 1319 adventus
1732 1279 1809 1319 sui:
1840 1281 2011 1333 populus

113 1342 251 1377 autem
282 1349 395 1377 meus
426 1349 508 1377 non
539 1336 731 1389 cognovit
761 1336 955 1377 iudicium
986 1336 1163 1377 Domini.
1226 1338 1241 1360 ⁸
1272 1337 1484 1385 Quomodo
1517 1337 1667 1378 dicitis:
1700 1338 1909 1391 Sapientes
1940 1354 2009 1381 nos

112 1407 263 1443 sumus,
291 1400 332 1436 et
354 1395 420 1435 lex
444 1395 609 1435 Domini
634 1395 845 1435 nobiscum
870 1394 955 1434 est?
982 1407 1074 1434 vere
1099 1395 1357 1435 mendacium
1383 1400 1573 1448 operatus
1598 1401 1659 1436 θεῖ
1683 1396 1812 1449 stylus
1837 1399 2010 1438 mendax

111 1453 355 1494 Scribarum.
407 1455 423 1478 ⁹
442 1453 608 1494 Confusi
628 1457 724 1493 sunt
744 1452 958 1505 sapientes,
982 1453 1185 1505 perterriti
1205 1458 1246 1493 et
1266 1454 1375 1506 capti
1396 1460 1509 1494 sunt:
1532 1455 1702 1495 verbum
1723 1455 1828 1495 enim
1848 1456 2009 1497 Domini

110 1512 378 1565 proiecerunt,
401 1516 443 1552 et
461 1511 663 1564 sapientia
682 1510 793 1551 nulla
812 1516 872 1552 est
892 1511 932 1551 in
953 1511 1019 1552 eis.
1069 1514 1104 1535 ¹⁰
1121 1512 1344 1565 Propterea
1363 1512 1469 1553 dabo
1489 1512 1674 1553 mulieres
1694 1527 1831 1554 eorum
1852 1515 2007 1559 exteris,

111 1584 226 1624 agros
261 1584 400 1612 eorum
433 1570 667 1610 heredibus:
705 1569 800 1623 quia
837 1583 881 1610 aa
914 1569 1081 1611 minimo
1116 1583 1244 1624 usque
1279 1571 1330 1611 ad
1365 1571 1590 1612 maximum
1626 1585 1762 1612 omnes
1798 1573 2010 1614 avaritiam

110 1634 355 1683 sequuntur:
390 1642 413 1669 a
444 1629 647 1682 propheta
678 1642 805 1682 usque
839 1629 891 1669 ad
923 1629 1173 1669 sacerdotem
1208 1630 1343 1670 cuncti
1376 1630 1533 1670 faciunt
1564 1631 1832 1672 mendacium.
1894 1634 1924 1657 11
1957 1632 2011 1672 Εῖ

110 1689 314 1729 sanabant
341 1687 628 1729 contritionem
657 1687 748 1728 filiae
775 1687 914 1741 populi
942 1687 1021 1728 mei
1049 1688 1101 1728 ad
1128 1687 1404 1741 ignominiam,
1436 1689 1633 1729 dicentes:
1663 1689 1761 1734 Pax,
1791 1703 1890 1743 pax:
1920 1703 2011 1730 cum

109 1760 191 1789 non
215 1752 319 1788 θεεθῖ
342 1760 436 1800 pax,
490 1748 521 1771 ¹²
545 1746 711 1787 Confusi
735 1751 831 1786 sunt
856 1746 951 1799 quia
975 1746 1322 1788 abominationem
1346 1748 1547 1788 fecerunt:
1575 1747 1754 1801 quinimo
1779 1749 2010 1789 confusione

110 1819 191 1847 non
225 1810 323 1847 sunt
356 1805 524 1847 confusi.
562 1810 603 1846 et
637 1805 869 1846 erubescere
904 1805 1152 1846 nescierunt:
1189 1806 1336 1847 idcirco
1372 1806 1520 1847 cadent
1553 1806 1659 1847 inter
1693 1812 1934 1853 corruentes,
1970 1807 2010 1847 in

109 1869 293 1919 tempore
318 1864 564 1905 visitationis
591 1877 673 1904 suae
698 1869 898 1912 corruent,
927 1864 1025 1905 dicit
1050 1864 1262 1906 Dominus.
1317 1867 1349 1889 13
1374 1865 1629 1918 Congregans
1655 1866 1904 1919 congregabo
1931 1879 2007 1911 eos,

109 1924 169 1964 ait
189 1923 408 1965 Dominus:
434 1936 514 1964 non
538 1928 599 1963 est
622 1936 704 1963 uva
724 1922 765 1963 in
788 1922 954 1968 vitibus,
980 1928 1020 1963 et
1043 1936 1123 1964 non
1147 1928 1243 1963 sunt
1265 1923 1363 1964 ficus
1386 1923 1427 1963 in
1450 1923 1632 1971 ficulnea,
1657 1923 1798 1965 folium
1822 1924 2008 1965 defluxit:

109 1987 151 2023 θῖ
178 1982 271 2023 dedi
299 1982 353 2023 eis
383 1995 473 2036 quae
500 1987 783 2035 praetergressa
810 1987 917 2023 sunt.

214 2043 246 2065 ¹4
270 2041 403 2090 Quare
427 2040 637 2082 sedemus?
664 2040 890 2087 convenite,
918 2046 959 2080 et.
982 2040 1256 2093 ingrediamur
1280 2040 1490 2081 civitatem
1516 2041 1729 2084 munitam.
1757 2048 1797 2081 et
1821 2041 2005 2081 sileamus
2067 2042 2150 2100 {2¹22ss

108 2099 181 2141 ibi:
208 2100 304 2154 quia
325 2100 526 2141 Dominus
549 2100 659 2140 Deus
684 2104 821 2140 noster
843 2099 957 2139 silere
979 2112 1051 2140 nos
1074 2099 1182 2147 fecit,
1209 2105 1249 2139 et
1271 2104 1416 2152 potum
1441 2099 1553 2139 dedit
1576 2100 1690 2141 nobis
1715 2112 1863 2152 aquam
1886 2099 2003 2139 fellis:
2038 2117 2176 2141 tmuporffi

108 2159 366 2213 peccavimus
391 2159 497 2200 enim
521 2158 710 2199 Domino.
764 2160 795 2182 1⁵
824 2157 1165 2211 bExpectavimus
1190 2171 1344 2211 pacem.
1371 2163 1412 2198 et
1436 2171 1516 2198 non
1541 2163 1628 2198 erat
1651 2158 1822 2198 bonum:
1848 2163 2007 2210 teinpus

108 2217 285 2262 medelae.
318 2223 359 2258 et
388 2230 478 2258 ecce
507 2217 693 2258 formido.
752 2218 788 2241 ¹⁶
817 2216 852 2257 A
881 2217 975 2257 Dan
1006 2217 1170 2257 auditus
1201 2222 1262 2257 est
1290 2216 1476 2256 fremitus
1507 2229 1702 2269 equorum
1733 2216 1826 2259 eius,
1860 2229 1883 2256 a
1912 2229 2007 2256 voce

107 2276 343 2318 hinnituum
362 2282 638 2330 pugnatorum
658 2276 741 2316 eius
761 2280 968 2316 commota
986 2280 1047 2315 θεῖ
1066 2275 1196 2316 omnis
1216 2280 1334 2316 terra.
1357 2280 1397 2315 et
1416 2280 1627 2321 venerunt,
1650 2280 1691 2315 et
1710 2275 2006 2315 devoraverunt

108 2340 271 2382 terram.
297 2340 337 2376 et
359 2334 655 2389 plenitudinem
679 2334 781 2374 eius:
805 2334 947 2374 urbem
971 2338 1012 2374 et
1033 2334 1285 2374 habitatores
1309 2333 1404 2374 eius.
1457 2335 1489 2357 1⁷
1514 2333 1619 2382 Quia
1640 2346 1729 2373 ecce
1753 2346 1822 2386 ego
1845 2333 2006 2373 mittam

109 2394 224 2435 vobis
245 2399 451 2447 serpentes
471 2393 640 2446 regulos,
665 2392 811 2446 quibus
832 2405 914 2433 non
935 2397 996 2433 est
1016 2392 1261 2433 incantatio:
1284 2397 1325 2433 et
1344 2392 1591 2432 mordebunt
1612 2405 1696 2439 vos,
1720 2393 1777 2432 ait
1798 2391 2003 2432 Dominus.

213 2454 248 2477 1⁸
266 2452 379 2494 dolor
401 2465 514 2493 meus
538 2464 658 2505 super
680 2451 871 2499 dolorem,
897 2450 937 2491 in
961 2464 1026 2491 me
1049 2463 1116 2492 cor
1138 2464 1275 2491 meum
1298 2463 1483 2491 moerens.
1536 2452 1570 2474 19
1594 2450 1697 2491 Ecce
1721 2463 1802 2491 vox
1824 2450 2004 2490 clamoris
2040 2449 2177 2508 {fstssssssl'llss'fsss

108 2512 199 2553 filiae
225 2511 365 2565 populi
392 2511 470 2551 mei
498 2511 546 2551 de
574 2517 682 2552 terra
706 2509 946 2563 longinqua:
977 2510 1187 2563 Numquid
1214 2509 1414 2550 Dominus
1442 2522 1522 2549 non
1550 2514 1611 2549 θεῖ
1637 2508 1678 2549 in
1705 2509 1811 2553 Sion.
1841 2514 1911 2549 aut
1938 2521 2006 2548 rex
2051 2503 2175 2558 oremus

108 2571 192 2611 eius
222 2583 304 2612 non
334 2574 396 2611 est
424 2569 466 2610 in
496 2569 566 2610 ea?
600 2569 732 2618 Quare
763 2581 854 2622 ergo
885 2582 949 2609 me
981 2569 1033 2609 ad
1062 2568 1314 2609 iracundiam
1345 2568 1655 2609 concitaverunt
1684 2567 1725 2607 in
1755 2567 2006 2620 sculptilibus
2043 2556 2172 2578 “mam

108 2629 201 2675 suis,
227 2634 269 2670 et
291 2629 332 2670 in
356 2628 612 2670 vanitatibus
637 2627 800 2668 alienis?
860 2629 897 2651 ‘2⁰
920 2627 1097 2668 Transiit
1120 2626 1271 2671 messis,
1310 2627 1427 2667 finita
1451 2632 1511 2667 est
1535 2631 1665 2669 aestas.
1701 2632 1742 2666 et
1765 2639 1836 2666 nos
1861 2625 2006 2665 salvati

108 2701 189 2729 non
217 2701 367 2729 sumus.
424 2689 456 2711 ‘21
484 2687 613 2741 Super
640 2686 883 2728 contritione
911 2685 1002 2726 filiae
1028 2685 1168 2739 populi
1195 2686 1274 2726 mei
1303 2685 1501 2727 contritus
1530 2698 1631 2732 sum,
1662 2690 1703 2725 et
1730 2684 2004 2726 contristatus,

108 2752 251 2800 stupor
277 2746 457 2788 obtinuit
482 2759 557 2788 me.
614 2747 646 2770 ²²
673 2745 883 2799 Numquid
909 2744 1041 2785 resina
1067 2758 1148 2785 non
1175 2750 1235 2785 est
1261 2744 1302 2785 in
1329 2743 1510 2785 Galaad?
1539 2748 1612 2783 aut
1636 2743 1815 2783 medicus
1842 2756 1922 2784 non
1949 2747 2009 2782 est

107 2805 187 2847 ibi?
215 2818 339 2859 quare
364 2805 487 2859 igitur
511 2818 592 2846 non
619 2808 681 2845 est
705 2804 886 2845 obducta
912 2803 1080 2844 cicatrix
1104 2803 1196 2844 filiae
1220 2803 1360 2857 populi
1386 2802 1487 2842 mei?
2040 2854 2043 2857 Ι
2110 2853 2114 2857 η

212 2864 249 2907 9.
304 2866 318 2888 1
350 2864 447 2912 Quis
479 2864 595 2905 dabit
625 2863 749 2916 capiti
779 2876 869 2903 meo
902 2875 1063 2915 aquam,
1097 2868 1138 2903 et
1168 2862 1291 2903 oculis
1322 2861 1420 2901 meis
1451 2861 1606 2901 fontem
1638 2859 1934 2912 lacrymarum?
1966 2864 2006 2899 et
2018 2854 2200 2919 ‘'¹⁴'¹{}g¹{‡¹‘³¹¹¹

106 2923 274 2976 plorabo
304 2922 367 2963 die
397 2935 443 2963 ac
470 2927 590 2964 nocte
617 2921 852 2963 interfectos
881 2921 972 2962 filiae
999 2920 1139 2975 populi
1167 2921 1257 2962 mei.
1315 2922 1329 2944 2
1358 2919 1454 2968 Quis
1484 2918 1599 2959 dabit
1627 2931 1691 2958 me
1720 2917 1760 2958 in
1789 2917 2004 2958 solitudine
2037 2924 2180 2949 describit-

108 2981 375 3022 diversorium
404 2981 621 3029 viatorum,
654 2985 696 3021 et
724 2980 1002 3033 derelinquam
1031 2979 1229 3033 populum
1258 2992 1406 3023 meum,
1439 2983 1479 3017 et
1507 2976 1693 3016 recedam
1723 2976 1773 3016 ab
1804 2976 1882 3016 eis?
1915 2976 2009 3029 quia

108 3053 246 3081 omnes
282 3039 456 3081 adulteri
490 3045 597 3087 sunt,
635 3044 764 3080 coetus
800 3039 1171 3092 praevaricatorum.
1235 3040 1250 3062 3
1284 3038 1339 3078 Et
1374 3035 1645 3077 extenderunt
1678 3034 1857 3087 linguam
1893 3047 2007 3074 suam

108 3099 224 3153 quasi
250 3112 388 3140 arcum
414 3098 615 3139 mendacii
641 3103 681 3138 et
706 3111 788 3139 non
814 3097 1017 3138 veritatis:
1046 3096 1266 3138 confortati
1293 3101 1387 3136 sunt
1412 3095 1453 3134 in
1480 3099 1598 3139 terra,
1629 3093 1724 3146 quia
1748 3093 1797 3133 de
1822 3092 1928 3133 malo
1956 3092 2007 3132 ad

106 3158 261 3198 malum
292 3157 436 3211 egressi
467 3162 574 3203 sunt,
607 3162 649 3197 et
677 3169 741 3197 me
771 3169 853 3197 non
884 3161 1173 3209 cognoverunt,
1207 3155 1306 3195 dicit
1335 3153 1545 3194 Dominus.
1604 3153 1619 3175 ‘¹
1651 3151 1937 3204 Unusquisque
1967 3162 2007 3189 se

107 3229 132 3257 a
156 3216 342 3270 proximo
369 3229 440 3257 suo
469 3215 685 3263 custodiat,
715 3220 756 3256 et
780 3214 823 3255 in
850 3214 959 3256 omni
985 3214 1110 3255 fratre
1137 3227 1208 3254 suo
1235 3225 1316 3253 non
1342 3212 1493 3252 habeat
1520 3210 1728 3250 fiduciam:
1758 3209 1852 3262 quia
1879 3207 2006 3249 omnis

106 3275 232 3316 frater
260 3275 529 3328 supplantans
558 3273 854 3327 supplantabit,
885 3278 925 3313 et
953 3273 1083 3314 omnis
1111 3272 1263 3313 amicus
1290 3270 1570 3311 fraudulenter
1596 3268 1766 3308 incedet.
1823 3269 1837 3291 ⁵
1864 3267 1919 3306 Et
1946 3265 2007 3304 vir

106 3334 275 3375 fratrem
310 3347 429 3375 suum
464 3332 676 3381 deridebit,
713 3337 754 3373 θῖ
788 3331 1005 3373 veritatem
1040 3344 1122 3373 non
1155 3331 1391 3383 loquentur:
1428 3329 1654 3369 docuerunt
1688 3326 1793 3366 enim
1828 3324 2003 3375 linguam

238 3459 270 3502 8,
296 3460 337 3493 10
362 3460 414 3494 als
439 3460 493 3501 56,
519 3461 576 3513 ih
607 3459 677 3504 Sup
707 3459 738 3500 6,
769 3460 820 3494 13.
846 3479 888 3483 -
913 3459 954 3492 15
984 3459 1059 3491 bInf
1088 3459 1141 3497 14,
1171 3456 1222 3490 19.
