2356 3760
314 158 391 199 4:28
1192 158 1336 192 LIBER
1996 164 2027 195 c.
2054 162 2149 201 luz
2176 163 2216 195 12

156 250 263 315 ἓξὲξ
420 252 457 294 6.
517 254 524 275 ¹
550 251 760 292 Profectus
784 256 845 291 est
868 256 1004 291 autem
1030 251 1188 296 'l'obias
1214 258 1254 293 et
1278 252 1388 292 canis
1411 258 1608 306 sequutus
1633 258 1694 293 est
1717 266 1821 299 eum,
1847 259 1888 294 61
1910 256 2061 296 mansit
2084 256 2217 310 prima

129 322 289 350 exenterat,
317 310 524 351 mansione
552 311 669 351 iuxta
699 310 869 350 fluvium
897 310 1034 361 Tigris.
1091 312 1106 334 ‘2
1133 311 1189 352 Et
1215 311 1342 351 exivit
1370 316 1417 352 ut
1442 311 1600 352 lavaret
1628 312 1748 364 pedes
1776 325 1881 358 suos,
1911 318 1951 353 et
1979 327 2068 355 ecce
2095 314 2215 369 piscis

316 368 503 409 immanis
530 369 657 410 exivit
682 369 734 409 ad
760 369 1038 409 devorandum
1067 382 1170 411 eum.
1225 373 1240 394 ³
1266 371 1396 418 Quem
1422 383 1694 423 expavescens
1722 371 1869 411 Tobias
1896 371 2089 414 clamavit
2116 386 2215 415 voce

316 440 475 481 magna.
497 429 650 469 dicens:
672 427 857 471 Domine.
880 427 1040 468 invadit
1058 441 1133 469 me.
1187 431 1196 453 ¹
1216 429 1271 469 Et
1290 428 1395 469 dixit
1414 429 1450 469 ei
1471 429 1664 481 Angelus:
1686 429 1957 483 Apprehende
1978 431 2213 473 branchiam

316 486 410 531 eius,
438 493 477 527 et
504 487 618 527 trahe
643 500 734 527 eum
761 487 812 527 ad
838 492 889 528 te.
917 487 1034 535 Quod
1060 500 1151 528 cum
1177 487 1348 531 fecisset,
1377 488 1553 528 attraxit
1577 501 1667 529 eum
1694 488 1733 528 in
1759 489 1922 535 siccum,
1950 494 1991 530 et
2016 489 2215 544 palpitare

315 546 439 598 coepit
469 552 563 586 ante
594 546 714 598 pedes
744 545 839 586 eius.
897 547 912 570 ⁵
942 546 1055 586 'l‘unc
1084 546 1188 587 dixit
1218 546 1251 587 ei
1283 546 1477 597 Angelus:
1511 546 1717 588 Exentera
1744 547 1853 588 hunc
1882 548 2045 601 piscem.
2078 554 2120 590 et
2149 562 2216 590 cor

315 605 409 648 eius,
434 610 473 644 61
496 604 558 649 fel,
582 610 623 645 et
644 605 751 645 iecur
770 618 919 657 repone
941 604 1033 645 tibi:
1056 611 1151 645 sunt
1172 605 1278 645 6111111
1301 605 1384 646 11166
1406 606 1630 646 necessaria
1651 607 1702 647 ad
1724 606 2024 648 medicamenta
2046 608 2212 649 utiliter.

318 665 333 687 ⁶
354 664 473 711 Quod
494 677 585 703 eum
607 663 777 709 fecisset,
803 663 956 704 assavit
977 677 1115 704 earnes
1138 664 1232 710 eius,
1257 669 1298 705 et
1319 677 1454 705 secum
1477 664 1659 705 tulerunt
1680 665 1720 705 in
1742 665 1827 706 via:
1851 670 1985 706 cetera
2004 666 2213 711 salierunt.

317 735 406 775 quae
433 723 664 763 sufficerent
691 722 757 767 eis,
789 736 998 776 quousque
1026 723 1283 776 pervenirent
1310 723 1349 763 in
1381 724 1511 774 Rages
1540 723 1750 764 civitatem
1778 724 2001 766 Medorum.

144 782 275 812 R²¹¹‘¹¹²“¹¹
423 783 436 804 ⁷
468 782 580 822 Tunc
611 781 878 833 interrogavit
909 782 1055 823 Tobias
1086 782 1297 833 Angelum,
1331 787 1373 823 et
1402 782 1507 823 dixit
1537 782 1590 822 ei:
1623 782 1797 825 Obsecro
1830 789 1869 824 16
1899 783 2047 824 Azaria
2075 785 2212 831 frater,

138 818 173 843 de
195 818 279 843 corde

151 854 180 878 ot
202 853 267 878 reue
316 846 363 880 ut
387 840 496 881 dicas
523 841 621 881 mihi
647 841 756 895 quod
774 834 1003 882 ‘remedium
1031 834 1241 882 habebunt
1266 841 1355 885 ista,
1385 855 1474 895 quae
1498 842 1547 882 de
1573 841 1680 895 pisce
1705 854 1865 890 servare
1890 842 2065 883 iussisti?
2121 844 2136 867 ⁸
2160 843 2215 885 Et

167 895 253 918 ”mm
316 900 561 953 respondens
597 900 785 950 Angelus,
824 900 927 941 dixit
962 900 1015 940 ei:
1052 900 1189 941 cordis
1226 900 1308 941 eius
1344 900 1587 954 particulam
1622 900 1654 940 si
1689 914 1809 954 super
1843 902 2036 942 carbones
2071 915 2212 955 ponas,

316 959 451 999 fumus
481 959 563 1000 61116
592 960 767 1000 extricat
794 973 913 1000 omne
940 973 1066 1011 genus
1095 959 1387 1001 daemoniorum
1416 959 1500 1000 sive
1529 972 1553 1000 a
1580 959 1678 1008 viro,
1710 960 1794 1000 sive
1822 974 1846 1001 a
1874 960 2050 1005 muliere,
2082 961 2141 1001 ita
2169 966 2215 1001 ut

316 1018 425 1058 ultra
441 1031 521 1059 non
540 1019 709 1059 accedat
725 1019 777 1059 ad
795 1032 872 1059 eos.
922 1021 937 1043 ⁹
955 1019 1010 1059 Et
1027 1018 1079 1058 fel
1097 1018 1208 1059 valet
1225 1019 1277 1059 ad
1295 1019 1502 1070 ungendos
1521 1018 1668 1062 oculos.
1689 1018 1729 1058 in
1749 1019 1895 1072 quibus
1912 1019 2035 1060 fuerit
2052 1019 2213 1072 albugo,

316 1082 357 1117 et
385 1078 650 1118 sanabuntur.
2156 1072 2162 1073 ⁷

116 1133 298 1193 ¹¹⁰gfn¹l¹ss20¹e
419 1138 454 1160 ¹⁰
490 1137 540 1177 Et
571 1136 674 1177 dixit
707 1137 742 1177 ei
775 1137 939 1178 Tobias:
975 1137 1054 1177 Ubi
1086 1137 1146 1177 vis
1179 1142 1226 1178 ut
1258 1137 1518 1178 maneamus?
1580 1139 1609 1161 ¹¹
1644 1137 1989 1190 Respondensque
2021 1137 2212 1191 Angelus,

121 1210 186 1228 eum
203 1204 297 1230 docet.
317 1195 391 1235 ait:
414 1195 489 1236 Est
508 1196 572 1236 liic
594 1196 747 1247 Raguel
767 1196 941 1241 nomine,
964 1195 1026 1236 vir
1043 1196 1295 1249 propinquus
1316 1196 1365 1236 de
1384 1196 1492 1236 tribu
1514 1200 1597 1241 tua,
1619 1200 1660 1237 et
1678 1196 1742 1236 hic
1762 1196 1887 1237 habet
1906 1196 2030 1237 filiam
2050 1196 2216 1237 nomine

315 1256 468 1303 Saram,
487 1255 556 1296 sed
571 1268 702 1308 neque
717 1255 954 1300 masculum,
973 1268 1103 1308 neque
1118 1255 1313 1296 feminam
1328 1254 1453 1295 ullam
1468 1255 1594 1296 habet
1609 1255 1729 1295 aliam
1746 1260 1891 1308 praeter
1906 1268 2007 1296 eam.
2054 1257 2084 1280 ¹²
2103 1255 2213 1296 aTibi

315 1314 486 1355 debetur
509 1315 638 1355 omnis
662 1314 894 1355 substantia
917 1315 1011 1360 eius,
1038 1319 1077 1354 et
1102 1319 1264 1367 oportet
1287 1328 1377 1355 eam
1402 1319 1441 1354 te
1465 1314 1643 1367 accipere
1667 1314 1889 1367 coniugem.
1943 1316 1975 1339 ¹³
1997 1314 2096 1355 Pete
2119 1327 2212 1365 ergo

314 1386 403 1414 eam
426 1387 450 1414 a
470 1379 585 1427 patre
607 1374 702 1419 eius,
726 1379 768 1415 et
788 1374 905 1415 dabit
927 1374 1000 1414 tibi
1021 1387 1110 1414 eam
1133 1373 1172 1414 in
1195 1386 1374 1414 uxorem.
1426 1375 1457 1397 ¹⁴
1478 1373 1592 1413 Tunc
1612 1372 1822 1426 respondit
1844 1372 2003 1421 Tobias,
2028 1378 2069 1413 et
2089 1366 2213 1414 dixit:

313 1433 445 1473 Audio
475 1433 570 1486 quia
596 1433 750 1474 tradita
776 1438 837 1474 est
862 1439 1018 1486 septem
1046 1432 1152 1477 viris,
1182 1438 1223 1473 et
1248 1432 1399 1474 mortui
1426 1437 1541 1473 sunt:
1569 1432 1638 1472 sed
1665 1436 1706 1472 et
1733 1431 1808 1473 hoc
1835 1430 1986 1479 audivi,
2017 1431 2113 1485 quia
2139 1432 2217 1472 dae-

313 1492 495 1533 monium
523 1492 671 1533 occidit
696 1491 795 1533 illos.
852 1494 883 1516 ¹⁵
909 1492 1047 1532 Timeo
1074 1505 1178 1544 ergo,
1207 1505 1257 1532 ne
1284 1492 1388 1533 forte
1415 1497 1456 1532 61
1481 1491 1579 1531 1111111
1606 1491 1691 1531 11166
1717 1490 1926 1531 eveniant:
1954 1494 1996 1531 et
2022 1503 2114 1531 cum
2140 1490 2215 1531 sim

314 1552 455 1592 unicus
491 1551 728 1605 parentibus
763 1551 874 1597 meis,
912 1551 1115 1604 deponam
1151 1555 1403 1591 senectutem
1439 1550 1597 1591 illorum
1634 1563 1726 1590 cum
1763 1549 1932 1590 tristitia
1966 1549 2019 1590 ad
2054 1549 2215 1590 inferos.

314 1612 349 1635 ¹⁶
378 1611 491 1651 Tunc
521 1610 685 1664 angelus
718 1610 901 1664 Raphael
931 1609 1036 1651 dixit
1065 1609 1117 1650 ei:
1148 1609 1257 1650 Audi
1286 1622 1362 1654 me,
1395 1614 1436 1650 et
1465 1609 1678 1650 ostendam
1709 1608 1784 1649 tibi
1815 1608 1883 1662 qui
1913 1613 2020 1655 sunt,
2069 1608 2216 1662 quibus

312 1670 529 1724 praevalere
564 1675 701 1723 potest
736 1670 994 1711 daemonium.
1059 1670 1092 1693 ¹⁷
1129 1668 1182 1709 Hi
1217 1682 1394 1722 namque
1431 1668 1499 1722 qui
1534 1668 1765 1721 coniugium
1800 1667 1861 1708 ita
1894 1667 2132 1721 suscipiunt,
2170 1672 2217 1708 ut

312 1730 447 1770 Deum
475 1743 499 1770 a
524 1743 576 1774 se,
607 1735 648 1770 et
675 1743 700 1770 a
725 1743 799 1770 sua
825 1734 962 1770 mente
989 1728 1222 1775 excludant,
1252 1732 1294 1768 et
1320 1741 1403 1768 suae
1428 1727 1585 1768 libidini
1612 1727 1672 1767 ita
1698 1731 1857 1771 vacent,
1888 1726 1994 1767 sicut
2020 1739 2147 1780 equus
2176 1732 2217 1767 et

313 1789 458 1834 mulus,
487 1789 633 1843 quibus
658 1803 739 1830 non
764 1793 826 1830 est
850 1788 1097 1829 intellectus:
1124 1787 1249 1828 habet
1273 1792 1523 1840 potestatem
1549 1786 1795 1827 daemonium
1820 1798 1941 1839 super
1964 1799 2042 1827 eos.
2098 1787 2132 1809 ¹⁸
2156 1785 2217 1826 Tu

313 1854 451 1889 autem
481 1862 573 1889 cum
602 1848 800 1902 acceperis
831 1861 933 1895 eam,
965 1848 1166 1901 ingressus
1197 1846 1440 1893 cubiculum,
1474 1859 1544 1900 per
1575 1851 1655 1886 tres
1687 1845 1770 1886 dies
1802 1845 2014 1886 continens
2046 1850 2132 1886 esto
2164 1845 2216 1885 ab

313 1921 370 1953 ea,
399 1913 440 1949 61
465 1908 563 1948 1111111
590 1908 712 1953 aliud,
741 1907 815 1948 nisi
842 1907 1094 1948 orationibus
1121 1906 1285 1947 vacabis
1313 1919 1405 1946 cum
1432 1919 1489 1946 ea.
1546 1907 1580 1930 ¹⁹
1608 1905 1703 1958 Ipsa
1729 1910 1867 1944 autem
1895 1909 2026 1949 110616,
2054 1903 2216 1944 incenso

311 1968 438 2009 iecore
456 1967 586 2021 piscis,
606 1967 817 2017 fugabitur
834 1967 1091 2008 daemonium.
1138 1967 1174 1989 20
1189 1965 1378 2006 Secunda
1394 1978 1488 2006 vero
1507 1969 1626 2005 nocte
1643 1963 1684 2004 in
1702 1963 1962 2016 copulatione
1980 1967 2216 2004 sanctorum

311 2027 634 2081 patriarcharum
675 2026 914 2067 admitteris.
983 2028 1013 2050 ²¹
1054 2024 1191 2066 Tertia
1230 2029 1368 2065 autem
1408 2029 1538 2071 110616,
1582 2022 1904 2064 benedictionem
1944 2021 2215 2075 consequeris,

311 2092 358 2127 ut
383 2086 451 2127 filii
477 2099 526 2127 ex
552 2086 666 2127 vobis
692 2091 954 2139 procreentur
978 2085 1209 2126 incolumes.
1264 2086 1296 2108 2²
1322 2084 1546 2124 Transacta
1571 2087 1708 2123 autem
1734 2081 1858 2123 tertia
1882 2086 2013 2127 nocte,
2042 2080 2214 2134 accipies

311 2146 507 2199 virginem
536 2159 628 2186 cum
657 2145 801 2186 timore
829 2144 1005 2190 Domini,
1038 2156 1173 2185 amore
1201 2143 1375 2184 filiorum
1403 2142 1531 2195 magis
1562 2154 1685 2195 quam
1712 2140 1878 2181 libidine
1907 2140 2067 2183 ductus.
2098 2145 2145 2180 ut
2174 2139 2216 2179 in

311 2206 461 2246 semine
490 2204 666 2245 Abrahae
695 2203 1017 2245 benedictionem
1048 2203 1087 2244 in
1117 2201 1206 2243 filiis
1236 2201 1504 2255 consequaris.

612 2322 683 2373 ΙΙ.
721 2321 1028 2372 Liberator
1066 2319 1220 2371 Saree
1259 2318 1556 2385 RagueliS‚
1595 2317 1813 2379 7‚1—-9‚
1841 2317 1917 2368 12.

709 2414 748 2453 1.
780 2411 941 2453 Saram
971 2411 1125 2452 Tobiae
1155 2421 1348 2452 uxorem
1377 2408 1597 2463 postulat,
1626 2409 1665 2459 7,
1684 2408 1829 2448 1—17.

143 2492 266 2553 ξῦξμθῡ
418 2487 454 2530 7.
510 2489 523 2511 1
553 2485 724 2539 Ingressi
751 2490 846 2525 sunt
874 2489 1012 2525 autem
1040 2483 1092 2524 ad
1121 2482 1354 2536 Raguelem,
1384 2486 1425 2523 et
1451 2480 1629 2534 suscepit
1655 2493 1721 2521 eos
1750 2478 1906 2532 Raguel
1933 2491 2025 2519 cum
2051 2477 2216 2532 gaudio.

137 2535 275 2594 prsspiiiiilt
311 2550 326 2572 2
361 2548 610 2599 Intuensque
643 2544 813 2586 Tobiam
849 2542 1014 2597 Raguel,
1050 2542 1154 2583 dixit
1185 2542 1314 2582 Annae
1346 2540 1462 2582 uxori
1494 2553 1594 2581 suae:
1629 2539 1761 2588 Quam
1793 2537 1932 2579 similis
1966 2541 2027 2578 est
2058 2536 2219 2578 iuvenis

312 2607 387 2648 iste
408 2605 647 2647 consobrino
668 2603 776 2644 111601
824 2605 840 2627 3
860 2603 914 2643 Ε1
935 2615 1028 2643 611111
1048 2602 1132 2642 haec
1153 2601 1332 2645 dixisset,
1356 2600 1432 2641 ait:
1456 2600 1574 2641 Unde
1595 2598 1690 2639 estis
1710 2598 1875 2638 iuvenes
1896 2597 2041 2638 fratres
2062 2595 2214 2637 nostri?

312 2666 368 2706 At
398 2665 454 2705 illi
484 2665 693 2705 dixerunt:
727 2663 790 2703 Ex
822 2663 930 2703 tribu
963 2660 1185 2715 Nephthali
1216 2673 1367 2704 sumus.
1400 2673 1450 2699 ex
1481 2657 1724 2712 captivitate
1758 2656 1915 2697 Ninive.
1975 2657 1990 2680 ⁴
2019 2655 2219 2708 Dixitque

312 2725 387 2765 illis
419 2723 591 2773 Raguel:
625 2722 761 2763 Nostis
790 2722 960 2763 Tobiam
988 2720 1157 2761 fratrem
1186 2719 1347 2760 meum?
1378 2718 1456 2767 Qui
1485 2718 1694 2759 dixerunt:
1726 2715 1936 2757 Novimus,
1993 2716 2008 2739 5
2036 2714 2219 2767 Cumque

314 2784 444 2824 multa
463 2784 570 2824 bona
587 2783 819 2835 loqueretur
836 2782 885 2821 de
903 2794 960 2828 60,
981 2779 1086 2820 dixit
1103 2779 1281 2832 Angelus
1300 2779 1351 2819 ad
1372 2777 1611 2831 Raguelem:
1632 2775 1791 2819 Tobias.
1812 2775 1860 2816 de
1880 2787 1958 2828 quo
1978 2773 2217 2826 interrogas,

312 2849 431 2896 pater
448 2843 563 2883 istius
582 2848 653 2882 est.
705 2843 720 2865 ⁶
738 2841 793 2881 Et
813 2840 921 2880 misit
939 2853 979 2880 se
1000 2838 1165 2892 Raguel,
1187 2842 1228 2878 et
1246 2851 1338 2878 cum
1356 2836 1545 2890 lacrymis
1565 2835 1770 2877 osculatus
1789 2839 1850 2875 est
1868 2846 1972 2879 eum,
1994 2838 2035 2873 et
2052 2832 2217 2886 plorans

313 2916 436 2956 supra
457 2902 604 2943 collum
626 2901 721 2945 eius,
775 2901 788 2923 ⁷
810 2900 932 2940 dixit:
958 2897 1192 2939 Benedictio
1214 2897 1266 2937 sit
1288 2896 1363 2937 tibi
1384 2896 1439 2936 fili
1460 2895 1527 2940 mi,
1553 2895 1649 2949 quia
1669 2893 1765 2935 boni
1786 2898 1827 2934 et
1847 2891 1993 2946 optimi
2016 2891 2090 2932 viri
2112 2890 2217 2931 filius

313 2976 364 3003 es.
426 2967 441 2985 ⁸
471 2962 523 3002 Et
553 2961 674 3001 Anna
702 2972 804 3000 uxor
832 2958 927 3005 eius,
959 2963 1000 2998 et
1028 2958 1128 2997 Sara
1155 2957 1335 3009 ipsorum
1365 2955 1448 2995 filia
1474 2954 1712 3008 lacrymatae
1740 2957 1847 2993 sunt.

122 3024 292 3077 Μ’Τξζζῇξῗω
421 3023 436 3043 ⁹
470 3021 693 3073 Postquam
732 3023 869 3059 autem
905 3017 1030 3058 locuti
1064 3021 1171 3060 sunt,
1208 3014 1399 3069 praecepit
1437 3012 1592 3067 Raguel
1627 3011 1754 3053 occidi
1790 3010 1968 3056 arietem,
2007 3014 2047 3050 et
2082 3008 2215 3063 parari

315 3080 559 3121 convivium.
596 3080 779 3131 Cumque
813 3077 1046 3118 hortaretur
1079 3088 1144 3116 eos
1179 3074 1430 3115 discumbere
1465 3073 1517 3113 ad
1553 3071 1780 3126 prandium,
1846 3071 1879 3093 ¹⁰
1912 3069 2058 3110 Tobias
2093 3067 2217 3108 dixit:

319 3140 392 3180 Hic
413 3153 483 3191 ego
507 3138 623 3179 hodie
645 3151 723 3178 non
746 3137 1001 3177 manducabo
1023 3147 1152 3188 neque
1174 3134 1324 3177 bibam,
1348 3133 1422 3173 nisi
1443 3132 1552 3185 prius
1575 3130 1814 3184 petitionem
1836 3141 1969 3169 meam
1990 3126 2216 3170 confirmes,

314 3204 355 3239 61
385 3192 599 3252 premittas
628 3196 724 3237 mihi
757 3197 851 3236 dare
881 3196 1022 3236 saram
1053 3194 1176 3234 filiam
1209 3199 1334 3233 tuam.

150 3257 267 3282 ³⁶¹¹¹¹²0¹
422 3259 449 3281 ¹¹
480 3258 567 3305 Quo
597 3255 737 3297 audito
769 3255 889 3295 verbo
927 3253 1087 3305 Raguel,
1118 3252 1297 3305 expavit,
1328 3251 1455 3291 sciens
1485 3249 1581 3304 quid
1610 3248 1789 3290 evenerit
1818 3246 1893 3287 illis
1922 3250 2077 3298 septem
2107 3244 2218 3289 viris,

316 3317 382 3370 qui
414 3316 575 3365 ingressi
604 3321 699 3356 sunt
729 3315 780 3354 ad
808 3328 916 3354 eam:
945 3319 986 3354 et
1016 3313 1155 3353 timere
1183 3311 1308 3364 61161111
1336 3324 1384 3351 116
1412 3310 1516 3350 forte
1545 3314 1586 3349 et.
1614 3307 1705 3348 huie
1733 3306 1917 3347 similiter
1944 3304 2218 3357 contingeret:

315 3381 356 3416 et
381 3388 469 3415 cum
499 3381 674 3416 nutaret.
703 3380 743 3414 et
770 3387 847 3413 11011
875 3374 989 3413 daret
1017 3370 1172 3425 petenti
1201 3370 1325 3410 ullum
1352 3381 1601 3422 responsum,
1658 3368 1687 3391 ¹²
1713 3365 1817 3407 dixit
1843 3364 1878 3405 ei
1902 3363 2097 3415 Angelus:
2127 3361 2218 3403 Noli

445 3517 476 3557 6,
503 3514 543 3549 12
569 3514 654 3548 axm
680 3515 732 3553 27,
758 3516 793 3555 6;
819 3514 872 3553 36,
897 3514 927 3546 6.
