2356 3760
125 198 155 231 4.
182 196 279 236 9—4‚
305 196 348 230 39
883 194 1256 229 DEUTERONOMH
1948 202 2023 240 147

233 293 247 315 ⁹
275 290 444 332 Custodi
471 290 594 343 igitur
621 289 896 341 temetipsum.
928 295 969 330 et
997 289 1177 329 animam
1205 296 1321 329 tuam
1350 287 1515 329 solicite.
1574 289 1633 329 Xe
1662 290 1908 332 obliviscaris
1939 305 2035 338 verr
2053 291 2207 341 inegram

127 350 282 394 borum,
315 362 404 402 quae
432 348 623 388 viderunt
651 347 757 388 oculi
784 347 856 388 tui.
887 352 928 388 et
955 360 1004 388 ne
1033 347 1225 388 excidant
1253 347 1301 387 de
1330 346 1448 387 corde
1476 351 1548 387 tuo
1578 348 1733 387 cunctis
1762 348 1901 389 diebus
1931 351 2026 391 vitae
2044 332 2077 350 Μ
2099 326 2217 353 mmmm

126 414 218 449 tuae.
243 407 416 449 Docebis
440 419 488 447 99
512 406 613 446 filios
637 418 683 446 ac
706 412 873 458 nepotes
897 410 1001 450 tuos,
1054 407 1090 430 ¹⁰
1111 418 1135 445 a
1157 405 1220 445 die
1243 405 1284 445 in
1308 417 1387 458 quo
1410 404 1561 445 stetisti
1585 417 1720 445 coram
1742 406 1918 447 Domino
1942 408 2026 448 Deo

126 472 197 507 tuo
220 467 261 506 in
284 465 433 513 Horeb,
459 464 622 517 quando
644 464 845 504 Dominus
866 463 1026 504 locutus
1049 469 1109 504 est
1131 464 1230 504 mihi
1252 463 1406 503 dicens:
1430 463 1637 516 Congrega
1658 464 1710 504 ad
1731 477 1795 505 me
1818 465 2024 518 populum.

126 530 173 565 ut
194 524 363 565 audiant
385 536 586 563 sermones
608 535 730 563 meos.
754 527 793 562 et
815 522 976 563 discant
995 522 1137 563 timere
1158 535 1221 562 me
1243 522 1352 562 omni
1374 527 1555 574 tempore
1578 535 1656 574 quo
1678 522 1825 563 vivunt
1846 523 1886 563 in
1907 528 2024 563 terra.

126 584 380 636 doceantque
414 581 514 622 filios
546 594 650 622 suos.
710 583 741 605 11
773 581 829 621 Et
859 581 1082 621 accessistis
1114 581 1165 621 ad
1195 580 1348 620 radices
1381 580 1542 624 montis,
1578 580 1646 632 qui
1681 581 1871 621 aardebat
1902 594 2028 634 usque

127 642 180 683 ad
200 641 360 683 caelum:
383 645 579 693 erantque
600 640 641 679 in
662 652 707 680 eo
728 640 917 683 tenebrae.
941 645 981 680 et
1001 640 1140 680 nubes.
1164 644 1205 679 et
1226 638 1364 692 caligo.
1416 640 1446 662 1²
1466 639 1727 691 Locutusque
1748 644 1808 679 est
1829 640 2028 680 Dominus=

127 700 180 741 ad
194 713 266 741 vos
283 699 332 740 de
348 699 481 739 medio
498 698 611 751 ignis.
631 698 782 738 Vocem
798 698 1015 739 verborum
1032 698 1115 738 eius
1133 697 1315 740 audistis,
1335 702 1374 738 et
1390 697 1565 737 formam
1581 697 1742 749 penitus
1758 711 1839 738 non
1856 698 2027 738 vidistis.

127 761 158 783 ¹3
187 758 244 800 Et
272 757 452 799 ostendit
481 757 596 798 vobis
626 760 795 810 pactum
825 770 955 805 suum,
989 756 1098 810 quod
1127 756 1318 810 praecepit
1348 760 1395 796 ut
1422 756 1621 800 faceretis,
1653 760 1694 795 et
1723 756 1861 796 decem
1891 757 2027 805 verba,

127 831 216 871 quae
244 816 404 871 scripsit
430 815 471 856 in
499 815 657 856 duabus
685 815 836 856 tabulis
864 815 1044 868 lapideis.
1102 817 1133 839 1⁴
1160 815 1340 868 Mihique
1368 814 1582 854 mandavit
1610 814 1651 854 in
1678 813 1745 854 illo
1774 819 1954 867 tempore
1984 821 2028 854 ut

126 876 311 917 docerem
334 888 406 916 vos
430 873 675 915 ceremonias
699 878 739 914 et
762 873 921 917 iudicia.
949 887 1038 927 quae
1060 874 1190 914 facere
1214 872 1414 914 deberetis
1438 873 1478 913 in
1503 873 1635 917 Terra,
1663 886 1786 926 (1119111
1809 874 2029 925 possessuri

126 934 234 976 93113.
282 937 312 959 15
330 932 542 975 Custodite
559 932 683 986 igitur
700 931 853 973 solicite
872 932 1027 973 animas
1047 938 1214 973 vestras.
1237 932 1328 972 Non
1347 931 1505 972 vidistis
1525 931 1705 984 aliquam
1723 931 2028 972 similitudinem

125 994 167 1034 in
188 993 263 1036 die.
288 1006 369 1046 qua
388 992 547 1033 locutus
568 996 630 1032 est
650 991 764 1032 vobis
785 991 986 1032 Dominus
1007 991 1048 1031 in
1070 991 1207 1031 Horeb
1229 990 1277 1031 de
1298 990 1430 1031 medio
1452 990 1572 1043 ignis:
1623 991 1656 1014 ¹⁶
1676 1003 1725 1031 ne
1745 991 1850 1031 10119
1871 990 2029 1043 decepti

125 1052 285 1093 faciatis
309 1051 425 1092 vobis
450 1049 653 1104 sculptam
677 1049 996 1093 similitudinem.
1023 1054 1096 1090 aut
1118 1049 1337 1103 imaginem
1361 1048 1529 1089 masculi
1554 1048 1617 1089 vel
1641 1048 1812 1093 feminee,
1866 1050 1899 1073 1⁷
1924 1049 2030 1089 simi-

124 1111 341 1152 litudinem
369 1109 552 1151 omnium
578 1108 866 1157 iumentorum,
898 1121 987 1162 quae
1014 1112 1111 1149 sunt
1138 1121 1258 1161 super
1284 1114 1446 1152 terram,
1476 1107 1541 1148 vel
1569 1107 1707 1148 avium
1735 1108 1810 1148 sub
1839 1107 1933 1149 caelo
1961 1121 2030 1149 vo-

125 1169 312 1216 lantium,
368 1170 403 1193 15
431 1173 554 1221 910119
582 1167 800 1220 reptilium,
832 1180 921 1221 quae
949 1172 1167 1208 moventur
1194 1168 1235 1207 in
1263 1173 1381 1213 terra,
1412 1166 1495 1207 sive
1524 1166 1695 1220 piscium
1725 1166 1793 1219 qui
1821 1167 1895 1207 sub
1924 1173 2032 1207 terra-

127 1233 340 1270 morantur
362 1228 403 1268 in
428 1226 561 1280 aquis:
614 1228 648 1250 1⁹
672 1239 721 1267 ne
744 1227 849 1267 forte
874 1226 1041 1267 elevatis
1067 1226 1190 1267 oculis
1216 1225 1269 1266 ad
1291 1225 1445 1271 caelum,
1472 1224 1610 1265 videas
1635 1224 1769 1265 Solem
1793 1230 1832 1265 et
1857 1225 2028 1268 Lunam.

127 1292 168 1328 et
197 1286 333 1329 omnia
361 1291 472 1327 astra
500 1284 595 1329 caeli.
627 1290 667 1325 et
696 1297 825 1326 errore
855 1285 1048 1338 deceptus
1078 1285 1219 1325 adores
1248 1297 1295 1325 ea
1323 1289 1365 1324 et·
1393 1283 1499 1324 colas
1531 1296 1619 1336 quae
1648 1283 1803 1323 creavit
1830 1283 2030 1324 Dominus

126 1347 236 1387 Deus
268 1350 363 1386 tuus
394 1345 436 1385 in
467 1344 737 1384 ministerium
769 1343 924 1384 cunctis
955 1343 1156 1397 gentibus.
1192 1355 1281 1396 quae
1312 1342 1386 1382 sub
1419 1341 1513 1382 caelo
1546 1348 1652 1382 sunt.
1714 1343 1750 1366 2⁰
1781 1342 1860 1382 Vos
1893 1347 2030 1382 autem

127 1404 224 1446 tulit
251 1404 464 1451 Dominus,
497 1408 537 1443 et
567 1403 708 1443 eduxit
738 1402 787 1442 de
816 1402 978 1443 fornace
1007 1402 1136 1442 ferrea
1166 1401 1345 1455 *Egypti
1377 1406 1423 1441 ut
1453 1401 1622 1441 haberet
1652 1400 1849 1453 populum
1878 1400 2032 1441 heredi-

128 1464 290 1508 tarium,
321 1463 424 1503 sicut
453 1467 514 1502 est
540 1461 581 1501 in
610 1461 798 1514 praesenti
826 1461 900 1501 die.
958 1462 989 1485 '21
1021 1461 1259 1513 1>ΙΥ911130119
1288 1466 1347 1500 931
1376 1459 1576 1500 Dominus
1605 1464 1748 1500 contra
1775 1472 1838 1499 1119
1868 1464 2033 1512 propter

127 1535 330 1563 sermones
360 1525 529 1566 vestros,
562 1525 603 1560 et
632 1519 783 1560 iuravit
813 1524 859 1560 ut
889 1532 970 1560 non
1001 1519 1215 1559 transirem
1248 1519 1475 1561 Iordanem.
1508 1531 1580 1558 nec
1611 1518 1838 1572 ingrederer
1868 1518 2030 1557 Terram

128 1581 339 1635 optimam,
374 1592 498 1633 quam
530 1578 700 1619 daturus
731 1583 793 1619 est
823 1578 950 1619 vobis.
1011 1580 1042 1602 ²²
1074 1578 1177 1619 Ecce
1209 1577 1358 1618 morior
1388 1577 1429 1617 in
1459 1577 1535 1617 hac
1566 1577 1703 1625 humo,
1737 1589 1819 1617 non
1850 1576 2032 1617 transibo

129 1640 363 1681 Iordanem:
396 1651 468 1679 Vos
500 1637 737 1684 transibitis,
771 1641 813 1677 et
843 1637 1100 1690 possidebitis
1132 1642 1282 1677 terram
1315 1636 1525 1689 egregiam.
1586 1637 1618 1660 ‘2³
1649 1635 1756 1677 Cave
1787 1648 1836 1675 ne
1869 1635 2032 1688 quando

129 1697 377 1740 obliviscaris
411 1697 521 1751 pacti
554 1696 719 1737 Domini
752 1696 828 1736 Dei
862 1696 934 1738 tui.
971 1696 1081 1749 quod
1114 1695 1267 1749 pepigit
1301 1703 1455 1735 tecum:
1491 1700 1531 1735 et
1564 1694 1688 1735 facias
1723 1694 1796 1735 tibi
1830 1694 2032 1747 sculptam

128 1756 437 1798 similitudinem
461 1768 612 1803 eorum,
641 1768 730 1808 quae
759 1755 842 1795 fieri
867 1755 1067 1795 Dominus
1093 1754 1320 1807 prohibuit:
1374 1756 1406 1778 2⁴
1438 1753 1551 1806 cquia
1576 1753 1776 1793 Dominus
1801 1754 1911 1793 Deus
1937 1757 2032 1792 tuus

127 1816 229 1870 ignis
259 1827 499 1856 consumens
529 1819 601 1857 est.
632 1814 742 1854 Deus
772 1813 995 1855 aemulator.

232 1876 264 1899 ²⁵
283 1875 323 1915 Si
343 1873 560 1927 genueritis
583 1872 684 1914 filios
705 1885 750 1913 90
770 1877 949 1926 nepotes,
973 1878 1012 1913 et
1033 1872 1180 1913 morati
1200 1872 1356 1912 fueritis
1376 1872 1417 1912 in
1439 1871 1571 1916 Terra,
1594 1871 1834 1924 deceptique
1855 1870 2028 1911 feceritis
2055 1877 2216 1924 {nereeflem

128 1934 243 1975 vobis
281 1933 459 1986 aliquam
495 1931 814 1974 similitudinem.
853 1936 1063 1984 patrantes
1100 1930 1254 1971 malum
1290 1943 1426 1971 coram
1462 1930 1638 1970 Domino
1675 1930 1761 1970 Deo
1799 1934 1945 1972 vestro,
1984 1934 2030 1968 ut
2055 1916 2219 1943 ¹“³p¹⁰¹‘¹¹¹t'

128 2006 221 2034 eum
247 1992 300 2033 ad
325 1991 578 2032 iracundiam
604 1990 850 2043 provocetis:
896 1991 931 2014 2⁶
958 1996 1080 2030 testes
1107 1989 1251 2030 invoco
1274 1989 1392 2029 hodie
1414 1988 1556 2029 caelum
1582 1993 1623 2029 et
1649 1992 1810 2031 terram,
1840 1988 1919 2027 cito
1945 2000 2033 2040 per-

127 2052 254 2092 ituros
287 2063 359 2091 vos
389 2063 473 2091 esse
500 2050 548 2090 de
575 2049 708 2092 Terra.
741 2062 864 2102 quam
894 2048 1066 2089 transito
1096 2048 1267 2089 Iordane
1293 2047 1514 2100 possessuri
1541 2046 1648 2087 estis.
1684 2059 1766 2087 non
1792 2046 2033 2086 habitabitis

128 2111 170 2151 in
190 2123 238 2151 ea
256 2109 376 2162 longo
396 2113 592 2162 tempore,
615 2108 686 2148 sed
706 2107 857 2148 delebit
877 2120 949 2148 vos
970 2107 1183 2151 Dominus,
1233 2108 1266 2130 ‘2⁷
1289 2111 1412 2159 atque
1434 2106 1637 2159 disperget
1658 2105 1699 2145 in
1720 2117 1858 2145 omnes
1879 2109 2030 2157 gentes.

128 2173 170 2210 et
192 2167 454 2209 remanebitis
479 2166 596 2221 pauci
623 2166 664 2206 in
688 2166 936 2213 nationibus,
964 2166 1016 2206 ad
1042 2178 1142 2219 quas
1167 2178 1239 2206 vos
1265 2163 1462 2205 ducturus
1488 2169 1549 2205 est
1572 2164 1784 2204 Dominus.
1839 2165 1873 2187 ²8
1898 2163 2034 2215 ibique

128 2227 310 2268 servietis
340 2226 427 2275 diis,
460 2226 529 2279 qui
557 2226 769 2266 hominum
799 2238 923 2265 manu
952 2224 1141 2265 fabricati
1170 2230 1277 2266 sunt.
1308 2223 1415 2277 ligno
1446 2228 1486 2264 et
1514 2222 1639 2276 lapidi
1670 2223 1739 2276 qui
1767 2235 1848 2263 non
1878 2222 2031 2263 vident.

128 2299 201 2327 nec
232 2285 416 2333 audiunt,
448 2297 521 2325 nec
552 2284 783 2333 comedunt,
816 2297 887 2325 nec
920 2283 1153 2324 odorantur.
1213 2285 1248 2307 '2⁹
1278 2283 1460 2335 Cumque
1492 2282 1694 2335 quaesieris
1724 2281 1780 2322 ibi
1809 2280 2034 2321 Dominum

128 2346 262 2386 Deum
294 2350 424 2393 tuum,
458 2343 638 2384 invenies
671 2356 782 2384 eum:
816 2343 848 2383 si
880 2348 1019 2383 tamen
1052 2347 1140 2382 toto
1174 2342 1291 2382 corde
1326 2341 1540 2394 quaesieris,
1575 2346 1615 2381 et
1648 2345 1739 2381 tota
1770 2339 2032 2380 tribulatione

129 2404 274 2445 animae
297 2408 390 2444 tuae.
441 2404 478 2427 3⁰
499 2403 726 2455 Postquam
749 2407 789 2442 te
812 2401 1041 2442 invenerint
1065 2401 1202 2441 omnia
1226 2413 1315 2454 qua}
1338 2399 1532 2453 praedicta
1555 2405 1662 2442 sunt,
1688 2399 1908 2439 novissimo
1933 2403 2033 2438 tem—

128 2476 224 2517 pore
254 2461 465 2503 reverteris
497 2461 550 2502 ad
578 2460 803 2501 Dominum
833 2461 967 2501 Deum
998 2464 1127 2505 tuum,
1161 2464 1202 2500 et
1232 2459 1370 2500 audies
1401 2471 1543 2499 vocem
1574 2458 1668 2498 eius.
1728 2459 1759 2482 31
1790 2457 1894 2505 Quia
1924 2457 2033 2497 Deus

130 2521 352 2563 misericors
382 2520 583 2561 Dominus
614 2520 724 2560 Deus
756 2525 850 2560 tuus
883 2524 962 2559 est:
995 2531 1076 2559 non
1107 2518 1289 2559 dimittet
1321 2522 1373 2567 te,
1407 2530 1480 2558 nec
1512 2516 1675 2558 omnino
1708 2515 1869 2558 delebit.
1904 2527 2033 2568 neque

130 2580 391 2622 obliviscetur
417 2578 540 2632 pacti,
571 2578 612 2619 in
642 2591 722 2631 quo
750 2577 902 2619 iuravit
930 2577 1114 2631 patribus
1145 2577 1236 2618 tuis.

234 2640 266 2664 32
294 2638 504 2691 Interroga,
529 2637 578 2678 de
604 2637 744 2678 diebus
772 2636 962 2690 antiquis,
993 2636 1060 2689 qui
1086 2636 1252 2676 fuerunt
1278 2640 1373 2676 ante
1399 2640 1440 2675 te
1466 2648 1515 2676 ex
1542 2634 1604 2675 die
1633 2648 1712 2687 quo
1739 2633 1892 2674 creavit
1918 2634 2027 2673 Deus
2044 2637 2242 2677 Deumsciant

130 2698 337 2739 hominem
365 2709 486 2750 super
514 2700 676 2743 terram,
708 2708 731 2736 a
760 2708 918 2736 summo
949 2695 1043 2736 caelo
1073 2708 1200 2748 usque
1230 2695 1283 2735 ad
1311 2706 1517 2735 summum
1547 2693 1642 2740 eius,
1674 2692 1706 2733 si
1733 2692 1845 2733 19019
1873 2696 1934 2733 931
1964 2690 2032 2732 ali-
2074 2678 2199 2698 “mcum

131 2756 295 2811 quando
317 2754 596 2796 huiuscemodi
618 2767 692 2796 res.
718 2760 789 2795 aut
812 2767 1010 2808 umquam
1033 2753 1243 2807 cognitum
1265 2758 1337 2796 est.
1388 2754 1421 2777 33
1443 2757 1490 2793 ut
1513 2752 1673 2792 audiret
1694 2750 1868 2805 populus
1891 2762 2033 2791 vocem

130 2815 207 2857 Dei
228 2814 431 2869 loquentis
455 2813 503 2854 de
526 2813 659 2854 medio
682 2813 796 2866 ignis,
821 2813 927 2853 sicut
948 2818 995 2853 tu
1018 2812 1180 2856 audisti,
1206 2816 1247 2853 et
1269 2811 1427 2852 vixisti:
1478 2813 1510 2836 3⁴
1533 2811 1563 2851 si
1587 2810 1683 2850 19011
1704 2810 1814 2850 Deus
1838 2814 1885 2850 ut
1906 2809 2034 2862 ingre-

132 2875 305 2923 deretur,
333 2878 375 2914 et
399 2871 559 2913 tolleret
583 2871 659 2912 sibi
684 2871 858 2913 Gentem
884 2871 933 2912 de
957 2871 1091 2912 medio
1116 2870 1344 2917 nationum,
1371 2882 1442 2923 per
1467 2869 1728 2916 tentationes,
1756 2868 1881 2921 signa,
1910 2872 2033 2920 atque

131 2937 334 2987 portenta,
361 2944 433 2985 per
456 2944 649 2984 pugnam,
677 2935 718 2971 et
741 2930 954 2971 robustam
978 2942 1160 2978 manum,
1188 2933 1483 2982 extentumque
1509 2927 1732 2974 brachium,
1760 2931 1802 2967 et
1825 2925 2032 2967 horribiles

131 2991 305 3032 visiones
327 2991 445 3031 iuxta
467 2990 614 3034 omnia.
641 3001 730 3043 quae
751 2989 848 3029 19011
869 3001 942 3042 pro
965 2988 1080 3029 vobis
1103 2988 1304 3029 Dominus
1326 2988 1436 3028 Deus
1460 2992 1594 3027 vester
1615 2986 1655 3026 in
1679 2985 1870 3039 AEgypto,
1896 2985 2035 3025 viden-

131 3050 241 3091 tibus
271 3048 394 3091 oculis
422 3048 522 3089 tuis:
578 3050 611 3073 ³⁵
639 3052 686 3088 ut
713 3047 831 3088 scires
862 3047 1055 3100 quoniam
1082 3046 1283 3088 Dominus
1311 3046 1396 3099 ipse
1424 3050 1485 3086 est
1512 3046 1634 3093 Deus
1666 3049 1708 3085 et
1734 3057 1817 3085 non
1844 3048 1906 3085 est
1934 3043 2034 3084 alius

132 3113 278 3162 praeter
305 3121 409 3149 eum.
465 3108 501 3131 3⁶
527 3107 589 3147 De
618 3106 712 3147 caelo
740 3110 781 3146 te
808 3106 906 3146 fecit
933 3105 1072 3146 audire
1100 3118 1243 3146 vocem
1270 3118 1398 3153 suam,
1443 3108 1490 3144 ut
1518 3103 1681 3144 doceret
1707 3107 1760 3151 te,
1790 3107 1832 3143 et
1859 3103 1899 3143 in
1928 3106 2033 3143 terra

133 3167 312 3209 ostendit
333 3166 408 3207 tibi
428 3165 563 3219 ignem
584 3178 703 3205 suum
724 3164 962 3211 maximum,
987 3168 1028 3205 et
1049 3164 1200 3204 audisti
1221 3163 1348 3204 Verba
1366 3162 1471 3203 illius
1494 3161 1542 3202 (19
1564 3161 1697 3202 medio
1719 3161 1832 3214 ignis,
1882 3162 1916 3185 ³⁷
1940 3161 2033 3213 quia
2093 3184 2095 3186 -

133 3225 275 3267 dilexit
302 3230 438 3279 patres
467 3229 571 3271 tuos,
602 3227 643 3264 et
671 3222 790 3276 elegit
817 3235 953 3264 semen
982 3235 1121 3263 eorum
1148 3227 1242 3276 post
1270 3235 1348 3263 eos.
1381 3220 1640 3274 dEduxitque
1668 3224 1709 3261 19
1737 3219 1965 3273 praecedens
1993 3219 2034 3258 in

134 3284 286 3325 virtute
311 3297 385 3324 3119
409 3295 559 3336 magna·
583 3294 634 3322 ex
658 3281 849 3335 AEgypto,
903 3282 938 3306 ³⁸
964 3286 1011 3321 ut.
1037 3280 1188 3321 deleret
1212 3281 1398 3321 nationes
1422 3279 1623 3320 maximas
1651 3282 1692 3319 et
1715 3278 1901 3319 fortiores
1928 3282 1968 3318 19
1992 3277 2033 3316 111

133 3343 304 3384 introitu
336 3347 427 3383 tuo:
474 3346 515 3381 et
552 3339 828 3381 introducere-t
860 3346 912 3381 te.
960 3340 1156 3392 daretque
1189 3339 1265 3379 tibi
1297 3344 1448 3379 terram
1481 3350 1620 3378 earum
1652 3337 1694 3377 in
1727 3336 2030 3390 possessionem.

134 3402 239 3443 sicut
266 3400 392 3442 cernis
421 3400 463 3440 in
490 3398 680 3452 praesenti
709 3398 783 3439 die.
840 3400 875 3422 3⁹
904 3397 1013 3439 Scito
1044 3410 1135 3451 ergo
1164 3397 1296 3440 hodie.
1327 3402 1368 3437 et
1397 3396 1575 3450 cogitato
1605 3396 1646 3436 in
1675 3395 1793 3436 corde
1823 3400 1893 3435 tuo
1925 3392 2033 3446 quod

267 3525 306 3558 11
332 3523 405 3557 aEx
429 3523 482 3563 19,
507 3522 557 3556 18.
586 3544 626 3547 —
651 3522 690 3556 :21
715 3522 806 3566 bSup
832 3523 861 3561 1,
886 3522 937 3555 37.
956 3543 998 3545 —
1014 3522 1056 3555 :24
1083 3522 1176 3555 eHbr
1200 3522 1252 3561 12,
1278 3522 1328 3555 29.
1348 3543 1389 3545 —
1406 3521 1447 3555 37
1470 3522 1545 3554 dEx
1569 3523 1622 3559 13,
1648 3521 1698 3553 21.

1750 3576 1822 3617 10*
