2356 3760
136 80 189 117 20.
217 77 357 112 2ὼ-21.
385 79 426 111 22
921 78 1265 112 ECCLESIASTICI
1954 94 2029 133 539

136 174 173 196 2⁰
190 171 347 225 Lapsus
383 170 496 212 falsae
529 170 687 224 linguae,
728 169 843 223 quasi
884 170 954 223 qui
992 170 1033 211 in
1073 171 1310 223 pavimento
1347 173 1512 213 cadens:
1589 175 1643 215 sic
1686 190 1798 220 casus
1834 184 2030 225 malorum

399 229 643 271 festinanter
671 228 819 269 veniet.

139 291 169 313 2¹
195 288 329 330 Homo
372 288 528 329 acharis
570 286 685 340 qua-si
725 285 867 327 fabula
906 300 1024 335 vana,
1122 287 1162 328 in
1202 300 1268 329 ore
1308 288 1700 341 indisciplinatorum
1744 295 1902 337 assidua
1944 301 2017 341 erit

137 348 169 372 2²
190 347 255 388 Ex
287 360 353 389 ore
384 346 490 387 fatui
520 343 807 399 reprobabitur
837 345 1050 398 parabola:
1136 359 1218 387 non
1250 345 1357 386 enim
1390 347 1488 387 dicit
1518 347 1627 388 illam
1658 349 1699 390 in
1738 356 1916 406 tempore
1947 335 2028 399 suo·

137 408 169 430 2³
190 406 266 447 Est
296 405 366 459 qui
394 409 561 446 vetatur
588 415 754 456 pecca-re
784 416 866 457 prae
893 403 1042 457 inopia.
1127 409 1169 445 et
1195 404 1237 445 in
1265 405 1402 458 requie
1431 418 1505 446 sua
1533 406 1819 451 stimulabitur.
2022 392 2029 399 ’

137 466 169 489 ²⁴
189 464 266 506 Est
287 464 357 518 qui
376 464 519 517 perdet
540 461 720 502 animam
741 474 856 502 suam
878 475 960 516 prae
980 462 1226 511 confusione,
1302 468 1343 504 et
1364 463 1414 504 ab
1436 463 1685 517 imprudenti
1705 479 1875 518 persona
1893 473 2034 523 perdet

399 534 507 562 eam:
592 532 774 574 personae
804 526 942 562 autem
974 521 1208 575 acceptione
1239 522 1382 575 perdet
1411 535 1464 563 se.

136 583 169 606 2⁵
190 582 267 622 Est
291 580 360 635 qui
383 593 466 634 prae
489 579 724 620 confusione
747 579 954 633 promittit
978 580 1119 625 amico.
1199 585 1240 621 et
1262 580 1443 621 lucratus
1467 586 1528 622 est
1551 594 1643 622 eum
1666 581 1873 625 inimicum
1896 588 2032 638 gratis.

135 641 172 663 ’111
189 639 466 694 Opprobrium
502 650 679 691 nequam
717 638 758 678 in
794 638 958 680 homine
994 639 1265 686 mendacium,
1372 644 1414 679 et
1458 639 1499 679 in
1537 652 1603 681 ore
1644 629 2033 695 indisciplinatorum

399 697 559 738 assidue
587 696 674 737 erit.
1796 701 1805 705 “

135 758 169 781 ²⁷
188 757 329 799 Potior
342 757 408 797 fur
422 768 546 809 quam
561 755 778 796 assiduitas
792 755 869 796 viri
879 756 1097 797 mendacis,
1154 755 1422 809 perditionem
1443 762 1580 797 autem
1599 758 1719 799 ambo
1733 758 2033 803 hereditabunt.

135 818 171 839 2⁸
188 817 318 858 Mores
345 814 559 856 hominum
586 814 846 855 mendacium
873 815 957 855 sine
995 814 1164 855 honore:
1247 820 1289 855 ct
1315 815 1496 855 confusio
1524 815 1682 856 illorum
1711 830 1803 857 cum
1830 818 1925 871 ipsis
1953 820 2036 861 sine

397 872 707 915 intermissione.

136 935 171 957 ²⁹
188 933 357 987 Sapiens
391 931 434 973 in
462 931 596 972 verbis
625 932 824 984 producet
852 931 1040 985 seipsum,
1131 937 1173 972 et
1203 932 1325 973 homo
1356 932 1532 986 prudens
1561 932 1739 986 placebit
1766 936 1980 987 magnatis,

136 993 172 1016 ³⁰
190 992 269 1042 Qui
285 996 478 1046 operatur
494 996 644 1031 terram
662 1004 790 1039 suam,
809 989 1002 1031 inaltabit
1018 1003 1209 1031 acervum
1225 990 1406 1044 frugum:
1473 996 1513 1031 et
1530 991 1599 1044 qui
1615 997 1806 1045 operatur
1822 977 2032 1044 iustitiam,

398 1049 483 1104 ipse
512 1048 780 1090 exaltabitur:
865 1048 934 1102 qui
962 1061 1057 1090 vero
1087 1049 1220 1102 placet
1248 1049 1463 1101 magnatis,
1494 1050 1660 1103 effugiet
1688 1051 1959 1104 iniquitatem.

135 1111 166 1134 ³¹
192 1109 347 1150 aXenia
384 1114 426 1150 et
465 1108 575 1149 dona
617 1113 824 1149 excaecant
867 1107 1002 1149 oculos
1046 1107 1237 1150 iudicum.
1312 1114 1353 1148 et
1388 1107 1503 1161 quasi
1536 1113 1675 1149 mutus
1706 1109 1746 1149 111
1782 1122 1848 1151 ore
1885 1111 2035 1152 avertit

399 1166 672 1220 correptiones
701 1179 853 1208 eorum.

134 1229 167 1251 ³2
191 1226 423 1280 bSapientia
450 1226 649 1267 absconsa
676 1230 718 1266 et
745 1225 959 1266 thesaurus
987 1224 1159 1266 invisus:
1244 1238 1333 1278 quae
1360 1224 1516 1265 utilitas
1544 1225 1585 1265 in
1613 1225 1819 1279 utrisque?

135 1290 168 1311 ³³⁵
189 1286 329 1327 Melior
353 1291 415 1327 est
439 1285 508 1339 qui
532 1284 638 1326 celat
660 1284 937 1338 insipientiam
961 1296 1088 1331 suam,
1169 1297 1293 1337 quam
1316 1283 1438 1324 homo
1464 1283 1532 1335 qui
1557 1284 1771 1325 abscondit
1794 1285 2035 1338 sapientiam

399 1357 527 1385 suam.

135 1439 200 1482 21.
255 1440 270 1463 1
298 1437 375 1479 Fili
403 1436 605 1491 peccasti?
636 1449 718 1477 11011
748 1434 912 1476 adjicias
942 1435 1108 1475 iterum:
1188 1435 1259 1476 sed
1287 1439 1328 1475 et
1356 1435 1405 1475 de
1435 1434 1614 1488 pristinis
1643 1435 1857 1488 deprecare
1885 1440 1931 1476 ut
1960 1435 2035 1477 tibi
2073 1443 2198 1478 ,9290212

398 1495 675 1537 dimittantur.
1705 1486 1707 1488 ’
2068 1474 2210 1504 ¹⁰g¹e¹²d²³’

155 1559 170 1581 ²
188 1556 314 1605 Quasi
340 1569 364 1596 a
388 1555 490 1596 facie
516 1553 669 1595 colubri
695 1553 789 1606 fuge
814 1559 1002 1607 peccata:
1082 1557 1124 1593 et
1148 1551 1181 1593 si
1207 1552 1416 1593 accesseris
1443 1552 1495 1592 ad
1520 1551 1598 1599 illa,
1626 1552 1847 1605 suscipient
1871 1557 1923 1594 te.

155 1615 342 1656 ³Dentes
370 1613 509 1661 leonis,
541 1613 683 1654 dentes
712 1612 808 1660 eius,
892 1611 1180 1652 interficientes
1210 1610 1365 1651 animas
1394 1610 1618 1652 hominum.

155 1677 169 1699 ⁴
188 1674 313 1723 Quasi
341 1672 551 1726 romphaea
580 1672 639 1712 bis
670 1675 792 1712 acuta
821 1671 951 1712 omnis
979 1670 1186 1723 iniquitas,
1270 1668 1397 1723 plagae
1426 1668 1529 1709 illius
1559 1673 1620 1709 est
1648 1669 1812 1710 sanitas.

155 1736 170 1757 5
189 1732 431 1786 Obiurgatio
454 1736 496 1772 et
521 1730 676 1772 iniuriae
702 1728 976 1770 annullabunt
1002 1728 1296 1770 substantiam:
1363 1733 1404 1768 et
1430 1728 1574 1768 domus
1601 1740 1691 1780 quae
1716 1727 1834 1768 nimis
1858 1727 2036 1781 locuples

397 1795 470 1839 est,
502 1788 782 1830 annullabitur
810 1788 1017 1841 superbia:
1100 1787 1155 1828 sic
1184 1786 1417 1828 substantia
1444 1785 1607 1839 superbi
1635 1786 1919 1827 eradicabitur.

156 1853 170 1874 ‘⁵
188 1850 432 1904 Deprecatio
454 1848 644 1902 pauperis
665 1861 715 1888 ex
736 1859 802 1888 ore
823 1860 952 1900 usque
974 1846 1025 1887 ad
1047 1859 1163 1887 aures
1184 1845 1267 1886 eius
1288 1845 1508 1898 perveniet.
1567 1849 1608 1885 et
1628 1844 1821 1885 iudicium
1842 1844 2034 1886 festinato

398 1907 591 1948 adveniet
618 1905 685 1947 illi.

156 1970 168 1992 ⁷
188 1968 267 2017 Qui
285 1967 373 2009 odit
390 1966 699 2020 correptionem,
720 1964 938 2015 vestigium
951 1968 1012 2004 est
1028 1963 1271 2017 peccatoris:
1328 1968 1370 2003 et
1387 1962 1457 2015 qui
1474 1961 1594 2002 timet
1609 1962 1756 2009 Deum,
1777 1965 2037 2003 convertetur

397 2025 450 2066 ad
479 2037 547 2066 cor
575 2037 706 2065 suum.

155 2087 170 2109 ⁸
189 2086 321 2127 Notus
350 2097 374 2125 a
399 2084 517 2137 longe
543 2087 689 2136 potens
716 2081 856 2135 lingua
882 2081 1045 2122 audaci:
1127 2084 1169 2120 et
1195 2083 1380 2120 sensatus
1408 2078 1484 2119 scit
1509 2078 1592 2119 labi
1618 2091 1659 2119 se
1687 2079 1738 2120 ab
1764 2078 1864 2131 ipso.

155 2147 170 2169 ⁹
188 2143 267 2193 Qui
297 2143 473 2184 aedificat
504 2142 672 2183 domum
705 2153 821 2181 suam
852 2138 1067 2193 impendiis
1104 2138 1254 2182 alienis,
1333 2137 1448 2191 quasi
1480 2137 1549 2190 qui
1580 2136 1731 2190 colligit
1760 2137 1914 2190 lapides
1945 2147 2037 2177 suos

396 2202 439 2243 in
466 2201 626 2255 hyeme.

138 2264 171 2286 ¹⁰
194 2263 373 2315 cStuppa
394 2259 564 2302 collecta
585 2270 795 2313 synagoga
815 2257 1086 2311 peccantium.
1165 2260 1206 2296 et
1228 2254 1527 2296 consummatio
1550 2253 1709 2295 illorum
1732 2253 1900 2294 flamma
1920 2253 2033 2302 ignis.

137 2323 165 2345 ¹¹
187 2321 265 2363 Via
292 2319 552 2375 peccantium
582 2317 846 2371 complanata
873 2315 1089 2369 lapidibus,
1174 2319 1215 2355 et
1244 2314 1285 2355 in
1314 2313 1393 2353 fine
1422 2312 1581 2354 illorum
1611 2312 1737 2357 inferi.
1771 2317 1811 2352 et
1844 2312 2033 2360 tenebrae,

397 2382 438 2420 et
465 2390 610 2432 poenae.

138 2476 167 2497 ¹²
188 2473 268 2523 Qui
294 2471 475 2514 custodit
501 2470 714 2517 iustitiam,
744 2467 970 2510 continebit
998 2480 1160 2508 sensum
1187 2466 1282 2507 eius.
1366 2467 1397 2490 ¹³
1424 2463 1730 2506 Consummatio
1764 2462 1919 2505 timoris
1945 2463 2227 2523 Dei.cug{¹gg¹i{jssda

397 2529 600 2584 sapientia
627 2533 669 2569 et
697 2540 848 2569 sensus.
2233 2521 2236 2525 ’

137 2594 167 2616 ¹⁴
186 2591 278 2633 Non
296 2589 504 2631 erudietur
521 2588 591 2642 qui
608 2600 689 2629 non
707 2592 770 2628 est
785 2586 946 2640 sapiens
962 2585 1004 2626 in
1022 2585 1141 2626 bono.
1215 2585 1245 2608 ¹5
1263 2583 1340 2625 Est
1357 2588 1495 2623 autem
1513 2581 1724 2635 sapientia,
1745 2594 1834 2634 quae
1852 2581 2038 2621 abundat

396 2648 438 2689 in
466 2647 593 2689 malo:
677 2651 719 2687 et
746 2658 829 2686 non
857 2649 920 2686 est
947 2656 1086 2685 sensus
1116 2642 1186 2683 ubi
1214 2647 1276 2683 est
1305 2641 1547 2682 amaritudo.

138 2710 171 2733 ¹⁶
188 2708 367 2750 Scientia
400 2706 595 2761 sapientis
640 2709 857 2757 tamquam
890 2702 1106 2744 inundatio
1142 2700 1383 2746 abundabit.
1473 2703 1514 2739 et
1548 2696 1757 2740 consilium
1792 2696 1896 2737 illius
1931 2696 2037 2737 sicut

396 2766 487 2807 fons
516 2765 613 2806 vitae
641 2767 866 2818 permanet.

138 2828 168 2850 ¹⁷
187 2826 264 2868 Cor
291 2825 398 2867 fatui
427 2823 544 2878 quasi
572 2836 645 2864 vas
675 2822 943 2869 confractum,
1028 2825 1069 2861 et
1099 2832 1261 2860 omnem
1291 2817 1532 2871 sapientiam
1562 2828 1643 2856 non
1674 2813 1841 2855 tenebit.

136 2922 169 2944 ¹⁵
187 2919 367 2961 Verbum
396 2918 556 2971 sapiens
586 2916 874 2971 quodcumque
904 2912 1077 2954 audierit
1116 2911 1219 2952 scius
1300 2908 1497 2957 laudabit,
1529 2913 1570 2948 et
1599 2908 1650 2948 ad
1679 2920 1719 2948 se
1749 2906 1928 2948 adiiciet:
2050 2910 2226 2970 ⁵51¹{218212011

188 2978 348 3019 audivit
374 2976 618 3024 luxuriosus,
649 2979 691 3016 et
719 2972 950 3027 displicebit
977 2970 1043 3015 illi.
1128 2975 1170 3011 et
1198 2968 1380 3023 proiiciet
1408 2967 1507 3008 illud
1535 2972 1628 3020 post
1657 2966 1822 3006 dorsum
1852 2979 1982 3006 suum.
2061 2952 2161 2970 ”man
2185 2952 2217 2970 ¹¹³

135 3040 169 3061 ¹⁹
188 3037 377 3078 Narratio
406 3035 512 3077 fatui
542 3033 658 3088 quasi
686 3032 847 3074 sarcina
871 3031 913 3073 in
942 3030 1020 3072 via.
1106 3042 1202 3069 nam
1230 3028 1272 3069 in
1309 3026 1424 3067 labiis
1454 3024 1604 3066 sensati
1632 3024 1862 3065 invenietur
1889 3023 2032 3077 gratia.

134 3098 171 3120 ’111
186 3096 242 3137 Os
266 3095 478 3150 prudentis
504 3092 699 3147 quaeritur
722 3092 764 3133 in
789 3089 966 3138 ecclesia,
1045 3093 1087 3129 et
1111 3088 1237 3128 verba
1260 3085 1363 3126 illius
1396 3084 1636 3137 cogitabunt
1660 3083 1701 3124 in
1727 3082 1913 3124 cordibus
1939 3081 2030 3122 suis.

134 3157 162 3179 '³¹
187 3155 416 3208 Tamquam
437 3154 582 3194 domus
603 3149 887 3197 exterminata,
911 3147 966 3188 ε10
986 3148 1102 3188 fatuo
1123 3144 1340 3198 sapientia:
1415 3148 1455 3184 et
1476 3142 1644 3183 scientia
1663 3140 1857 3182 insensati
1877 3141 2032 3180 inenar-

395 3211 541 3254 rabilia
568 3211 705 3252 verba.

135 3274 166 3296 2²
186 3272 411 3326 Compedes
428 3271 471 3312 in
488 3269 672 3324 pedibus.
704 3266 831 3308 stulto
851 3264 1048 3313 doctrina⁷
1129 3268 1170 3305 et
1190 3261 1304 3316 qnasi
1324 3259 1487 3301 vincula
1513 3272 1711 3300 manuum
1730 3270 1849 3311 super
1866 3267 2029 3297 inanum

397 3330 598 3371 dextram.

204 3403 328 3463 ’Ἔῖὸῖ
345 3422 384 3455 31
412 3421 483 3454 anx
509 3422 561 3459 23
588 3420 622 3460 3;,
650 3420 699 3452 nt.
723 3418 775 3456 16,
802 3417 853 3450 19.
880 3436 921 3439 fl
946 3415 989 3448 32
1012 3415 1089 3448 blnt·
1113 3415 1165 3453 41,
1192 3413 1241 3446 17.
1270 3432 1310 3435 >s
1335 3411 1388 3453 21,
1414 3411 1456 3444 10
1483 3411 1570 3454 osup
1595 3410 1646 3443 13.
1674 3410 1702 3442 7.
