2356 3760
127 133 159 172 3,
185 132 281 172 6-4,
308 133 348 165 14
979 129 1210 163 SAMOELIs
1951 136 2025 175 007

128 232 341 275 revertere,
371 232 412 267 et
439 225 582 267 dormi.
612 224 668 264 Et
695 222 808 269 abiit,
838 227 878 262 et
906 222 1112 263 dormivit.
1172 224 1187 247 ⁶
1206 223 1262 263 Et
1294 223 1439 263 adiecit
1467 223 1666 264 Dominus
1694 238 1852 267 rursum
1881 240 2026 268 vocare

128 285 373 326 Samuelem.
400 285 734 335 Consurgensque
759 281 934 328 Samuel,
962 281 1064 321 abiit
1088 282 1140 321 ad
1163 281 1266 324 Heli.
1294 287 1334 322 et
1358 281 1480 321 dixit:
1508 282 1610 322 Ecce
1636 296 1725 331 ego:
1754 285 1846 336 quia
1871 287 2026 326 vocasti

128 357 204 385 me.
223 343 302 392 Qui
315 342 544 397 respondit:
563 341 654 381 Non
670 339 815 380 vocavi
831 344 870 379 te
888 339 1032 379 filimi:
1048 345 1248 380 revertere
1265 346 1305 380 et
1319 339 1461 380 dormi.
1509 341 1522 362 ⁷
1537 333 1839 381 PorroSamuel
1854 345 2025 384 necdum

129 402 284 444 sciebat
304 401 542 448 Dominum,
565 411 696 452 neque
717 397 919 438 revelatus
941 398 1076 438 fuerat
1097 397 1132 438 ei
1152 411 1282 439 sermo
1303 398 1481 439 Domini.
1535 399 1550 422 ⁸
1570 398 1626 439 Et
1647 398 1794 440 adiecit
1814 400 2025 449 Dominus,

132 467 175 502 et
199 460 366 502 vocavit
392 459 525 500 adhuc
551 456 780 498 Samuelem
806 456 940 497 tertio.
970 456 1048 504 Qui
1075 469 1317 509 consurgens
1346 456 1448 497 abiit
1475 457 1526 496 ad
1554 456 1657 501 Heli,
1715 460 1729 481 ⁹
1756 463 1795 498 et
1823 458 1897 498 ait:
1927 459 2029 499 Ecce

133 533 223 573 ego:
248 519 343 573 quia
363 516 521 559 vocasti
540 529 616 556 me.
644 514 850 555 Intellexit
871 527 963 568 ergo
987 514 1078 555 Heli
1100 514 1196 568 quia
1216 515 1415 556 Dominus
1438 520 1603 556 vocaret
1624 529 1812 568 puerum:
1837 521 1877 557 et
1898 517 1956 557 ait
1978 518 2029 557 ad

132 577 380 620 Samuelem:
399 576 524 624 Vade,
545 580 586 615 et
606 574 754 615 dormi:
778 578 819 614 et
838 572 870 614 si
891 573 1079 626 deinceps
1093 573 1302 614 vocaverit
1322 579 1372 617 te,
1389 573 1514 614 dices:
1537 573 1718 626 Loquere
1733 574 1919 623 Domine,
1937 575 2029 627 quia

133 636 250 678 audit
269 649 409 677 servus
429 640 537 676 tuus,
563 632 679 674 Abiit
699 645 790 685 ergo
809 631 983 680 Samuel,
1000 636 1041 672 et
1060 631 1255 672 dormivit
1274 631 1315 671 in
1334 631 1419 673 loco
1440 645 1524 672 suo.
1562 633 1597 655 ¹⁰
1614 632 1668 672 Et
1688 632 1801 673 venit
1817 633 2029 676 Dominus,

133 701 174 736 et
200 694 337 736 stetit:
370 700 412 735 et
436 691 614 740 vocavit,
647 691 753 731 sicut
782 695 1003 732 vocaverat
1032 691 1220 735 secundo.
1250 690 1425 739 Samuel,
1455 689 1633 731 Samuel.
1677 690 1733 730 Et
1761 691 1818 731 ait
1849 691 2028 732 Samuel:

134 754 316 807 Loquere
346 752 534 800 Domine,
569 750 665 804 quia
696 749 812 790 audit
843 762 982 790 servus
1014 754 1121 790 tuus.
1183 751 1212 772 11
1245 749 1301 789 Et
1332 748 1436 789 dixit
1468 748 1667 790 Dominus
1700 749 1752 789 ad
1783 749 2029 790 Samuelem:

134 813 238 854 Ecce
265 825 336 866 ego
362 811 467 852 facio
494 810 664 850 verbum
691 808 733 848 in
762 807 902 848 Israel:
932 808 1042 861 quod
1069 808 1315 861 quicumque
1341 807 1526 852 audierit,
1556 807 1733 847 tinnient
1760 808 1891 848 ambae
1917 821 2031 849 aures

134 871 230 912 eius.
282 872 313 895 1²
336 870 384 910 In
405 869 469 911 die
490 868 560 910 illa
579 867 785 908 suscitabo
809 867 1026 907 adversum
1050 866 1141 907 Heli
1163 866 1299 908 onmia
1322 879 1411 919 quae
1432 865 1591 906 locutus
1613 879 1703 906 sum
1725 879 1844 919 super
1865 867 2032 907 domum

135 930 237 971 eius:
264 929 470 983 incipiam,
499 933 540 969 et
566 925 788 979 complebo.
846 927 876 950 ¹³
901 925 1076 966 Praedixi
1103 925 1209 966 enini
1237 924 1272 966 ei
1299 925 1409 978 quod
1434 924 1685 965 iudicaturus
1713 937 1839 965 essem
1866 925 2033 966 domum

135 988 218 1030 eius
245 988 287 1029 in
314 993 523 1035 aeternum,
553 991 720 1040 propter
746 984 1019 1038 iniquitatem.
1050 998 1094 1025 eo
1124 984 1234 1037 quod
1261 988 1433 1025 noverat
1459 983 1622 1036 indigne
1651 996 1765 1036 agere
1796 982 1896 1024 filios
1927 997 2031 1031 suos

135 1052 177 1089 et
199 1060 281 1089 non
307 1045 545 1100 corripuerit
569 1058 646 1086 eos.
702 1045 733 1068 ¹⁴
759 1043 912 1084 Idcirco
938 1042 1069 1083 iuravi
1092 1042 1245 1084 Domui
1272 1042 1362 1083 Heli
1388 1042 1497 1096 quod
1522 1055 1603 1083 non
1628 1041 1814 1095 expietur
1836 1041 2032 1095 iniquitas

136 1107 280 1148 domus
305 1106 388 1147 eius
414 1103 590 1145 victimis
617 1108 657 1144 et
681 1102 916 1143 muneribus
942 1115 1069 1155 usque
1094 1101 1134 1142 in
1160 1107 1368 1142 aeternum.
1424 1103 1454 1125 15
1478 1100 1686 1142 Dormivit
1710 1105 1847 1141 autem
1872 1100 2035 1142 Samuel

136 1178 263 1219 usque
282 1177 414 1213 mane,
437 1163 677 1217 aperuitque
698 1161 801 1203 ostia
822 1161 965 1202 domus
986 1160 1163 1202 Domini.
1186 1161 1242 1201 Et
1261 1160 1424 1201 Samuel
1444 1160 1620 1200 timebat
1638 1158 1815 1200 indicare
1835 1159 2033 1201 visionem

138 1223 240 1265 Heli.
296 1225 332 1248 1⁶
357 1222 532 1264 Vocavit
559 1234 650 1274 ergo
680 1220 770 1261 Heli
797 1219 1038 1264 Samuelem,
1068 1225 1109 1260 et
1135 1219 1258 1260 dixit:
1287 1218 1450 1260 Samuel
1479 1218 1534 1258 fili
1561 1217 1640 1258 ini?
1669 1217 1747 1266 Qui
1773 1218 2032 1271 respondens,

136 1283 212 1324 ait:
230 1282 384 1324 Praesto
401 1295 503 1323 sum.
549 1282 582 1305 ¹⁷
600 1280 655 1321 Et
671 1279 939 1332 interrogavit
956 1292 1066 1319 eum:
1086 1278 1184 1327 Quis
1203 1283 1264 1319 est
1279 1290 1422 1325 sermo,
1443 1290 1563 1330 quem
1579 1276 1738 1317 locutus
1757 1282 1818 1317 est
1832 1277 2034 1317 Dominus

136 1343 189 1384 ad
213 1341 279 1384 te?
306 1354 375 1383 oro
400 1346 441 1382 te
466 1354 516 1381 ne
542 1338 732 1381 celaveris
759 1352 834 1379 me.
863 1338 947 1378 liaec
971 1337 1097 1377 faciat
1123 1336 1198 1378 tibi
1222 1336 1345 1380 Deus,
1374 1341 1415 1376 et
1441 1335 1525 1376 haec
1551 1335 1690 1383 addat,
1717 1334 1750 1375 si
1776 1334 2034 1376 absconderis

137 1415 160 1442 a
187 1414 252 1442 me
280 1413 507 1441 sermonem
536 1412 585 1439 ex
614 1397 801 1439 omnibus
832 1395 977 1444 verbis,
1010 1408 1099 1449 quae
1128 1395 1238 1436 dicta
1266 1401 1362 1436 sunt
1392 1394 1477 1436 tibi.
1536 1395 1570 1418 18
1601 1393 1805 1434 Indicavit
1833 1393 1972 1447 itaque
2002 1393 2036 1433 ei

136 1459 299 1502 Samuel
327 1459 535 1500 universos
564 1469 779 1504 sermones,
811 1461 851 1496 et
879 1468 959 1495 non
989 1453 1203 1495 abscondit
1233 1454 1283 1495 ab
1313 1467 1370 1495 eo.
1402 1453 1458 1494 Et
1485 1452 1549 1493 ille
1577 1452 1805 1506 respondit:
1836 1451 2035 1493 Dominus

136 1524 215 1561 est:
247 1518 357 1573 quod
386 1518 538 1558 bonum
568 1520 629 1556 est
657 1515 698 1555 in
728 1513 851 1556 oculis
881 1513 961 1554 suis
991 1513 1128 1554 faciat.

241 1579 276 1602 ²⁹
300 1576 436 1618 Crevit
461 1581 600 1616 autem
625 1573 799 1622 Samuel,
827 1579 866 1614 et
890 1571 1090 1614 Dominus
1117 1578 1204 1613 erat
1229 1585 1321 1612 cum
1346 1585 1404 1616 eo,
1432 1576 1471 1612 et
1496 1584 1576 1611 non
1603 1569 1748 1611 cecidit
1772 1583 1821 1610 ex
1846 1569 2032 1610 omnibus
2073 1569 2206 1629 quing?

136 1636 269 1678 verbis
300 1635 383 1677 eius
413 1635 454 1675 in
484 1640 646 1676 terram.
705 1634 741 1657 '²⁰
770 1632 823 1673 Et
855 1631 1046 1685 cognovit
1076 1630 1287 1671 universus
1321 1629 1443 1671 Israel
1473 1643 1496 1670 a
1525 1630 1630 1677 Dan,
1662 1642 1790 1682 usque
1820 1628 2031 1675 Bersabee,
2052 1611 2227 1670 agffoseitur.

138 1696 248 1750 quod
275 1694 403 1736 fidelis
429 1692 592 1735 Samuel
617 1692 818 1746 propheta
843 1696 947 1731 esset
972 1689 1150 1731 Domini.
1205 1691 1235 1714 2¹
1262 1690 1317 1730 Et
1342 1688 1502 1730 addidit
1526 1687 1726 1729 Dominus
1752 1692 1799 1728 ut
1824 1692 2038 1740 appareret

136 1755 177 1796 in
200 1754 293 1803 Silo,
320 1752 513 1808 quoniam
536 1751 739 1793 revelatus
762 1751 897 1791 fuerat
918 1749 1118 1790 Dominus
1142 1748 1319 1790 Samueli
1342 1748 1383 1788 in
1406 1747 1499 1796 Silo,
1525 1746 1642 1787 iuxta
1665 1746 1834 1787 verbum
1858 1745 2036 1787 Domini.

136 1814 192 1855 Et
219 1812 356 1855 evenit
381 1825 511 1853 sermo
538 1810 736 1852 Samuelis
763 1809 953 1850 universo
982 1807 1131 1848 Israeli.

526 1922 563 1961 3.
595 1919 795 1972 impletio
826 1917 1079 1970 prophetiae
1109 1916 1427 1969 praecedentis,
1456 1916 1494 1965 4,
1514 1915 1659 1954 1-22.

241 1993 279 2037 4.
335 1995 348 2018 1
379 1993 435 2034 Et
464 1993 621 2033 factum
651 1997 713 2033 est
742 1991 782 2031 in
813 1990 954 2031 diebus
985 1989 1074 2038 illis,
1107 1993 1386 2030 convenerunt
1415 1985 1663 2027 Philisthiim
1694 1984 1736 2025 in
1765 1997 1963 2038 pugnam:
1996 1988 2036 2024 et
2056 1983 2230 2043 Pffiffllffm

138 2066 316 2108 egressus
351 2057 413 2093 est
447 2051 570 2092 Israel
603 2050 768 2092 obviam
801 2047 1049 2090 Philisthiim
1083 2048 1124 2088 in
1157 2046 1352 2101 praelium,
1389 2051 1430 2086 et
1464 2047 1777 2086 castrametatus
1812 2048 1874 2083 est
1921 2042 2035 2083 iuxta
2079 2054 2206 2084 caeditur,

137 2112 334 2167 Lapidem
359 2110 561 2152 adiutorii.
588 2109 712 2151 Porro
737 2107 985 2149 Philisthiim
1010 2112 1211 2148 venerunt
1234 2106 1275 2146 in
1299 2104 1451 2159 Aphec,
1504 2105 1518 2128 2
1543 2108 1584 2143 et
1606 2102 1890 2143 instruxerunt
1913 2100 2039 2142 aciem

138 2176 281 2213 contra
306 2169 440 2211 Israel.
469 2169 577 2210 Inito
603 2174 741 2210 autem
767 2166 998 2211 certamine,
1027 2171 1140 2218 terga
1164 2164 1290 2205 vertit
1316 2162 1439 2204 Israel
1463 2161 1727 2203 Philisthaeis:
1754 2166 1795 2202 et
1819 2173 1921 2201 caesa
1944 2165 2041 2200 sunt

136 2231 179 2271 in
197 2230 263 2271 illo
284 2228 504 2270 certamine
522 2227 674 2282 passim
693 2240 764 2281 per
783 2239 911 2280 agros,
934 2224 1049 2279 quasi
1069 2229 1267 2278 quattuor
1284 2221 1409 2263 millia
1428 2221 1621 2263 virorum.
1668 2222 1683 2245 ³
1702 2219 1758 2260 Et
1775 2231 1958 2260 reversus
1979 2223 2040 2259 est

138 2288 312 2343 populus
328 2288 381 2329 ad
396 2293 548 2328 castra:
566 2286 839 2339 dixeruntque
854 2284 1025 2326 maiores
1042 2288 1143 2324 natu
1160 2283 1208 2324 de
1227 2280 1368 2323 Israel:
1387 2281 1520 2329 Quare
1534 2278 1734 2334 percussit
1749 2291 1821 2319 nos
1837 2277 2038 2319 Dominus

138 2347 257 2390 hodie
277 2360 413 2389 coram
430 2345 703 2387 Philisthiim?
724 2344 953 2385 Afferamus
973 2343 1025 2384 ad
1044 2355 1115 2384 nos
1135 2342 1184 2383 de
1203 2340 1284 2382 Silo
1305 2353 1440 2381 arcam
1458 2338 1621 2380 foederis
1641 2336 1818 2385 Domini,
1840 2341 1882 2377 et
1899 2336 2039 2376 veniat

138 2407 180 2448 in
206 2406 387 2448 medium
413 2405 554 2453 nostri,
584 2409 631 2445 ut
657 2403 789 2445 salvet
815 2416 887 2444 nos
916 2403 964 2443 de
992 2414 1116 2442 manu
1144 2399 1400 2441 inimicorum
1428 2403 1672 2440 nostrorum.

244 2468 259 2490 ⁴
276 2464 390 2506 Misit
408 2477 500 2517 ergo
519 2462 693 2518 populus
712 2462 754 2504 in
774 2461 867 2509 Silo,
890 2466 931 2502 et
949 2460 1132 2501 tulerunt
1150 2459 1244 2500 inde
1264 2471 1400 2499 arcam
1419 2456 1581 2498 foederis
1601 2454 1768 2496 Domini
1787 2453 2039 2495 exercituum
2111 2456 2177 2474 ³¹⁰³

2064 2486 2177 2516 capitur
2198 2486 2227 2510 et

139 2524 316 2567 sedentis
342 2536 463 2578 super
487 2521 723 2564 Cherubim:
751 2526 947 2574 erantque
973 2520 1054 2560 duo
1082 2518 1153 2560 filii
1179 2517 1271 2559 Heli
1296 2530 1389 2558 cum
1415 2529 1508 2556 arca
1532 2513 1694 2556 foederis
1719 2512 1808 2562 Dei,
1836 2511 1972 2566 Ophni
1998 2515 2038 2552 et
2076 2521 2129 2560 filii
2148 2519 2214 2546 Heli

139 2584 323 2626 Phinees.
376 2584 391 2607 5
415 2582 598 2635 Cumque
622 2580 800 2621 venisset
824 2592 917 2620 arca
940 2577 1102 2619 foederis
1126 2576 1293 2618 Domini
1316 2576 1357 2616 in
1383 2579 1527 2623 castra,
1553 2572 1799 2615 vociferatus
1824 2575 1886 2612 est
1910 2569 2039 2612 omnis
2060 2557 2230 2585 mmmm*

142 2641 266 2684 Israel
280 2641 454 2683 clamore
467 2639 623 2695 grandi,
641 2644 681 2681 et
695 2638 906 2694 personuit
920 2643 1040 2678 terra.
1087 2638 1102 2660 ⁶
1116 2636 1172 2677 Et
1187 2635 1405 2677 audierunt
1418 2631 1667 2674 Philisthiim
1682 2644 1824 2672 vocem
1839 2629 2038 2674 clamoris,

140 2702 430 2754 dixeruntque:
466 2700 663 2749 Quaenam
697 2703 758 2739 est
790 2697 875 2738 hzec
907 2710 989 2738 vox
1023 2694 1207 2737 clamoris
1240 2693 1378 2747 magni
1411 2693 1451 2734 in
1485 2691 1626 2733 castris
1662 2688 1951 2730 Hebraeorum?
1986 2687 2042 2728 Et

141 2765 420 2815 cognoverunt
448 2759 558 2813 quod
587 2770 680 2798 arca
707 2756 873 2798 Domini
902 2755 1080 2796 venisset
1108 2754 1149 2795 in
1179 2758 1323 2795 castra.
1384 2754 1398 2775 ⁷
1428 2751 1749 2803 Timueruntque
1777 2746 2039 2793 Philisthiim,

140 2820 338 2861 dicentes:
364 2809 488 2859 Venit
509 2817 620 2858 Deus
644 2816 685 2856 in
710 2820 854 2857 castra.
881 2815 937 2856 Et
959 2814 1257 2868 ingemuerunt,
1284 2811 1481 2853 dicentes:
1536 2811 1552 2834 ⁸
1575 2808 1645 2849 Vae
1667 2806 1802 2848 nobis:
1827 2818 1909 2847 non
1934 2804 2041 2845 enim

140 2878 220 2919 fuit
248 2882 368 2919 tanta
396 2875 595 2918 exultatio
624 2874 710 2916 heri
738 2879 780 2916 et
806 2872 1122 2915 nudiustertius:
1153 2885 1214 2912 vae
1242 2870 1372 2912 nobis
1404 2868 1502 2918 Quis
1531 2880 1604 2909 nos
1633 2864 1811 2907 salvabit
1839 2865 1888 2905 de
1916 2876 2041 2904 manu

140 2938 320 2979 Deorum
344 2935 580 2977 sublimium
604 2933 801 2976 istorum?
827 2933 868 2973 hi
893 2937 989 2973 sunt
1012 2931 1093 2979 Dii,
1121 2930 1190 2985 qui
1213 2932 1500 2984 percusserunt
1524 2926 1749 2980 AEgyptum
1775 2923 1884 2965 omni
1908 2922 2039 2977 plaga.

139 2996 182 3037 in
205 2997 376 3038 deserto.
431 2997 446 3019 ⁹
470 2992 778 3040 Consortamini,
805 2996 846 3032 et
870 2995 1000 3032 estote
1024 2989 1112 3038 viri,
1138 2987 1406 3030 Philisthiim:
1432 3000 1481 3027 ne
1505 2983 1692 3026 serviatis
1718 2981 1912 3031 Hebraeis,
1938 2981 2042 3022 sicut

141 3060 182 3096 et
202 3053 259 3095 illi
281 3053 508 3095 servierunt
529 3051 664 3094 vobis:
689 3049 989 3098 confortamini,
1015 3054 1056 3090 et
1078 3047 1237 3090 bellate.
1290 3049 1326 3071 ¹⁰
1346 3046 1641 3100 Pugnaverunt
1663 3054 1755 3095 ergo
1777 3039 2040 3084 Philisthiim,

141 3117 182 3154 et
203 3126 327 3155 caesus
350 3117 412 3153 est
435 3111 570 3159 Israel,
595 3116 637 3152 et
656 3109 762 3163 fugit
784 3108 1064 3163 unusquisque
1084 3107 1127 3148 in
1149 3104 1461 3148 tabernaculum
1482 3115 1620 3144 suum:
1645 3105 1686 3142 et
1706 3101 1818 3141 facta
1839 3104 1901 3140 est
1922 3098 2042 3152 plaga

140 3185 290 3226 magna
308 3170 447 3212 nimis:
470 3175 511 3212 et
531 3169 764 3211 ceciderunt
783 3169 832 3210 de
854 3167 979 3209 Israel
998 3166 1170 3220 triginta
1189 3165 1316 3206 millia
1336 3163 1534 3218 peditum.
1584 3162 1615 3185 11
1636 3160 1692 3201 Et
1712 3171 1805 3200 arca
1823 3157 1901 3199 Dei
1921 3161 2043 3210 capta

140 3235 220 3272 est:
248 3231 329 3272 duo
357 3243 518 3283 quoque
548 3228 619 3269 filii
646 3227 739 3269 Heli
763 3226 916 3269 mortui
942 3230 1050 3275 sunt,
1079 3224 1216 3278 Ophni
1243 3228 1284 3265 et
1309 3221 1493 3264 Phinees.
2114 3268 2119 3272 α
2213 3266 2217 3270 .

245 3291 277 3314 ¹2
297 3289 467 3330 Currens
489 3292 628 3329 autem
647 3286 710 3326 vir
729 3287 778 3328 de
800 3284 1015 3327 Beniamin
1035 3297 1085 3325 ex
1105 3283 1200 3332 acie,
1223 3281 1337 3324 venit
1357 3281 1398 3322 in
1418 3280 1500 3322 Silo
1520 3280 1562 3320 in
1582 3279 1646 3321 die
1665 3277 1745 3326 illa,
1768 3276 1892 3317 scissa
1912 3280 2036 3317 veste.
2056 3268 2232 3328 ῗξξζξζξξζξ

140 3353 183 3390 et
207 3360 446 3402 conspersus
473 3347 639 3401 pulvere
666 3349 803 3399 caput.
859 3346 891 3369 13
917 3344 1101 3397 Cumque
1127 3342 1193 3383 ille
1219 3340 1410 3389 venisset,
1441 3338 1533 3380 Heli
1560 3337 1729 3379 sedebat
1755 3347 1875 3388 super
1901 3333 2037 3374 sellam
2065 3336 2218 3364 occumbit,

141 3411 284 3448 contra
304 3406 414 3447 viam
434 3410 636 3460 spectans.
659 3404 762 3445 Erat
782 3402 889 3444 enim
911 3415 979 3444 cor
998 3401 1081 3443 eius
1102 3413 1256 3455 pavens
1277 3412 1350 3454 pro
1372 3411 1465 3439 arca
1484 3396 1571 3438 Dei.
1595 3396 1667 3437 Vir
1687 3399 1825 3435 autem
1849 3392 1913 3433 ille
1928 3395 2039 3444 post-

142 3478 266 3520 quam
290 3465 491 3518 ingressus
518 3469 591 3513 est,
618 3461 832 3504 nunciavit
856 3460 965 3502 urbi:
993 3465 1033 3501 et
1058 3459 1233 3501 ululavit
1259 3457 1389 3500 omnis
1416 3456 1573 3498 civitas.
1628 3456 1660 3479 1⁴
1684 3453 1739 3493 Et
1765 3450 1924 3491 audivit
1950 3447 2040 3487 Heli

1757 3520 1831 3561 15*
