2356 3760
120 736 259 761 Dominus

117 772 175 802 ipse
191 772 258 796 civi-

141 808 233 832 tatem

120 844 252 867 sanctam

106 878 267 908 dissipavit.

295 188 370 228 ’ΠΒ
1047 185 1447 220 LAMENTATIONES
1965 187 1995 226 1,
2021 187 2139 227 22—2‚
2166 187 2209 221 10

1180 284 1324 318 THAU.

294 347 325 369 2²
349 343 606 398 Ingrediatur
619 355 738 386 omne
756 344 911 385 malum
924 356 1063 385 eorum
1078 356 1214 386 coram
1229 349 1286 385 te:
1319 348 1359 384 et
1390 343 1597 384 vindemia
1626 355 1692 383 eos

346 404 451 444 sicut
481 402 743 444 vindemiasti
772 416 836 443 me
1318 407 1485 455 propter
1515 414 1653 443 omnes
1683 400 1922 455 iniquitates
1952 416 2080 444 meas:

346 462 464 503 multi
495 462 601 502 enim
630 461 806 515 gemitus
836 462 927 506 mei,
1318 466 1359 502 et
1389 473 1456 501 cor
1485 473 1621 501 meum
1651 473 1838 502 moerens.

771 591 811 629 2.
842 589 983 629 Poena
1014 588 1191 630 Domini
1222 588 1508 640 agnoscitur,
1535 589 1575 639 2,
1595 589 1741 628 1—22.

1165 675 1333 710 ALEPH.

296 736 333 779 2,
352 739 362 760 ¹
384 736 598 785 Quomodo
617 735 777 776 obtexit
795 735 964 790 caligine
982 737 1022 777 in
1040 736 1174 777 furore
1192 750 1263 777 suo

452 794 653 836 Dominus
1320 794 1444 835 filiam
1474 794 1588 836 Sion:

347 853 517 908 proiecit
545 854 595 894 de
625 853 720 895 caelo
749 854 790 895 in
821 860 971 895 terram
1320 852 1518 907 inclytam
1550 852 1685 898 Israel,

346 918 385 953 et
404 926 485 954 non
503 917 565 953 est
581 913 818 954 recordatus
837 913 1000 954 scabelli
1017 913 1169 967 pedum

450 984 616 1013 suorum
1317 971 1359 1012 in
1389 971 1452 1012 die
1481 971 1627 1012 furoris
1657 971 1730 1012 sui.

1180 1035 1320 1070 BETH.

308 1097 321 1119 ²
343 1094 623 1148 Praecipitavit
651 1095 865 1143 Dominus,
898 1108 970 1136 nec
1000 1095 1193 1150 pepercit,
1316 1095 1455 1136 omnia
1483 1095 1665 1149 speciosa
1697 1095 1838 1136 Iacob:

343 1153 547 1195 destruxit
575 1153 617 1194 in
646 1153 780 1195 furore
810 1167 882 1195 suo
1317 1154 1565 1195 munitiones
1596 1153 1761 1207 virginis
1793 1154 1908 1200 Iuda,

343 1218 383 1254 et
413 1213 557 1254 deiecit
588 1213 628 1253 in
660 1221 829 1254 terram:
860 1212 1007 1266 polluit
1317 1225 1499 1267 regnum,
1532 1219 1572 1253 et
1602 1212 1802 1267 principes
1833 1213 1929 1255 eius.

1151 1294 1348 1329 GHIMEL.

307 1357 321 1379 3
342 1354 548 1408 Confregit
578 1354 619 1394 in
649 1354 708 1395 ira
736 1355 882 1396 furoris
912 1355 974 1396 sui
1316 1367 1436 1395 omne
1466 1367 1591 1395 cornu
1623 1353 1765 1395 Israel:

342 1413 493 1454 avertit
522 1419 744 1454 retrorsum
774 1414 987 1454 dexteram
1017 1427 1135 1455 suam
1317 1426 1341 1454 a
1368 1413 1471 1454 facie
1500 1412 1671 1454 inimici:

342 1478 381 1513 et
412 1472 623 1514 succendit
651 1472 692 1513 in
724 1473 846 1514 Iacob
878 1473 993 1526 quasi
1022 1472 1158 1527 ignem

445 1530 622 1572 fiammae
1315 1531 1552 1573 devorantis
1582 1530 1623 1571 in
1651 1543 1770 1584 gyro:

1146 1595 1350 1629 DALETH.

306 1655 320 1677 ⁴
342 1654 533 1694 Tetendit
563 1666 703 1695 arcum
732 1667 852 1695 suum
883 1654 998 1708 quasi
1028 1654 1226 1699 inimicus,
1314 1654 1496 1695 firmavit
1525 1654 1739 1695 dexteram
1768 1666 1885 1695 suam
1916 1654 2032 1708 quasi
2058 1654 2205 1697 hostis:

341 1717 382 1753 et
399 1712 548 1753 occidit
565 1725 696 1757 omne,
718 1713 829 1767 quod
845 1712 1063 1766 pulchrum
1080 1718 1169 1754 erat
1186 1713 1275 1754 visu
1314 1713 1355 1754 in
1385 1712 1651 1754 tabernaculo
1681 1713 1773 1754 filiae
1801 1713 1910 1762 Sion,

341 1771 487 1812 effudit
518 1771 633 1825 quasi
650 1771 785 1825 ignem
802 1771 1127 1826 indignationem
1145 1785 1274 1814 suam.

1210 1853 1286 1887 HE.

305 1915 319 1937 ⁵
339 1913 491 1954 Factus
521 1918 583 1954 est
611 1912 812 1954 Dominus
843 1912 957 1954 velut
985 1912 1191 1954 inimicus:
1313 1913 1589 1967 praecipitavit
1620 1913 1756 1961 Israel,

339 1971 614 2026 praecipitavit
643 1971 781 2013 omnia
809 1971 962 2013 moenia
992 1971 1093 2013 eius:
1313 1972 1530 2026 dissipavit
1558 1972 1807 2014 munitiones
1838 1972 1934 2021 eius,

339 2036 379 2072 et
409 2030 582 2085 replevit
610 2031 650 2071 in
681 2030 764 2071 filia
794 2030 898 2071 Iuda
1313 2030 1577 2072 humiliatum
1607 2037 1648 2073 et
1676 2031 1949 2074 humiliatam.

1190 2111 1297 2148 VAU.

305 2174 319 2196 ‘⁵
340 2172 395 2213 Et
413 2171 630 2224 dissipavit
649 2171 764 2225 quasi
781 2171 948 2213 hortum
967 2172 1191 2213 tentorium

444 2243 576 2279 suum,
1313 2231 1532 2272 demolitus
1562 2236 1624 2273 est
1654 2231 1967 2273 tabernaculum
1996 2245 2134 2274 suum:

340 2289 534 2331 oblivioni
565 2289 738 2331 tradidit
766 2289 967 2331 Dominus
997 2289 1038 2330 in
1067 2290 1164 2331 Sion
1312 2290 1597 2334 festivitatem.
1630 2296 1671 2331 et
1699 2290 1941 2332 sabbatum:

339 2354 380 2389 et
397 2348 437 2389 in
456 2347 733 2402 opprobrium,
754 2353 795 2389 et
812 2348 853 2389 in
870 2348 1195 2403 indignationem

443 2407 589 2448 furoris
619 2407 680 2448 sui
1312 2420 1459 2462 regem,
1492 2414 1534 2449 et
1562 2408 1828 2450 sacerdotem.

1186 2472 1306 2506 ZAIN.

303 2533 316 2555 ⁷
340 2531 507 2585 Repulit
536 2531 738 2572 Dominus
769 2531 897 2572 altare
927 2544 1058 2575 suum.
1311 2531 1527 2573 maledixit
1555 2531 1872 2574 sanctificationi
1900 2545 2001 2574 suae:

340 2590 511 2631 tradidit
540 2590 580 2630 in
610 2602 736 2630 manu
766 2590 917 2631 inimici
1311 2603 1449 2632 muros
1479 2591 1654 2632 turrium
1684 2591 1787 2632 eius:

339 2662 481 2691 vocem
512 2649 713 2690 dederunt
742 2649 783 2690 in
813 2650 934 2690 domo
964 2650 1143 2696 Domini,
1312 2650 1417 2691 sicut
1447 2650 1488 2691 in
1518 2650 1582 2691 die
1611 2648 1806 2692 sollemni.

1174 2730 1319 2764 HETH.

303 2792 318 2814 8
338 2789 545 2843 Cogitavit
574 2790 776 2831 Dominus
806 2789 1001 2844 dissipare
1311 2803 1474 2832 murum
1505 2790 1596 2832 filiae
1623 2790 1739 2833 Sion:

338 2848 516 2890 tetendit
533 2848 761 2890 funiculum
779 2862 910 2897 suum,
930 2854 971 2890 et
989 2862 1070 2891 non
1089 2849 1240 2891 avertit

442 2921 611 2948 manum
641 2921 757 2949 suam
1311 2922 1335 2949 a
1362 2908 1608 2962 perditione:

338 2966 524 3020 luxitque
555 2966 818 3011 antemurale,
852 2972 893 3008 et
922 2979 1061 3008 murus
1310 2967 1463 3021 pariter
1492 2967 1713 3021 dissipatus
1743 2972 1815 3009 est.

1174 3048 1312 3082 TETH.

302 3109 316 3130 ⁹
337 3107 492 3148 Defixae
521 3114 616 3148 sunt
646 3108 686 3148 in
717 3114 825 3148 terra
853 3113 982 3161 portae
1012 3108 1114 3149 eius:
1308 3108 1498 3162 perdidit,
1530 3114 1571 3150 et
1601 3108 1797 3150 contrivit
1828 3113 1963 3150 vectes
1993 3108 2095 3151 eius:

338 3179 471 3217 regem
489 3166 572 3207 eius
591 3172 631 3207 et
649 3166 849 3220 principes
868 3167 951 3207 eius
969 3167 1010 3208 in
1028 3167 1247 3208 Gentibus:
1308 3181 1390 3208 non
1420 3173 1481 3208 est
1509 3167 1586 3211 lex.

339 3233 379 3264 et
397 3225 606 3278 proplietae
623 3225 706 3266 eius
725 3239 806 3266 non
825 3226 1069 3267 invenerunt
1310 3226 1507 3267 visionem
1538 3239 1562 3266 a
1589 3227 1779 3268 Domino.

1195 3308 1288 3342 IOD.

286 3366 321 3388 ¹⁰
338 3364 537 3405 Sederunt
568 3366 607 3406 in
638 3372 756 3410 terra.
790 3367 1074 3408 conticuerunt
1310 3381 1422 3408 senes
1454 3367 1544 3408 filiae
1572 3367 1687 3409 Sion:

338 3432 649 3476 consperserunt
679 3426 809 3466 cinere
839 3426 976 3479 capita
1005 3439 1089 3469 sua..
1309 3427 1480 3467 accincti
1509 3432 1606 3467 sunt
1636 3426 1784 3470 ciliciis.

338 3482 572 3523 abiecerunt
604 3484 642 3523 in
673 3491 822 3524 terram
853 3485 992 3538 capita
1019 3498 1094 3526 sua
1310 3485 1482 3539 virgines
1515 3485 1746 3526 Ierusalem.
