2356 3760
107 79 160 120 28,
187 80 326 119 19-29,
352 80 394 113 19
918 80 1196 114 EZECHIELrs
1929 87 2005 129 815

110 186 231 226 super
259 178 410 214 terram
439 173 481 214 in
511 178 730 227 conspectu
760 172 941 213 omnium
972 174 1201 214 videntium
1231 179 1284 215 te.
1343 176 1377 198 1⁹
1407 174 1568 218 Omnes,
1603 177 1669 228 qui
1700 178 1875 220 viderint
1905 185 1944 220 te
1974 180 2015 221 in

107 231 320 276 Gentibus.
352 232 644 285 obstupescent
671 243 792 284 super
820 235 879 270 te:
910 231 1024 271 nihili
1052 232 1186 272 factus
1217 245 1268 276 es,
1301 238 1341 273 et
1370 246 1451 273 non
1481 233 1555 273 eris
1585 234 1626 274 in
1655 242 1909 288 perpetuum.

524 345 560 385 6.
591 344 859 385 Vaticinium
891 346 1050 387 contra
1080 345 1311 397 Sidonem,
1340 348 1407 398 28,
1427 348 1599 389 20—26.

213 429 250 452 20
278 428 334 468 Et
361 427 495 468 fact-us
525 432 586 467 est
614 438 744 467 sermo
774 427 941 468 Domini
970 428 1023 468 ad
1050 441 1126 472 me,
1159 429 1313 469 dicens:
1370 430 1402 453 ²1
1430 429 1506 469 Fili
1535 429 1708 470 hominis
1737 444 1842 484 pone
1871 431 2013 473 faciem
2039 434 2199 460 Offfflffiffl·

106 492 223 526 tuam
245 491 389 527 contra
408 485 618 526 Sidonem:
641 490 681 525 et
701 485 967 539 prophetabis
988 487 1037 527 de
1058 499 1116 530 ea,
1166 488 1198 511 22
1218 492 1259 527 et
1279 487 1404 527 dices:
1428 487 1525 528 Haec
1546 488 1644 528 dicit
1664 489 1863 529 Dominus
1884 490 2011 531 Deus:
2065 469 2172 534 1ἓῖἷῖιῖ

108 544 214 585 Ε666
243 557 315 597 ego
346 544 398 584 ad
425 548 466 584 te
494 543 631 592 Sidon,
663 548 704 583 et
731 543 986 597 glorificabor
1014 544 1054 585 in
1082 545 1215 586 medio
1245 545 1324 585 tui:
1356 552 1396 586 et
1424 546 1551 586 scient
1580 546 1675 599 quia
1703 560 1774 600 ego
1802 547 2014 592 Dominus,
2058 539 2182 599 ,ffffssssffi

110 616 203 643 cum
220 602 351 643 fecero
369 602 410 642 in
427 614 475 642 ea
489 600 650 645 iudicia,
670 606 711 642 et
727 602 1007 644 sanctificatus
1024 604 1137 644 fuero
1154 603 1196 643 in
1213 616 1270 644 ea.
1317 606 1349 628 23
1365 603 1420 644 Et
1436 603 1659 644 immittam
1677 605 1711 645 ei
1728 606 2014 658 pestilentiam,

108 666 149 701 et
165 660 404 714 sanguinem
419 660 461 700 in
476 659 622 713 plateis
639 660 741 700 eius:
760 666 801 701 et
817 667 1006 702 corruent
1021 661 1227 703 interfecti
1242 662 1283 702 in
1298 662 1431 703 medio
1449 662 1532 702 eius
1547 662 1680 715 gladio
1697 676 1768 716 per
1783 663 2015 705 circuitum:

108 723 150 759 et
174 719 303 760 scient
328 718 424 773 quia
446 731 518 771 ego
542 718 756 760 Dominus.
810 721 842 744 24
866 719 921 760 Et
945 733 1027 761 non
1051 720 1126 761 erit
1150 720 1259 761 ultra
1282 720 1422 761 domui
1448 720 1571 760 Israel
1595 721 1882 762 offendiculum
1907 735 2016 763 ama-

104 776 308 825 ritudinis,
334 781 376 818 et
398 775 516 830 spina
539 776 719 818 dolorem
742 777 918 819 inferens
941 779 1122 832 undique
1146 791 1217 832 per
1240 778 1454 820 circuitum
1479 791 1628 821 eorum,
1657 779 1725 832 qui
1749 780 2017 821 adversantur

107 836 181 876 eis:
199 841 239 876 et
254 836 382 876 scient
398 834 494 889 quia
507 848 579 888 ego
594 835 796 877 Dominus
812 837 934 878 Deus.
979 839 1011 861 25
1027 837 1124 878 Haec
1140 837 1238 878 dicit
1253 837 1453 878 Dominus
1468 836 1597 877 Deus:
1615 837 1787 886 Quando
1804 851 2017 892 congrega-

105 907 200 935 vero
228 894 395 935 domum
423 893 547 934 Israel
573 894 622 934 de
648 894 821 948 populis,
849 895 891 936 in
918 895 1065 949 quibus
1092 895 1261 950 dispersi
1287 901 1394 944 sunt,
1423 895 1709 937 sanctificabor
1733 896 1774 936 in
1801 896 1854 937 eis
1881 910 2017 937 coram

105 952 325 994 Gentibus:
344 957 385 993 et
402 951 654 993 habitabunt
672 953 713 993 in
731 958 841 994 terra
857 967 942 999 sua,
964 967 1088 1008 quam
1106 955 1199 995 dedi
1217 968 1332 995 servo
1351 967 1440 995 meo
1462 954 1595 995 Iacob.
1642 955 1678 978 ²⁶
1695 954 1750 995 Et
1767 954 2017 996 habitabunt

104 1011 147 1051 in
166 1024 214 1052 ea
233 1011 378 1052 securi:
400 1015 441 1051 et
460 1010 723 1052 aedificabunt
743 1012 897 1061 domos,
920 1018 961 1054 et
980 1013 1231 1066 plantabunt
1251 1013 1402 1056 vineas.
1424 1018 1464 1053 et
1483 1012 1734 1053 habitabunt
1754 1013 2014 1058 confidenter,

105 1082 198 1110 cum
225 1069 356 1110 fecero
384 1068 533 1110 iudicia
560 1070 602 1110 in
630 1070 830 1114 omnibus,
862 1071 931 1124 qui
959 1072 1231 1112 adversantur
1258 1071 1311 1112 eis
1340 1084 1410 1124 per
1437 1071 1670 1112 circuitum:
1700 1076 1740 1112 et
1767 1071 1894 1112 scient
1922 1072 2018 1125 quia

104 1141 176 1182 ego
205 1127 407 1169 Dominus
436 1128 547 1169 Deus
578 1141 729 1170 eorum.

505 1232 544 1271 7.
574 1231 792 1272 Vaticinia
823 1232 982 1274 contra
1011 1233 1276 1284 AEgyptum,
1305 1233 1371 1282 29,
1391 1233 1539 1282 1—32,
1559 1232 1625 1272 32.

211 1312 276 1356 29.
331 1314 345 1337 1
366 1313 414 1353 In
433 1325 539 1354 anno
559 1313 728 1362 decimo,
749 1313 904 1355 decimo
924 1327 1072 1362 mense,
1094 1313 1310 1354 undecima
1328 1313 1391 1353 die
1409 1313 1569 1359 mensis,
1590 1313 1747 1354 factum
1765 1319 1825 1354 est
1844 1314 2015 1354 verbum
2060 1315 2181 1345 Pharas»

104 1371 271 1413 Domini
295 1371 347 1412 ad
368 1384 445 1419 me,
470 1371 625 1412 dicens:
676 1373 690 1396 2
712 1371 788 1412 Fili
810 1372 985 1413 hominis
1007 1385 1112 1425 pone
1134 1372 1280 1412 faciem
1302 1378 1419 1412 tuam
1442 1377 1584 1412 contra
1606 1371 1860 1412 Pharaonem
1883 1385 2016 1425 regem
2043 1351 2200 1425 Οἷιῗξξιῗῖιιξε

104 1429 286 1483 AEgypti,
315 1434 355 1470 et
379 1429 645 1482 prophetabis
671 1429 720 1470 de
746 1442 804 1478 eo,
832 1434 873 1470 et
898 1430 947 1471 de
962 1429 1151 1484 =AEgypto
1178 1430 1385 1470 universa:
1438 1432 1454 1454 3
1478 1430 1673 1483 Loquere,
1701 1434 1742 1470 et
1766 1430 1890 1470 dices:
1920 1430 2016 1471 Haec
2027 1420 2224 1480 dssss-{tssssffim

105 1487 205 1529 dicit
228 1487 430 1529 Dominus
454 1487 584 1528 Deus:
611 1487 716 1529 Ecce
741 1501 812 1541 ego
839 1489 891 1529 ad
915 1494 956 1529 te
980 1488 1140 1530 Pharao
1165 1501 1235 1529 rex
1260 1488 1440 1542 AEgypfi,
1468 1488 1588 1529 draco
1613 1501 1771 1541 magne.
1799 1488 1867 1541 qui
1893 1489 2016 1529 cubas
2057 1490 2185 1519 dabitur;

105 1546 146 1587 in
175 1546 309 1587 medio
339 1545 555 1586 fluminum
585 1551 763 1595 tuorum,
795 1552 836 1588 et
866 1547 982 1588 dicis:
1013 1547 1127 1588 Meus
1157 1552 1218 1588 est
1248 1547 1408 1594 fluvius,
1440 1552 1481 1587 et
1510 1559 1581 1600 ego
1611 1546 1687 1587 ieci
1716 1547 2015 1600 memetipsum.

104 1607 119 1629 4
137 1605 194 1646 Et
211 1617 363 1659 ponam
381 1605 542 1645 frenum
560 1605 601 1645 in
619 1605 795 1646 maxillis
813 1605 913 1646 tuis:
934 1612 974 1646 et.
993 1605 1256 1659 agglutinabo
1276 1605 1403 1659 pisces
1421 1605 1636 1646 fluminum
1655 1610 1819 1646 tuorum
1838 1605 2017 1658 squamis

105 1663 205 1704 tuis:
237 1669 278 1704 et
306 1663 522 1704 extraham
551 1668 592 1704 te
621 1664 670 1704 de
699 1664 832 1705 medio
862 1664 1077 1705 fluminum
1107 1670 1285 1713 tuorum,
1317 1670 1357 1705 et
1386 1664 1563 1704 universi
1592 1664 1719 1717 pisces
1749 1664 1809 1704 tui
1838 1664 2017 1717 squamis

105 1722 187 1763 tuis
218 1722 498 1763 adhaerebunt.
559 1724 573 1746 ⁵
605 1722 661 1763 Et
691 1722 901 1776 proiiciam
932 1729 973 1764 te
1004 1723 1044 1763 in
1076 1723 1294 1767 desertum,
1329 1728 1369 1763 et
1401 1736 1539 1763 omnes
1570 1722 1698 1776 pisces
1728 1721 1905 1762 fluminis
1936 1722 2016 1763 tui:

105 1794 225 1834 super
258 1781 404 1822 faciem
438 1786 555 1822 terrae
589 1781 719 1828 cades,
756 1795 838 1822 non
872 1781 1079 1835 colligeris,
1115 1795 1246 1835 neque
1280 1781 1603 1835 congregaberis:
1639 1780 1777 1821 bestiis
1812 1785 1941 1826 terrae,
1978 1785 2019 1821 et

104 1839 342 1881 volatilibus
372 1839 456 1880 caeli
485 1839 578 1881 dedi
607 1844 648 1880 te
678 1840 730 1880 ad
759 1841 1053 1882 devorandum.
1115 1842 1129 1864 ⁶
1158 1840 1211 1880 Et
1243 1840 1371 1881 scient
1400 1853 1538 1881 omnes
1567 1839 1819 1880 habitatores
1849 1838 2018 1892 AEgypti

106 1898 202 1952 quia
221 1911 293 1951 ego
313 1898 533 1939 Dominus:
560 1911 651 1952 apro
673 1912 718 1939 eo
740 1900 850 1952 quod
870 1899 984 1940 fuisti
1004 1899 1172 1940 baculus
1194 1899 1440 1939 arundineus
1461 1898 1601 1939 domui
1623 1897 1757 1938 Israel.
1808 1899 1822 1921 7
1844 1897 2016 1946 Quando

105 1956 465 2010 apprehenderunt
493 1962 533 1997 te
561 1970 698 2005 manu,
730 1962 771 1998 et
798 1958 1030 1999 confractus
1059 1971 1112 2007 es,
1142 1962 1182 1998 et
1210 1957 1397 1998 lacerasti
1425 1970 1586 1998 omnem
1614 1956 1830 1997 humerum
1858 1969 2015 1996 eorum:

105 2021 147 2057 et
174 2015 447 2056 innitentibus
476 2015 531 2056 eis
560 2029 681 2069 super
709 2021 761 2062 te,
793 2017 1069 2057 comminutus
1099 2029 1150 2065 es,
1183 2021 1223 2057 et
1252 2015 1473 2057 dissolvisti
1502 2028 1640 2056 omnes
1669 2027 1782 2055 renes
1812 2027 1962 2055 eorum.

212 2075 227 2097 8
254 2074 477 2127 Propterea
504 2074 589 2115 haec
618 2074 716 2115 dicit
744 2075 945 2116 Dominus
973 2076 1102 2116 Deus:
1134 2075 1237 2115 Ecce
1266 2088 1337 2128 ego
1368 2074 1569 2115 adducam
1599 2086 1719 2127 super
1746 2078 1786 2113 te
1814 2072 2012 2126 gladium:
2050 2077 2193 2136 AEffigptus

105 2137 147 2174 et
168 2132 410 2173 interficiam
435 2133 483 2174 de
507 2138 548 2173 te
571 2133 790 2182 hominem,
816 2138 857 2174 et
879 2133 1122 2175 iumentum.
1177 2135 1192 2157 ⁹
1216 2133 1271 2174 Et
1295 2133 1370 2174 erit
1395 2133 1517 2173 Terra
1539 2132 1708 2186 AEgypti
1731 2131 1772 2172 in
1796 2132 2012 2176 desertum,
2028 2118 2224 2176 ἓὲζεηῖἓῖῗῗῗ

105 2196 146 2232 et
168 2191 210 2232 in
234 2191 514 2232 solitudinem:
540 2197 581 2232 et
605 2192 733 2233 scient
758 2192 854 2246 quia
877 2206 948 2246 ego
973 2193 1192 2233 Dominus:
1217 2205 1290 2245 pro
1315 2205 1360 2233 eo
1386 2191 1496 2245 quod
1520 2190 1685 2231 dixeris:
1711 2189 1878 2230 Fluvius
1903 2202 2015 2230 meus

105 2254 178 2299 est,
202 2254 243 2291 et
264 2263 335 2303 ego
357 2250 434 2291 feci
455 2263 560 2292 eum.
610 2252 647 2274 ¹⁰
668 2250 822 2292 Idcirco
845 2263 935 2291 ecce
957 2263 1028 2304 ego
1051 2251 1104 2291 ad
1124 2256 1176 2299 te,
1201 2255 1242 2291 et
1263 2250 1315 2291 ad
1336 2249 1506 2290 flumina
1527 2255 1617 2290 tua:
1641 2249 1829 2301 daboque
1851 2248 2016 2288 Terram

105 2308 275 2362 AEgypti
294 2308 336 2349 in
356 2308 607 2358 solitudines,
629 2308 764 2362 gladio
786 2308 1039 2362 dissipatam,
1063 2321 1087 2349 a
1106 2314 1217 2349 turre
1237 2308 1400 2362 Syenes,
1424 2321 1552 2361 usque
1573 2308 1625 2348 ad
1646 2306 1839 2348 terminos
1860 2306 2017 2347 AEthio-

105 2366 193 2421 piae.
253 2369 285 2391 11
317 2367 409 2408 Non
439 2367 706 2421 pertransibit
737 2380 826 2408 eam
857 2381 926 2421 pes
957 2367 1144 2415 hominis,
1178 2380 1309 2420 neque
1339 2380 1409 2420 pes
1440 2365 1611 2406 iumenti
1641 2365 1849 2419 gradietur
1878 2364 1919 2404 in
1950 2377 2015 2404 ea:

105 2430 148 2466 et
175 2438 258 2466 non
286 2425 545 2466 habitabitur
574 2426 849 2480 quadraginta
877 2426 1004 2467 annis.
1063 2428 1095 2450 12
1123 2426 1324 2479 Daboque
1355 2425 1518 2465 Terram
1548 2423 1716 2477 AEgypti
1746 2423 1947 2464 desertam
1976 2422 2018 2463 in

106 2484 239 2525 medio
272 2489 474 2525 terrarum
505 2484 771 2534 desertarum,
805 2490 845 2526 et
878 2485 1066 2526 civitates
1098 2484 1182 2525 eius
1213 2485 1254 2525 in
1285 2483 1418 2525 medio
1450 2483 1612 2524 urbium
1644 2482 1943 2524 subversarum,
1977 2485 2019 2521 et

105 2547 225 2583 erunt
247 2542 441 2584 desolatae
462 2543 737 2597 quadraginta
758 2543 891 2584 annis:
915 2549 955 2584 et
977 2544 1207 2597 dispergam
1228 2542 1443 2596 AEgyptios
1464 2542 1505 2582 in
1526 2541 1724 2589 nationes,
1748 2545 1789 2581 et
1809 2539 2017 2580 ventilabo

107 2613 174 2642 eos
202 2600 244 2642 in
273 2605 413 2643 terras.

211 2661 244 2684 1³
263 2659 370 2708 Quia
387 2660 473 2701 haec
494 2660 594 2702 dicit
613 2661 814 2702 Dominus
834 2661 963 2702 Deus:
986 2661 1086 2702 Post
1106 2660 1227 2701 finem
1250 2659 1523 2714 quadraginta
1543 2670 1742 2699 annorum
1764 2656 2014 2709 congregabo
2062 2657 2181 2723 1222?ss

106 2717 333 2772 AEgyptum
366 2719 416 2759 de
448 2718 621 2773 populis
656 2719 697 2760 in
732 2719 879 2773 quibus
913 2719 1081 2773 dispersi
1113 2719 1289 2760 fuerant.
1352 2720 1384 2743 14
1416 2718 1471 2758 Et
1503 2717 1695 2757 reducam
1729 2715 2015 2769 captivitatem
2068 2726 2175 2766 namne

106 2776 287 2830 AEgypti,
315 2781 356 2818 et
381 2777 586 2819 collocabo
612 2791 678 2819 eos
703 2777 745 2818 in
770 2783 879 2819 terra
901 2778 1145 2827 Phathures‚
1171 2777 1213 2818 in
1238 2782 1347 2818 terra
1370 2775 1602 2817 nativitatis
1627 2787 1726 2815 suae:
1753 2779 1794 2814 et
1818 2778 1937 2814 erunt
1961 2772 2017 2813 ibi
2032 2763 2211 2792 ‘manetur’

107 2835 150 2875 in
177 2847 347 2889 regnum
374 2835 545 2877 humile:
602 2838 634 2861 ¹⁵
661 2836 768 2877 inter
795 2842 930 2878 cetera
956 2849 1080 2890 regna
1107 2836 1184 2877 erit
1210 2835 1449 2881 humillima,
1480 2839 1521 2874 et.
1547 2846 1629 2874 non
1658 2831 1884 2873 elevabitur
1911 2830 2020 2872 ultra

107 2906 230 2948 super
259 2893 458 2943 nationes,
498 2899 540 2935 et
576 2894 818 2936 imminuam
848 2908 915 2937 eos
949 2909 998 2936 ne
1027 2895 1229 2949 imperent
1258 2894 1470 2936 Gentibus.
1529 2893 1563 2916 1⁶
1594 2892 1734 2945 Neque
1764 2896 1883 2931 erunt
1912 2889 2021 2930 ultra

108 2951 248 2993 domui
274 2951 398 2993 Israel
421 2952 463 2993 in
488 2953 747 3002 confidentia,
771 2954 963 2995 docentes
987 2953 1262 3008 iniquitatem,
1287 2957 1335 2993 ut
1357 2951 1530 3005 fugiant,
1555 2955 1595 2991 et
1620 2954 1844 3003 sequantur
1868 2961 1952 2990 eos:
1979 2953 2021 2988 et

108 3010 237 3051 scient
267 3010 364 3064 quia
392 3023 464 3064 ego
493 3011 695 3052 Dominus
724 3012 847 3054 Deus.
2089 3061 2094 3065 ,
2125 3060 2135 3067 ,

212 3070 246 3094 1⁷
267 3068 324 3110 Et
342 3069 501 3110 factum
521 3074 583 3111 est
603 3070 645 3111 in
665 3070 860 3124 vigesimo
881 3076 923 3112 et
943 3071 1116 3125 septimo
1139 3083 1258 3117 anno,
1280 3069 1322 3110 in
1342 3069 1485 3122 primo,
1508 3067 1549 3108 in
1570 3079 1653 3107 una
1671 3066 1838 3107 mensis:
1860 3065 2017 3106 factum
2034 3060 2211 3121 ζξξᾎζῐξοξζ

107 3131 169 3168 est
190 3128 363 3168 verbum
384 3127 552 3168 Domini
573 3129 627 3169 ad
646 3141 723 3177 me,
748 3129 902 3170 dicens:
952 3131 988 3154 18
1008 3129 1086 3170 Fili
1106 3128 1281 3170 hominis
1304 3126 1682 3168 Nabuchodonosor
1701 3137 1773 3165 rex
1796 3122 2017 3177 Babylonis
2038 3130 2205 3157 donabitur:

108 3185 257 3226 servire
279 3185 377 3228 fecit
400 3186 625 3227 exercitum
648 3200 768 3228 suum
791 3187 989 3229 servitute
1011 3200 1162 3241 magna
1184 3187 1378 3228 adversus
1402 3185 1573 3238 Tyrum:
1599 3196 1718 3225 omne
1741 3187 1866 3236 caput
1889 3180 2019 3244 decalj

108 3248 266 3293 vatum,
287 3249 328 3286 et
346 3244 476 3286 omnis
494 3244 687 3286 humerus
705 3245 910 3299 depilatus
928 3251 1007 3288 est:
1027 3252 1068 3287 et
1085 3257 1236 3286 merces
1254 3256 1336 3285 non
1353 3248 1415 3284 est
1431 3243 1594 3284 reddita
1610 3242 1656 3285 ei.
1676 3254 1808 3295 neque
1826 3239 2018 3281 exercitul

109 3301 193 3343 eius
225 3303 276 3344 de
306 3303 413 3357 Tyro
444 3316 517 3357 pro
548 3303 758 3347 servitute.
793 3317 875 3358 qua
905 3304 1074 3346 servivit
1104 3303 1203 3345 mihi
1234 3303 1428 3344 adversus
1459 3314 1562 3343 eam.
1620 3302 1656 3326 1⁹
1685 3300 1907 3353 Propterea
1935 3297 2019 3336 haec

244 3404 298 3448 29,
322 3406 344 3441 6
368 3406 421 3441 aIs
445 3407 499 3448 36,
524 3407 556 3442 6.
