2356 3760
107 1454 222 1484 patrato

96 1489 232 1515 miraculo

109 1525 218 1556 grandi.

113 1871 216 1903 gladiis

84 1907 246 1934 eaeduntuu

120 3167 218 3199 rehqui

113 3210 227 3235 quoque

132 3245 209 3269 reges

110 3275 231 3304 percuti-

120 3312 220 3339 untur;

273 128 346 167 184
1165 125 1311 159 LIBER
1918 130 1969 170 10,
1994 131 2117 171 2-10,
2144 131 2187 164 30

272 219 363 260 Hai.
392 224 433 259 et
460 219 537 271 regi
567 218 689 270 illius)
716 223 756 258 et
783 219 891 270 quod
920 219 1235 271 transfugissent
1261 218 1504 261 Gabaonitae
1530 221 1580 261 ad
1611 221 1744 269 lsrael,
1774 227 1815 262 et
1840 227 1974 263 essent
2000 224 2187 265 foederati

271 290 422 321 eorum,
473 279 487 301 2
510 277 647 318 timuit
671 277 800 317 valde.
828 276 932 316 Urbs
955 277 1061 316 enim
1085 289 1234 329 magna
1255 282 1343 318 erat
1364 278 1547 323 Gabaon,
1572 284 1613 320 et
1635 293 1717 321 una
1738 280 1955 321 civitatum
1979 282 2184 335 regalium,

269 342 310 377 et
333 336 462 376 maior
485 337 634 389 oppido
660 335 752 380 Hai,
779 347 999 388 omnesque
1025 334 1237 376 bellatores
1262 336 1345 376 eius
1369 336 1591 378 fortissimi.
1644 340 1659 362 ³
1682 339 1793 380 Misit
1816 353 1907 391 ergo
1931 340 2186 382 Adonisedec

271 408 340 435 rex
369 395 585 435 ierusalem
613 394 664 434 ad
691 394 823 433 Oham
849 406 983 445 regem
1012 394 1190 441 Hebron,
1218 398 1260 435 et
1285 395 1336 435 ad
1363 395 1539 436 Pharam
1564 409 1699 450 regem
1727 392 1934 442 Ierimotli.
1964 399 2014 439 ad
2043 399 2188 453 Iaphia

271 467 432 507 quoque
461 467 593 503 regem
624 453 782 500 Laeliis,
813 456 854 492 et
883 453 934 492 ad
963 453 1092 493 Dabir
1120 465 1253 507 regem
1283 453 1425 507 Eglon,
1457 455 1612 495 dicens:
1669 458 1683 480 ⁴
1712 456 1775 496 Ad
1804 470 1867 497 me
1897 458 2115 502 ascendite,
2147 464 2188 499 et

270 513 371 553 ferte
400 512 642 565 praesidium,
670 516 718 552 ut
743 524 1021 564 expugnemus
1048 512 1231 557 Gabaon,
1262 525 1385 565 quare
1412 515 1677 565 transfugerit
1702 514 1754 555 ad
1782 514 1910 563 Iosue,
1938 521 1979 557 et
2005 517 2057 557 ad
2086 516 2187 558 filios

272 571 406 611 Israel.
453 573 468 595 ⁵
485 571 725 623 Congregati
744 570 868 623 igitur
884 571 1155 611 ascenderunt
1173 571 1352 624 quinque
1370 584 1479 625 reges
1497 573 1845 614 Amorrhaeorum:
1865 587 1934 614 rex
1954 575 2185 623 Ierusalem,

270 643 339 669 rex
371 629 548 674 Hebron,
580 642 650 669 rex
682 629 888 673 lerimotli,
920 642 989 669 rex
1018 629 1176 676 Laeliis,
1207 642 1277 670 rex
1306 630 1448 683 Eglon,
1480 631 1599 672 simul
1627 646 1719 672 cum
1749 633 1992 673 exercitibus
2022 634 2115 683 suis,
2147 639 2189 675 et

271 689 553 729 castrametati
580 694 674 728 sunt
702 688 807 728 circa
832 688 1016 732 (iabaon,
1045 693 1330 741 oppugnantes
1356 702 1458 730 eam.
1516 692 1531 713 ⁶
1558 690 1823 731 Habitatores
1850 697 1988 732 autem
2016 692 2187 734 Gabaon

270 747 380 788 urbis
411 747 582 787 obsessae
612 747 807 787 miserunt
839 747 890 786 ad
922 747 1050 794 losue,
1084 747 1151 800 qui
1181 751 1280 788 tunc
1309 749 1549 789 morabatur
1579 749 1617 789 in
1648 750 1789 790 castris
1820 751 1931 804 apud
1960 750 2185 804 Galgalam,

271 810 312 847 et
335 806 527 846 dixerunt
550 807 602 846 ei:
630 806 688 847 Ne
712 805 894 845 retrahas
919 819 1063 846 manus
1089 811 1180 846 tuas
1204 807 1255 847 ab
1279 807 1430 847 auxilio
1454 820 1662 848 servorum
1688 813 1870 849 tuorum:
1896 810 2068 850 ascende
2092 810 2185 858 cito,

270 870 311 905 et
344 865 470 905 libera
504 878 587 911 nos,
625 865 764 919 ferque
798 864 1050 917 praesidium:
1087 872 1367 906 convenerunt
1401 866 1507 907 enim
1542 867 1759 908 adversum
1795 880 1866 909 nos
1902 881 2040 909 omnes
2075 881 2187 923 reges

270 924 610 972 Amorrhaeorum,
647 925 714 978 qui
748 923 941 965 habitant
973 924 1012 964 in
1047 924 1264 965 montanis.
1330 926 1342 948 ⁷
1376 925 1653 979 Ascenditque
1689 926 1804 967 103110
1838 927 1886 967 (10
1919 926 2110 979 Galgalis,
2146 932 2187 969 et

270 983 400 1023 omnis
424 983 624 1024 exercitus
649 982 892 1024 bellatorum
916 996 1007 1023 011111
1031 997 1089 1030 eo,
1115 983 1189 1023 viri
1213 983 1435 1025 fortissimi.
1490 986 1505 1008 ⁸
1528 985 1725 1038 Dixitque
1748 986 1949 1026 Dominus
1972 987 2025 1026 ad
2049 986 2186 1027 Iosue:

271 1042 330 1082 Ne
353 1042 497 1082 timeas
521 1056 605 1082 cos:
630 1042 670 1082 in
692 1054 838 1082 manus
861 1041 968 1082 enim
992 1047 1083 1082 tuas
1107 1042 1256 1083 tradidi
1280 1042 1386 1084 illos:
1410 1042 1544 1083 nullus
1568 1057 1616 1083 ex
1639 1044 1694 1084 eis
1717 1044 1791 1085 tibi
1814 1045 1998 1085 resistere
2020 1046 2185 1098 poterit.

273 1104 287 1124 ⁹
318 1100 440 1141 lrruit
467 1101 605 1154 itaque
636 1101 752 1141 losue
780 1113 900 1153 super
927 1113 992 1141 eos
1020 1106 1198 1154 repente,
1230 1106 1320 1141 tota
1346 1107 1465 1143 nocte
1493 1103 1713 1143 ascendens
1742 1103 1790 1143 de
1818 1103 2015 1157 Galgalis:
2072 1106 2107 1128 ¹⁰
2134 1104 2188 1144 Et

271 1160 536 1200 conturbavit
562 1173 628 1201 eos
656 1160 856 1201 Dominus
884 1172 907 1199 a
932 1159 1035 1200 facie
1064 1160 1205 1200 Israel:
1234 1160 1511 1215 contrivitque
1538 1161 1658 1215 plaga
1685 1175 1834 1213 magna
1860 1163 1899 1202 in
1927 1162 2111 1209 Gabaon,
2142 1176 2188 1203 ac

269 1224 504 1271 persecutus
522 1224 583 1260 est
598 1232 664 1260 eos
681 1232 751 1273 per
768 1219 877 1259 viam
895 1231 1083 1259 ascensus
1102 1219 1207 1259 Beth
1224 1219 1364 1267 horon,
1384 1225 1425 1260 et
1440 1221 1639 1273 percussit
1656 1235 1782 1274 usque
1799 1221 1931 1262 Azeca
1947 1227 1988 1262 et
2003 1221 2186 1263 Maceda.

270 1280 297 1301 ¹¹
327 1278 509 1331 Cumque
534 1279 721 1332 fugerent
750 1278 850 1319 filios
877 1277 1012 1321 Israel,
1041 1282 1082 1319 et
1106 1283 1240 1319 essent
1265 1278 1305 1318 in
1331 1279 1524 1319 descensu
1552 1280 1658 1320 Beth
1683 1280 1823 1327 horon,
1851 1281 2051 1321 Dominus
2078 1280 2190 1321 misit

270 1350 390 1390 super
419 1351 484 1378 003
514 1337 667 1391 lapides
697 1350 865 1391 magnos
896 1337 944 1377 de
975 1337 1069 1378 caelo
1100 1351 1227 1391 usque
1258 1338 1309 1378 ad
1338 1338 1487 1378 Azeca:
1520 1343 1561 1378 et
1589 1339 1740 1379 mortui
1770 1344 1866 1379 sunt
1895 1339 2025 1380 multo
2055 1339 2188 1393 plures

271 1395 474 1449 lapidibus
501 1396 720 1450 grandinis,
752 1409 876 1450 quam
905 1409 1004 1448 quos
1031 1396 1166 1449 gladio
1195 1403 1478 1449 percusserant
1507 1397 1576 1437 filii
1607 1398 1741 1439 Israel.

377 1457 407 1479 ¹2
427 1456 539 1496 Tunc
558 1455 717 1496 locutus
738 1460 799 1496 est
821 1455 937 1495 Iosue
957 1454 1134 1496 Domino
1154 1455 1194 1495 in
1214 1455 1289 1503 die,
1313 1469 1394 1509 qua
1412 1456 1585 1497 tradidit
1603 1457 1887 1498 Amorrhaeum
1906 1457 1946 1497 in
1966 1463 2187 1511 conspectu

275 1514 447 1555 filiorum
473 1514 604 1562 lsrael,
629 1515 814 1569 dixitque
836 1526 973 1555 coram
994 1514 1067 1554 eis:
1090 1514 1157 1555 Sol
1179 1519 1322 1555 contra
1343 1514 1514 1556 Gabaon
1536 1528 1585 1555 ne
1606 1516 1819 1563 movearis,
1844 1520 1885 1556 et
1906 1516 2024 1557 Luna
2044 1521 2188 1557 contra

273 1573 419 1614 vallem
441 1573 596 1614 Aialon.
648 1576 678 1598 ¹³
699 1574 992 1627 steteruntque
1018 1573 1104 1614 aSOl
1125 1578 1167 1614 et
1186 1573 1314 1621 Luna,
1339 1574 1467 1615 donec
1487 1573 1748 1615 ulcisceretur
1767 1588 1808 1615 se
1827 1587 1923 1629 gens
1946 1575 1994 1615 de
2014 1574 2188 1615 inimicis

271 1632 363 1673 suis.
392 1632 535 1673 Nonne
559 1634 755 1686 scriptum
780 1638 842 1674 est
865 1632 939 1673 1100
963 1632 1003 1672 111
1027 1631 1127 1673 111110
1152 1632 1377 1673 iustorum?
1402 1632 1529 1674 Stetit
1551 1633 1691 1687 itaque
1715 1633 1781 1674 Sol
1804 1633 1845 1674 in
1869 1634 2002 1675 medio
2026 1633 2122 1681 caeli,
2148 1638 2189 1675 01

273 1704 350 1732 11011
384 1692 597 1732 festinavit
629 1693 866 1733 occumbere
899 1692 1032 1745 spatio
1066 1692 1184 1733 unius
1216 1692 1306 1733 diei.
1368 1694 1399 1717 ¹4
1432 1692 1523 1733 Non
1556 1692 1636 1733 fuit
1667 1698 1790 1733 antea
1822 1705 1894 1733 nec
1926 1698 2070 1746 postea
2101 1697 2187 1734 tam

271 1750 390 1804 longa
412 1751 506 1799 dies,
530 1751 744 1792 obediente
765 1751 941 1792 Domino
963 1751 1052 1791 voci
1072 1751 1258 1799 hominis,
1281 1755 1322 1792 01
1341 1756 1551 1805 pugnante
1572 1765 1643 1804 pro
1666 1751 1800 1793 Israel.
1850 1754 1881 1776 ¹⁵
1902 1752 2187 1806 Reversusque

270 1814 331 1850 est
366 1810 481 1851 103110
513 1824 605 1850 011111
638 1811 747 1851 0111111
782 1810 903 1851 Israel
935 1810 974 1849 in
1007 1813 1142 1850 castra
1172 1809 1361 1863 Galgalae.

379 1871 412 1893 ¹⁶
435 1870 467 1909 F
471 1875 642 1920 ugerant
664 1869 771 1910 enim
795 1871 974 1923 quinque
998 1882 1119 1922 reges,
1145 1874 1186 1910 et
1207 1883 1247 1909 se
1271 1869 1571 1910 absconderant
1593 1869 1632 1910 in
1656 1869 1849 1923 spelunca
1872 1870 1981 1910 urbis
2004 1869 2186 1911 Maceda.

274 1929 305 1951 ¹⁷
332 1928 666 1982 Nunciatumque
691 1934 753 1969 est
778 1929 894 1970 Iosue
921 1929 1030 1981 quod
1054 1928 1211 1969 inventi
1236 1933 1370 1969 essent
1395 1928 1574 1982 quinque
1598 1941 1708 1982 reges
1732 1928 1907 1970 latentes
1931 1929 1971 1969 in
1997 1927 2190 1982 spelunca

273 1987 382 2028 urbis
404 1988 585 2029 Maceda.
637 1989 671 2012 18
694 1987 771 2036 Qui
794 1987 986 2041 przecepit
1008 1988 1136 2032 sociis,
1161 1992 1202 2028 et
1224 1988 1300 2028 ait:
1324 1987 1487 2028 Volvite
1509 2001 1609 2028 saxa
1630 1987 1813 2041 ingentia
1835 1987 1887 2028 ad
1909 2001 1951 2029 os
1974 1987 2187 2041 speluncae,

273 2052 313 2086 et
340 2047 479 2100 ponite
506 2047 612 2087 viros
640 2047 872 2096 industrios,
904 2047 971 2100 qui
999 2046 1155 2087 clausos
1183 2047 1436 2087 custodiant:
1493 2048 1527 2070 ¹⁹
1553 2060 1625 2087 vos
1653 2051 1791 2088 autem
1819 2046 1943 2088 nolite
1970 2050 2090 2096 stare,
2119 2046 2190 2088 sed

273 2106 560 2159 persequimini
592 2106 741 2155 hostes,
775 2111 816 2146 et
847 2112 1049 2147 extremos
1083 2118 1264 2159 quosque
1296 2105 1540 2159 fugientium
1572 2106 1732 2146 caedite:
1766 2118 1839 2146 nec
1870 2105 2091 2146 dimittatis
2123 2118 2189 2147 eos

274 2165 436 2205 urbium
466 2178 631 2206 suarum
661 2165 811 2206 intrare
842 2165 1039 2219 praesidia,
1073 2178 1173 2218 quos
1204 2165 1375 2205 tradidit
1403 2165 1604 2205 Dominus
1634 2165 1744 2205 Deus
1772 2165 1813 2205 in
1844 2177 1988 2205 manus
2018 2169 2187 2206 vestras.

273 2226 309 2248 ²0
330 2223 448 2265 Caesis
471 2238 562 2277 ergo
586 2225 826 2265 adversariis
849 2224 969 2279 plaga
990 2237 1150 2278 magna,
1175 2230 1215 2264 et
1237 2237 1364 2277 usque
1386 2224 1438 2264 ad
1459 2223 1776 2265 internecionem
1798 2237 1900 2277 pene
1922 2223 2188 2277 consumptis,

274 2283 325 2327 111,
356 2284 422 2337 qui
452 2283 574 2324 Israel
601 2284 777 2338 effugere
804 2288 1040 2337 potuerunt,
1069 2283 1234 2336 ingressi
1261 2288 1358 2323 sunt
1383 2283 1572 2324 civitates
1599 2283 1791 2324 munitas.
1846 2284 1876 2307 2¹
1906 2283 2190 2336 Reversusque

274 2348 335 2383 est
351 2343 480 2383 01111113
497 2344 697 2384 exercitus
714 2343 766 2384 ad
784 2343 900 2384 Iosue
917 2344 957 2384 in
974 2343 1154 2391 Maceda,
1174 2342 1241 2383 ubi
1260 2346 1357 2383 tunc
1373 2348 1490 2382 erant
1505 2346 1650 2390 castra,
1669 2342 1755 2382 sani
1772 2347 1813 2382 et
1827 2342 1984 2395 integro
2000 2354 2188 2382 numero:

275 2401 489 2456 nullusque
526 2407 669 2443 contra
706 2402 807 2443 filios
846 2403 968 2443 Israel
1005 2401 1152 2442 mutire
1189 2415 1309 2442 ausus
1346 2406 1417 2442 031.
1482 2403 1514 2425 22
1549 2401 1828 2454 Praecepitque
1866 2401 1995 2449 Iosue,
2033 2401 2188 2441 dicens:

275 2462 439 2514 Aperite
456 2475 497 2502 os
514 2462 726 2514 speluncae,
745 2467 785 2502 et
800 2462 1012 2515 producite
1028 2461 1079 2501 ad
1092 2474 1155 2501 me
1170 2461 1349 2514 quinque
1361 2473 1483 2514 reges,
1499 2460 1566 2513 qui
1582 2460 1622 2500 in
1639 2473 1686 2501 ea
1699 2460 1880 2501 latitant.
1925 2462 1956 2484 23
1970 2460 2004 2500 F
2007 2464 2190 2501 000111111-

276 2533 352 2573 que
385 2520 558 2561 ministri
592 2526 638 2561 ut
669 2521 743 2562 sibi
776 2521 911 2562 fuerat
942 2521 1208 2574 imperatum:
1243 2524 1284 2560 et
1315 2519 1544 2560 eduxerunt
1578 2519 1629 2559 ad
1661 2532 1753 2560 eum
1788 2519 1966 2573 quinque
1998 2531 2109 2572 reges
2141 2518 2191 2559 de

275 2579 478 2632 spelunca.
510 2593 642 2631 regem
673 2580 903 2629 Ierusalem,
934 2593 1067 2634 regem
1098 2579 1276 2627 Hebron,
1306 2591 1440 2632 regem
1470 2578 1677 2625 10111110111,
1707 2591 1840 2632 regem
1868 2577 2026 2625 Lachis,
2056 2590 2190 2631 regem

275 2638 417 2692 Eglon.
477 2640 507 2663 '2⁴
539 2640 722 2693 Cumque
753 2639 888 2680 educti
920 2644 1055 2680 essent
1085 2639 1136 2679 ad
1167 2651 1271 2685 eum,
1305 2638 1472 2679 vocavit
1502 2651 1640 2678 omnes
1672 2638 1778 2678 viros
1811 2636 1946 2684 Israel,
1979 2641 2020 2677 et
2050 2636 2109 2677 ait
2139 2636 2190 2677 ad

275 2698 474 2751 principes
504 2698 703 2739 exercitus
733 2699 801 2751 qui
829 2711 965 2739 secum
994 2702 1128 2739 erant:
1162 2698 1233 2744 lte,
1265 2702 1306 2737 01
1332 2697 1472 2750 ponite
1500 2697 1622 2750 pedes
1650 2710 1770 2750 super
1797 2696 1900 2737 colla
1926 2708 2066 2749 regum
2094 2695 2190 2736 isto-

275 2770 376 2798 rum.
413 2758 490 2806 Qui
524 2770 616 2798 cum
650 2757 932 2811 perrexissent,
968 2763 1009 2798 et
1042 2757 1317 2797 subiectorum
1350 2755 1452 2796 colla
1484 2756 1655 2809 pedibus
1689 2755 1904 2801 calcarent,
1966 2757 1998 2779 '2⁵
2030 2767 2190 2795 rursum

275 2816 333 2856 ait
363 2816 414 2856 ad
444 2829 528 2857 eos:
562 2816 697 2857 Nolite
727 2816 880 2863 timere,
913 2830 985 2857 1100
1014 2816 1212 2871 paveatis,
1245 2814 1532 2856 confortamini
1562 2820 1603 2855 et
1632 2820 1762 2855 estote
1791 2814 1966 2855 robusti:
1998 2814 2053 2854 310
2083 2813 2190 2854 0111111

275 2875 398 2915 faciet
419 2875 619 2916 Dominus
643 2876 799 2917 cunctis
822 2876 1008 2917 hostibus
1032 2876 1188 2922 vestris,
1215 2875 1431 2915 adversum
1456 2887 1556 2927 quos
1580 2874 1794 2915 dimicatis.
1846 2875 1881 2897 2⁶
1904 2872 2190 2926 Percussitque

278 2934 406 2979 Iosue,
430 2939 469 2974 et
491 2935 694 2975 interfecit
714 2948 792 2981 eos,
817 2940 941 2988 atque
962 2935 1176 2988 suspendit
1195 2947 1315 2987 super
1337 2934 1515 2986 quinque
1536 2933 1714 2986 stipites:
1736 2933 1984 2985 fueruntque
2005 2931 2188 2985 suspensi

276 3005 403 3046 usque
434 2993 485 3033 ad
516 3007 741 3046 vesperum.
801 2996 834 3017 2⁷
869 2994 1072 3047 bCumque
1103 2993 1362 3034 occumberet
1392 2991 1461 3039 sol,
1494 2991 1686 3045 praecepit
1715 2992 1831 3032 sociis
1863 2995 1910 3031 ut
1939 2991 2191 3044 deponerent

276 3066 340 3093 eos
376 3052 424 3092 de
459 3053 663 3105 patibulis.
702 3053 778 3101 Qui
814 3053 1018 3106 depositos
1054 3053 1310 3106 proiecerunt
1343 3051 1382 3092 in
1418 3051 1664 3104 speluncam,
1702 3051 1740 3091 in
1778 3063 1859 3104 qua
1892 3050 2112 3097 latuerant,
2150 3052 2191 3089 01

277 3118 500 3165 posuerunt
531 3125 649 3164 super
680 3126 721 3152 os
753 3113 835 3153 eius
867 3126 966 3153 saxa
996 3112 1187 3165 ingentia,
1222 3124 1311 3164 quae
1341 3115 1583 3164 permanent
1614 3123 1740 3163 usque
1772 3110 1811 3150 in
1842 3121 2026 3162 praesens

380 3172 415 3194 2⁸
446 3171 601 3210 Eodem
635 3184 795 3224 quoque
827 3172 889 3212 die
920 3171 1132 3212 Macedam
1164 3170 1272 3223 cepit
1304 3170 1432 3217 Iosue,
1466 3174 1507 3209 et
1537 3169 1735 3222 percussit
1765 3181 1853 3209 eam
1886 3168 1925 3208 in
1956 3180 2021 3208 ore
2052 3165 2188 3219 gladii,

276 3242 490 3283 regemque
526 3229 628 3269 illius
662 3229 877 3279 interfecit,
915 3235 955 3270 et
989 3243 1127 3271 omnes
1162 3229 1414 3269 habitatores
1449 3228 1550 3267 eius:
1587 3240 1667 3267 11011
1702 3227 1857 3268 dimisit
1890 3227 1930 3267 in
1964 3239 2011 3266 ea
2043 3225 2189 3266 saltem

278 3301 424 3341 parvas
458 3288 657 3342 reliquias.
698 3289 887 3342 Fecitque
920 3289 1001 3343 regi
1034 3289 1215 3335 Maceda,
1251 3288 1355 3328 sicut
1388 3288 1539 3327 fecerat
1571 3286 1652 3339 regi
1690 3286 1852 3327 Iericho.
1914 3286 1949 3309 2⁹
1983 3283 2191 3325 Transivit

276 3353 414 3388 autem
442 3361 534 3387 eum
561 3348 670 3388 omni
700 3347 821 3387 Israel
848 3348 896 3389 de
923 3348 1093 3389 Maeeda
1117 3348 1158 3389 in
1184 3347 1336 3395 Lebna‚
1365 3351 1406 3387 et
1432 3346 1645 3399 pugnabat
1671 3350 1813 3386 contra
1839 3357 1946 3386 eam:
2001 3344 2038 3369 ³⁰
2064 3355 2189 3397 quam

411 3474 462 3516 111,
489 3474 530 3509 13
554 3474 625 3509 asu
649 3475 701 3515 40,
727 3476 762 3514 5,
790 3475 822 3508 rs
847 3475 900 3516 28,
925 3476 975 3509 21.
1003 3497 1044 3500 —
1070 3476 1110 3510 27
1134 3475 1205 3509 th
1229 3476 1281 3516 21,
1307 3474 1358 3508 23.
