2356 3760
127 123 179 162 49,
206 122 346 163 18j50‚
371 122 391 155 9
1011 123 1146 157 ISAIAE
1938 134 2009 174 711

129 218 164 240 ¹⁸
185 216 316 256 aLeva
331 216 373 256 in
392 215 561 257 circuitu
580 215 715 256 oculos
733 218 837 263 tuos,
858 220 898 256 01
917 215 1020 261 vide,
1094 229 1231 257 omnes
1249 217 1315 258 isti
1334 220 1564 272 congregati
1582 227 1687 262 sunt.
1709 232 1904 265 venerunt
1923 226 2014 266 tibi:
2065 226 2173 264 ‘firma

180 274 275 315 vivo
294 287 378 328 ego,
399 274 498 315 dicit
515 273 726 321 Dominus,
748 273 845 326 quia
861 274 1047 315 omnibus
1066 274 1126 315 his
1145 275 1257 316 velut
1275 284 1512 318 ornamento
1532 279 1723 328 vestieris,
1796 288 1835 322 et
1853 284 2017 324 circum-
2034 260 2218 288 'mmmmm'

390 333 505 373 dabis
535 331 610 372 tibi
639 344 705 372 eos
736 331 850 384 quasi
880 345 1038 385 sponsa.

129 393 163 415 ¹⁹
181 391 286 440 Quia
315 392 475 432 deserta
503 395 586 435 tua,
619 395 659 430 et
688 389 924 431 solitudines
954 396 1046 437 tuae,
1131 396 1170 432 01
1201 398 1307 433 terra
1334 394 1459 434 ruinae
1488 400 1569 435 tuae

180 463 288 490 nunc
317 454 491 502 angusta
520 453 639 489 erunt
666 461 748 501 prae
776 449 1089 493 habitatoribus.
1147 455 1187 489 et
1201 450 1317 503 longe
1331 452 1583 503 fugabuntur
1598 455 1664 507 qui
1681 456 1952 497 absorbebant
1968 463 2018 498 te.

128 510 164 532 20
179 508 326 549 Adhuc
355 508 491 548 dicent
519 507 560 547 in
590 506 753 547 auribus
784 507 864 547 tuis
948 508 1017 548 filii
1046 508 1270 549 sterilitatis
1300 503 1397 550 1110οῑ

180 567 389 620 Angustus
419 572 481 606 est
508 565 607 605 mihi
635 565 757 612 100113,
841 566 905 606 fac
935 566 1114 619 spatium
1143 566 1241 606 mihi
1270 573 1316 607 ut
1344 568 1537 610 habitem.

128 626 159 649 2¹
181 625 237 665 Et
265 625 371 665 dices
400 625 442 665 in
471 624 589 665 corde
619 628 709 665 tuo:
794 624 890 673 Quis
919 625 1060 678 genuit
1088 625 1186 665 mihi
1216 625 1338 666 istos?

181 696 252 736 ego
279 683 436 731 sterilis,
465 687 506 723 et
531 695 612 724 non
638 683 809 735 pariens,
839 684 1140 734 transmigrata,
1170 689 1210 724 et
1236 684 1419 737 captiva:
1499 691 1540 726 et
1564 687 1661 728 istos
1690 688 1776 741 quis
1803 689 2020 729 enutrivit?

181 754 252 795 ego
283 742 484 783 destituta
511 747 553 781 et
581 740 682 781 sola:
767 747 808 782 et
835 742 903 782 isti
932 742 1001 783 ubi
1030 742 1170 783 erant?

128 857 160 880 ²²
183 857 279 898 Haec
310 857 408 897 dicit
435 856 635 897 Dominus
665 857 793 898 Deus:
2060 866 2190 904 (10511010

181 916 285 956 Ecce
308 915 452 956 levabo
479 915 531 956 ad
554 915 704 956 Gentes
728 929 896 956 manum
920 930 1065 965 meam,
1145 923 1183 958 et
1209 917 1261 958 ad
1284 917 1453 971 populos
1479 919 1667 960 exaltabo
1693 920 1849 969 signum
1874 933 2020 961 meum.
2033 901 2225 961 iffississiiii'iiis.

182 975 236 1015 Et
265 975 436 1015 afferent
463 973 564 1014 filios
593 979 684 1015 tuos
712 974 753 1015 in
782 974 896 1023 ulnis,
980 981 1019 1015 et
1048 975 1147 1016 filias
1177 981 1268 1016 tuas
1297 989 1416 1029 super
1443 977 1629 1019 humeros
1657 970 1894 1031 portabunt.

129 1034 161 1056 ²³3
182 1033 236 1073 Et
267 1038 385 1074 erunt
413 1045 523 1085 reges
553 1033 712 1073 nutritii
742 1034 813 1076 tui.
898 1040 939 1074 et
966 1034 1112 1087 reginae
1141 1035 1316 1075 nutrices
1347 1040 1445 1076 tuae:

182 1092 300 1132 vultu
329 1091 369 1131 in
400 1096 547 1132 terram
580 1092 751 1133 demisso
783 1092 1014 1133 adorabunt
1044 1098 1095 1135 te.
1180 1098 1220 1133 et
1249 1093 1457 1146 pulverem
1486 1095 1636 1147 pedum
1666 1100 1829 1135 tuorum
1859 1095 2023 1148 lingent.

184 1151 238 1191 Et
264 1150 362 1191 scies
390 1150 485 1203 quia
510 1163 580 1203 ego
608 1150 819 1194 Dominus,
900 1164 1019 1204 super
1045 1165 1123 1204 quo
1150 1164 1232 1192 non
1257 1152 1558 1192 confundentur
1584 1153 1651 1206 qui
1677 1159 1894 1206 expectant
1920 1167 2023 1195 eum.

129 1211 162 1234 24
184 1208 394 1262 Numquid
422 1208 587 1249 tolletur
615 1221 638 1249 a
664 1209 760 1249 forti
788 1209 948 1262 praeda?
1030 1214 1101 1250 aut
1130 1210 1239 1263 quod
1267 1216 1434 1263 captum
1461 1210 1582 1251 fuerit
1610 1224 1633 1251 a
1659 1212 1837 1259 robusto,
1868 1212 2025 1252 salvum

391 1281 474 1308 esse
503 1267 678 1320 poterit?

129 1346 160 1368 ²5
183 1344 287 1392 Quia
314 1343 399 1384 hace
429 1343 526 1383 dicit
556 1343 774 1384 Dominus:
2073 1344 2185 1372 “mma

2050 1379 2210 1406 redimetur,

183 1414 397 1467 Equidem,
432 1418 473 1453 et
505 1412 724 1465 eaptivitas
757 1425 781 1451 a
811 1412 907 1453 forti
940 1411 1121 1452 tolletur:
1209 1418 1248 1453 et
1282 1412 1391 1465 quod
1423 1412 1607 1453 ablatum
1638 1413 1759 1454 fuerit
1792 1427 1816 1454 a
1846 1415 2024 1463 robusto,

392 1471 629 1511 salvabitur.

183 1531 263 1572 Eos
289 1543 396 1575 vero,
426 1529 494 1583 qui
518 1529 803 1569 iudicaverunt
829 1536 880 1573 10.
910 1542 980 1582 ego
1006 1528 1206 1572 iudicabo.
1287 1536 1326 1569 et
1352 1529 1452 1569 filios
1478 1535 1569 1570 tuos
1595 1543 1665 1583 ego
1692 1530 1870 1572 salvabo.

129 1591 164 1614 2⁶
181 1590 237 1630 Et
267 1589 411 1630 cibabo
442 1588 578 1629 hostes
610 1592 701 1628 tuos
733 1587 920 1628 carnibus
952 1587 1050 1627 suis:
1135 1592 1175 1627 et
1207 1587 1321 1641 quasi
1352 1594 1498 1633 11111310,
1532 1588 1726 1641 sanguine
1757 1602 1827 1630 suo
1858 1589 2028 1631 inebria-

392 1647 564 1687 buntur:

182 1711 223 1747 et
251 1707 349 1747 sciet
379 1706 508 1747 omnis
539 1718 642 1748 caro.
677 1704 771 1758 quia
800 1717 870 1755 ego
901 1705 1100 1746 Dominus
1130 1704 1291 1745 salvans
1321 1710 1372 1753 10,
1457 1710 1497 1745 01
1525 1706 1756 1759 redemptor
1786 1711 1879 1747 tuus
1911 1707 2026 1747 fortis

393 1764 526 1805 Iacob.

128 1825 192 1868 50.
251 1827 258 1848 ¹
293 1824 391 1865 Haec
420 1823 517 1864 dicit
546 1823 765 1863 Dominus:
2072 1822 2185 1846 ‹imus-sa

2050 1857 2206 1886 lecipietur.

182 1883 278 1932 Quis
309 1887 369 1923 est
397 1882 462 1923 hic
490 1881 590 1922 liber
618 1881 774 1934 repudii
803 1881 944 1921 matris
974 1887 1129 1923 vestrae,
1215 1894 1293 1934 quo
1324 1881 1455 1921 dimisi
1485 1881 1597 1921 eam?

182 1947 254 1982 aut
284 1941 372 1995 quis
402 1946 463 1981 est
492 1940 667 1981 creditor
694 1952 818 1987 meus,
904 1939 967 1979 0111
996 1939 1159 1979 vendidi
1190 1939 1285 1980 vos?

181 2013 271 2041 ecce
290 2000 331 2040 in
351 1999 638 2053 iniquitatibus
659 1998 802 2039 vestris
824 1998 979 2038 venditi
1001 1998 1106 2043 estis,
1182 2003 1220 2038 et
1241 1998 1281 2038 in
1302 1997 1515 2038 sceleribus
1536 1998 1678 2039 vestris
1700 1998 1831 2039 dimisi
1851 2004 2024 2040 matrem

389 2064 581 2099 vestram.

146 2120 161 2142 2
182 2118 286 2167 Quia
315 2118 419 2166 veni,
452 2123 491 2157 et
521 2129 602 2158 non
632 2122 718 2156 erat
748 2116 826 2156 vir:
910 2115 1065 2158 vocavi.
1098 2121 1139 2155 01
1168 2128 1248 2156 11011
1278 2120 1364 2155 erat
1394 2115 1462 2168 qui
1492 2115 1660 2156 audiret.

183 2176 403 2230 bnumquid
427 2175 668 2217 abbreviata
691 2180 731 2215 et
754 2173 926 2227 parvula
948 2174 1059 2214 sacta
1082 2180 1142 2214 031
1166 2187 1309 2214 1110111113
1332 2187 1434 2218 mea,
1460 2179 1507 2214 ut
1529 2187 1609 2215 non
1633 2174 1782 2227 possim
1806 2175 2023 2216 redimere?

391 2240 462 2275 aut
491 2248 572 2275 non
602 2238 661 2275 est
691 2233 731 2274 in
762 2246 825 2274 1110
854 2233 983 2273 virtus
1014 2233 1066 2273 ad
1094 2232 1373 2273 liberandum?

180 2295 284 2336 Ecce
312 2294 353 2334 in
380 2293 656 2347 increpatione
684 2305 775 2333 mea
802 2292 1006 2332 desertum
1034 2291 1182 2331 faciam
1210 2304 1331 2339 mare,
1414 2304 1564 2344 ponam
1592 2291 1760 2331 fiumina
1786 2291 1827 2332 in
1855 2292 2023 2332 siccum:

182 2358 510 2406 computrescent
536 2352 663 2405 pisces
692 2351 775 2391 sine
804 2364 922 2404 aqua,
1005 2355 1046 2390 et
1072 2350 1296 2390 morientur
1322 2349 1363 2389 in
1391 2349 1468 2390 siti.

146 2414 161 2437 3
183 2412 358 2452 lnduam
388 2412 502 2452 000103
533 2410 720 2457 tenebris,
805 2415 845 2450 et
874 2422 1035 2449 saccum
1064 2421 1215 2462 ponam
1245 2408 1540 2461 operimentum
1571 2421 1719 2449 eorum.

455 2538 493 2577 3.
523 2536 717 2577 Messias
747 2536 1103 2576 adversitatibus
1134 2545 1224 2575 non
1256 2534 1442 2584 fractus,
1473 2534 1538 2585 50,
1558 2535 1706 2575 4—11.

144 2623 160 2646 4
180 2621 378 2662 Dominus
410 2620 523 2661 dedit
552 2619 651 2659 mihi
680 2618 859 2672 linguam
891 2618 1092 2659 eruditam
1174 2622 1222 2658 ut
1251 2618 1374 2658 sciam
1405 2622 1632 2658 sustentare
1662 2630 1764 2665 eum,
1799 2617 1867 2670 qui
1896 2617 2022 2658 lassus
2052 2616 2200 2646 Ol'ssdifflffi

389 2684 450 2720 est
478 2678 621 2720 verbo:

180 2738 296 2791 erigit
324 2751 455 2780 mane.
487 2750 606 2778 mane
635 2736 750 2790 erigit
780 2736 879 2776 mihi
908 2748 1057 2778 aurem.
1142 2740 1189 2776 ut
1218 2734 1381 2775 audiam
1412 2734 1525 2787 quasi
1554 2733 1803 2786 magistrum.

144 2799 159 2821 5
179 2797 378 2838 Dominus
413 2797 523 2837 Deus
559 2796 717 2849 aperuit
751 2795 849 2835 mihi
885 2807 1034 2837 aurem.
1124 2806 1195 2846 ego
1231 2798 1367 2834 autem
1402 2805 1482 2833 non
1518 2791 1767 2833 contradico:
1804 2796 2022 2832 retrorsum

387 2868 468 2896 non
498 2854 590 2895 abii.

143 2916 159 2939 ⁶
186 2914 355 2967 <Corpus
381 2927 517 2954 meum
545 2913 637 2954 dedi
664 2912 996 2966 percutientibus,
1027 2916 1067 2952 01
1092 2924 1214 2964 genas
1241 2924 1350 2951 meas
1378 2909 1636 2950 vellentibus:
1717 2908 1861 2949 faciem
1887 2921 2020 2949 meam
2065 2910 2184 2940 1³³fi<²¹¹ssr

386 2985 468 3013 non
496 2972 626 3013 averti
654 2972 705 3012 ab
732 2971 1047 3024 increpantibus,
1079 2975 1119 3010 et
1147 2968 1462 3023 conspuentibus
1490 2967 1531 3007 in
1558 2980 1632 3008 me.

143 3033 157 3055 ⁷
178 3032 377 3073 Dominus
405 3031 516 3071 Deus
546 3030 763 3071 auxiliator
791 3042 915 3072 meus,
999 3029 1088 3069 ideo
1118 3041 1199 3069 non
1228 3041 1317 3068 sum
1347 3027 1554 3067 confusus:
1631 3074 1636 3078 ι

178 3090 266 3131 ideo
284 3089 401 3144 posui
419 3089 563 3130 faciem
581 3102 715 3129 meam
732 3094 779 3129 ut
795 3094 955 3142 petram
974 3087 1242 3135 durissimam,
1315 3091 1354 3126 01
1373 3085 1451 3125 3010
1472 3084 1663 3137 quoniam
1682 3097 1763 3125 non
1781 3084 2016 3125 confundar.

143 3150 158 3173 8
181 3149 327 3190 dluxta
356 3154 416 3190 est
446 3148 514 3201 qui
542 3147 737 3188 iustificat
765 3160 840 3190 me,
874 3146 961 3200 quis
991 3146 1243 3187 contradieet
1271 3143 1393 3184 mihi?
1475 3148 1626 3183 stemus
1656 3142 1785 3191 simul,

179 3208 267 3261 quis
297 3212 358 3248 est
387 3206 641 3248 adversarius
670 3206 807 3247 meus?
891 3205 1059 3246 accedat
1088 3204 1141 3245 ad
1168 3217 1243 3244 me.

143 3268 158 3290 ⁹
178 3266 281 3307 Ecce
309 3265 510 3308 Dominus
539 3265 649 3305 Deus
680 3264 898 3305 auxiliator
925 3276 1056 3304 meus:
1141 3261 1228 3316 quis
1258 3266 1319 3301 est
1349 3260 1416 3313 qui
1445 3260 1689 3300 condemnet
1716 3258 1804 3300 me?

178 3325 282 3366 Ecce
312 3338 449 3366 omnes
481 3323 596 3378 quasi
625 3323 917 3364 vestimentum
947 3325 1218 3365 conterentur,
1302 3319 1413 3359 tinea
1442 3318 1627 3359 comedet
1656 3331 1733 3359 eos.

2065 3025 2186 3049 Domino

2053 3060 2194 3085 confidens

258 3450 300 3484 18
326 3449 401 3482 alnf
426 3450 478 3489 60,
504 3451 534 3484 4.
560 3470 602 3473 —
626 3450 679 3492 50,
703 3449 724 3482 2
746 3449 823 3482 blnf
845 3449 898 3488 59,
923 3449 953 3482 1.
978 3468 1020 3472 —
1044 3448 1065 3481 6
1092 3447 1159 3480 th
1183 3446 1235 3486 26,
1260 3446 1312 3478 67.
1338 3466 1379 3468 —
1403 3445 1424 3478 8
1447 3444 1557 3477 dRom
1582 3444 1612 3483 8,
1637 3444 1689 3476 33.
