2356 3760
130 67 182 106 16,
210 66 349 104 13—17,
377 65 418 98 10
912 63 1256 98 ECCLESIASTICI
1947 71 2023 113 635

132 162 164 184 ¹³
183 159 407 200 secundum
434 156 749 199 misericordiam
775 168 904 203 suam,
941 155 996 195 sic
1023 155 1222 208 correptio
1248 155 1352 196 illius
1426 156 1630 197 hominem
1657 163 1875 202 secundum
1902 176 2024 216 opera

392 230 466 258 sua
494 216 659 257 iudicat.

132 278 163 302 ¹⁴²
184 276 277 317 Non
305 276 471 329 effugiet
497 274 539 314 in
565 272 710 326 rapina
736 276 936 325 peccator,
1020 277 1060 313 et
1088 285 1169 313 non
1196 272 1423 312 retardabit
1450 272 1685 314 sufferentia
1713 276 2022 319 misericordiam

393 332 589 374 facientis.

132 395 164 418 ¹⁵
182 393 324 435 Omnis
340 389 614 433 misericordia
628 389 752 430 faciet
766 388 900 429 locum
968 388 1205 441 auniouique
1221 388 1444 429 secundum
1459 389 1650 429 meritum
1666 403 1832 443 operum
1848 405 2022 439 suorum,

393 455 434 491 et
462 448 686 490 secundum
715 447 967 488 intellectum
995 447 1329 500 peregrinationis
1359 446 1494 500 ipsius.

132 512 167 535 ¹⁶
185 511 277 551 Non
308 509 436 550 dicas:
468 508 505 548 A
533 507 621 547 Deo
653 506 891 555 abscondar,
976 510 1018 547 et
1048 519 1098 546 ex
1128 518 1287 546 summo
1319 505 1408 558 quis
1438 505 1517 546 mei
1547 507 1861 548 memorabitur?

132 570 164 593 1⁷
185 569 232 609 In
259 567 410 622 populo
438 578 586 619 magno
624 577 706 605 non
734 577 947 618 agnoscar:
1030 577 1120 617 quae
1148 568 1209 604 est
1236 563 1343 604 enim
1371 563 1508 604 anima
1534 577 1625 604 mea
1651 564 1691 605 in
1720 570 1805 605 tam
1833 566 2029 608 immensa

392 623 601 666 creatur?

131 687 165 710 1⁸
182 686 287 726 Ecce
313 684 466 727 caelum,
494 688 535 724 et
560 681 644 723 caeli
677 681 877 731 caelorum,
957 682 1140 735 abyssus,
1168 686 1210 722 et
1234 680 1423 721 universa
1448 686 1566 729 terra,
1594 686 1635 722 et
1660 695 1750 734 quae
1773 682 1814 722 in
1840 682 1894 723 eis
1919 688 2027 733 sunt,

391 743 432 783 in
461 745 682 794 conspectu
711 740 815 781 illius
845 740 1226 787 commovebuntur,

131 804 165 827 ¹⁹
181 808 342 844 montes
375 799 506 848 simul,
542 805 584 841 et
616 799 746 843 colles.
782 804 823 840 et
856 799 1128 840 fundamenta
1173 803 1307 839 terrae:
1395 811 1487 838 cum
1520 799 1775 852 conspexerit
1807 799 1875 840 illa
1905 800 2028 843 Deus,

390 865 565 901 tremore
595 859 891 900 concutientur.

129 922 167 945 2⁰
182 920 238 961 Et
265 920 307 961 in
335 918 523 961 omnibus
551 917 612 958 his
640 917 893 958 insensatum
921 922 982 957 est
1010 929 1095 957 cor:
1178 920 1220 956 et
1246 928 1366 957 omne
1394 928 1461 956 cor
1488 914 1725 969 intelligitur
1753 917 1803 957 ab
1832 916 1916 958 illo:

130 980 162 1004 '2¹
183 984 224 1020 et
251 979 338 1020 vias
364 976 469 1018 illius
498 976 586 1029 quis
614 975 814 1029 intelligit,
902 981 944 1016 et
970 974 1200 1029 procellam,
1231 987 1355 1027 quam
1382 987 1455 1015 nec
1482 974 1620 1015 oculus
1648 974 1804 1016 videbit
1830 975 2027 1016 hominis?

130 1040 162 1062 22
184 1038 290 1078 Nam
312 1036 489 1091 plurima
510 1035 614 1076 illius
638 1047 760 1088 opera
782 1039 878 1075 sunt
900 1034 941 1075 in
964 1033 1188 1075 absconsis:
1264 1033 1334 1073 sed
1357 1045 1480 1086 opera
1500 1033 1665 1073 iustitiae
1687 1033 1770 1074 eius
1794 1034 1882 1087 quis
1905 1047 2029 1074 enun-

392 1094 540 1136 ciabit?
572 1098 646 1134 aut
675 1093 763 1147 quis
793 1092 1034 1134 sustinebit?

181 1156 319 1208 Longe
367 1153 474 1195 enim
519 1158 581 1194 est
624 1157 921 1193 testamentum
965 1165 990 1192 a
1024 1150 1282 1205 quibusdam,
1372 1155 1412 1190 et
1455 1150 1718 1203 interrogatio
1763 1151 1944 1192 omnium
1988 1151 2029 1192 in

391 1211 743 1254 consummatione
772 1215 844 1252 est.

129 1276 162 1298 23
179 1272 258 1322 Qui
278 1272 507 1313 minoratur
526 1270 657 1319 corde,
681 1270 835 1324 cogitat
854 1269 1010 1310 inania:
1085 1273 1126 1309 et
1145 1268 1208 1308 vir
1226 1267 1475 1321 imprudens,
1498 1271 1539 1308 et
1558 1279 1694 1308 errans
1715 1267 1869 1321 cogitat
1889 1267 2027 1309 stulta.

426 1387 465 1428 5.
494 1386 729 1438 Praecepta
758 1385 814 1425 de
844 1384 1109 1424 reversione
1140 1383 1199 1424 ad
1228 1383 1371 1423 Deum
1399 1382 1466 1434 16,
1484 1383 1657 1433 24—18,
1674 1383 1741 1423 14.

130 1468 163 1491 '2⁴
182 1465 292 1508 Audi
310 1478 375 1506 me
394 1464 461 1513 fili,
484 1468 525 1504 et
544 1463 651 1504 disce
671 1461 926 1515 disciplinam
947 1474 1098 1505 sensus.
1168 1466 1209 1501 et
1227 1460 1268 1501 in
1288 1459 1421 1501 verbis
1440 1459 1539 1500 meis
1559 1459 1727 1500 attende
1746 1458 1786 1499 111
1807 1459 1925 1500 corde
1944 1464 2028 1507 tuo,

129 1527 161 1550 '2⁵
184 1530 225 1566 et
253 1524 387 1566 dicam
415 1524 456 1564 in
485 1522 680 1576 aequitate
710 1520 978 1574 disciplinam,
1062 1526 1103 1560 et
1131 1519 1344 1560 scrutabor
1372 1531 1557 1559 enarrare
1585 1517 1847 1571 sapientiam:

182 1589 223 1625 et
243 1583 285 1624 in
298 1582 431 1623 verbis
450 1581 550 1622 meis
567 1580 735 1621 attende
757 1579 797 1620 in
811 1579 929 1620 corde
948 1584 1032 1626 tuo,
1100 1583 1140 1619 et
1162 1578 1251 1619 dico
1273 1578 1313 1618 in
1331 1577 1524 1631 aequitate
1546 1575 1710 1629 spiritus
1731 1576 1915 1623 virtutes,
1931 1589 2031 1630 quas

392 1640 530 1695 posuit
545 1640 655 1681 Deus
671 1639 711 1679 in
729 1651 851 1692 opera
866 1651 940 1678 sua
955 1637 1006 1678 ab
1023 1637 1150 1685 initio,
1219 1641 1260 1677 et
1275 1636 1315 1677 in
1332 1636 1504 1677 veritate
1520 1635 1689 1676 enuncio
1707 1635 1915 1675 scientiam
1933 1635 2028 1676 eius.

129 1704 165 1726 2⁶
184 1701 232 1742 In
254 1700 402 1742 iudicio
426 1699 503 1740 Dei
526 1711 649 1753 opera
672 1698 756 1738 eius
780 1698 831 1738 ab
855 1696 983 1745 initio,
1062 1701 1103 1737 et
1127 1696 1177 1736 ab
1201 1694 1459 1736 institutione
1482 1694 1662 1748 ipsorum
1685 1693 1873 1734 distinxit
1895 1699 2031 1747 partes

392 1758 565 1805 illorum,
649 1761 691 1797 et
719 1756 837 1796 initia
865 1768 1004 1796 eorum
1034 1755 1075 1795 in
1103 1754 1292 1808 gentibus
1322 1754 1414 1795 suis.

130 1821 163 1844 ²⁷
183 1819 358 1860 Ornavit
390 1818 431 1859 in
464 1822 662 1858 aeternum
696 1828 819 1869 opera
861 1814 1032 1860 illorum,
1120 1827 1193 1855 nec
1226 1812 1463 1858 esurierunt,
1498 1825 1570 1852 nec
1602 1811 1904 1859 laboraverunt,
1991 1815 2033 1852 et

393 1889 475 1917 non
505 1875 753 1916 destiterunt
783 1874 833 1914 ab
865 1872 1053 1927 operibus
1082 1873 1176 1913 suis.

130 1938 166 1962 2⁸
184 1935 474 1990 Unusquisque
504 1933 738 1988 proximum
768 1931 843 1973 sibi
873 1945 954 1973 non
990 1930 1244 1985 angustiabit
1273 1943 1400 1984 usque
1429 1929 1470 1970 in
1500 1934 1709 1970 aeternum.
1794 1930 1829 1952 '2⁹
1859 1928 1951 1969 Non
1981 1927 2033 1968 sis

393 1991 638 2034 incredibilis
667 1992 792 2032 verbo
821 1990 938 2031 illius.

130 2056 167 2078 ³⁰
183 2054 284 2095 Post
312 2053 398 2094 haec
426 2052 538 2092 Deus
568 2051 609 2091 in
641 2055 791 2090 terram
821 2048 1011 2102 respexit,
1096 2053 1137 2088 et
1167 2047 1354 2101 implevit
1382 2046 1492 2087 illam
1523 2046 1639 2086 bonis
1669 2046 1762 2086 suis.

130 2114 163 2138 ³1
183 2112 334 2154 Anima
352 2111 483 2153 omnis
500 2108 636 2150 vitalis
656 2106 920 2150 denunciavit
940 2112 1036 2148 ante
1055 2107 1200 2147 faciem
1218 2106 1356 2160 ipsius,
1427 2109 1468 2146 et
1485 2104 1526 2145 in
1544 2104 1676 2158 ipsam
1694 2104 1842 2145 iterum
1860 2103 2034 2144 reversio

392 2169 565 2210 illorum.

132 2277 195 2320 17.
250 2278 265 2301 1
285 2276 396 2317 Deus
422 2273 597 2315 bcreavit
617 2273 666 2314 de
687 2277 796 2313 terra
815 2270 1035 2318 hominem,
1107 2274 1148 2310 et
1168 2269 1391 2310 secundum
1411 2267 1629 2321 imaginem
1651 2280 1766 2308 suam
1788 2266 1884 2307 fecit
1904 2266 2028 2307 illum.

151 2335 240 2376 2Et
270 2334 419 2376 iterum
449 2331 653 2374 convertit
683 2330 797 2371 illum
828 2330 869 2371 in
901 2330 1043 2383 ipsam,
1126 2333 1167 2369 et
1197 2328 1420 2368 secundum
1452 2340 1492 2367 se
1521 2325 1689 2366 vestivit
1719 2324 1831 2366 illum
1864 2325 2028 2365 virtute.

151 2397 167 2419 ³
185 2394 411 2435 Numerum
440 2392 609 2440 dierum,
647 2395 688 2431 et
716 2394 878 2443 tempus
902 2389 1016 2430 dedit¹
1043 2387 1110 2436 illi,
1187 2391 1228 2427 et
1257 2385 1370 2427 dedit
1398 2384 1453 2425 illi
1481 2389 1730 2439 potestatem
1759 2396 1910 2432 eorum,
1943 2395 2032 2436 quae

394 2455 491 2492 sunt
519 2462 640 2503 super
668 2454 830 2490 terram.

153 2511 330 2553 ⁴Posuit
360 2510 550 2551 timorem
577 2507 682 2549 illius
714 2520 834 2561 super
867 2519 1028 2548 omnem
1061 2518 1236 2553 carnem,
1316 2509 1355 2544 et
1388 2503 1622 2544 dominatus
1646 2506 1707 2542 est
1738 2501 1960 2542 bestiarum
1991 2505 2032 2540 et

393 2567 635 2610 volatilium.

153 2632 168 2655 5
193 2628 373 2671 cCreavit
397 2641 448 2669 ex
474 2627 562 2681 ipso
586 2625 835 2667 adiutorium
866 2623 994 2665 simile
1024 2623 1118 2664 sibi:
1197 2621 1421 2667 consilium,
1454 2625 1495 2661 et
1520 2619 1712 2673 linguam,
1744 2623 1785 2659 et
1813 2617 1960 2664 oculos,
1992 2622 2033 2657 et

396 2699 524 2735 aures,
556 2690 597 2726 et
625 2697 694 2726 cor
722 2683 835 2725 dedit
859 2682 934 2724 illis
959 2681 1236 2735 excogitandi:
1311 2685 1352 2721 et
1376 2678 1587 2732 disciplina
1610 2676 1837 2718 intellectus
1861 2675 2033 2728 replem't

394 2745 493 2786 illos.

153 2808 168 2829 ‘⁵
187 2804 349 2847 Creavit
378 2804 454 2845 illis
485 2803 697 2844 scientiam
723 2800 900 2855 spiritus,
927 2813 1047 2841 sensu
1077 2798 1265 2853 implevit
1295 2810 1362 2839 cor
1390 2796 1561 2839 illorum.
1647 2798 1687 2834 et
1715 2793 1826 2833 mala
1855 2797 1896 2833 et
1925 2793 2034 2833 bona

396 2861 576 2904 ostendit
604 2860 691 2902 fflis.

154 2921 329 2964 ⁷Posuit
364 2921 527 2963 oculum
562 2933 680 2961 suum
717 2931 837 2973 super
866 2918 989 2959 corda
1023 2916 1183 2958 illorum
1272 2913 1481 2956 ostendere
1516 2911 1591 2952 illis
1625 2909 1831 2964 magnalia
1866 2922 2032 2963 operum

396 2992 574 3028 suorum,

154 3042 169 3064 ⁸
187 3044 234 3081 ut
267 3052 416 3081 nomen
451 3036 785 3079 sanctificationis
818 3035 1069 3077 collaudent:
1157 3038 1198 3075 et
1230 3031 1390 3086 gloriari
1423 3029 1464 3070 in
1496 3027 1748 3069 mirabilibus
1781 3026 1898 3072 illius,
1988 3031 2033 3066 ut

395 3095 600 3151 magnalia
628 3099 818 3137 enarrent
847 3107 1015 3148 operum
1045 3092 1140 3134 eius.

154 3156 360 3198 ⁹Addidit
388 3155 464 3197 illis
495 3154 762 3209 disciplinam,
847 3158 888 3193 et
916 3152 1045 3205 legem
1075 3151 1171 3192 vitae
1199 3146 1447 3190 hereditavit
1474 3146 1574 3187 illos.

135 3218 171 3241 1⁰
188 3216 499 3257 Testamentum
552 3219 751 3254 aeternum
794 3210 1008 3253 constituit
1057 3223 1151 3251 cum
1187 3208 1274 3252 illis,
1367 3210 1407 3247 et
1457 3204 1658 3246 iustitiam
1696 3209 1736 3244 et
1774 3202 1918 3243 iudicia
1961 3214 2033 3241 sua

396 3272 576 3315 ostendit
604 3271 692 3312 illis.

266 3407 307 3440 15
329 3405 439 3439 aRom
459 3406 490 3446 2,
512 3405 541 3438 6.
569 3425 611 3428 2
636 3403 689 3442 17,
710 3404 728 3436 1
755 3402 828 3437 ben
853 3403 883 3442 1,
909 3401 966 3442 27;
991 3401 1023 3441 5,
1049 3402 1077 3434 1.
1107 3421 1145 3423 --
1171 3399 1191 3432 5
1219 3398 1288 3432 cen
1312 3397 1342 3438 2,
1367 3396 1419 3431 18.

2051 1458 2095 1482 Ad
2118 1458 2218 1487 Deum,

2053 1500 2100 1524 qui
2122 1500 2217 1517 omnia

2076 1529 2192 1554 creavit.

2112 2267 2160 2297 qui

2060 2301 2210 2331 speciatim

2092 2343 2178 2366 genus

2056 2371 2215 2396 humanum

2055 2407 2161 2431 creavit
2183 2413 2216 2431 a(-

2060 2442 2208 2472 gubernat,
