2356 3760
141 109 194 149 36,
220 108 338 147 9—3T‚
362 110 382 139 6
948 104 1235 138 PSALMORUM
1954 111 2029 153 505

162 205 178 227 ⁹
201 202 402 251 Quoniam
439 202 507 254 qui
541 199 828 252 malignantur,
866 198 1264 238 exterminabuntur:
1345 199 1589 239 sustinentes
1625 207 1760 241 autern
1794 204 2027 253 Dominum,

404 260 480 314 ipsi
508 258 798 299 hereditabunt
827 262 987 297 terram.

145 322 180 344 ¹⁰
202 320 258 361 Et
278 320 410 360 adhuc
429 317 632 372 pusillum,
655 321 695 355 et
714 328 795 355 non
815 314 890 355 erit
909 320 1115 368 peccator:
1182 321 1221 355 et
1243 329 1394 368 quaeres
1413 315 1545 357 locum
1566 317 1660 361 eius,
1682 322 1723 357 et
1742 331 1822 357 non
1841 319 2028 361 invenies.

145 381 175 403 ¹¹
207 377 428 419 aMansueti
453 381 590 416 autem
614 373 904 414 hereditabunt
928 379 1090 420 terram,
1163 379 1203 414 et
1227 374 1538 415 delectabuntur
1561 375 1601 415 in
1625 375 1886 416 multitudine
1910 378 2028 429 pacis.

145 439 176 462 ¹²
203 436 448 479 Observabit
477 438 667 487 peccator
697 432 868 473 iustum:
952 437 994 472 et
1023 432 1210 472 stridebit
1242 446 1360 486 super
1390 446 1481 473 eum
1512 434 1702 474 dentibus
1733 434 1825 475 suis.

146 499 177 521 13
203 496 402 538 Dominus
430 498 567 533 autem
593 491 776 532 irridebit
802 504 913 531 eum:
995 490 1186 544 quoniam
1214 491 1407 544 prospicit
1434 493 1540 545 quod
1569 492 1703 533 veniet
1730 492 1812 533 dies
1839 493 1933 534 01113.

146 557 177 580 ¹⁴¹
203 554 392 597 Gladium
423 551 744 605 evaginaverunt
773 555 1023 604 peccatores:
1107 549 1370 590 intenderunt
1400 563 1537 590 arcum
1567 564 1697 591 suum.

206 613 262 654 Ut
291 611 481 653 deiiciant
508 622 728 664 pauperem
757 614 798 649 et
826 608 1006 661 inopem:
1088 614 1135 649 ut
1163 608 1366 648 trucident
1395 614 1524 649 rectos
1553 610 1681 649 corde.

146 674 176 696 ¹⁵
203 671 370 714 Gladius
402 682 539 711 eorum
570 668 695 708 intret
724 667 765 708 in
796 667 919 708 corda
948 667 1145 720 ipsorum:
1231 672 1271 707 et
1303 680 1417 707 arcus
1448 680 1585 707 eorum
1617 668 1903 717 confringatur.

146 732 180 755 ¹⁶
203 730 345 771 Melius
375 734 436 769 est
464 727 669 768 modicum
700 726 819 775 iusto,
903 739 1023 779 super
1052 726 1216 767 divitias
1245 732 1505 779 peccatorum
1537 726 1697 766 multas.

147 791 179 813 ¹⁷
205 789 405 838 Quoniam
432 786 598 828 brachia
622 791 883 839 peccatorum
910 790 1188 825 conterentur:
1266 784 1480 825 confirmat
1510 790 1647 825 autem
1673 784 1799 825 iustos
1825 785 2034 826 Dominus.

147 850 181 873 ¹⁸
206 848 332 889 Novit
362 846 562 888 Dominus
594 845 677 885 dies
709 843 1083 885 immaculatorum:
1176 849 1216 884 et
1246 843 1449 884 hereditas
1481 856 1619 883 eorum
1652 843 1690 883 in
1723 849 1918 884 aeternum
1950 844 2035 884 erit.

148 909 182 932 ¹⁹
206 907 297 948 Non
326 905 628 947 confundentur
655 903 696 944 in
725 909 907 956 tempore
936 902 1055 949 malo,
1140 910 1180 944 et
1208 902 1249 943 in
1278 902 1419 943 diebus
1448 902 1566 942 famis
1595 903 1907 942 saturabuntur:

147 968 183 990 ²⁰
207 965 302 1020 quia
325 969 557 1018 peccatores
582 963 785 1017 peribunt.
863 961 1019 1002 Inimici
1044 975 1138 1003 vero
1164 961 1329 1002 Domini
1354 975 1450 1002 mox
1475 966 1521 1002 ut
1545 960 1800 1002 honorificati
1824 961 1975 1001 fuerint
1999 965 2040 1000 et

408 1022 596 1063 exaltati:

207 1083 448 1130 deficientes,
482 1081 828 1135 quemadmodum
857 1080 993 1120 fumus
1023 1080 1222 1121 deficient.

147 1145 178 1168 2¹
205 1141 463 1184 Mutuabitur
492 1146 692 1194 peccator,
724 1145 765 1180 et
793 1152 875 1180 non
903 1138 1052 1180 solvet:
1136 1139 1265 1179 iustus
1295 1143 1433 1179 autem
1462 1138 1674 1178 miseretur
1703 1143 1743 1178 et
1772 1137 1936 1179 tribuet.

148 1249 180 1271 22
207 1246 312 1296 Quia
334 1245 617 1287 benedicentes
640 1244 675 1284 ei
696 1244 987 1285 hereditabunt
1009 1249 1178 1283 terram:
1245 1242 1531 1283 maledicentes
1555 1248 1693 1283 autem
1716 1242 1751 1282 01
1773 1242 2038 1295 disperibunt.
2074 1246 2215 1286 ³⁰³¹ss>f¹¹m

148 1308 181 1331 ²³
206 1306 328 1360 Apud
356 1305 579 1346 Dominum
607 1316 763 1357 gressus
792 1302 965 1344 hominis
995 1302 1235 1354 dirigentur:
1318 1307 1358 1342 et
1386 1301 1495 1341 viam
1524 1301 1607 1341 eius
1636 1300 1757 1341 volet.
2086 1281 2205 1342 fei-2⁰1¹?

149 1367 181 1389 2⁴
207 1365 308 1406 Cum
338 1363 537 1411 ceciderit,
568 1376 650 1403 non
678 1362 908 1403 collidetur:
992 1360 1087 1413 quia
1114 1360 1315 1400 Dominus
1344 1359 1538 1413 supponit
1566 1373 1733 1400 manum
1763 1372 1890 1400 suam.

149 1426 181 1448 ²⁵
210 1423 347 1464 Iunior
376 1423 445 1470 fui,
478 1421 627 1462 etenim
657 1420 788 1461 senui:

208 1489 247 1522 01
277 1495 357 1522 11011
388 1480 471 1521 vidi
500 1480 653 1520 iustum
683 1479 932 1524 derelictum,
1017 1491 1090 1518 nec
1119 1491 1255 1518 semen
1285 1478 1368 1518 eius
1399 1491 1580 1531 quaerens
1609 1491 1769 1531 panem.

149 1543 184 1565 2⁶
208 1541 313 1582 Tota
341 1540 404 1581 die
432 1539 645 1580 miseretur
673 1544 712 1579 et
742 1538 995 1579 commodat:
1079 1543 1118 1577 01
1148 1550 1284 1577 semen
1313 1536 1416 1577 illius
1446 1537 1485 1577 in
1516 1536 1795 1577 benedictione
1823 1536 1909 1578 erit.

149 1601 183 1624 ²⁷
207 1599 377 1640 Declina
404 1612 428 1639 a
450 1597 572 1647 malo,
603 1603 643 1638 et
671 1598 734 1637 fac
764 1597 934 1638 bonum:
1017 1601 1057 1636 et
1085 1596 1272 1636 inhabita
1297 1596 1337 1636 in
1366 1595 1556 1637 saeculum
1584 1595 1728 1636 saeculi.

125 1659 132 1668 “
150 1660 185 1683 ²⁸
209 1659 314 1707 Quia
335 1657 534 1699 Dominus
558 1662 671 1697 amat
693 1656 898 1705 iudicium,
974 1661 1015 1696 et
1037 1669 1118 1696 non
1141 1654 1392 1708 derelinquet
1414 1659 1575 1696 sanctos
1597 1667 1708 1695 suos:
1784 1654 1825 1694 in
1847 1658 2042 1694 aeternum

412 1716 773 1757 conservabuntur.

211 1776 356 1818 Iniusti
384 1775 623 1830 punientur:
707 1780 747 1815 et
776 1788 912 1815 semen
942 1774 1157 1827 impiorum
1188 1773 1347 1827 peribit.

151 1838 186 1861 2⁹
212 1836 313 1876 lusti
331 1842 467 1876 autem
486 1834 775 1875 hereditabunt
792 1839 962 1874 terram:
1018 1839 1058 1873 et
1076 1832 1367 1873 inhabitabunt
1387 1832 1428 1872 in
1445 1830 1788 1872 saeculumsaeculi
1805 1843 1924 1884 super
1940 1843 2041 1872 eam.

151 1898 187 1920 3⁰
213 1895 287 1936 bOs
319 1894 414 1935 iusti
444 1893 711 1934 meditabitur
741 1892 995 1946 sapientiam,
1081 1898 1121 1932 et
1152 1891 1290 1944 lingua
1320 1891 1403 1931 eius
1433 1890 1621 1944 loquetur
1651 1890 1856 1931 iudicium.

151 1957 183 1979 31
216 1955 317 1994 CLex
347 1952 423 1994 Dei
454 1952 536 1993 eius
567 1952 608 1992 in
639 1952 757 1992 corde
788 1951 930 2005 ipsius:
1015 1956 1056 1992 et
1087 1964 1167 1991 non
1198 1950 1575 2004 supplantabuntur
1603 1962 1759 2003 gressus
1790 1949 1885 1990 eius.

151 2016 183 2038 ³2
210 2012 447 2054 Considerat
474 2016 663 2065 peccator
690 2010 860 2051 iustum:
942 2015 983 2051 et
1011 2009 1155 2064 quaerit
1181 2008 1425 2050 mortificare
1452 2022 1556 2050 eum.

151 2074 184 2097 33
209 2071 409 2113 Dominus
441 2076 579 2110 autem
610 2083 690 2110 non
723 2069 973 2123 derelinquet
1005 2082 1096 2109 eum
1128 2068 1168 2109 in
1199 2068 1387 2109 manibus
1419 2068 1520 2108 eius:
1605 2080 1677 2108 nec
1707 2066 1921 2108 damnabit
1952 2078 2043 2106 eum

413 2143 505 2170 cum
534 2128 781 2170 iudicabitur
810 2128 875 2170 illi.

150 2192 184 2216 3⁴
210 2190 396 2243 Expecta
422 2188 657 2235 Dominum,
690 2194 728 2228 et
758 2187 917 2228 custodi
946 2187 1054 2228 viam
1084 2187 1185 2227 eius:

211 2255 251 2290 et
269 2248 469 2289 exaltabit
496 2253 536 2287 te
566 2253 612 2287 ut
640 2246 866 2287 hereditate
889 2247 1024 2300 capias
1050 2252 1219 2287 terram:
1293 2259 1385 2286 cum
1411 2245 1602 2298 perierint
1624 2249 1854 2298 peccatores
1876 2242 2042 2284 videbis.

152 2311 184 2334 ³⁵
210 2308 303 2349 Vidi
330 2307 501 2361 impium
531 2305 893 2359 superexaltatum,
977 2311 1017 2346 et
1046 2305 1251 2346 elevatum
1279 2304 1383 2345 sicut
1412 2304 1548 2345 cedros
1578 2303 1733 2344 Libani.

152 2370 188 2392 ³⁶
210 2368 267 2409 Et
290 2365 471 2413 transivi,
499 2371 539 2406 et
563 2378 652 2406 0000
677 2378 757 2405 11011
781 2370 886 2405 erat:
961 2370 1002 2405 et
1026 2364 1193 2418 quaesivi
1217 2377 1320 2409 eum,
1348 2368 1387 2404 et
1412 2376 1491 2403 non
1517 2368 1575 2403 est
1600 2362 1790 2402 inventus
1813 2361 1923 2402 100113
1947 2360 2041 2401 eius.

153 2428 187 2451 37
211 2425 380 2467 Custodi
395 2424 681 2473 innocentiam,
701 2429 741 2464 et
756 2424 849 2465 vide
865 2424 1121 2477 aequitatem:
1180 2423 1371 2477 quoniam
1389 2428 1483 2462 sunt
1499 2421 1676 2475 reliquiae
1695 2420 1848 2462 homini
1863 2419 2042 2473 pacifico.

153 2488 188 2510 ³⁸
214 2484 359 2526 Iniusti
390 2489 527 2524 autem
559 2482 813 2536 disperibunt
843 2483 979 2523 simul:
1064 2482 1241 2536 reliquiae
1270 2481 1486 2535 impiorum
1518 2480 1753 2521 interibunt.

153 2547 189 2570 33
212 2544 328 2585 Salus
351 2548 488 2583 autem
510 2542 709 2583 iustorum
733 2555 757 2582 a
777 2542 971 2583 Domino:
1043 2547 1084 2582 et
1104 2546 1312 2595 protector
1333 2553 1470 2581 00111111
1493 2539 1533 2580 111
1556 2545 1736 2592 tempore
1758 2537 2041 2579 tribulationis

154 2605 191 2628 ⁴⁰
214 2604 268 2644 Et
297 2601 510 2644 adiuvabit
539 2614 605 2642 eos
632 2601 844 2650 Dominus,
876 2606 917 2642 et
943 2600 1133 2642 liberabit
1161 2614 1245 2641 eos:
1329 2604 1369 2640 et
1398 2604 1510 2640 eruet
1539 2612 1604 2640 eos
1633 2612 1657 2639 a
1683 2597 1973 2651 peccatoribus,
2005 2600 2046 2636 et

415 2660 593 2701 salvabit
621 2673 707 2701 eos:
791 2660 886 2714 quia
914 2665 1181 2714 speraverunt
1208 2659 1249 2700 in
1279 2672 1336 2701 eo.

689 2783 856 2833 37(38).
886 2781 1166 2833 Supplicatio
1196 2781 1313 2821 male
1342 2780 1504 2821 affecti.

258 2872 273 2895 ¹
301 2869 486 2911 Psalmus
513 2867 662 2916 David,
693 2867 733 2908 in
761 2865 1141 2907 rememorationem
1169 2865 1218 2906 de
1247 2865 1431 2905 sabbato.
1489 2861 1711 2902 XXXVII.

174 2978 191 3001 2
212 2975 387 3017 Domine
413 2980 484 3014 dne
507 2973 548 3014 in
570 2973 704 3014 furore
728 2977 800 3013 tuo
826 2984 970 3025 arguas
993 2983 1069 3017 me,
1149 2983 1278 3023 neque
1302 2969 1342 3009 in
1366 2968 1426 3008 ira
1448 2974 1522 3008 tua
1543 2965 1733 3019 corripias
1758 2978 1834 3006 me.
2090 2965 2210 3031 ἓξὲξ

176 3037 191 3060 3
215 3034 416 3084 Quoniam
439 3032 598 3086 sagittae
620 3036 702 3072 tuae
724 3031 858 3071 infixae
880 3035 976 3071 sunt
997 3029 1114 3069 mihi:
1172 3034 1212 3070 et
1233 3026 1480 3069 confirmasti
1502 3038 1621 3078 super
1642 3038 1706 3065 me
1728 3037 1896 3065 manum
1916 3028 2043 3073 tuam.
2074 3036 2223 3067 aegrotam.

175 3096 191 3118 ⁴¹
215 3094 307 3134 Non
327 3098 388 3133 est
410 3091 563 3133 sanitas
585 3090 626 3131 in
648 3102 767 3131 carne
789 3102 881 3130 mea
901 3102 926 3129 a
945 3088 1047 3129 facie
1069 3088 1137 3129 irae
1159 3094 1257 3128 tuae:
1314 3100 1394 3127 non
1417 3090 1478 3126 est
1498 3098 1581 3138 pax
1603 3083 1758 3125 ossibus
1780 3083 1878 3124 meis
1901 3096 1925 3122 a
1945 3082 2047 3122 facie

415 3155 676 3205 peccatorum
705 3162 899 3190 meorum.

175 3213 190 3236 ⁵
214 3210 415 3260 Quoniam
441 3209 678 3263 iniquitates
704 3221 803 3249 meae
829 3219 1092 3261 supergressae
1117 3210 1213 3247 sunt
1239 3210 1361 3257 caput
1388 3215 1542 3243 meum:
1614 3207 1655 3242 et
1676 3201 1780 3241 sicut
1802 3213 1902 3242 onus
1923 3211 2044 3252 grave

414 3274 595 3322 gravatae
624 3272 720 3308 sunt
748 3279 867 3321 super
894 3279 971 3307 me.

176 3330 191 3353 ⁶
213 3328 465 3369 Putruerunt
494 3332 535 3368 01
563 3331 764 3379 corruptae
792 3330 887 3366 sunt
916 3324 1121 3365 cicatrices
1150 3336 1260 3365 meze.
1344 3334 1368 3361 a
1395 3320 1496 3361 facie
1526 3319 1765 3373 insipientia}
1793 3330 1902 3357 meae.

287 3454 340 3494 36,
365 3455 404 3488 11
431 3454 501 3487 aMt
524 3454 555 3494 5,
582 3454 609 3487 4.
638 3474 679 3477 —
703 3453 745 3487 30
768 3453 833 3486 bPr
855 3452 908 3488 31.
934 3452 984 3484 26.
1013 3471 1053 3474 W«
1077 3450 1116 3483 31
1147 3450 1195 3483 cls
1219 3449 1273 3488 51,
1299 3448 1326 3482 7.
1353 3468 1396 3472 -—
1419 3447 1472 3489 37,
1489 3447 1518 3480 :3
1540 3447 1630 3489 dSup
1655 3446 1684 3485 6,
1710 3445 1738 3477 2.
