2356 3760
125 137 157 176 6,
182 136 281 175 5-7,
308 136 326 168 7
960 132 1191 166 SAMUELIS
1947 138 2023 179 229

125 229 459 282 sponderuntque
485 226 560 266 illi:
607 229 622 251 ⁵
644 226 768 267 quta
793 238 1007 266 numerum
1034 226 1335 279 provinciarum
1356 225 1692 266 Philisthinorum
1721 229 1898 282 quinque
1926 243 2024 271 anos

126 300 268 328 aureos
296 286 466 333 facietis,
496 290 538 325 et
566 285 745 338 quinque
773 297 906 325 mures
935 297 1095 325 aurcos:
1126 284 1221 337 quia
1248 284 1368 337 plaga
1396 297 1477 325 una
1504 284 1583 324 fuit
1610 286 1796 326 omnibus
1825 288 1952 335 vobis,
1983 294 2025 329 et

126 345 300 399 satrapis
341 344 497 386 vestris.
540 343 574 383 F
576 343 797 396 acietisque
838 342 1122 384 similitudines
1165 356 1335 384 anorum
1377 347 1617 388 vestrorum,
1661 347 1702 383 et
1742 344 2024 387 similitudines

127 404 317 452 murium,
347 403 415 456 qui
441 401 624 444 demoliti
650 407 747 442 sunt
773 406 934 442 terram.
964 407 1006 442 et
1031 400 1182 442 dabitis
1208 402 1295 442 Deo
1324 401 1446 441 Israel
1472 401 1660 454 gloriam:
1688 401 1719 441 si
1745 402 1849 443 forte
1875 403 2026 445 relevet

128 476 295 504 manum
316 475 431 502 suam
453 475 477 501 a
497 460 626 509 vobis,
649 466 690 501 et
709 474 733 500 a
753 460 829 501 diis
850 460 1008 503 vestris,
1032 466 1073 500 et
1093 473 1116 500 a
1136 465 1241 500 terra
1264 465 1411 500 vestra.
1464 461 1479 483 ⁶
1499 460 1631 508 Quare
1653 461 1884 513 aggravatis
1905 463 2027 502 corda

128 527 276 568 vestra,
298 520 403 561 sicut
420 519 663 573 aggravavit
680 519 895 572 AEgyptus,
916 524 958 559 et
975 519 1134 559 Pharao
1154 532 1221 559 cor
1239 519 1381 559 suum?
1406 531 1559 559 anonne
1577 524 1796 572 postquam
1816 532 2026 572 percussus

128 586 201 628 est,
224 585 324 620 tunc
344 578 499 620 dimisit
519 591 598 627 eos,
621 583 662 618 et
682 577 895 618 abierunt?
947 579 960 601 ⁷
983 578 1101 618 Nunc
1121 590 1213 630 ergo
1235 577 1400 629 arripite
1422 582 1463 617 et
1482 576 1603 617 facite
1625 577 1853 630 plaustrum
1873 591 2027 618 novum

129 652 274 680 unum:
298 643 339 678 et
359 638 460 678 duas
482 650 626 677 vaccas
648 636 782 684 foeta-s,
808 636 953 689 quibus
975 649 1056 677 non
1078 641 1140 677 est
1160 636 1396 689 impositum
1420 635 1571 688 iugum,
1594 635 1748 688 iungite
1768 636 1810 676 in
1830 636 2025 690 plaustro,

129 704 171 739 et
185 697 381 738 recludite
398 696 548 737 vitulos
567 708 705 736 earum
723 695 844 736 domi.
893 697 908 719 ²³
926 695 1172 748 Tolletisque
1190 707 1324 735 arcam
1343 694 1520 739 Domini,
1540 699 1581 734 et
1597 694 1756 747 ponetis
1774 694 1815 734 in
1832 695 2025 748 plaustro,

129 762 171 798 et
198 769 299 797 vasa
327 768 460 803 aurea,
492 768 581 808 quae
610 754 819 795 exolvistis
849 754 883 794 ei
911 767 983 807 pro
1013 754 1172 801 delicto,
1203 753 1363 807 ponetis
1392 753 1433 792 in
1463 752 1679 806 capsellam
1709 753 1761 793 ad
1788 753 1895 794 latus
1925 753 2026 793 eius:

130 820 172 856 et
195 814 392 856 dimittite
416 827 505 854 eam
530 819 578 854 ut
600 813 740 854 vadat.
795 815 810 836 ⁹
834 813 889 853 Et
912 813 1134 866 aspicietis:
1160 817 1201 853 et
1224 812 1256 852 si
1280 812 1443 865 quidem
1468 824 1539 864 per
1562 811 1669 851 viam
1700 811 1841 852 finium
1864 824 2028 852 suorum

131 873 358 915 ascenderit
374 879 517 913 contra
533 872 785 915 Bethsames,
804 872 888 925 ipse
903 871 1000 912 fecit
1015 871 1131 912 nobis
1148 872 1224 912 hoc
1239 871 1393 911 malum
1409 871 1579 923 grande:
1597 869 1657 909 sin
1676 875 1826 917 autem,
1844 870 2028 910 minime:

131 933 302 974 sciemus
329 931 424 985 quia
448 944 710 984 nequaquam
736 944 881 971 manus
908 930 991 971 eius
1018 931 1155 983 tetigit
1179 944 1264 977 nos,
1293 930 1362 970 sed
1388 942 1482 970 casu
1510 928 1669 969 accidit.

236 993 272 1016 ¹⁰
290 991 491 1031 Fecerunt
510 1003 602 1043 ergo
622 989 678 1029 illi
698 990 773 1030 hoc
792 990 932 1030 modo:
955 995 995 1030 et
1015 989 1202 1030 tollentes
1223 989 1323 1030 duas
1345 1002 1501 1033 vaccas,
1525 1001 1614 1041 quae
1632 987 1846 1028 lactabant
1865 987 2027 1028 vitulos.
2051 992 2079 1016 m
2100 992 2219 1039 nemas-

130 1051 353 1091 iunxerunt
382 1050 434 1090 ad
462 1049 704 1103 plaustrum,
737 1048 968 1102 vitulosque
999 1061 1137 1089 earum
1169 1048 1453 1089 concluserunt
1482 1046 1603 1087 domi.
1663 1049 1691 1070 ¹¹
1723 1046 1779 1087 Et
1807 1051 2031 1100 posuerunt
2050 1028 2222 1092 meinrffifm'

132 1123 268 1150 arcam
285 1108 361 1149 Dei
377 1121 498 1161 super
512 1108 754 1162 plaustrum,
774 1113 814 1148 et
830 1107 1059 1160 capsellam,
1080 1121 1169 1160 quae
1185 1107 1365 1148 habebat
1381 1119 1513 1146 mures
1531 1119 1672 1146 aureos
1690 1110 1730 1145 et
1746 1104 2032 1146 similitudines

133 1181 316 1209 anorum.
373 1169 404 1191 ¹²
434 1167 557 1207 Ibant
583 1172 718 1208 autem
748 1166 789 1206 in
817 1166 1017 1207 directum
1045 1179 1179 1207 vaccae
1204 1179 1276 1219 per
1301 1166 1423 1211 viam,
1455 1178 1544 1217 quae
1570 1164 1683 1204 ducit
1712 1164 1962 1213 Bethsames,
1992 1169 2033 1205 et

131 1227 275 1268 itinere
305 1240 386 1267 uno
416 1226 719 1279 gradiebantur,
753 1231 964 1279 pergentes
996 1230 1037 1266 et
1067 1225 1311 1278 mugientes:
1344 1230 1385 1265 et
1414 1237 1495 1264 non
1527 1223 1788 1264 declinabant
1818 1236 1948 1276 neque
1980 1223 2028 1263 ad

132 1287 320 1327 dextram
352 1298 483 1339 neque
515 1285 567 1325 ad
598 1284 823 1325 sinistram:
857 1285 926 1325 sed
958 1289 999 1325 et
1030 1290 1205 1337 satrapae
1236 1282 1480 1324 Philisthiim
1514 1282 1791 1335 sequebantur
1821 1295 1948 1335 usque
1980 1282 2032 1321 ad

133 1344 327 1386 terminos
349 1344 600 1385 Bethsames
650 1346 680 1368 ¹3
699 1344 823 1384 Porro
846 1343 1111 1384 Bethsamitae
1130 1342 1342 1382 metebant
1362 1341 1542 1382 triticum
1563 1340 1603 1380 in
1624 1340 1745 1381 valle:
1768 1345 1808 1381 et
1827 1340 2032 1381 elevantes

133 1404 268 1445 oculos
294 1417 398 1449 suos,
426 1403 618 1443 viderunt
642 1415 789 1446 arcam,
817 1407 858 1442 et
880 1402 1009 1455 gavisi
1033 1406 1129 1441 sunt
1154 1414 1245 1441 cum
1271 1400 1479 1441 vidissent.
1534 1401 1564 1423 ¹⁴
1589 1400 1643 1439 Et
1668 1399 1895 1452 plaustrum
1920 1398 2035 1439 venit

132 1463 173 1503 in
200 1475 342 1515 agrum
370 1462 487 1502 Iosue
515 1461 792 1505 Bcthsamitae,
821 1466 862 1501 et
887 1460 1002 1501 stetit
1029 1460 1095 1501 ibi.
1125 1460 1226 1500 Erat
1252 1466 1390 1500 autem
1418 1458 1471 1499 ibi
1497 1458 1598 1512 lapis
1626 1471 1808 1511 magnus.
1837 1463 1878 1498 et
1904 1457 2034 1498 conei-

133 1523 282 1562 derunt
318 1520 427 1574 ligna
466 1519 649 1573 plaustri,
691 1533 917 1573 vaccasque
957 1519 1239 1573 imposuerunt
1277 1531 1397 1572 super
1436 1531 1480 1558 ea
1520 1517 1803 1558 holocaustum
1842 1516 2032 1557 Domino.

134 1583 165 1605 ¹5
187 1580 342 1621 Levitzc
363 1585 503 1620 autem
524 1580 801 1632 deposuerunt
823 1592 957 1619 arcam
980 1578 1068 1623 Dei,
1092 1584 1133 1619 et
1154 1577 1384 1631 capsellam,
1409 1590 1498 1631 qua-3·
1519 1582 1607 1617 erat
1628 1576 1741 1616 iuxta
1766 1589 1866 1623 eam,
1890 1575 1931 1615 in
1954 1588 2035 1628 qua

134 1644 250 1680 erant
279 1652 378 1679 vasa
407 1651 540 1680 aurea.
573 1644 611 1678 et
641 1644 866 1691 posuerunt
894 1651 1014 1691 super
1041 1637 1218 1691 lapidem
1247 1637 1454 1690 grandem.
1488 1635 1571 1676 Viri
1600 1642 1737 1675 autem
1770 1634 2035 1675 Bethsamitae

135 1698 372 1740 obtulerunt
390 1697 640 1745 holocausta,
662 1702 703 1737 ct
720 1696 1039 1737 immolaverunt
1057 1696 1245 1737 victimas
1264 1696 1303 1736 in
1324 1695 1386 1736 die
1406 1695 1471 1735 illa
1493 1694 1680 1735 Domino.
1730 1695 1763 1717 ¹⁶
1782 1693 1837 1734 Et
1856 1693 2035 1746 quinque

134 1763 309 1811 satrapa}
330 1756 666 1797 Philisthinorum
689 1756 892 1803 viderunt,
917 1762 957 1796 et
978 1755 1126 1796 reversi
1148 1761 1244 1796 sunt
1264 1754 1304 1795 in
1327 1755 1509 1795 Accaron
1532 1753 1571 1793 in
1594 1753 1657 1793 die
1680 1753 1758 1793 illa.
1809 1754 1841 1776 ¹7
1866 1752 1920 1792 Hi
1941 1756 2037 1792 sunt

135 1822 274 1858 autem
297 1815 364 1856 ani
388 1815 509 1863 aurei,
536 1829 635 1868 quos
658 1815 924 1855 reddiderunt
947 1814 1192 1855 Philisthiim
1219 1827 1289 1867 pro
1314 1814 1472 1861 delicto,
1497 1812 1693 1854 Domino:
1718 1812 1870 1852 Azotus
1894 1824 2034 1859 unum,

135 1876 246 1917 Gaza
263 1888 403 1923 unum,
424 1874 598 1915 Ascalon
618 1888 756 1921 unum,
778 1874 884 1914 Geth
905 1887 1043 1919 unum,
1064 1874 1246 1914 Accaron
1266 1886 1411 1913 unum:
1459 1874 1493 1896 ¹¹³
1511 1877 1552 1912 et
1571 1884 1702 1911 mures
1731 1883 1870 1911 aureos
1898 1882 2036 1910 secun-

135 1936 233 1976 dum
257 1947 472 1975 numerum
495 1933 658 1974 urbium
682 1933 941 1981 Philisthiim,
969 1933 1147 1986 quinque.
1172 1932 1485 1985 provinciarinn,
1513 1931 1563 1971 ab
1588 1930 1685 1971 urbe
1710 1934 1883 1977 murata,
1910 1942 2037 1982 usque

136 1995 188 2035 ad
207 1993 359 2041 villam,
383 2006 472 2046 quae
492 1997 579 2033 erat
599 1993 751 2045 absque
772 2005 899 2039 muro,
922 1997 963 2032 et
982 2005 1109 2045 usque
1130 1992 1181 2031 ad
1200 1991 1511 2040 Abelmagnum,
1534 2002 1654 2042 super
1673 2001 1793 2042 quem
1813 1990 2038 2041 posuerunt

136 2065 271 2094 arcam
294 2051 472 2099 Domini,
499 2064 588 2104 quae
610 2056 698 2091 erat
720 2064 846 2104 usque
869 2050 909 2090 in
933 2050 1045 2090 illum
1069 2050 1175 2090 diem
1198 2050 1238 2089 in
1262 2063 1356 2103 agro
1382 2050 1498 2090 losue
1523 2046 1800 2088 Bethsamitis.

242 2113 276 2135 ¹⁹
301 2109 505 2151 Percussit
531 2115 668 2150 autem
695 2110 743 2150 de
770 2109 866 2149 viris
894 2109 1230 2157 Bethsamitibus,
1259 2122 1304 2150 eo
1332 2108 1441 2162 quod
1467 2107 1665 2148 vidissent
1691 2119 1826 2146 arcam
1852 2104 2036 2146 Domini:
2052 2104 2237 2164 Βξξῇξὲᾗῖξξί-

136 2176 178 2212 et
203 2169 402 2224 percussit
428 2169 477 2210 de
503 2168 654 2223 populo
681 2168 940 2222 septuaginta
970 2168 1089 2216 viros,
1119 2173 1159 2208 et
1187 2167 1487 2222 quinquaginta
1512 2165 1638 2207 millia
1664 2164 1803 2219 plebis.
1834 2163 2038 2217 Luxitque
2083 2160 2090 2165 ”
2119 2175 2171 2200 bus

137 2228 323 2284 populus,
351 2242 396 2269 eo
423 2228 532 2282 quod
556 2227 756 2269 Dominus
782 2227 1045 2281 percussisset
1068 2227 1228 2281 plebem
1252 2226 1373 2280 plaga
1396 2240 1556 2279 magna.
1609 2226 1646 2248 ‘²⁰
1670 2224 1724 2264 Et
1749 2223 1940 2264 dixerunt
1964 2222 2041 2262 viri

138 2287 423 2329 Bethsamitae:
449 2287 546 2335 Quis
569 2286 722 2340 poterit
743 2292 849 2327 stare
872 2286 912 2326 in
936 2292 1155 2340 conspectu
1177 2285 1343 2326 Domini
1366 2285 1441 2325 Dei
1463 2283 1593 2326 sancti
1615 2282 1758 2324 huius?
1783 2287 1824 2322 et
1846 2283 1897 2323 ad
1920 2294 2040 2335 quem

137 2347 330 2388 ascendet
356 2360 380 2387 a
404 2345 545 2388 nobis?
600 2347 630 2369 ‘²¹
657 2345 936 2399 Miseruntque
963 2345 1130 2386 nuncios
1159 2346 1210 2386 ad
1236 2344 1488 2385 habitatores
1515 2341 1811 2390 Cariathiarim,
1841 2341 2038 2382 dicentes:

140 2407 409 2448 Reduxerunt
436 2404 685 2446 Philisthiim
717 2418 851 2445 arcam
882 2404 1060 2451 Domini,
1093 2403 1336 2448 descendite,
1369 2408 1408 2443 et
1438 2403 1617 2444 reducite
1648 2414 1737 2441 eam
1768 2400 1819 2440 ad
1849 2413 1932 2441 vos.

246 2465 281 2508 7.
336 2466 349 2488 ¹
376 2464 586 2505 Venerunt
611 2476 703 2517 ergo
729 2463 805 2503 viri
831 2463 1128 2511 Cariathiarim,
1157 2468 1198 2503 et
1222 2463 1473 2503 reduxerunt
1499 2475 1633 2502 arcam
1660 2457 1838 2507 Domini,
1867 2463 1908 2500 et
1931 2457 2039 2498 intu-
2074 2458 2217 2519 issllfflffg·

137 2525 273 2566 lerunt
297 2537 387 2564 eam
411 2523 452 2563 in
477 2524 645 2564 domum
669 2522 888 2564 Abinadab
913 2522 954 2563 in
979 2523 1140 2563 Gabaa:
1167 2521 1407 2563 Eleazarum
1433 2525 1572 2562 autem
1599 2519 1727 2561 filium
1752 2516 1835 2559 eius
1860 2516 2040 2558 sanctifi—
2068 2530 2223 2555 reducitur.

140 2587 349 2631 caverunt,
380 2587 427 2623 ut
455 2581 680 2623 custodiret
707 2594 842 2622 arcam
870 2581 1049 2623 Domini.

675 2675 713 2714 2.
744 2673 808 2714 De
839 2673 1005 2714 ducatu
1036 2671 1277 2723 Samuelis,
1305 2673 1345 2722 7,
1364 2672 1508 2712 2—17.

245 2742 259 2765 2
283 2740 339 2780 Et
361 2740 518 2780 factum
543 2745 615 2788 est,
642 2753 691 2780 ex
716 2752 797 2792 qua
820 2738 883 2779 die
908 2737 1059 2779 mansit
1084 2751 1177 2779 arca
1199 2737 1366 2779 Domini
1390 2737 1431 2778 in
1456 2735 1753 2783 Cariathiarim,
1780 2732 2041 2787 multiplicati
2071 2737 2221 2798 (1ξὲ353ξῇΞό

140 2804 237 2841 sunt
259 2799 343 2840 dies
367 2799 472 2851 (erat
496 2798 646 2852 quippe
669 2798 750 2839 iam
775 2811 904 2838 annus
929 2796 1166 2851 vigesimus)
1189 2802 1230 2838 et
1252 2796 1454 2850 requievit
1477 2795 1607 2838 omnis
1632 2796 1775 2836 domus
1802 2792 1926 2834 Israel
1948 2796 2043 2846 post
2218 2792 2224 2802 '

139 2858 376 2900 Dominum.
430 2859 446 2882 ³
470 2857 542 2898 Ait
567 2863 705 2898 autem
731 2856 894 2898 Samuel
920 2857 971 2897 ad
997 2856 1229 2896 universam
1256 2856 1424 2896 domum
1453 2854 1586 2903 Israel,
1615 2853 1769 2895 dicens:
1799 2852 1861 2894 bSi
1885 2851 1928 2892 in
1952 2856 2042 2892 toto

140 2918 259 2959 corde
279 2922 415 2957 vestro
434 2915 687 2957 revertimini
707 2916 758 2957 ad
777 2915 1014 2963 Dominum,
1037 2915 1193 2955 auferte
1214 2915 1309 2956 deos
1330 2914 1481 2955 alienos
1502 2914 1551 2955 de
1570 2911 1704 2953 medio
1724 2911 1862 2959 vestri,
1884 2909 2044 2951 Baalim

141 2982 182 3018 et
204 2975 422 3016 Astaroth:
448 2980 489 3015 et
512 2980 739 3028 praeparate
764 2975 887 3015 corda
910 2979 1047 3015 vestra
1069 2973 1260 3023 Domino,
1288 2978 1329 3014 et
1352 2972 1500 3014 servite
1525 2972 1559 3013 ei
1583 2971 1668 3020 soli,
1695 2975 1737 3012 et
1760 2975 1874 3011 eruet
1897 2983 1969 3010 vos
1995 2969 2044 3009 de

140 3048 265 3076 manu
286 3033 547 3075 Philisthiim.
597 3036 612 3058 ⁴
631 3033 903 3075 Abstulerunt
924 3045 1016 3086 ergo
1041 3032 1111 3073 filii
1134 3032 1258 3073 Israel
1280 3031 1438 3073 Baalim
1461 3036 1502 3072 et
1521 3030 1731 3079 Astaroth,
1756 3034 1797 3070 et
1817 3028 2045 3070 servierunt

140 3093 317 3135 Domino
345 3091 429 3133 soli.
485 3094 500 3117 ⁵
526 3092 644 3133 Dixit
671 3098 809 3133 autem
837 3091 1018 3133 Samuel:
1048 3091 1297 3145 Congregate
1325 3091 1561 3132 universum
1590 3088 1714 3130 Israel
1740 3088 1782 3129 in
1808 3086 2042 3141 Masphath,

141 3158 188 3194 ut
204 3165 314 3194 orem
330 3164 403 3205 pro
421 3151 537 3193 vobis
554 3151 790 3193 Dominum.
840 3153 855 3175 ⁶
871 3151 927 3191 Et
943 3155 1223 3192 convenerunt
1238 3149 1280 3190 in
1297 3149 1537 3203 Masphath:
1555 3149 1861 3201 hauseruntque
1878 3158 2041 3199 aquam,

141 3217 183 3253 et
205 3211 438 3252 effuderunt
459 3209 502 3251 in
526 3216 746 3264 conspectu
769 3209 948 3258 Domini,
975 3214 1016 3251 et
1038 3209 1324 3250 ieiunaverunt
1346 3208 1388 3248 in
1412 3208 1475 3250 die
1498 3207 1578 3256 illa,
1605 3212 1729 3260 atque
1753 3205 1946 3247 dixerunt
1968 3202 2042 3243 ibi:

140 3269 404 3312 Peccavimus
430 3269 621 3311 Domino.
677 3269 963 3323 Iudicavitque
988 3267 1152 3309 Samuel
1179 3267 1281 3309 filios
1310 3266 1432 3308 Israel
1457 3266 1499 3307 in
1523 3265 1758 3320 Masphath.

248 3331 262 3353 ⁷
294 3329 350 3370 Et
380 3328 597 3369 audierunt
627 3327 876 3369 Philisthiim
908 3328 1018 3381 quod
1049 3326 1281 3381 congregati
1311 3330 1446 3367 essent
1479 3325 1549 3366 filii
1581 3323 1705 3365 Israel
1734 3323 1776 3364 in
1806 3319 2037 3375 Masphath,

141 3393 183 3430 et
207 3388 478 3429 ascenderunt
502 3392 677 3440 satrapae
700 3386 1040 3428 Philisthinorum
1067 3386 1119 3427 ad
1146 3385 1280 3426 Israel.
1309 3385 1427 3434 Quod
1453 3398 1545 3426 cum
1571 3382 1781 3424 audissent
1807 3381 1878 3421 filii
1905 3376 2038 3424 Israel,

273 3475 305 3515 6,
330 3475 349 3508 6
379 3474 448 3507 ·Ex
472 3474 524 3514 12,
549 3473 600 3506 31.
627 3493 670 3496 -
695 3473 725 3514 7,
749 3471 770 3505 3
793 3472 863 3506 th
887 3472 917 3513 6,
943 3472 1000 3513 13;
1026 3470 1079 3504 Mt
1102 3471 1133 3512 4,
1158 3470 1209 3504 10.

2059 3315 2232 3343 Philisthiim

2073 3350 2215 3378 humiliat,
