2356 3760
666 417 1130 502 LIBER
1210 418 1484 506 IOB.

992 564 1180 571 :cxx—rzmxp

868 639 1290 692 PROLOGUS.

425 729 577 781 Pius
615 729 730 781 Iob
770 727 969 779 malis
1009 729 1333 791 tentatur,
1373 728 1416 791 1,
1443 728 1598 793 1--3,
1626 728 1729 780 26.

1018 824 1215 834 ..,οξ

646 871 685 910 1.
717 871 865 911 Pietas
895 870 939 910 et
967 869 1159 910 felicitas
1191 872 1303 921 eius,
1332 872 1372 921 1,
1391 871 1509 911 1—5.

231 943 269 986 1.
325 945 338 967 ¹
367 942 437 983 Vir
465 947 550 983 erat
578 942 619 982 in
649 944 769 983 Terra
800 942 898 984 Hus.
929 941 1092 982 nomine
1123 942 1206 986 Iob,
1238 948 1277 982 et
1306 948 1392 983 erat
1422 942 1483 983 vir
1509 942 1573 982 ille
1601 942 1783 995 simplex,
1815 947 1856 983 et
1882 948 2027 985 rectus,
2064 942 2203 1001 ξῖ11ᾱξῇξζ

127 1014 173 1042 ac
197 1002 345 1042 timens
370 1002 515 1045 Deum.
543 1006 583 1041 et
607 1002 795 1042 recedens
821 1015 844 1041 a
868 1000 993 1041 malo:
1046 1002 1060 1024 2
1086 1001 1264 1054 Natique
1290 1007 1385 1041 sunt
1410 1001 1444 1041 ei
1469 1006 1624 1054 septem
1649 1000 1730 1049 filii,
1758 1006 1797 1041 et
1822 1006 1902 1041 tres
1927 1000 2028 1041 filiae.

126 1063 141 1085 ³
167 1060 223 1101 Et
247 1061 326 1101 fuit
353 1060 549 1113 possessio
576 1060 660 1101 eius
687 1066 843 1113 septem
869 1059 996 1100 millia
1021 1059 1171 1105 ovium,
1200 1066 1241 1100 et
1267 1059 1346 1100 tria
1370 1059 1497 1100 millia
1522 1059 1779 1103 camelorum,
1809 1060 2032 1113 quingenta

128 1132 290 1173 quoque
318 1119 412 1172 iuga
440 1120 576 1167 boum,
608 1124 649 1160 et
677 1119 909 1173 quingentae
938 1118 1069 1160 asinae.
1102 1131 1147 1159 ac
1174 1118 1330 1159 familia
1357 1118 1489 1159 multa
1516 1118 1652 1158 nimis:
1683 1123 1850 1171 eratque
1878 1118 1941 1158 vir
1967 1118 2031 1158 ille

126 1191 298 1232 magnus
327 1178 433 1218 inter
462 1191 601 1219 ornnes
631 1178 868 1219 Orientales.

231 1239 246 1261 ⁴
276 1237 331 1278 Et
360 1237 476 1277 ibant
506 1236 576 1277 filii
606 1237 701 1286 eius,
734 1242 775 1277 et
804 1237 1010 1277 faciebant
1040 1236 1274 1277 convivium
1304 1248 1375 1289 per
1404 1236 1556 1277 domos,
1589 1235 1867 1288 unusquisque
1897 1235 1938 1275 in
1968 1235 2030 1275 die
2066 1240 2205 1299 {urngfiss

127 1309 211 1337 suo.
241 1296 297 1336 Et
323 1296 535 1336 mittentes
562 1296 769 1337 vocabant
797 1302 877 1336 tres
905 1307 1057 1336 sorores
1085 1307 1177 1335 suas
1204 1300 1252 1334 ut
1279 1294 1537 1335 comederent
1564 1299 1604 1333 et
1631 1293 1817 1334 biberent
1844 1306 1936 1333 cum
1963 1293 2029 1333 eis.
2058 1282 2130 1300 ΜΗ
2157 1279 2212 1299 ‘³³¹'

126 1357 141 1379 5
165 1354 348 1408 Cumque
371 1354 413 1395 in
436 1355 575 1395 orbern
599 1354 841 1395 transissent
864 1354 947 1394 dies
972 1352 1160 1396 convivii.
1186 1353 1381 1393 mittebat
1406 1353 1457 1393 ad
1485 1363 1551 1391 eos
1574 1352 1658 1399 Iob,
1685 1358 1725 1392 et
1749 1351 2033 1392 sanctificabat

127 1413 226 1458 illos,
269 1426 594 1466 consurgensque
633 1412 809 1453 diluculo
850 1412 1046 1453 offerebat
1086 1410 1326 1452 holocausta
1364 1424 1435 1465 pro
1475 1410 1652 1464 singulis.
1694 1410 1869 1451 Dicebat
1908 1410 2032 1450 enim:

128 1473 188 1513 Ne
216 1472 322 1513 forte
350 1471 609 1525 peccaverint
638 1471 707 1512 filii
736 1471 826 1515 mei.
859 1476 899 1511 et
929 1469 1210 1511 benedixerint
1238 1470 1324 1510 Deo
1355 1469 1395 1510 in
1425 1469 1612 1511 cordibus
1642 1469 1734 1509 suis.
1766 1469 1830 1509 Sic
1857 1468 2036 1509 faciebat-

129 1531 202 1572 Iob
232 1530 388 1572 cunctis
419 1530 572 1571 diebus.

747 1589 785 1628 2.
815 1587 1021 1628 Tentatio
1050 1587 1192 1639 prior,
1220 1587 1260 1637 1,
1279 1587 1423 1627 6-22.

236 1662 251 1683 ⁶
282 1660 469 1708 Quadam
502 1665 639 1700 autem
672 1659 735 1700 die
766 1672 857 1700 cum
890 1658 1096 1699 venissent
1127 1657 1196 1698 filii
1226 1658 1302 1699 Dei
1334 1664 1380 1698 ut
1411 1657 1645 1698 assisterent
1677 1670 1811 1698 coram
1843 1656 2031 1698 Domino.
2077 1654 2202 1679 D¹³¹¹¹i¹²⁰

128 1719 248 1759 assuit
272 1718 378 1759 inter
404 1732 470 1759 eos
496 1718 620 1759 etiam
646 1718 786 1759 Satan.
845 1720 858 1741 ⁷
885 1717 957 1758 Cui
984 1717 1086 1758 dixit
1113 1716 1332 1757 Dominus:
1362 1717 1479 1758 Unde
1505 1716 1642 1757 venis?
1670 1715 1749 1765 Qui
1773 1715 2031 1769 respondens,
2045 1690 2233 1749 pmssgffime

129 1778 205 1818 ait:
229 1777 404 1818 Circuivi
426 1782 589 1825 terram,
614 1783 655 1818 et
676 1776 959 1830 perambulavi
982 1789 1083 1817 eam.
1137 1778 1152 1799 ⁸
1173 1775 1372 1829 Dixitque
1394 1775 1593 1816 Dominus
1617 1775 1668 1815 ad
1691 1788 1802 1815 eum:
1827 1773 2037 1827 Numquid

129 1836 393 1878 considerasti
424 1849 586 1877 servum
617 1849 753 1877 meum
788 1836 872 1879 Iob.
908 1835 1017 1889 quod
1046 1848 1128 1876 non
1159 1834 1212 1875 sit
1242 1834 1277 1875 ei
1307 1834 1446 1875 similis
1476 1834 1516 1874 in
1548 1839 1666 1878 terra,
1699 1833 1820 1874 homo
1852 1832 2034 1886 simplex,

129 1901 170 1936 et
190 1901 324 1936 rectus
346 1909 391 1936 ac
414 1895 561 1936 timens
582 1896 728 1938 Deum,
752 1900 792 1935 et
813 1895 1002 1935 recedens
1024 1907 1047 1934 a
1067 1893 1199 1934 malo?
1251 1895 1266 1917 ⁹
1287 1893 1359 1934 Cui
1380 1893 1626 1946 respondens
1647 1892 1787 1936 Satan,
1812 1891 1886 1932 ait:
1911 1891 2037 1931 Num-

130 1954 229 2008 quid
255 1955 327 1995 Iob
353 1954 504 1995 frustra
529 1954 648 1995 timet
672 1953 831 1994 Deum?
884 1955 920 1977 ¹0
943 1965 1077 1993 nonne
1102 1958 1146 1992 tu
1173 1951 1335 1992 vallasti
1361 1965 1464 1997 eum,
1493 1965 1539 1992 ac
1563 1951 1731 1991 domum
1756 1950 1851 1993 eius.
1878 1949 2038 1990 univer-

129 2026 298 2067 samque
320 2013 597 2054 substantiam
618 2026 689 2066 per
711 2012 937 2057 circuitum,
963 2011 1151 2065 operibus
1172 2024 1370 2051 manuum
1393 2010 1476 2051 eius
1499 2009 1754 2052 benedixisti.
1780 2014 1821 2049 et
1841 2008 2037 2062 possessio

130 2072 213 2112 eius
237 2072 365 2112 crevit
388 2072 428 2112 in
452 2072 584 2112 terra?
636 2074 665 2096 11
689 2072 768 2112 Sed
792 2071 966 2111 extende
989 2069 1202 2123 paululum
1224 2082 1394 2109 manum
1418 2074 1545 2111 tuam,
1572 2074 1612 2108 et
1634 2073 1756 2121 tange
1780 2072 1929 2108 cuncta
1951 2080 2041 2120 quae

129 2131 311 2185 possidet
339 2130 415 2172 nisi
442 2131 483 2171 in
511 2130 657 2171 faciem
686 2129 939 2171 benedixerit
966 2128 1053 2169 tibi.
1111 2130 1142 2152 1²
1170 2127 1287 2168 Dixit
1315 2140 1406 2181 ergo
1435 2127 1636 2168 Dominus
1665 2127 1717 2167 ad
1744 2126 1891 2167 Satan:
1921 2125 2036 2170 Ecce,

130 2189 321 2230 universa
343 2203 433 2243 quae
454 2190 591 2233 habet,
616 2189 657 2229 in
679 2202 804 2230 manu
827 2194 900 2229 tua
922 2195 1036 2228 sunt:
1060 2192 1226 2228 tantum
1248 2186 1289 2227 in
1312 2199 1404 2227 eum
1427 2199 1476 2226 ne
1499 2185 1696 2226 extendas
1718 2198 1886 2225 manum
1908 2189 2036 2225 tuam.

131 2249 407 2302 Egressusque
437 2254 498 2289 est
526 2249 654 2290 Satan
684 2261 707 2288 a
735 2248 836 2288 facie
865 2246 1042 2288 Domini.

236 2310 268 2332 ¹3
299 2308 400 2348 Cum
432 2314 570 2348 autem
604 2308 782 2360 quadam
814 2306 878 2347 die
909 2305 978 2346 filii
1010 2311 1051 2346 et
1082 2304 1172 2345 filiae
1203 2304 1287 2345 eius
1319 2304 1578 2345 comederent
1608 2308 1649 2344 et
1681 2302 1865 2343 biberent
1896 2302 2037 2342 vinum
2052 2300 2235 2359 ffissgssflffissffg

130 2366 171 2407 in
190 2367 310 2407 domo
328 2366 465 2407 fratris
483 2366 545 2407 sui
560 2365 832 2420 primogeniti,
880 2366 911 2389 ¹⁴
927 2364 1099 2405 nuncius
1117 2363 1230 2404 venit
1248 2363 1300 2404 ad
1319 2363 1404 2407 Iob,
1425 2362 1494 2416 qui
1511 2362 1680 2402 diceret:
1700 2361 1832 2401 Boves
1850 2361 2034 2405 arabant,
2047 2377 2113 2395 eum
2125 2353 2234 2399 privat}

132 2431 173 2466 et
197 2425 318 2466 asinae
340 2425 616 2478 pascebantur
637 2425 755 2465 iuxta
777 2437 854 2469 eos,
908 2425 939 2448 15
962 2429 1002 2464 et
1025 2423 1230 2463 irruerunt
1251 2421 1394 2467 Sabaei,
1420 2421 1684 2474 tuleruntque
1707 2419 1855 2463 omnia,
1882 2424 1922 2459 et
1944 2431 2039 2472 pue-

131 2497 196 2525 ros
222 2489 510 2538 percusserunt
535 2483 682 2537 gladio,
713 2488 754 2524 et
781 2482 891 2524 evasi
919 2495 990 2536 ego
1019 2481 1126 2523 solus
1154 2486 1201 2521 ut
1227 2480 1463 2521 nunciarem
1492 2480 1578 2520 tibi.
1636 2480 1670 2503 ¹⁶
1697 2478 1879 2532 Cumque
1907 2477 2039 2518 adhuc

132 2542 197 2584 ille
213 2542 458 2597 loqueretur,
479 2542 593 2584 venit
610 2542 723 2589 alter,
744 2548 784 2583 et
801 2541 923 2582 dixit:
946 2541 1054 2594 Ignis
1071 2540 1148 2580 Dei
1165 2540 1311 2580 cecidit
1328 2552 1348 2580 e
1365 2538 1472 2583 caelo,
1493 2544 1531 2579 et
1550 2543 1683 2579 tactas
1701 2550 1796 2578 oves
1813 2548 2040 2590 puerosque

134 2602 398 2656 consumpsit.
428 2607 469 2642 et
495 2601 618 2655 effugi
643 2615 714 2655 ego
741 2600 848 2642 solus
875 2605 922 2641 ut
947 2599 1183 2640 nunciarem
1209 2598 1297 2639 tibi.
1353 2600 1386 2622 1⁷
1412 2598 1491 2639 Sed
1517 2603 1558 2638 et
1583 2596 1649 2638 illo
1677 2596 1809 2637 adhuc
1834 2595 2037 2648 loquente.

133 2660 247 2701 venit
265 2660 378 2709 alius,
399 2666 439 2702 et
457 2660 579 2702 dixit:
599 2659 777 2702 Chaldaei
793 2660 977 2700 fecerunt
994 2664 1075 2699 tres
1092 2664 1262 2705 turmas,
1282 2663 1323 2698 et
1339 2656 1579 2697 invaserunt
1596 2654 1780 2699 camelos,
1801 2659 1841 2694 et
1858 2653 2041 2694 tulerunt

133 2733 211 2768 eos,
245 2733 403 2761 necnon
434 2725 475 2760 et
505 2732 650 2773 pueros
682 2724 968 2773 percusserunt
998 2717 1144 2771 gladio,
1179 2721 1218 2757 et
1251 2729 1322 2769 ego
1353 2715 1439 2769 fugi
1469 2714 1576 2756 solus
1608 2719 1655 2754 ut
1685 2712 1920 2754 nunciarem
1950 2710 2037 2752 tibi.

134 2780 169 2802 ¹⁸
200 2778 347 2819 Adhuc
378 2778 625 2832 loquebatur
657 2777 733 2824 ille,
769 2783 810 2818 et
843 2790 933 2818 ecce
967 2775 1068 2816 alius
1100 2775 1284 2819 intravit,
1321 2779 1362 2815 et
1394 2773 1516 2815 dixit:
1551 2772 1661 2813 Filiis
1693 2771 1774 2812 tuis
1809 2776 1849 2811 et
1881 2770 2041 2810 filiabus

134 2838 392 2878 vescentibus
413 2843 454 2878 et
474 2837 709 2878 bibentibus
730 2837 871 2877 vinum
891 2835 932 2876 in
953 2836 1074 2876 domo
1094 2833 1232 2874 fratris
1253 2833 1314 2875 sui
1333 2831 1605 2886 primogeniti,
1654 2832 1689 2855 1⁹
1707 2834 1873 2883 repente
1893 2834 2041 2870 ventus

133 2896 352 2936 vehemens
378 2896 495 2937 irruit-
521 2909 545 2936 a
568 2896 729 2950 regione
755 2894 914 2943 deserti,
943 2900 984 2935 et.
1010 2892 1213 2935 concussit
1241 2897 1438 2946 quattuor
1464 2890 1631 2943 angulos
1657 2890 1813 2933 domus,
1843 2900 1933 2942 quae
1958 2899 2042 2927 cor-

134 2968 253 2996 ruens
279 2955 480 3008 oppressit
504 2954 650 2996 liberos
675 2960 768 2996 tuos
794 2959 835 2995 et
859 2952 1012 2994 mortui
1038 2957 1145 3000 sunt,
1174 2956 1215 2992 et
1241 2950 1362 3004 effugi
1388 2963 1459 3003 ego
1486 2949 1592 2990 solus
1618 2954 1665 2988 ut
1689 2947 1926 2988 nunciarem
1952 2946 2038 2986 tibi.

238 3015 275 3038 ‘2⁰
305 3014 418 3054 Tunc
450 3013 624 3054 surrexit
656 3013 741 3057 Iob,
776 3018 817 3053 et
847 3011 966 3053 scidit
997 3010 1246 3052 vestimenta
1276 3022 1359 3057 sua,
1393 3014 1434 3049 et
1465 3014 1582 3049 tonso
1614 3006 1750 3060 capite
1782 3017 1969 3047 corruens
2000 3004 2040 3044 in
2056 3006 2235 3064 hafflig&

135 3078 297 3117 terram,
329 3072 528 3121 adoravit,
586 3074 617 3096 ‘21
647 3077 688 3113 et
715 3072 837 3113 dixit:
2068 3076 2222 3104 benedicit,

243 3131 408 3172 axudus
438 3144 617 3185 egressus
647 3144 736 3171 sum
766 3131 815 3171 de
844 3135 959 3170 utero
989 3128 1132 3169 matris
1161 3140 1272 3171 meae.
1304 3132 1345 3167 et
1373 3126 1506 3166 nudus
1535 3129 1717 3165 revertar
1744 3123 1856 3164 illuc:

239 3190 440 3231 Dominus
478 3190 602 3239 dedit,
642 3189 843 3231 Dominus
881 3187 1070 3229 abstulit:
1110 3186 1215 3227 sicut
1251 3184 1428 3226 Domino
1466 3183 1632 3237 placuit,
1671 3182 1732 3223 ita
1767 3182 1923 3222 factum
1961 3184 2039 3220 est:

239 3248 292 3289 sit
320 3261 469 3290 nomen
497 3248 665 3291 Domini
693 3247 967 3289 benedictum.

240 3309 272 3331 2²
304 3307 352 3347 In
383 3307 571 3349 omnibus
602 3307 663 3347 his
693 3320 775 3348 non
805 3304 992 3360 peccavit
1024 3305 1097 3345 Iob
1128 3303 1244 3344 labiis
1276 3301 1368 3349 suis,
1402 3314 1533 3354 neque
1564 3299 1737 3341 stultum
1769 3298 1867 3352 quid
1897 3300 2037 3337 contra
2059 3296 2161 3319 ”0¹¹OE

135 3366 269 3406 Deum
296 3365 458 3407 locutus
487 3371 560 3407 est.

139 3427 225 3428 ‘W
266 3447 297 3488 1,
322 3446 362 3480 21
389 3446 469 3481 aEcl
492 3447 524 3488 5,
549 3448 606 3487 14;
632 3448 651 3479 1
677 3445 753 3479 Tim
777 3445 808 3486 6,
833 3445 863 3478 7.

2165 3289 2236 3313 evat.
