2356 3760
287 200 364 241 670
1100 196 1375 230 PROPHETIA
1955 200 1984 239 1,
2011 199 2128 238 17—2‚
2155 199 2197 232 10

339 292 532 346 quiescite
562 304 678 345 agere
708 303 905 344 perverse.
991 292 1024 314 ¹⁷
1055 290 1197 331 discite
1227 291 1480 331 benefacere:

339 351 506 405 quaerite
536 350 742 393 iudicium.
827 349 1042 390 subvenite
1073 363 1276 403 oppresso,

337 410 514 451 iudicate
545 408 711 463 pupillo.
797 407 1002 449 defendite
1034 408 1212 449 viduam.

287 470 322 493 ¹5
340 469 393 509 Et
424 469 572 510 venite.
605 473 645 508 et
675 467 831 520 arguite
861 480 936 511 me,
1022 467 1119 508 dicit
1148 467 1368 508 Dominus:

338 528 370 569 si
400 527 551 568 fuerint
580 531 750 580 peecata
779 531 917 567 vestra
945 531 990 566 ut
1021 526 1242 571 0000101110,
1328 526 1440 579 quasi
1472 526 1542 567 nix
1572 526 1892 568 dealbabuntur:

337 593 376 627 et
407 586 438 626 si
468 585 618 626 fuerint
650 585 773 625 rubra
803 585 917 638 quasi
947 584 1203 633 vermiculus,
1289 585 1402 625 velut
1430 584 1525 625 lana
1554 586 1647 627 alba
1676 592 1806 626 erunt.

285 645 376 685 l‘³Si
407 644 627 686 volueritis,
660 649 701 684 et
731 643 938 684 audieritis
968 657 1044 689 me,
1131 644 1238 685 bona
1268 651 1384 685 terrae
1413 645 1645 686 comedetis,

284 706 320 728 2⁰
337 704 455 753 Quod
477 704 509 744 si
531 702 752 746 nolueritis.
778 708 819 743 et
840 716 904 743 me
926 703 976 743 ad
1000 702 1253 743 iracundiam
1276 703 1615 756 provocaveritis:
1691 703 1848 756 gladius
1872 704 2086 745 devorabit
2110 717 2193 750 vos,

339 762 432 816 quia
464 776 506 803 os
536 761 703 804 Domini
734 761 918 802 locutum
949 767 1020 802 est.

100 861 256 891 inquinatiS
286 858 314 880 2¹
338 856 552 905 Quomodo
582 856 694 896 facta
723 859 784 895 est
814 854 1004 895 meretrix
1087 855 1231 896 civitas
1261 855 1401 901 fidelis,
1433 857 1553 909 plena
1582 856 1742 897 iudicii?

337 915 491 956 iustitia
523 914 730 955 habitavit
758 913 799 954 in
830 927 887 957 ea..
972 927 1079 954 nuuc
1110 919 1249 955 autem
1278 914 1502 956 homicidae.

284 976 315 998 ²²
335 974 562 1023 Argentum
594 980 711 1014 tuum
742 985 903 1013 versum
934 978 995 1013 est
1024 973 1063 1013 in
1094 973 1284 1014 scoriam:
1369 974 1510 1014 vinum
1541 979 1659 1015 tuum
1689 974 1856 1016 mistum
1887 980 1949 1015 est
1978 988 2097 1028 aqua.

284 1035 316 1057 ‘2²³
337 1033 542 1086 Principes
573 1032 631 1074 tui
663 1031 855 1074 infideles
940 1032 1036 1073 socii
1064 1032 1220 1073 furum:

337 1105 475 1133 omnes
506 1092 679 1145 diligunt
709 1104 889 1133 munera.
975 1097 1203 1145 sequuntur
1231 1091 1531 1133 retributiones

340 1150 517 1205 3Ρ11111110
548 1165 629 1192 non
659 1150 860 1191 iudicant:
945 1155 985 1190 et
1015 1163 1138 1191 causa
1166 1150 1301 1191 viduae
1329 1164 1411 1192 non
1441 1151 1666 1205 ingreditur
1695 1152 1747 1192 ad
1775 1151 1874 1193 illos

110 1219 244 1259 iudicium
283 1212 314 1234 ‘²⁴
336 1210 508 1264 Propter
536 1211 611 1251 hoc
641 1209 698 1250 ait
728 1209 929 1250 Dominus
959 1210 1069 1250 Deus
1099 1209 1352 1250 exercituum
1434 1210 1550 1251 fortis
1582 1210 1724 1251 Israel:

98 1258 256 1314 ἶξζῖἶᾷῗζῗιῗῖ.
338 1270 440 1311 Heu.
474 1269 713 1311 consolabor
741 1281 862 1322 super
890 1268 1077 1309 hostibus
1107 1269 1218 1317 meis,
1303 1275 1344 1311 et
1374 1269 1613 1311 vindicabor
1641 1270 1690 1311 de
1719 1269 1891 1311 inimicis
1920 1270 2029 1311 meis.

282 1330 314 1352 ‘²⁵
337 1329 389 1369 Et
420 1334 656 1369 convertam
688 1341 857 1368 manum
887 1340 1019 1368 meam
1051 1328 1103 1369 ad
1132 1333 1185 1374 te,

335 1394 374 1428 et
405 1401 631 1441 excoquam
662 1388 714 1428 ad
743 1400 891 1440 purum
921 1387 1093 1428 scoriam
1123 1393 1250 1430 tuam.
1336 1393 1377 1428 et
1406 1387 1588 1429 auferam
1619 1401 1738 1429 omne
1768 1393 1963 1429 stannum
1993 1393 2124 1429 tuum.

282 1448 318 1471 2⁶
336 1447 389 1487 Et
420 1447 634 1488 restituam
653 1446 803 1487 iudices
822 1451 914 1487 tuos
932 1451 979 1487 ut
995 1446 1163 1488 fuerunt
1179 1446 1302 1500 prius,
1376 1452 1417 1487 et
1434 1446 1681 1488 consiliarios
1712 1452 1804 1488 tuos
1822 1446 1929 1488 sicut
1946 1446 2194 1501 antiquitus:

335 1512 427 1559 post
457 1506 542 1547 haec
571 1505 780 1547 vocaberis
811 1505 955 1546 civitas
986 1504 1093 1553 iusti,
1178 1506 1274 1546 urbs
1303 1505 1442 1547 fidelis.

283 1567 316 1589 2⁷
334 1565 430 1607 Sion
460 1565 499 1605 in
531 1565 677 1606 iudicio
708 1564 940 1612 redimetur,
1026 1570 1067 1605 et
1095 1565 1291 1605 reducent
1320 1578 1410 1605 eam
1439 1565 1480 1605 in
1510 1565 1685 1606 iustitia:

282 1626 376 1665 2501
405 1631 587 1665 conteret
617 1623 818 1671 scelestos,
860 1628 901 1663 et
940 1629 1173 1676 peccatores
1203 1623 1341 1663 simul:
1435 1629 1475 1664 et
1516 1624 1585 1678 qui
1624 1624 1928 1678 dereliquerunt
1959 1624 2196 1673 Dominum,

546 1688 847 1724 consumentur.

282 1742 647 1783 2900111111010111111
684 1742 792 1782 enim
830 1742 881 1782 ab
919 1741 1047 1786 idolis,
1089 1741 1236 1795 quibus
1274 1741 1625 1783 sacrificaverunt:
1718 1748 1757 1783 et
1796 1742 2039 1783 erubescetis
2078 1755 2198 1796 super

544 1801 684 1851 hortis,
718 1814 818 1855 quos
849 1800 1069 1854 elegeratis,

281 1862 319 1885 ³⁰
335 1874 426 1902 cum
457 1861 614 1902 fueritis
645 1860 760 1901 velut
791 1873 961 1914 quercus
993 1860 1266 1901 defluentibus
1297 1859 1414 1909 foliis,
1500 1866 1540 1901 et
1572 1860 1685 1901 velut
1716 1860 1858 1901 hortus
1890 1860 2045 1914 absque
2076 1873 2195 1914 aqua.

281 1921 312 1944 3¹
333 1920 389 1961 Et
419 1920 493 1961 erit
523 1920 723 1961 fortitudo
754 1925 902 1962 vestra.
935 1926 982 1960 ut
1010 1919 1152 1960 favilla
1181 1924 1353 1973 stuppae,
1439 1925 1479 1960 01
1509 1932 1610 1973 opus
1641 1924 1823 1960 vestrum
1855 1919 1971 1974 quasi
2000 1918 2196 1960 scintilla:

334 1985 374 2019 et
404 1980 673 2020 succendetur
701 1984 922 2032 utrumque
953 1978 1083 2027 simul,
1169 1984 1210 2019 et
1239 1992 1321 2020 non
1351 1978 1427 2019 erit
1457 1978 1526 2032 qui
1555 1978 1782 2032 extinguat.

507 2086 545 2124 2.
576 2084 640 2124 De
670 2095 808 2135 poena
838 2085 1101 2134 iniquorum
1134 2083 1178 2124 et
1208 2084 1360 2135 gloria
1388 2084 1708 2136 probatorum,
1736 2084 1777 2134 2,
1796 2084 1916 2134 1—4‚
1935 2084 1973 2125 6.

92 2156 257 2186 1⁰³01‘11‘fi02
386 2155 424 2199 2.
480 2158 492 2180 ¹
520 2156 712 2201 Verbum.
742 2155 851 2209 quod
877 2155 982 2195 vidit
1010 2155 1147 2200 Isaias,
1176 2155 1281 2196 filius
1306 2155 1444 2200 Amos.
1473 2169 1594 2209 super
1620 2155 1725 2196 Iuda
1749 2159 1791 2195 et
1818 2154 2048 2197 Ierusalem.

94 2250 257 2309 Si‘gfilgggim
299 2252 313 2273 ‘2
338 2249 413 2290 bEt
431 2249 506 2290 erit
525 2249 565 2290 in
584 2249 813 2290 novissimis
832 2248 974 2289 diebus
992 2255 1246 2303 praeparatus
1264 2262 1381 2290 mons
1400 2249 1545 2290 domus
1564 2249 1731 2289 Domini
1749 2249 1790 2289 in
1809 2248 1961 2290 vertice
1978 2248 2195 2294 montium,

128 2321 225 2346 futura
545 2313 587 2349 et
616 2308 844 2349 elevabitur
872 2320 993 2361 super
1021 2307 1152 2356 001103,

334 2373 375 2409 01
399 2367 528 2409 fluent
554 2368 606 2409 ad
631 2380 723 2408 eum
749 2380 888 2408 omnes
912 2371 1065 2420 gentes.
1146 2370 1161 2392 3
1186 2367 1242 2408 Et
1266 2367 1386 2408 ibunt
1410 2367 1552 2421 populi
1576 2367 1707 2415 multi,
1736 2372 1776 2407 et
1802 2366 1956 2408 dicent:

334 2427 479 2468 Venite
508 2434 549 2468 et
577 2427 844 2468 ascendamus
873 2426 925 2467 ad
952 2432 1135 2467 montem
1164 2426 1343 2476 Domini,
1426 2432 1467 2467 et
1495 2426 1547 2467 ad
1575 2426 1744 2467 domum
1772 2426 1848 2466 Dei
1878 2426 2012 2471 Iacob.

334 2492 376 2527 et
405 2486 567 2527 docebit
598 2499 670 2527 nos
700 2485 786 2526 vias
817 2499 922 2533 suas,
1007 2490 1048 2526 et
1078 2486 1381 2527 ambulabimus
1410 2485 1451 2527 in
1481 2485 1634 2526 semitis
1665 2485 1767 2526 eius:

336 2545 432 2599 quia
461 2546 509 2586 de
539 2545 635 2587 Sion
665 2545 794 2586 exibit
822 2544 898 2588 lex.
984 2550 1025 2586 01
1054 2545 1226 2586 verbum
1254 2545 1421 2587 Domini
1451 2545 1501 2586 de
1532 2543 1763 2586 Ierusalem.

299 2606 314 2629 ⁴
335 2604 390 2645 Et
419 2604 618 2645 iudicabit
647 2604 810 2649 Gentes,
896 2609 935 2645 et
966 2609 1109 2657 arguet
1137 2604 1309 2658 populos
1339 2604 1510 2646 multos:

335 2669 376 2704 et
405 2663 645 2705 conflabunt
672 2663 828 2718 gladios
858 2676 951 2704 suos
980 2663 1020 2703 in
1051 2677 1246 2713 vomeres,
1331 2668 1373 2705 et
1400 2663 1561 2705 lanceas
1591 2676 1684 2704 suas
1713 2663 1755 2704 in
1783 2662 1925 2704 falces:

336 2736 416 2764 non
440 2722 597 2764 levabit
620 2736 717 2777 gens
742 2728 886 2764 contra
908 2728 1071 2776 gentem
1096 2722 1290 2776 gladium,
1370 2736 1443 2764 nec
1468 2723 1766 2763 exercebuntur
1790 2722 1899 2763 ultra
1923 2722 1976 2763 ad
1999 2720 2194 2772 praelium.

300 2784 315 2807 ⁵
335 2782 492 2823 Domus
524 2782 647 2823 Iacob
678 2782 826 2825 venite.
912 2787 951 2822 et
982 2781 1237 2824 ambulemus
1266 2782 1307 2823 in
1336 2781 1489 2823 lumine
1517 2781 1684 2823 Domini

112 2877 243 2936 ³¹¹},}2132'⁵³
302 2878 317 2900 ‘³
337 2876 546 2918 Proiecisti
576 2876 683 2917 enim
712 2875 912 2929 populum
943 2881 1072 2921 tuum,
1157 2877 1327 2918 domum
1358 2877 1499 2918 Iacob:

108 2932 246 2978 superins,
339 2936 435 2989 quia
462 2935 606 2989 repleti
635 2941 732 2976 sunt
761 2941 807 2976 ut
837 2935 943 2980 olim,
1029 2943 1069 2976 et
1099 2949 1270 2990 augures
1299 2936 1534 2977 habuerunt
1566 2940 1610 2976 ut
1638 2934 1897 2983 Philisthiim,

336 3001 377 3035 et
405 2994 539 3048 pueris
570 2994 708 3035 alienis
740 2994 1010 3035 adhaeserunt.

301 3055 313 3076 Τ
337 3054 511 3107 Repleta
540 3060 601 3094 est
631 3061 739 3094 terra
768 3059 938 3103 argento
966 3058 1006 3094 et
1036 3067 1153 3095 auro:
1237 3059 1279 3095 et
1307 3068 1388 3096 non
1418 3060 1480 3095 est
1509 3053 1598 3095 finis
1629 3053 1913 3094 thesaurorum
1944 3052 2046 3094 eius:

299 3114 314 3136 8
335 3118 375 3153 01
402 3113 555 3166 repleta
586 3120 647 3153 est.
674 3119 783 3153 terra
810 3113 893 3153 eius
922 3113 1053 3165 equis:
1136 3118 1177 3153 et
1204 3113 1518 3154 innumerabiles
1549 3112 1755 3167 quadrigae
1782 3112 1878 3153 eius.

336 3171 389 3212 Et
419 3172 573 3225 repleta
604 3177 664 3212 est
695 3179 801 3213 terra
831 3172 915 3212 eius
944 3171 1079 3213 idolis:

337 3244 437 3283 opus
468 3244 664 3271 manuum
695 3244 860 3271 suarum
891 3231 1179 3273 adoraverunt.
1265 3232 1374 3286 quod
1404 3232 1587 3273 fecerunt
1617 3230 1733 3285 digiti
1763 3243 1913 3272 eorum.

302 3291 317 3313 ⁹
338 3289 389 3329 Et
421 3290 653 3330 incurvavit
683 3303 723 3329 se
754 3290 886 3332 homo.
972 3297 1013 3331 et
1042 3290 1279 3331 humiliatus
1310 3296 1371 3331 est
1400 3291 1478 3331 vir:

338 3360 386 3388 00
416 3361 507 3396 ergo
539 3349 724 3390 dimittas
754 3349 820 3390 eis.

284 3408 320 3431 ¹⁰
339 3407 550 3460 Ingredere
580 3408 618 3448 in
646 3414 817 3461 petram.
899 3414 941 3449 et
969 3409 1216 3450 abscondere
1244 3408 1283 3449 iu
1311 3409 1420 3450 fossa
1447 3409 1571 3451 humo

337 3479 359 3506 a
389 3465 490 3506 faeie
522 3466 676 3507 timoris
705 3467 883 3510 Domini.
969 3473 1009 3509 et
1039 3481 1063 3508 a
1090 3467 1217 3519 gloria
1247 3468 1471 3509 maiestatis
1502 3468 1596 3509 01113.

419 3558 461 3590 ’33
486 3558 540 3591 ³11·
564 3559 595 3599 ἶ),
621 3558 673 3592 28.
701 3580 741 3582 ἡ
768 3559 798 3600 2,
836 3559 855 3592 2
879 3559 976 3593 chh
1004 3561 1035 3601 4,
1064 3562 1092 3594 1.
