2356 3760
323 53 419 93 1212
1154 49 1296 82 LIBER
1324 50 1387 83 ιιι.
2003 53 2034 91 4,
2063 53 2158 86 14,
2184 54 2226 87 eo

119 149 144 169 ’ἰ
161 145 305 184 secundus
451 144 481 177 4.
531 145 539 161 ¹
568 143 612 175 Et
634 142 808 176 inchoavit
830 153 973 186 sequens
994 142 1114 175 dicere.
1137 142 1193 186 qni
1215 142 1302 175 dixit
1323 142 1364 174 de
1385 141 1587 175 fortitudine
1608 141 1703 185 regis.
1749 144 1760 161 ²
1781 142 1808 175 Ο
1830 143 1903 182 viri,
1924 155 2007 177 num
2029 145 2227 189 praecellunt

145 184 277 240 nisiissl-nt
320 190 481 224 homines.
503 189 561 234 qui
582 194 706 223 terram
727 194 760 223 et
780 201 872 222 mare
892 189 1061 225 obtinent,
1082 193 1115 222 et
1135 189 1249 222 omnia
1270 199 1345 232 quae
1365 189 1398 222 ιιι
1418 188 1464 222 eis
1483 189 1583 222 sunt?
1627 192 1639 207 ²¹
1662 189 1734 222 Rex
1753 192 1869 223 autem
1889 201 1990 234 super
2009 192 2125 225 omnia
2143 203 2225 236 prae-

176 226 248 281 11*ng
319 238 418 272 cellit.
443 244 472 269 et
500 237 698 270 dominatur
721 247 852 269 eorum:
899 240 933 269 et
957 247 1056 269 omne
1080 236 1322 279 quodcumque
1346 236 1469 269 dixerit
1493 236 1567 275 illis,
1591 235 1733 269 faciunt.
1781 238 1792 255 ⁴
1817 236 1862 270 Et
1883 237 1910 270 si
1934 237 2064 272 miserit
2085 239 2158 272 illos
2182 239 2225 273 ad

109 288 303 311 denunt-truh
321 285 510 319 bellatores.
532 284 676 318 vadunt.
697 289 729 316 ct
749 283 982 316 demoliuntur
1001 286 1146 322 montes,
1167 288 1199 316 et
1220 294 1345 322 muros,
1365 287 1398 317 et
1419 287 1536 316 turres.
1582 284 1593 301 ⁵
1614 283 1827 327 lugulantur.
1848 287 1883 317 et
1901 284 2068 328 iugulant,
2088 289 2121 319 et
2140 286 2225 330 regis

318 332 460 365 verbnm
480 342 546 365 non
565 334 780 375 przctcreunt.
823 341 901 363 nam
918 330 944 363 si
962 330 1116 366 vicerint.
1135 330 1283 363 afferunt
1302 330 1367 374 regi
1386 330 1497 363 omnia
1517 340 1742 374 ‹puecumque
1760 330 1903 374 praedati
1919 331 2056 366 fuerint.
2100 335 2112 351 ‘³
2127 333 2225 366 Simi-

317 379 392 412 liter
411 384 444 412 et
464 379 520 412 alii
540 389 666 411 omnes.
687 382 721 410 et
741 381 915 421 quotquot
933 388 1001 410 non
1021 377 1183 412 militant.
1204 389 1264 410 nec
1284 384 1451 422 pugnant,
1471 377 1527 410 sed
1549 377 1666 410 colunt
1685 380 1827 410 terram:
1848 389 1982 412 rursum
2003 389 2080 412 cum
2099 379 2227 414 fuerint

317 431 495 459 metentes.
516 426 663 457 afferunt
683 424 814 457 tributa
833 424 915 468 regi:
961 426 971 443 7
991 427 1025 457 et
1043 424 1113 468 ipse
1132 435 1219 457 unus
1237 424 1327 457 solus
1346 424 1372 457 si
1391 424 1516 457 dixerit
1534 424 1688 458 occidite.
1708 425 1884 458 occidunt:
1905 425 2030 459 dixerit
2047 426 2225 461 remittite.

318 473 514 506 remittunt:
567 477 578 490 ³
605 471 729 504 dixerit
757 471 935 515 percutite.
963 471 1175 515 percutiunt:
1204 471 1328 505 dixerit
1355 471 1593 506 exterminate.
1620 472 1867 505 exterminant:
1896 472 2022 506 dixerit
2046 473 2225 509 aedificate.

316 520 502 553 a=‹liticant:
550 522 562 537 ²·
582 518 706 551 dixerit
727 518 885 557 excidite,
907 518 1085 551 excidunt:
1108 518 1232 552 dixerit
1254 519 1420 562 plantate,
1443 518 1618 562 plantant:
1665 521 1693 538 ¹⁰
1712 521 1747 551 et
1767 519 1876 551 omnis
1898 519 2003 563 plebs.
2025 524 2060 553 et
2079 520 2226 555 virtutes

317 578 393 599 enm
413 565 617 604 obaudiunt,
636 570 670 598 et
686 577 788 609 super
805 566 867 599 hoc
886 565 955 609 ipse
974 565 1152 600 recumbit.
1172 569 1205 598 et
1223 566 1321 599 bibit.
1341 569 1374 599 et
1392 565 1528 598 dormit.
1572 567 1592 584 ¹¹
1616 565 1660 598 Hi
1677 568 1794 599 autem
1813 566 2013 600 custodiunt
2030 567 2064 600 in
2082 567 2225 602 circuitu

317 624 406 647 erim,
426 618 460 646 et
477 624 546 646 non
564 617 707 657 possunt
727 613 772 645 ire
790 613 923 655 singuli.
943 618 978 646 et
995 613 1105 646 facere
1123 624 1225 656 opera
1243 624 1315 646 sua.
1335 612 1392 645 sed
1412 613 1445 645 in
1464 612 1556 646 dicto
1575 612 1798 646 obaudientes
1817 616 1898 646 sunt
1917 613 1955 647 ei.
1998 616 2024 633 ¹²
2042 614 2123 653 Viri,
2143 625 2226 658 quo-

318 660 418 693 modo
442 671 511 693 non
537 659 696 704 pra‘cellit
722 671 778 692 rex
804 660 862 703 qui
886 660 933 693 sic
957 660 1176 693 diffamatur?
1217 660 1263 693 Et
1287 660 1406 693 tacuit.

120 711 222 752 ιιι-ιω.»
240 717 306 734 voro
454 710 478 726 ιιι
504 707 636 740 Tertius
662 707 719 751 qui
745 707 880 740 dixerat.
904 707 945 740 de
970 707 1167 740 mulieribus
1192 711 1227 740 et
1251 707 1407 741 veritate.
1433 707 1487 740 hic
1511 710 1564 740 est
1589 707 1785 741 Zorobabel.
1812 707 1918 752 coepit
1941 708 2044 752 loqui.
2093 710 2120 728 ¹⁴
2145 708 2226 745 Viri,

131 746 290 805 “''Hffim
317 766 383 788 non
411 766 554 799 magnus
581 766 649 789 rex.
676 758 709 787 et
734 754 835 787 multi
860 754 1024 788 homines.
1050 765 1112 787 nec
1138 754 1256 787 vinum
1282 754 1453 798 praecellit.
1494 754 1575 796 Quis
1601 758 1653 787 est
1678 765 1755 798 ergo
1781 754 1839 798 qui
1865 754 2064 789 dominatur
2088 757 2224 789 eorum?

131 817 289 841 nunonem
333 811 344 820 ·’
366 827 375 835 i
400 813 487 835 onne
509 813 567 835 mu
584 813 665 834 ieres
688 813 859 835 ‹venuerun
900 812 1022 835 reveni.
1045 814 1080 834 e.
1101 812 1237 834 onmem
1270 813 1302 835 Jo
1316 813 1351 835 ιιι
1368 812 1436 835 ιιιιι.
1460 813 1519 834 (ιιι
1540 812 1551 834 (
1565 812 1677 834 onnna
1700 813 1739 834 ur
1759 812 1845 835 mari
1867 812 1883 835 e
1939 813 2034 836 errae:
2130 814 2165 835 e¹
2186 813 2227 836 ex

319 805 325 821 ¹
366 802 393 835 N*
571 802 578 834 1
687 829 705 845 g
864 805 877 835 t
936 828 954 845 g
1065 805 1079 834 t
1260 813 1268 845 ι
1307 813 1315 845 1
1355 802 1363 834 l
1472 815 1481 845 ι
1552 801 1560 834 l
1683 806 1696 834 t
1837 802 1843 807 ’
1886 805 1900 835 t
1922 806 1935 835 t
2080 804 2110 821 ¹⁶
2151 805 2164 836 t

135 853 288 877 urunt-rum
317 849 379 882 illis
401 850 473 883 nati
494 854 585 883 sunt.
608 855 641 882 et
662 849 742 892 ipsae
763 849 999 882 educaverunt
1019 860 1074 881 eos
1095 849 1154 892 qui
1175 849 1420 892 plantaverunt
1442 849 1558 882 vineas
1580 860 1619 881 ex
1642 848 1766 892 quibus
1787 849 1905 882 vinum
1927 849 1985 882 fit?
2031 851 2058 869 ¹⁷
2080 849 2127 883 Et
2146 850 2227 893 ipsae

315 897 446 930 faciunt
460 897 565 929 stolas
580 896 733 929 omnium
748 896 938 931 hominum.
953 900 988 929 et
1001 896 1081 940 ipsze
1095 896 1228 929 faciunt
1241 896 1383 940 gloriam
1397 895 1604 930 hominibus.
1620 901 1653 929 et
1667 907 1735 928 non
1751 900 1893 939 possunt
1908 896 2062 930 homines
2076 897 2227 940 separari

315 955 333 976 a
361 943 568 976 mulieribus.
621 945 648 962 ¹⁸
674 943 708 976 Si
735 943 1017 987 congregaverint
1043 954 1164 976 aurum
1192 947 1224 976 et
1251 947 1444 986 argentum,
1471 950 1504 976 et
1531 953 1666 976 omnem
1694 953 1763 975 rem
1791 943 1991 987 speciosam,
2018 947 2053 977 et
2079 943 2228 977 viderint

315 991 491 1023 mulierem
509 1001 612 1023 unam
630 990 719 1023 bono
736 990 857 1023 babitu
875 994 907 1023 et
925 990 1014 1023 bona
1030 990 1151 1034 specie.
1192 992 1220 1009 ¹⁹
1237 990 1350 1023 omnia
1368 991 1438 1024 haec
1456 990 1685 1034 relinquentes
1702 990 1734 1023 in
1751 1001 1826 1023 eam
1844 990 2039 1024 intendunt.
2058 997 2092 1024 et
2107 993 2227 1035 aperto

315 1049 371 1071 ore
385 1037 611 1081 conspiciunt.
625 1042 658 1070 et
672 1048 747 1070 eam
761 1037 915 1070 alliciunt
928 1037 1035 1081 magis
1049 1048 1152 1081 qnam
1167 1048 1289 1071 aurum
1303 1043 1337 1071 et
1350 1042 1541 1082 argentum.
1556 1043 1589 1070 et
1603 1048 1738 1070 omnem
1753 1047 1823 1070 rem
1837 1037 2032 1081 pretiosam.
2071 1040 2099 1058 ²⁰
2113 1037 2227 1071 Homo

316 1089 449 1129 patrem
471 1095 570 1118 suum
593 1085 755 1128 relinquit
776 1085 835 1128 qui
855 1085 996 1118 enutriit
1018 1085 1125 1124 illum,
1148 1089 1183 1118 et
1203 1095 1301 1118 suam
1322 1085 1505 1129 regionem,
1528 1088 1562 1118 et
1583 1084 1627 1118 ad
1648 1084 1824 1117 mulierem
1845 1095 1879 1117 se
1901 1084 2086 1129 coniungit.
2134 1087 2157 1104 ‘³¹
2181 1085 2228 1119 Et

316 1143 393 1165 cum
415 1132 554 1166 muliere
576 1132 721 1165 remittit
743 1131 910 1165 animam:
933 1136 967 1165 et
987 1143 1098 1175 neque
1120 1135 1252 1176 patrem
1274 1132 1442 1166 meminit.
1464 1143 1574 1175 neque
1595 1136 1753 1170 matrem.
1777 1142 1886 1175 neque
1907 1132 2087 1176 regionem.
2135 1134 2160 1151 ²²
2180 1132 2228 1166 Et

315 1180 393 1212 binc
416 1182 551 1223 oportet
575 1190 634 1212 vos
657 1179 754 1212 scire:
779 1179 943 1223 quoniam
965 1179 1121 1212 mulieres
1144 1179 1368 1213 dominantur
1390 1179 1504 1213 vestri.
1528 1179 1651 1212 Nonne
1673 1179 1814 1212 doletis?
1862 1181 1888 1198 ²²¹
1910 1179 1956 1213 Et
1978 1179 2103 1223 accipit
2123 1179 2226 1212 homo

315 1226 465 1271 gladium
482 1237 593 1265 suum.
610 1229 643 1259 et
659 1226 755 1259 vadit
771 1226 804 1259 in
819 1226 911 1259 viam
926 1227 1036 1259 facere
1051 1227 1155 1266 furta,
1171 1230 1206 1260 et
1220 1227 1414 1266 homicidia,
1430 1230 1465 1260 et
1479 1237 1571 1259 mare
1586 1226 1747 1270 navigare
1762 1230 1796 1259 et
1811 1226 1964 1266 flumina,
2004 1228 2030 1246 ²4
2044 1230 2079 1260 et
2093 1226 2225 1260 leonem

315 1274 421 1307 videt.
446 1277 480 1307 et
502 1274 535 1307 in
560 1273 708 1307 tenebris
731 1273 934 1318 ingreditur:
960 1277 994 1307 et
1017 1284 1094 1307 cum
1117 1274 1249 1307 furtum
1272 1274 1400 1313 fecerit,
1425 1278 1458 1307 et
1482 1273 1618 1307 fraudes
1642 1278 1675 1306 et
1699 1273 1835 1317 rapinas
1859 1273 1999 1306 amabili
2021 1284 2090 1307 suae
2113 1273 2224 1307 affert.

315 1323 341 1340 ²³
362 1321 409 1354 Et.
428 1321 564 1357 iterum.
586 1321 694 1365 diligit
716 1321 818 1354 homo
839 1332 980 1354 uxorem
1001 1332 1099 1354 snam
1119 1321 1226 1365 magis
1248 1332 1353 1365 quain
1374 1324 1508 1365 patrem
1529 1325 1590 1354 aut
1610 1324 1767 1354 matrem.
1813 1322 1841 1339 ‘²⁴³'
1863 1320 1909 1353 Et
1928 1320 2030 1354 multi
2050 1320 2226 1354 dementes

315 1368 397 1402 tacti
419 1374 500 1401 sunt
521 1372 661 1412 propter
681 1379 803 1401 uxores
824 1379 917 1401 suas:
941 1372 975 1401 et
995 1368 1083 1401 servi
1104 1368 1188 1401 facti
1208 1372 1290 1401 sunt
1311 1371 1451 1412 propter
1470 1368 1559 1401 illas:
1606 1370 1632 1387 ²⁷
1655 1373 1689 1401 et
1709 1368 1809 1401 inulti
1832 1368 2005 1411 perierunt
2026 1370 2060 1401 et
2081 1367 2226 1412 iugulati

314 1420 406 1449 sunt.
427 1420 461 1448 et
481 1418 712 1459 peccaverunt
731 1418 871 1459 propter
889 1415 1055 1449 mulieres.
1101 1417 1128 1434 ²⁸
1148 1415 1195 1448 Et
1214 1426 1304 1448 nnnc
1325 1415 1451 1448 credite
1470 1415 1564 1450 mihi.
1586 1415 1665 1459 quia
1686 1425 1830 1459 magnus
1850 1420 1901 1448 est
1922 1426 1979 1448 rex
1999 1415 2033 1448 in
2053 1417 2226 1459 potestate

314 1474 391 1496 sua:
416 1463 578 1506 qnoniam
601 1473 717 1495 omnes
740 1462 891 1506 regiones
913 1466 1075 1495 verentur
1096 1466 1235 1506 tangere
1258 1473 1345 1495 eum.
1392 1464 1420 1482 ²⁹
1443 1462 1610 1495 Videbam
1633 1467 1750 1495 tamen
1772 1463 1927 1506 Apemen
1948 1462 2053 1495 filiam
2076 1462 2226 1499 Bezacis,

315 1510 446 1543 mirifici
464 1509 691 1543 concubinam
711 1509 805 1553 regis,
822 1509 998 1542 sedentem
1016 1509 1114 1542 iuxta
1131 1520 1243 1553 regem
1260 1509 1304 1542 ad
1321 1509 1511 1547 dexteram,
1552 1511 1581 1529 ³⁰
1597 1512 1632 1542 et
1648 1510 1860 1542 auferentem
1879 1508 2038 1542 diadema
2054 1509 2096 1542 de
2113 1509 2225 1553 capite

314 1558 395 1592 eius.
418 1561 451 1590 et
471 1557 706 1600 imponentem
726 1556 800 1591 sibi.
822 1560 856 1589 et
877 1556 998 1600 palmis
1019 1556 1173 1589 caedebat
1194 1567 1305 1601 regem
1326 1556 1367 1589 de
1387 1556 1525 1590 sinistra
1544 1567 1660 1589 manu.
1705 1558 1729 1575 ³¹
1752 1556 1798 1589 Et
1818 1567 1919 1600 super
1938 1556 2010 1589 haec
2029 1559 2148 1600 aperto
2169 1567 2225 1589 ore
2256 1584 2260 1587 .

314 1604 516 1637 intuebatur
537 1614 627 1637 eam:
652 1610 685 1636 et
707 1603 732 1636 si
756 1603 905 1637 arriserit
927 1604 966 1642 ei,
990 1603 1086 1637 ridet.
1110 1614 1192 1637 nam
1213 1604 1241 1637 si
1262 1603 1442 1648 indignata
1463 1603 1490 1637 ei
1514 1603 1627 1643 fuerit.
1651 1603 1837 1637 blanditur.
1861 1603 1970 1636 donec
1990 1603 2228 1637 reconcilietur

314 1652 348 1684 in
369 1651 526 1695 gratiam.
574 1652 600 1670 ³2
623 1651 649 1684 O
673 1651 746 1684 viri.
771 1662 829 1683 cnr
851 1662 919 1683 non
940 1654 1022 1684 sunt
1043 1651 1199 1684 fortiores
1221 1651 1397 1685 mulieres?
1422 1651 1548 1695 Magna
1569 1654 1621 1684 est
1643 1657 1743 1689 terra,
1767 1657 1801 1683 et
1823 1650 1994 1684 excelsum
2016 1654 2067 1684 est
2089 1650 2224 1684 caelum:

313 1698 388 1742 quis
412 1699 479 1732 ista
503 1698 592 1742 agit?

106 1756 137 1774 ³⁰
155 1751 298 1789 rvr-..eruum
448 1748 474 1764 ³³
500 1745 545 1779 Et
572 1748 653 1778 tunc
680 1757 749 1784 rex,
776 1749 810 1779 et
835 1745 1017 1789 purpurati
1042 1745 1268 1779 intuebantur
1293 1745 1326 1778 in
1353 1746 1568 1779 alterutrum.
1610 1745 1655 1778 Et
1680 1745 1857 1778 inchoavit
1881 1745 1975 1788 loqui
2001 1745 2042 1777 de
2067 1744 2224 1778 veritate.

125 1788 273 1843 f‘wai'f
315 1795 340 1812 ιιι
366 1793 393 1826 Ο
420 1793 492 1832 viri,
517 1804 630 1826 nonne
654 1793 758 1826 fortes
782 1796 864 1826 sunt
886 1792 1062 1826 mulieres?
1089 1793 1214 1837 Magna
1238 1796 1288 1826 est
1313 1796 1413 1826 terra.
1439 1796 1472 1826 et
1497 1792 1668 1826 excelsum
1692 1796 1744 1825 est
1767 1791 1902 1825 caelum:
1928 1794 1962 1825 et
1985 1791 2085 1825 velox
2109 1802 2226 1825 cursus

116 1828 235 1851 «anpro
252 1824 299 1849 Μ’
314 1840 391 1873 solis
414 1840 584 1874 convertit
606 1840 639 1873 in
661 1851 744 1884 gvro
766 1840 885 1873 caelum
908 1840 941 1873 in
963 1840 1074 1873 locum
1096 1851 1196 1873 suum
1218 1840 1252 1873 in
1275 1851 1342 1873 una
1364 1839 1426 1874 (lie.
1474 1842 1499 1859 ³⁶
1521 1840 1643 1873 Nonne
1665 1839 1865 1883 magnificus
1887 1842 1938 1872 est
1960 1839 2019 1883 qui
2038 1839 2110 1872 haec
2130 1839 2226 1878 facit,

312 1894 345 1921 et
367 1888 493 1921 veritas
513 1898 649 1931 magna,
670 1893 704 1920 et
724 1887 844 1920 fortior
864 1898 931 1931 prae
952 1887 1130 1921 minibus?
1176 1889 1204 1907 ³⁶
1225 1887 1344 1921 Omnis
1364 1891 1455 1921 terra
1475 1887 1657 1920 veritatem
1678 1887 1828 1926 invocat,
1850 1886 1970 1920 caelum
1990 1886 2095 1920 etiam
2115 1886 2225 1930 ipsam

312 1934 494 1974 benedicit,
513 1938 546 1967 et
564 1935 677 1967 onmia
696 1946 798 1978 opera
815 1941 1009 1968 moventur.
1029 1941 1061 1968 et
1080 1938 1233 1968 tremunt
1251 1945 1337 1973 eam,
1356 1941 1389 1968 et
1407 1945 1475 1967 non
1492 1938 1544 1968 est
1560 1945 1637 1967 cum
1655 1945 1694 1967 ea
1711 1934 1897 1977 quicquam
1914 1933 2080 1977 iniquum.
2123 1935 2150 1952 ³⁷
2169 1933 2224 1966 Vi-

311 1993 395 2015 num
416 1982 584 2026 iniquum.
608 1981 743 2026 iniquus
766 1993 835 2020 rex,
858 1981 983 2025 iniquae
1005 1982 1172 2019 mulieres.
1196 1982 1303 2026 iniqui
1325 1993 1442 2015 omnes
1464 1981 1523 2015 filii
1544 1981 1734 2016 hominurn.
1758 1986 1792 2014 et
1813 1981 1932 2024 iniqua
1952 1980 2088 2014 illorum
2110 1980 2223 2013 onmia

312 2041 425 2073 opera.
447 2035 479 2062 et
501 2040 569 2062 non
589 2033 640 2062 est
660 2029 695 2061 in
715 2029 794 2073 ipsis
816 2029 954 2064 veritas.
976 2032 1009 2062 et
1029 2029 1064 2062 in
1083 2040 1145 2062 sua
1165 2029 1348 2072 iniquitate
1370 2029 1545 2073 peribunt:
1591 2031 1619 2047 ³⁸
1640 2032 1674 2062 et
1694 2028 1821 2061 veritas
1841 2031 1970 2067 manet,
1991 2032 2026 2062 et
2045 2027 2225 2061 invalescit

312 2077 346 2109 in
369 2081 547 2114 aeternum,
573 2081 607 2109 et
631 2076 729 2110 vivit.
755 2081 789 2109 et
813 2076 947 2109 obtinet
971 2076 1004 2108 in
1029 2076 1150 2109 saecula
1175 2076 1386 2109 saeeulorum.
1436 2078 1464 2095 ³⁴⁹
1488 2076 1559 2109 Nec
1583 2080 1634 2109 est
1658 2075 1750 2119 apud
1775 2085 1851 2108 eam
1875 2075 2027 2119 accipere
2051 2085 2224 2119 personas.

313 2134 422 2167 neque
445 2123 669 2156 differentias:
694 2123 751 2155 sed
775 2134 850 2166 quae
873 2123 965 2156 iusta
985 2131 1065 2156 sunt
1088 2123 1172 2156 tacit
1194 2123 1364 2156 omnibus.
1388 2123 1523 2156 iniustis
1546 2133 1585 2156 ac
1607 2122 1775 2166 malignis,
1799 2126 1833 2155 et
1855 2132 1972 2155 omnes
1996 2122 2227 2166 benignantur

314 2171 345 2203 ιιι
369 2170 528 2214 operibus
550 2170 630 2203 eius.
678 2172 706 2190 ⁴⁰
729 2170 773 2203 Et
796 2181 864 2202 non
886 2175 938 2203 est-
959 2170 992 2202 in
1015 2170 1139 2203 iudicio
1161 2170 1231 2203 eius
1254 2170 1421 2213 iniquum,
1444 2170 1501 2203 sed
1525 2169 1705 2207 fortitudo,
1728 2173 1763 2202 et
1784 2179 1938 2213 regnum,
1960 2172 1994 2203 et
2016 2172 2169 2213 potestas
2192 2172 2227 2202 et

313 2217 473 2251 maiestas
500 2217 653 2250 omnium
679 2228 841 2250 aevorum.
870 2216 1077 2250 Benedictus
1104 2217 1196 2250 Deus
1223 2217 1389 2251 veritatis,

138 2272 275 2296 omnibus
425 2266 446 2283 ⁴¹
466 2265 509 2298 Et
523 2264 622 2298 desiit
635 2264 816 2307 loquendo.
832 2264 877 2297 Et
892 2275 1008 2297 omnes
1022 2264 1140 2308 populi
1153 2264 1400 2298 clamaverunt.
1415 2268 1448 2298 et
1462 2264 1634 2299 dixerunt,
1649 2263 1774 2307 Magna
1787 2268 1838 2297 est
1850 2263 1988 2303 veritas,
2002 2266 2036 2296 et
2050 2263 2223 2307 praevalet.

146 2307 266 2337 ³¹'1'¹²¹'²·
424 2314 451 2331 ⁴²
469 2312 564 2345 Tunc
582 2323 639 2345 rex
659 2312 707 2345 ait
725 2311 782 2350 illi,
804 2312 895 2351 Pete,
915 2311 942 2344 si
960 2311 1044 2355 quid
1062 2311 1112 2344 vis
1131 2311 1288 2355 amplius,
1309 2322 1413 2355 qnam
1433 2322 1508 2355 quae
1526 2311 1652 2355 scripta
1672 2314 1764 2349 sunt,
1783 2314 1817 2344 et
1835 2310 1925 2344 dabo
1943 2310 2017 2349 tibi,
2037 2310 2225 2343 secundum

121 2343 290 2413 2ῐὲζῖιῖῗῖζῇ
313 2360 404 2403 quod
432 2359 594 2392 inventus
622 2370 655 2391 es
683 2359 870 2402 sapientior
898 2358 1072 2402 proximis,
1101 2362 1134 2392 et
1163 2359 1338 2402 proximus
1366 2359 1449 2391 mihi
1476 2358 1619 2398 sedebis,
1660 2361 1695 2391 et·
1722 2361 1888 2402 cognatus
1915 2368 2010 2391 meus
2039 2357 2224 2391 vocaberis.

121 2424 288 2448 mmmm.
314 2409 339 2425 ⁴²²
356 2407 450 2440 Tunc
466 2407 515 2440 ait
530 2406 609 2450 regi,
625 2406 757 2439 Memor
771 2411 844 2439 esto
860 2406 933 2439 voti
949 2406 1010 2440 tui.
1028 2406 1120 2449 quod
1137 2406 1274 2445 vovisti,
1290 2406 1457 2439 aedificare
1475 2405 1670 2439 Ierusalem.
1687 2405 1721 2438 in
1737 2404 1790 2438 die
1806 2415 1873 2448 qua
1890 2415 2031 2449 regnum
2047 2404 2223 2449 accepisti:

104 2467 168 2484 ιινιιι
182 2460 293 2498 urbis-ei
313 2456 338 2473 Ν
357 2460 390 2487 et
409 2454 523 2486 onmia
542 2465 626 2486 vasa
643 2464 718 2497 quae
737 2457 878 2497 accepta
897 2457 978 2487 sunt
996 2465 1036 2486 ex
1057 2453 1252 2492 Ierusalem,
1272 2453 1456 2493 remittere,
1476 2464 1551 2497 quae
1569 2452 1743 2497 separavit
1762 2452 1880 2495 Cyrus,
1900 2451 2038 2495 quando
2056 2451 2226 2485 macta-vit

103 2495 246 2534 '“',¹¹¹'¹'.³¹‘'
258 2502 298 2518 ¹'‘*‘
313 2501 553 2543 Babyloniam,
581 2505 614 2533 et
642 2500 751 2533 voluit
777 2500 951 2534 remittere
978 2511 1016 2533 ea
1042 2500 1099 2534 ibi.
1150 2502 1176 2520 ⁴⁵
1203 2500 1249 2533 Et
1276 2504 1312 2534 tu
1341 2500 1468 2534 vovisti
1493 2500 1660 2533 aedificare
1687 2499 1855 2543 templum
1882 2499 1974 2542 quod
2000 2498 2227 2532 incenderunt

110 2534 296 2590 ”ffifflffiffin
315 2548 466 2587 Idumaei,
492 2547 631 2591 quando
655 2547 886 2581 exterminata
909 2550 960 2581 est
985 2547 1102 2581 Iudaea
1125 2559 1143 2581 a
1168 2547 1344 2581 Chaldaeis.
1392 2549 1421 2566 ⁴⁶
1445 2547 1492 2580 Et
1514 2558 1605 2580 nunc
1628 2547 1692 2580 hoc
1716 2551 1767 2580 est
1790 2546 1882 2590 quod
1907 2546 2043 2590 postulo
2067 2545 2224 2585 Domine,

150 2602 258 2630 petenti
310 2604 343 2629 et
362 2595 452 2638 quod
473 2599 563 2639 peto,
582 2595 645 2628 hoc
662 2599 714 2628 est
731 2595 892 2628 maiestas
910 2595 1003 2638 quod
1020 2606 1040 2627 a
1056 2598 1090 2628 te
1108 2595 1255 2639 postulo,
1274 2598 1312 2628 ut
1330 2595 1435 2629 facias
1453 2597 1575 2627 votum
1593 2594 1685 2638 quod
1704 2593 1830 2627 vovisti
1847 2593 1916 2637 regi
1934 2593 2003 2626 caeli
2021 2604 2062 2626 ex
2080 2604 2135 2626 ore
2153 2598 2224 2626 tuo.

132 2684 135 2685 ⁷
156 2648 255 2672 varin<
399 2644 425 2661 ‘²⁷
449 2642 543 2675 Tunc
564 2653 704 2686 surgens
726 2642 850 2675 Darius
872 2653 940 2676 rex.
963 2642 1137 2675 osculatus
1158 2646 1210 2675 est
1230 2642 1341 2675 illum:
1364 2646 1398 2675 et
1419 2641 1555 2685 scripsit
1575 2641 1736 2685 epistolas
1758 2641 1801 2673 ad
1823 2651 1939 2673 omnes
1961 2640 2224 2684 dispensatores.

121 2684 284 2742 ¹¹¹,¹'‘¹‘¹'¹⁵'¹,‘'¹¹'
309 2695 343 2722 et
370 2690 557 2733 praet'ectos.
585 2693 618 2722 et
644 2697 863 2733 purpuratos.
891 2695 928 2722 ut
954 2689 1163 2722 deducerent
1188 2700 1276 2722 eum.
1304 2694 1338 2722 et
1363 2700 1418 2722 eos
1444 2689 1503 2732 qui
1528 2699 1606 2721 cnm
1631 2688 1687 2721 illo
1713 2691 1821 2726 erant,
1848 2698 1964 2720 omnes
1990 2686 2225 2729 ascendentes¹

138 2726 284 2784 ¹},‘1,‘,¹]⁴,',¹„¹,¹.¹''
309 2737 475 2770 zediticare
500 2736 693 2770 Ierusalem.
740 2738 768 2754 ⁴⁸
790 2736 836 2769 Et
859 2736 1017 2769 omnibus
1040 2736 1220 2780 prae-fectis,
1243 2736 1301 2779 qui
1323 2740 1422 2770 erant
1442 2736 1477 2769 in
1498 2736 1607 2779 Syria,
1630 2739 1663 2769 et
1687 2735 1858 2774 Phoenicc,
1881 2739 1915 2768 et
1938 2734 2068 2767 Libano
2090 2734 2227 2778 scripsit

130 2790 275 2828 privilegia
310 2784 481 2827 epistolas.
510 2788 548 2817 ut
574 2783 749 2817 traherent
777 2784 868 2827 ligna
894 2783 1031 2816 cedrina
1057 2795 1073 2816 a
1103 2783 1234 2816 Libano
1261 2783 1295 2816 in
1323 2783 1519 2817 Ierusalem.
1559 2787 1597 2816 nt
1623 2782 1833 2816 aedificarent
1859 2792 1935 2815 cum
1962 2781 2008 2814 eis
2035 2781 2223 2814 civitatem.

130 2825 273 2849 ‘'⁴''¹‘'‘*‘¹¹¹·
310 2833 338 2849 ⁴⁹
362 2831 401 2863 lit
421 2831 557 2874 scripsit
575 2830 733 2863 omnibus
755 2830 876 2863 hulaeis
896 2830 954 2874 qui
973 2830 1205 2864 ascendebant
1225 2842 1245 2864 a
1263 2842 1366 2874 regno
1385 2831 1419 2863 in
1435 2830 1587 2864 Iudzeam
1608 2841 1667 2873 pro
1686 2829 1858 2869 libertate,
1880 2838 2017 2862 omnem
2034 2831 2223 2872 potentem.

307 2884 341 2910 et
363 2878 615 2921 magistratum.
644 2882 679 2911 et
707 2878 906 2921 praefectum
926 2889 994 2911 non
1015 2878 1234 2922 supervenire
1255 2878 1298 2911 ad
1318 2878 1439 2911 ianuas
1459 2877 1622 2921 ipsorum.
1667 2878 1696 2897 ⁵⁰
1716 2882 1749 2909 et
1771 2886 1906 2909 omnem
1928 2875 2099 2920 regionem
2120 2885 2223 2919 quani

307 2925 529 2958 obtinuerant
554 2925 741 2957 immunem
765 2936 835 2958 esse
859 2925 915 2958 eis.
941 2933 975 2958 et
999 2924 1141 2958 [dumaei
1165 2925 1362 2969 relinquant
1386 2925 1526 2958 castella
1549 2935 1624 2968 quae
1648 2923 1807 2957 obtinent
1832 2922 2037 2956 Iudaeorum.
2084 2924 2109 2941 5¹
2133 2924 2168 2955 et
2191 2921 2222 2954 in

306 2976 516 3005 structuram
538 2972 657 3015 templi
676 2972 756 3005 dare
776 2983 834 3016 per
852 2972 1002 3015 singulos
1021 2983 1128 3005 annos
1148 2972 1281 3005 talenta
1300 2971 1432 3015 viginti,
1453 2982 1560 3015 usque
1579 2971 1661 3004 dum
1682 2970 1983 3014 peraedificaretur:
2027 2971 2053 2988 5²
2072 2974 2105 3002 et
2124 2979 2225 3012 super

306 3018 492 3052 sacrarium
519 3019 800 3052 holocautomata
826 3019 977 3052 ustulare
1001 3018 1166 3062 quotidie.
1192 3019 1282 3052 sicut
1306 3019 1435 3052 habent
1461 3022 1686 3063 praeceptum:
1714 3017 1781 3050 alia
1805 3017 1939 3050 talenta,
1962 3016 2079 3049 decem
2104 3016 2223 3049 offerre

307 3077 365 3109 per
385 3065 534 3109 singulos
555 3077 672 3099 annos.
716 3068 742 3085 ⁵⁵³
762 3069 795 3099 et
816 3066 975 3099 omnibus
995 3066 1054 3109 qui
1074 3066 1264 3110 procedunt
1285 3078 1305 3099 a¹
1325 3065 1517 3109 Babylonia
1539 3065 1682 3098 condere
1703 3065 1896 3097 civitatem:
1919 3066 1959 3097 ut
1978 3067 2065 3096 esset
2084 3063 2223 3096 libertas

307 3119 377 3146 tam
401 3113 481 3156 ipsis
503 3123 606 3155 quam
630 3113 704 3145 liliis
726 3124 854 3149 eornm.
878 3117 912 3146 et
933 3113 1092 3146 omnibns
1114 3113 1349 3146 sacerdotibus
1372 3113 1430 3156 qui
1452 3112 1665 3157 przecedunt:
1712 3113 1737 3130 5⁴
1759 3111 1902 3155 Scripsit
1922 3114 2038 3144 autem
2062 3114 2095 3143 et
2116 3120 2223 3153 qnan-

308 3160 458 3195 titatem,
485 3166 519 3192 et
543 3170 673 3192 sacram
700 3160 822 3193 stolam
851 3160 948 3193 iussit
973 3160 1056 3200 dari,
1082 3160 1117 3193 in
1142 3171 1211 3203 qua
1235 3160 1462 3197 deservirent:
1511 3161 1538 3178 ⁵⁵
1562 3163 1596 3192 et
1626 3158 1750 3191 Levitis
1775 3158 1911 3202 scripsit
1935 3157 2015 3190 dare
2039 3160 2222 3201 praecepta,

310 3218 416 3249 nsque
439 3207 469 3239 in
491 3206 581 3238 ‹liem
603 3216 667 3249 qna
692 3207 989 3240 consummabitur
1009 3207 1142 3241 domus.
1164 3210 1199 3240 et
1221 3207 1403 3240 Ierusalem
1426 3210 1620 3239 extruetur:
1666 3208 1694 3223 ’Μ
1715 3209 1749 3238 et
1770 3205 1928 3238 omnibus
1950 3203 2223 3237 custodientibus

309 3253 486 3286 civitatem
510 3253 644 3297 scripsit
669 3253 740 3285 dari
765 3254 791 3285 ei
817 3259 924 3287 sortes
948 3258 982 3287 et
1005 3254 1186 3297 stipendia.
1235 3255 1262 3273 ⁶⁷
1288 3254 1333 3287 Et
1357 3254 1487 3287 dimisit
1511 3253 1622 3287 omnia
1650 3264 1733 3286 vasa¹
1756 3262 1981 3296 quaecumque
2003 3253 2226 3294 separaverat

309 3300 416 3342 t'vrus
441 3313 456 3332 a
487 3300 687 3343 babylonia.
712 3305 746 3332 et
769 3301 882 3333 omnia
907 3312 1133 3344 quaecumque
1156 3301 1243 3334 dixit
1268 3301 1386 3343 CvruS,
1411 3304 1446 3334 et
1468 3301 1539 3344 ipse
1563 3300 1724 3344 praecepit
1748 3298 1829 3339 fieri,
1853 3305 1887 3332 et
1910 3297 2002 3331 mitti
2028 3297 2222 3330 Ierusalem.

179 3347 231 3387 inis
400 3349 427 3364 ·“’“
459 3347 499 3379 Et
526 3358 602 3380 cum
630 3347 847 3391 processisset
873 3348 925 3380 ille
951 3347 1158 3385 adolescens,
1194 3348 1331 3381 elevans
1357 3347 1478 3381 faciem
1506 3347 1539 3381 in
1568 3347 1762 3385 Ierusalem,
1796 3344 1970 3379 benedixit
1998 3354 2108 3388 regem
2141 3343 2223 3382 caeli,

120 3383 289 3408 ¹²''*³¹¹¹'¹¹''¹‘
357 3400 389 3426 et
416 3394 514 3427 «lixit.
543 3394 611 3426 Abs
630 3398 662 3427 te
680 3400 731 3427 est
749 3394 902 3428 victoria.
921 3401 955 3428 et
972 3394 1032 3427 abs
1051 3398 1083 3428 te
1100 3400 1150 3428 est
1168 3395 1335 3439 sapientia
1354 3399 1386 3428 et
1405 3394 1552 3428 claritas.
1573 3395 1619 3427 Et
1635 3405 1696 3435 ego
1712 3403 1830 3426 servus
1847 3396 1926 3425 tuus
1943 3402 2029 3425 sum.
2072 3392 2101 3411 ⁶⁰
2117 3391 2223 3424 Rene-
