2356 3760
312 178 389 218 436
1185 177 1329 212 LIBER
1971 185 2001 223 4,
2028 186 2147 226 11—5,
2173 187 2214 219 22

315 279 355 313 et
389 272 576 312 civitates
610 284 748 313 eorum
783 272 819 311 in
856 271 1153 316 exterminium.
1190 267 1406 314 et'sancta
1439 287 1577 315 eorum
1611 275 1650 316 in
1684 276 1962 329 pollutionem,
1998 285 2039 321 et
2073 280 2214 321 fierent

313 331 575 384 opprobrium
606 330 816 372 Gentibus,

133 399 284 453 {assgssgfflss
420 392 448 414 ¹¹
472 389 584 430 Tunc
607 389 817 432 Eliachim.
842 389 1026 430 sacerdos
1049 390 1213 432 Domini
1236 404 1417 445 magnus,
1443 393 1628 434 circuivit
1650 407 1811 435 omnem
1836 395 1971 445 Israel,
1996 396 2213 439 allocutus-

129 446 286 488 immonen-
314 462 391 502 que
410 454 469 489 est
489 462 566 493 eos,
616 450 646 472 ¹2
665 448 818 488 dicens:
838 448 992 489 Scitote
1012 450 1205 502 quoniam
1225 451 1415 491 exaudiet
1434 452 1634 493 Dominus
1652 466 1788 506 preces
1807 459 1975 500 vestras,
1997 455 2029 496 si
2047 469 2213 498 manen-

179 500 234 523 m‘·
314 514 372 548 tes
403 507 704 561 permanseritis
737 507 777 547 in
809 507 976 553 ieiuniis,
1010 513 1052 548 et
1082 509 1334 550 orationibus
1367 510 1406 550 in
1439 517 1657 564 conspectu
1690 512 1866 555 Domini.
1928 516 1960 539 ¹³
1995 514 2213 556 aMemores

312 572 442 607 estote
468 567 596 619 Moysi
622 566 725 606 servi
752 566 928 611 Domini,
958 566 1026 620 qui
1051 567 1217 608 Amalec
1243 568 1513 609 confidentem
1539 570 1579 611 in
1605 571 1759 612 virtute
1784 585 1868 618 sua,
1896 578 1937 614 et
1961 573 2001 613 in
2026 574 2215 627 potentia

311 639 395 668 sua.
423 632 462 666 et
488 626 528 665 in
553 625 731 666 exercitu
758 638 842 668 suo,
870 630 911 666 et
935 625 976 666 in
1001 625 1150 679 clypeis
1176 627 1268 671 suis,
1296 632 1337 668 et
1362 628 1400 668 in
1427 629 1608 669 curribus
1634 630 1725 674 suis,
1754 636 1793 671 et
1818 630 1859 671 in
1885 632 2090 685 equitibus
2115 633 2210 676 suis.

312 698 389 725 non
423 686 526 725 ferro
558 685 791 737 pugnando,
826 684 896 725 sed
928 685 1112 738 precibus
1144 686 1294 727 sanctis
1326 687 1478 728 orando
1511 688 1675 729 deiecit:
1739 691 1767 713 ¹⁴
1799 689 1854 730 sic
1885 696 2004 732 erunt
2036 692 2213 732 universi

311 743 445 784 hostes
477 743 616 784 Israel:
647 744 677 784 si
708 744 1059 796 perseveraveritis
1088 745 1126 785 in
1156 744 1232 786 hoc
1259 759 1389 799 opere,
1421 747 1530 800 quod
1558 748 1748 800 coepistis.
1807 750 1837 773 ¹⁵
1865 749 1929 789 Ad
1957 749 2061 791 hanc
2090 751 2214 804 igitur

309 803 634 843 exhortationem
673 803 756 843 eius
793 803 1055 856 deprecantes
1097 804 1327 851 Dominum,
1366 806 1663 858 permanebant
1698 806 1739 847 in
1776 813 1995 861 conspectu
2031 809 2210 854 Domini,

311 863 344 886 ¹⁶
372 862 431 902 ita
461 868 507 902 ut.
536 862 659 903 etiam
690 861 742 910 hi,
776 861 844 915 qui
874 861 1101 903 offerebant
1129 863 1305 905 Domino
1337 864 1585 909 holocausta,
1618 866 1989 918 praecincticiliciis
2021 867 2213 909 offerrent

309 921 503 962 sacrificia
523 921 712 966 Domino,
736 926 777 961 et
798 926 885 961 erat
906 921 1004 962 cinis
1025 935 1145 975 super
1165 923 1303 976 capita
1322 937 1472 965 eorum.
1526 925 1557 948 ¹⁷
1582 924 1636 965 Et
1657 938 1706 965 ex
1728 930 1816 966 toto
1838 927 1957 967 corde
1978 940 2050 968 suo
2073 940 2213 968 omnes

309 980 483 1021 orabant
513 980 658 1022 Deum.
693 985 740 1021 ut
770 980 956 1021 visitaret
986 981 1183 1035 populum
1214 995 1332 1022 suum
1366 983 1499 1024 lsrael.

731 1095 769 1135 2.
798 1094 964 1135 Achior
993 1095 1088 1136 dux
1116 1095 1492 1149 Ammonitarum,
1520 1097 1705 1149 5,1-6,
1724 1099 1789 1139 21.

122 1168 278 1230 5ξῇἕὲᾝέ
409 1178 448 1209 ε).
505 1168 517 1190 1
558 1166 890 1219 Nunciatumque
929 1171 991 1207 est
1030 1166 1240 1208 Holoferni
1278 1168 1449 1222 principi
1488 1169 1642 1210 militia}
1679 1170 1949 1224 Assyriorum,
1993 1172 2102 1226 quod
2141 1172 2211 1214 filii

308 1226 429 1266 Israel
464 1230 741 1279 praepararent
775 1238 816 1265 se
851 1225 903 1266 ad
936 1225 1219 1275 resistendum,
1256 1240 1303 1268 ac
1337 1228 1539 1269 montium
1574 1229 1720 1270 itinera
1754 1229 2056 1276 conclusissent,
2121 1234 2135 1256 ²
2170 1238 2211 1273 et

305 1285 438 1326 furore
472 1285 595 1326 nimio
630 1284 780 1325 exarsit
815 1285 855 1325 in
888 1284 1099 1326 iracundia
1131 1299 1291 1340 magna,
1328 1287 1574 1341 vocavitque
1608 1301 1746 1329 omnes
1780 1289 1979 1343 principes
2014 1290 2136 1331 Moab
2171 1296 2213 1332 et

306 1344 427 1385 duces
444 1344 634 1388 Ammon,
679 1346 695 1368 ³
711 1348 753 1385 et
769 1344 874 1385 dixit
891 1344 964 1385 eis:
984 1345 1116 1386 Dicite
1134 1345 1233 1386 mihi
1251 1346 1339 1399 quis
1357 1346 1410 1387 sit
1426 1346 1600 1401 populus
1618 1347 1704 1395 iste,
1726 1347 1795 1401 qui
1812 1354 2013 1389 montana
2030 1350 2210 1391 obsidet:

305 1409 377 1444 aut
405 1416 505 1457 quae,
535 1408 576 1444 et
603 1403 753 1457 quales,
782 1408 823 1444 et
851 1408 1016 1457 quantae
1042 1404 1124 1445 sint
1150 1404 1338 1446 civitates
1365 1419 1522 1447 eorum:
1553 1418 1642 1459 quae
1668 1406 1792 1447 etiam
1819 1406 1872 1447 sit
1898 1407 2029 1448 virtus
2057 1421 2210 1453 eorum,

304 1468 377 1503 aut
396 1476 485 1516 quae
503 1462 555 1503 sit
574 1462 796 1503 multitudo
816 1475 973 1503 eorum:
994 1463 1057 1504 vel
1077 1463 1165 1517 quis
1184 1476 1254 1504 rex
1272 1464 1427 1506 militiae
1445 1464 1624 1506 illorum:
1670 1467 1686 1490 ⁴
1704 1470 1745 1506 et
1764 1478 1888 1519 quare
1906 1479 1989 1519 prae
2008 1467 2211 1517 omnibus,

305 1522 372 1576 qui
404 1522 597 1562 habitant
627 1522 668 1562 in
700 1521 876 1569 Oriente,
911 1521 977 1562 isti
1009 1528 1344 1575 contempserunt
1375 1537 1458 1567 nos,
1493 1529 1534 1564 et
1565 1537 1644 1565 non
1678 1524 1866 1565 exierunt
1897 1525 2061 1566 obviam
2095 1525 2213 1567 nobis

304 1586 350 1621 ut
379 1581 628 1634 susciperent
657 1594 728 1621 nos
759 1593 851 1620 cum
880 1580 1004 1633 pace?

148 1654 250 1679 ³0¹110s
406 1654 420 1676 ⁵
457 1652 569 1692 Tunc
605 1651 754 1693 Achior
789 1652 872 1692 dux
908 1651 1091 1692 omnium
1127 1651 1301 1693 filiorum
1336 1652 1514 1694 Ammon
1549 1653 1808 1707 respondens,
1847 1653 1922 1695 ait:
1959 1654 2001 1695 Si
2036 1655 2213 1708 digneris

135 1697 259 1750 ¹¹E³31¹1¹ss¹⁰
303 1711 441 1752 audire
460 1711 622 1752 domine
641 1711 707 1759 mi,
729 1710 862 1752 dicam
881 1710 1099 1751 veritatem
1117 1711 1158 1751 in
1177 1716 1397 1765 conspectu
1416 1717 1488 1753 tuo
1508 1712 1556 1753 de
1574 1712 1725 1766 populo
1744 1712 1834 1760 isto,
1857 1713 1925 1766 qui
1944 1712 1984 1754 in
2002 1714 2213 1755 montanis

140 1761 252 1791 made*
302 1770 476 1815 habitat,
503 1775 543 1811 et
566 1783 647 1811 non
671 1770 898 1824 egredietur
920 1770 1091 1810 verbum
1114 1770 1263 1811 falsum
1287 1784 1336 1811 ex
1359 1784 1425 1812 ore
1449 1784 1550 1813 meo.
1606 1773 1621 1795 θ
1644 1771 1823 1825 Populus
1847 1771 1922 1813 iste
1946 1785 1996 1813 ex
2019 1773 2213 1827 progenie

303 1829 584 1871 Chaldaeorum
615 1834 686 1870 est.
748 1831 762 1852 ⁷
796 1829 880 1869 bhic
910 1829 1087 1883 primum
1118 1830 1158 1870 in
1188 1830 1486 1884 Mesopotamia
1514 1830 1732 1877 habitavit,
1767 1831 1960 1885 quoniam
1991 1831 2213 1873 noluerunt

303 1889 417 1942 sequi
442 1890 537 1930 deos
563 1894 728 1942 patrum
754 1901 931 1937 suorum,
961 1889 1029 1942 qui
1055 1894 1172 1930 erant
1197 1889 1238 1930 in
1264 1889 1386 1930 Terra
1411 1889 1704 1931 Chaldaeorum.
1762 1892 1777 1914 8
1802 1891 2044 1932 Deserentes
2070 1891 2214 1945 itaque

304 1948 549 1989 ceremonias
580 1953 746 2002 patrum
779 1960 956 1997 suorum,
992 1961 1082 2002 quae
1112 1948 1152 1989 in
1184 1948 1448 1990 multitudine
1480 1949 1648 1990 deorum
1680 1954 1807 1995 erant,
1870 1951 1885 1973 ⁹
1917 1963 2044 1990 unum
2076 1951 2212 1991 Deum

304 2007 387 2049 caeli
405 2007 627 2052 coluerunt,
654 2007 742 2061 cqui
759 2012 800 2048 et
817 2007 1009 2061 praecepit
1026 2007 1081 2048 eis
1099 2012 1146 2048 ut
1163 2008 1320 2049 exirent
1337 2009 1441 2054 inde,
1462 2014 1503 2049 et
1520 2008 1756 2049 habitarent
1773 2008 1814 2049 in
1832 2008 2004 2050 Charan.
2025 2009 2211 2063 Cumque

304 2067 527 2121 operuisset
557 2080 718 2108 omnem
749 2072 900 2107 terram
932 2067 1071 2113 fames,
1114 2067 1432 2108 ddescenderunt
1470 2068 1511 2108 in
1541 2067 1779 2121 AEgyptum,
1819 2067 1980 2122 illicque
2009 2081 2081 2122 per
2111 2081 2211 2122 qua-

304 2126 538 2179 dringentos
562 2139 689 2167 annos
712 2126 767 2166 sic
795 2125 1055 2179 multiplicati
1083 2131 1190 2171 sunt,
1217 2132 1264 2167 ut
1287 2127 1534 2167 dinumerari
1557 2140 1695 2168 eorum
1721 2140 1802 2167 non
1830 2132 1968 2180 posset
1993 2127 2208 2169 exercitus.

305 2187 340 2210 1⁰
373 2186 556 2239 Cumque
590 2191 780 2239 gravaret
815 2198 880 2226 eos
916 2198 985 2225 rex
1021 2185 1200 2239 AEgypti‚
1238 2190 1362 2239 atque
1396 2186 1437 2226 in
1472 2186 1810 2227 aedificationibus
1846 2186 2008 2227 urbium
2044 2199 2211 2227 suarum

305 2245 345 2285 in
375 2244 462 2286 luto
495 2250 535 2285 et
566 2244 691 2285 latere
723 2244 978 2297 subiugasset
1010 2258 1087 2289 eos,
1122 2244 1404 2286 clamaverunt
1436 2245 1487 2286 ad
1519 2245 1742 2286 Dominum
1774 2258 1905 2290 suum,
1940 2250 1981 2286 et
2014 2245 2214 2299 percussit

306 2310 436 2345 totam
466 2304 629 2344 Terram
659 2303 826 2357 AEgvpti
854 2302 982 2356 plagis
1010 2303 1142 2345 variis.
1201 2306 1231 2328 11
1265 2304 1465 2357 eCumque
1493 2304 1702 2345 eiecissent
1729 2317 1795 2345 eos
1823 2304 2007 2358 AEgyptii
2036 2318 2061 2345 a
2088 2318 2140 2353 se,
2172 2310 2214 2346 et

304 2368 497 2404 cessasset
520 2363 640 2417 plaga
661 2363 712 2403 ab
735 2363 800 2409 eis,
825 2368 866 2403 et
887 2362 1035 2403 iterum
1057 2376 1123 2404 eos
1145 2363 1296 2404 vellent
1317 2376 1470 2417 capere,
1495 2368 1536 2404 et
1557 2363 1609 2404 ad
1630 2376 1749 2403 suum
1771 2363 1982 2404 servitium
2003 2376 2208 2406 revocare.

306 2425 337 2447 ¹2
375 2422 638 2476 ffugientibus
668 2422 728 2462 his
758 2422 868 2462 Deus
899 2421 983 2463 caeli
1011 2435 1123 2463 mare
1153 2422 1323 2476 aperuit,
1371 2423 1430 2463 ita
1459 2427 1505 2463 ut
1535 2422 1628 2463 hinc
1657 2422 1750 2464 inde
1780 2435 1897 2476 aquae
1927 2422 2042 2476 quasi
2071 2435 2212 2463 murus

304 2481 585 2529 solidarentur,
613 2487 653 2522 et.
677 2481 743 2522 isti
767 2481 868 2534 pede
893 2481 996 2522 sicco
1020 2481 1195 2522 fundum
1219 2482 1340 2522 maris
1365 2481 1686 2535 perambulando
1712 2481 1942 2522 transirent.
1997 2483 2028 2506 ¹3
2054 2481 2102 2522 In
2127 2495 2209 2535 quo

304 2541 391 2583 loco
409 2542 506 2582 dum
523 2540 827 2581 innumerabilis
844 2540 1043 2581 exercitus
1060 2540 1347 2595 AEgyptiorum
1364 2554 1429 2582 eos
1446 2546 1765 2595 persequeretur,
1784 2541 1844 2581 ita
1859 2540 1975 2594 aquis
1992 2546 2214 2594 coopertus

305 2605 377 2647 est,
410 2605 457 2641 ut
486 2613 567 2641 non
596 2604 823 2640 remaneret
852 2599 916 2640 vel
945 2613 1061 2649 unus,
1095 2600 1163 2654 qui
1192 2601 1348 2641 factum
1378 2600 1549 2654 posteris
1579 2599 1801 2641 nunciaret.
1861 2601 1893 2624 ¹⁴¹
1922 2599 2085 2653 Egressi
2117 2612 2213 2641 vero

305 2672 415 2700 mare
432 2659 611 2707 rubrum,
631 2659 791 2700 deserta
806 2659 903 2700 Sina
917 2659 1067 2700 montis
1084 2666 1399 2713 occupaverunt,
1420 2660 1459 2700 in
1477 2659 1623 2714 quibus
1639 2672 1866 2712 numquam
1883 2658 2005 2700 homo
2024 2658 2214 2699 habitare

308 2719 455 2772 potuit,
491 2718 554 2759 vel
585 2718 688 2759 filius
721 2718 894 2759 hominis
925 2718 1136 2772 requievit.
1199 2720 1229 2743 ¹⁵
1263 2719 1348 2760 Illic
1378 2719 1512 2760 fontes
1545 2718 1673 2759 amari
1704 2717 1914 2760 obdulcati
1945 2722 2043 2759 sunt
2074 2717 2129 2758 eis
2162 2717 2215 2758 ad

309 2778 544 2823 bibendum,
569 2782 609 2818 et
630 2791 701 2831 per
722 2790 848 2818 annos
871 2777 1145 2831 quadraginta
1165 2791 1370 2819 annonam
1392 2779 1440 2819 de
1462 2777 1556 2819 caelo
1578 2778 1784 2819 consecuti
1804 2782 1912 2818 sunt.
1964 2778 1999 2801 ¹⁶
2020 2776 2214 2818 Ubicum-

310 2850 387 2891 que
404 2837 568 2890 ingressi
585 2842 681 2878 sunt
696 2836 780 2877 sine
798 2850 892 2877 arcu
909 2842 951 2878 et
966 2837 1128 2890 sagitta,
1147 2842 1187 2878 et
1204 2838 1358 2891 absque
1374 2843 1488 2878 scuto
1506 2842 1547 2878 et
1561 2836 1707 2891 gladio,
1726 2837 1836 2877 Deus
1853 2849 1995 2878 eorum
2011 2835 2215 2889 pugnavit

309 2909 381 2950 pro
408 2897 474 2943 eis,
503 2902 543 2937 et
569 2896 679 2937 vicit.
736 2897 768 2920 ¹⁷
795 2896 850 2937 Et
875 2909 957 2937 non
982 2896 1062 2937 fuit
1088 2896 1156 2950 qui
1182 2896 1397 2938 insultaret
1424 2896 1574 2950 populo
1600 2896 1678 2945 isti,
1707 2895 1782 2936 nisi
1809 2895 1974 2949 quando
2000 2895 2165 2936 recessit
2191 2908 2215 2935 a

309 2955 420 2996 cultu
440 2955 607 2996 Domini
626 2955 701 2996 Dei
720 2955 792 2997 sui.
842 2955 875 2979 18
895 2955 1239 3009 Quotiescumque
1258 2961 1397 2997 autem
1416 2961 1562 3009 praeter
1580 2955 1713 3009 ipsum
1732 2955 1866 2995 Deum
1885 2967 2016 3004 suum,
2039 2953 2214 2995 alterum

309 3014 532 3059 coluerunt,
554 3014 641 3055 dati
659 3020 754 3055 sunt
772 3014 813 3055 in
832 3015 1023 3068 praedam,
1045 3020 1085 3055 et
1104 3014 1143 3055 in
1160 3014 1352 3068 gladium,
1374 3021 1413 3056 et
1433 3015 1472 3056 in
1491 3014 1766 3069 opprobrium.
1815 3015 1849 3037 ¹⁹
1868 3013 2215 3066 Quotiescumque

311 3079 447 3114 autem
478 3074 759 3126 poenituerunt
788 3088 827 3114 se
856 3074 1062 3115 recessisse
1092 3087 1115 3114 a
1143 3074 1303 3115 cultura
1330 3074 1406 3115 Dei
1435 3074 1506 3119 sui,
1538 3073 1651 3115 dedit
1680 3073 1734 3114 eis
1763 3073 1873 3113 Deus
1902 3072 1987 3113 caeli
2015 3072 2213 3113 virtutem

309 3133 531 3173 resistendi.
589 3135 625 3156 2⁰
665 3133 851 3186 Denique
895 3132 1170 3173 Chananaeum
1213 3147 1358 3187 regem,
1403 3139 1443 3174 et
1489 3133 1727 3179 Iebusaeum,
1773 3136 1814 3173 et
1855 3131 2126 3179 Pherezaeum,
2173 3135 2214 3172 et

311 3191 540 3236 Hethzeum,
573 3199 614 3232 et
646 3191 855 3236 Hevaeum,
889 3197 930 3232 et
958 3192 1252 3242 Arnorrhaeum,
1285 3198 1326 3233 et
1356 3206 1494 3233 omnes
1525 3197 1713 3245 potentes
1742 3191 1784 3231 in
1816 3190 2006 3232 Hesebon
2035 3194 2214 3243 prostra-

310 3256 467 3292 verunt.
501 3256 541 3291 et
572 3256 699 3291 terras
730 3264 880 3295 eorum,
914 3256 955 3291 et
985 3251 1172 3291 civitates
1204 3265 1342 3292 eorum
1373 3251 1448 3305 ipsi
1478 3251 1764 3305 possederunt:
1824 3251 1855 3274 2¹
1886 3254 1927 3290 et
1957 3262 2084 3302 usque
2115 3249 2214 3290 dum

308 3322 388 3349 non
415 3316 627 3362 peccarent
654 3310 693 3350 in
718 3316 937 3363 conspectu
963 3310 1037 3350 Dei
1062 3310 1134 3355 sui,
1163 3316 1278 3351 erant
1304 3324 1395 3351 cum
1421 3310 1495 3351 illis
1522 3311 1646 3351 bona:
1673 3310 1783 3349 Deus
1809 3308 1915 3349 enim
1940 3307 2101 3349 illorum
2126 3307 2213 3349 odit

308 3367 579 3421 iniquitatem.
641 3371 672 3393 22
706 3369 810 3409 Nam
843 3374 883 3410 et
916 3374 1011 3410 ante
1044 3369 1114 3410 bos
1148 3383 1273 3410 annos
1307 3383 1397 3410 cum
1431 3369 1685 3410 recessissent
1718 3382 1742 3408 a
1774 3367 1852 3416 via,
1888 3380 2011 3420 quam
2044 3367 2213 3408 dederat

439 3482 470 3524 4,
496 3482 537 3516 13
563 3482 634 3515 aEx
660 3485 711 3522 17,
738 3485 788 3517 12.
816 3505 856 3508 —
881 3485 912 3527 ι’),
937 3484 955 3517 7
979 3485 1051 3517 bGn
1076 3486 1127 3523 11,
1151 3484 1202 3517 31.
1243 3486 1392 3518 Π90611
1419 3485 1470 3521 12,
1497 3486 1525 3518 1.
1547 3506 1586 3508 e*
1604 3484 1677 3518 dGn
1702 3483 1755 3524 46,
1781 3482 1809 3516 6.
1829 3503 1871 3506 -—
1891 3483 1930 3516 11
1953 3482 2023 3516 eEx
2047 3483 2099 3523 14,
2123 3482 2152 3516 5.
2173 3502 2214 3506 -

309 3529 348 3563 12
378 3529 444 3562 fEx
468 3531 520 3564 14.
544 3530 596 3564 29.
