<?xml version="1.0" encoding="UTF-8"?>
<!DOCTYPE html PUBLIC "-//W3C//DTD XHTML 1.0 Transitional//EN"
    "http://www.w3.org/TR/xhtml1/DTD/xhtml1-transitional.dtd">
<html xmlns="http://www.w3.org/1999/xhtml" xml:lang="en" lang="en">
 <head>
  <title>
</title>
<meta http-equiv="Content-Type" content="text/html;charset=utf-8" />
  <meta name='ocr-system' content='tesseract 3.04.00' />
  <meta name='ocr-capabilities' content='ocr_page ocr_carea ocr_par ocr_line ocrx_word'/>
</head>
<body>
  <div class='ocr_page' id='page_1' title='image "./bibliasacravulga00helzuoft_0261.png"; bbox 0 0 2356 3760; ppageno 0'>
   <div class='ocr_carea' id='block_1_1' title="bbox 122 145 2012 192">
    <p class='ocr_par' dir='ltr' id='par_1_1' title="bbox 122 145 2012 192">
     <span class='ocr_line' id='line_1_1' title="bbox 122 145 2012 192; baseline 0.005 -9"><span class='ocrx_word' id='word_1_1' title='bbox 122 149 415 189; x_wconf 25' lang='lat'>14‚42445‚14</span> <span class='ocrx_word' id='word_1_2' title='bbox 952 145 1183 179; x_wconf 60' lang='lat' dir='ltr'>SAtssJELIS</span> <span class='ocrx_word' id='word_1_3' title='bbox 1937 152 2012 192; x_wconf 69' lang='grc'>237</span> 
     </span>
    </p>
   </div>
   <div class='ocr_carea' id='block_1_2' title="bbox 121 238 2024 943">
    <p class='ocr_par' dir='ltr' id='par_1_2' title="bbox 121 238 2024 943">
     <span class='ocr_line' id='line_1_2' title="bbox 121 238 2014 296; baseline 0 -11"><span class='ocrx_word' id='word_1_4' title='bbox 121 245 171 286; x_wconf 87' lang='lat' dir='ltr'>da</span> <span class='ocrx_word' id='word_1_5' title='bbox 190 243 402 284; x_wconf 78' lang='lat' dir='ltr'>indicium:</span> <span class='ocrx_word' id='word_1_6' title='bbox 422 241 520 296; x_wconf 91' lang='lat' dir='ltr'>quid</span> <span class='ocrx_word' id='word_1_7' title='bbox 536 246 597 282; x_wconf 91' lang='lat' dir='ltr'>est</span> <span class='ocrx_word' id='word_1_8' title='bbox 614 240 722 293; x_wconf 90' lang='lat' dir='ltr'>quod</span> <span class='ocrx_word' id='word_1_9' title='bbox 738 252 820 279; x_wconf 92' lang='lat' dir='ltr'>non</span> <span class='ocrx_word' id='word_1_10' title='bbox 835 238 1088 292; x_wconf 83' lang='lat' dir='ltr'>responderis</span> <span class='ocrx_word' id='word_1_11' title='bbox 1105 251 1220 280; x_wconf 82' lang='lat' dir='ltr'>servo</span> <span class='ocrx_word' id='word_1_12' title='bbox 1238 244 1309 279; x_wconf 90' lang='lat' dir='ltr'>tuo</span> <span class='ocrx_word' id='word_1_13' title='bbox 1326 238 1468 279; x_wconf 80' lang='lat' dir='ltr'>hodie?</span> <span class='ocrx_word' id='word_1_14' title='bbox 1487 239 1527 280; x_wconf 87' lang='lat' dir='ltr'>Si</span> <span class='ocrx_word' id='word_1_15' title='bbox 1542 240 1583 279; x_wconf 93' lang='lat' dir='ltr'>in</span> <span class='ocrx_word' id='word_1_16' title='bbox 1600 254 1674 289; x_wconf 89' lang='lat' dir='ltr'>me,</span> <span class='ocrx_word' id='word_1_17' title='bbox 1694 248 1766 283; x_wconf 88' lang='lat' dir='ltr'>aut</span> <span class='ocrx_word' id='word_1_18' title='bbox 1780 243 1821 283; x_wconf 93' lang='lat' dir='ltr'>in</span> <span class='ocrx_word' id='word_1_19' title='bbox 1839 244 2014 285; x_wconf 86' lang='lat' dir='ltr'>Ionatha</span> 
     </span>
     <span class='ocr_line' id='line_1_3' title="bbox 121 297 2011 354; baseline 0 -10"><span class='ocrx_word' id='word_1_20' title='bbox 121 302 202 343; x_wconf 84' lang='lat' dir='ltr'>filio</span> <span class='ocrx_word' id='word_1_21' title='bbox 224 315 313 343; x_wconf 91' lang='lat' dir='ltr'>meo</span> <span class='ocrx_word' id='word_1_22' title='bbox 336 306 397 342; x_wconf 89' lang='lat' dir='ltr'>est</span> <span class='ocrx_word' id='word_1_23' title='bbox 417 299 611 353; x_wconf 86' lang='lat' dir='ltr'>iniquitas</span> <span class='ocrx_word' id='word_1_24' title='bbox 634 298 730 343; x_wconf 80' lang='lat' dir='ltr'>haec,</span> <span class='ocrx_word' id='word_1_25' title='bbox 755 298 808 338; x_wconf 87' lang='lat' dir='ltr'>da</span> <span class='ocrx_word' id='word_1_26' title='bbox 829 297 1121 338; x_wconf 77' lang='lat' dir='ltr'>ostensionem:</span> <span class='ocrx_word' id='word_1_27' title='bbox 1144 301 1218 337; x_wconf 90' lang='lat' dir='ltr'>aut</span> <span class='ocrx_word' id='word_1_28' title='bbox 1238 297 1270 337; x_wconf 90' lang='lat' dir='ltr'>si</span> <span class='ocrx_word' id='word_1_29' title='bbox 1291 297 1375 338; x_wconf 79' lang='lat' dir='ltr'>haec</span> <span class='ocrx_word' id='word_1_30' title='bbox 1396 297 1590 350; x_wconf 82' lang='lat' dir='ltr'>iniquitas</span> <span class='ocrx_word' id='word_1_31' title='bbox 1613 303 1674 338; x_wconf 91' lang='lat' dir='ltr'>est</span> <span class='ocrx_word' id='word_1_32' title='bbox 1694 299 1735 339; x_wconf 92' lang='lat' dir='ltr'>in</span> <span class='ocrx_word' id='word_1_33' title='bbox 1756 302 1904 354; x_wconf 90' lang='lat' dir='ltr'>populo</span> <span class='ocrx_word' id='word_1_34' title='bbox 1927 308 2011 349; x_wconf 90' lang='lat' dir='ltr'>tuo,</span> 
     </span>
     <span class='ocr_line' id='line_1_4' title="bbox 121 355 2015 410; baseline -0.001 -8"><span class='ocrx_word' id='word_1_35' title='bbox 121 362 175 402; x_wconf 85' lang='lat' dir='ltr'>da</span> <span class='ocrx_word' id='word_1_36' title='bbox 195 360 471 401; x_wconf 80' lang='lat' dir='ltr'>sanctitatem.</span> <span class='ocrx_word' id='word_1_37' title='bbox 495 358 551 398; x_wconf 91' lang='lat' dir='ltr'>Et</span> <span class='ocrx_word' id='word_1_38' title='bbox 572 356 845 410; x_wconf 84' lang='lat' dir='ltr'>deprehensus</span> <span class='ocrx_word' id='word_1_39' title='bbox 867 360 928 396; x_wconf 89' lang='lat' dir='ltr'>est</span> <span class='ocrx_word' id='word_1_40' title='bbox 952 355 1147 396; x_wconf 86' lang='lat' dir='ltr'>Ionathas</span> <span class='ocrx_word' id='word_1_41' title='bbox 1170 360 1210 396; x_wconf 88' lang='lat' dir='ltr'>et</span> <span class='ocrx_word' id='word_1_42' title='bbox 1231 355 1339 403; x_wconf 89' lang='lat' dir='ltr'>Saul,</span> <span class='ocrx_word' id='word_1_43' title='bbox 1363 355 1536 409; x_wconf 89' lang='lat' dir='ltr'>populus</span> <span class='ocrx_word' id='word_1_44' title='bbox 1560 361 1697 397; x_wconf 90' lang='lat' dir='ltr'>autem</span> <span class='ocrx_word' id='word_1_45' title='bbox 1720 358 1858 400; x_wconf 86' lang='lat' dir='ltr'>exivit.</span> <span class='ocrx_word' id='word_1_46' title='bbox 1908 362 1939 384; x_wconf 70' lang='lat'>⁴2</span> <span class='ocrx_word' id='word_1_47' title='bbox 1961 362 2015 401; x_wconf 89' lang='lat' dir='ltr'>Et</span> 
     </span>
     <span class='ocr_line' id='line_1_5' title="bbox 121 414 2017 470; baseline -0.001 -10"><span class='ocrx_word' id='word_1_48' title='bbox 121 420 180 461; x_wconf 88' lang='lat' dir='ltr'>ait</span> <span class='ocrx_word' id='word_1_49' title='bbox 205 419 319 460; x_wconf 87' lang='lat' dir='ltr'>Saul:</span> <span class='ocrx_word' id='word_1_50' title='bbox 346 417 500 458; x_wconf 89' lang='lat' dir='ltr'>Mittite</span> <span class='ocrx_word' id='word_1_51' title='bbox 526 420 676 456; x_wconf 79' lang='lat' dir='ltr'>sortem</span> <span class='ocrx_word' id='word_1_52' title='bbox 701 414 809 455; x_wconf 89' lang='lat' dir='ltr'>inter</span> <span class='ocrx_word' id='word_1_53' title='bbox 832 428 908 463; x_wconf 88' lang='lat' dir='ltr'>me,</span> <span class='ocrx_word' id='word_1_54' title='bbox 936 419 977 455; x_wconf 90' lang='lat' dir='ltr'>et</span> <span class='ocrx_word' id='word_1_55' title='bbox 1001 414 1108 455; x_wconf 90' lang='lat' dir='ltr'>inter</span> <span class='ocrx_word' id='word_1_56' title='bbox 1134 414 1352 455; x_wconf 74' lang='lat' dir='ltr'>Ionatham</span> <span class='ocrx_word' id='word_1_57' title='bbox 1379 414 1505 455; x_wconf 88' lang='lat' dir='ltr'>filium</span> <span class='ocrx_word' id='word_1_58' title='bbox 1532 428 1680 456; x_wconf 89' lang='lat' dir='ltr'>meum.</span> <span class='ocrx_word' id='word_1_59' title='bbox 1707 416 1763 456; x_wconf 89' lang='lat' dir='ltr'>Et</span> <span class='ocrx_word' id='word_1_60' title='bbox 1788 422 1930 470; x_wconf 87' lang='lat' dir='ltr'>captus</span> <span class='ocrx_word' id='word_1_61' title='bbox 1957 424 2017 459; x_wconf 89' lang='lat' dir='ltr'>est</span> 
     </span>
     <span class='ocr_line' id='line_1_6' title="bbox 123 472 2019 527; baseline -0.004 -7"><span class='ocrx_word' id='word_1_62' title='bbox 123 478 331 520; x_wconf 88' lang='lat' dir='ltr'>Ionathas.</span> <span class='ocrx_word' id='word_1_63' title='bbox 379 478 411 500; x_wconf 76' lang='lat'>4³</span> <span class='ocrx_word' id='word_1_64' title='bbox 430 474 548 516; x_wconf 81' lang='lat' dir='ltr'><strong>Dixit</strong></span> <span class='ocrx_word' id='word_1_65' title='bbox 567 478 705 515; x_wconf 88' lang='lat' dir='ltr'>autem</span> <span class='ocrx_word' id='word_1_66' title='bbox 726 473 822 514; x_wconf 88' lang='lat' dir='ltr'>Saul</span> <span class='ocrx_word' id='word_1_67' title='bbox 842 473 894 514; x_wconf 85' lang='lat' dir='ltr'>ad</span> <span class='ocrx_word' id='word_1_68' title='bbox 916 472 1153 514; x_wconf 75' lang='lat' dir='ltr'>Ionatham:</span> <span class='ocrx_word' id='word_1_69' title='bbox 1177 472 1318 513; x_wconf 89' lang='lat' dir='ltr'>Indica</span> <span class='ocrx_word' id='word_1_70' title='bbox 1337 472 1436 513; x_wconf 92' lang='lat' dir='ltr'>mihi</span> <span class='ocrx_word' id='word_1_71' title='bbox 1457 473 1554 527; x_wconf 89' lang='lat' dir='ltr'>quid</span> <span class='ocrx_word' id='word_1_72' title='bbox 1573 474 1724 515; x_wconf 81' lang='lat' dir='ltr'>feceris.</span> <span class='ocrx_word' id='word_1_73' title='bbox 1747 475 1802 516; x_wconf 88' lang='lat' dir='ltr'>Et</span> <span class='ocrx_word' id='word_1_74' title='bbox 1821 475 2019 516; x_wconf 87' lang='lat' dir='ltr'>indicavit</span> 
     </span>
     <span class='ocr_line' id='line_1_7' title="bbox 123 531 2017 586; baseline -0.002 -8"><span class='ocrx_word' id='word_1_75' title='bbox 123 537 157 578; x_wconf 92' lang='lat' dir='ltr'>ei</span> <span class='ocrx_word' id='word_1_76' title='bbox 185 535 392 583; x_wconf 84' lang='lat' dir='ltr'>Ionathas,</span> <span class='ocrx_word' id='word_1_77' title='bbox 419 539 460 575; x_wconf 92' lang='lat' dir='ltr'>et</span> <span class='ocrx_word' id='word_1_78' title='bbox 485 533 560 574; x_wconf 88' lang='lat' dir='ltr'>ait:</span> <span class='ocrx_word' id='word_1_79' title='bbox 588 533 768 573; x_wconf 87' lang='lat' dir='ltr'>Gustans</span> <span class='ocrx_word' id='word_1_80' title='bbox 793 531 957 586; x_wconf 77' lang='lat' dir='ltr'>gustavi</span> <span class='ocrx_word' id='word_1_81' title='bbox 981 532 1023 572; x_wconf 92' lang='lat' dir='ltr'>in</span> <span class='ocrx_word' id='word_1_82' title='bbox 1048 531 1286 572; x_wconf 75' lang='lat' dir='ltr'>summitate</span> <span class='ocrx_word' id='word_1_83' title='bbox 1312 531 1445 585; x_wconf 79' lang='lat' dir='ltr'>virgae,</span> <span class='ocrx_word' id='word_1_84' title='bbox 1475 545 1564 585; x_wconf 79' lang='lat' dir='ltr'>quae</span> <span class='ocrx_word' id='word_1_85' title='bbox 1589 538 1676 573; x_wconf 84' lang='lat' dir='ltr'>erat</span> <span class='ocrx_word' id='word_1_86' title='bbox 1700 533 1740 573; x_wconf 93' lang='lat' dir='ltr'>in</span> <span class='ocrx_word' id='word_1_87' title='bbox 1766 547 1890 574; x_wconf 89' lang='lat' dir='ltr'>manu</span> <span class='ocrx_word' id='word_1_88' title='bbox 1915 548 2017 580; x_wconf 90' lang='lat' dir='ltr'>mea,</span> 
     </span>
     <span class='ocr_line' id='line_1_8' title="bbox 122 589 2021 650; baseline -0.002 -14"><span class='ocrx_word' id='word_1_89' title='bbox 122 594 333 650; x_wconf 90' lang='lat' dir='ltr'>paululum</span> <span class='ocrx_word' id='word_1_90' title='bbox 354 592 496 641; x_wconf 89' lang='lat' dir='ltr'>mellis,</span> <span class='ocrx_word' id='word_1_91' title='bbox 520 597 561 633; x_wconf 91' lang='lat' dir='ltr'>et</span> <span class='ocrx_word' id='word_1_92' title='bbox 582 604 671 632; x_wconf 88' lang='lat' dir='ltr'>ecce</span> <span class='ocrx_word' id='word_1_93' title='bbox 693 604 764 644; x_wconf 88' lang='lat' dir='ltr'>ego</span> <span class='ocrx_word' id='word_1_94' title='bbox 787 591 948 632; x_wconf 93' lang='lat' dir='ltr'>morior.</span> <span class='ocrx_word' id='word_1_95' title='bbox 998 591 1031 614; x_wconf 71' lang='grc'>14</span> <span class='ocrx_word' id='word_1_96' title='bbox 1051 590 1107 631; x_wconf 90' lang='grc' dir='ltr'>Εῖ</span> <span class='ocrx_word' id='word_1_97' title='bbox 1129 590 1187 630; x_wconf 89' lang='lat' dir='ltr'>ait</span> <span class='ocrx_word' id='word_1_98' title='bbox 1207 589 1321 630; x_wconf 88' lang='lat' dir='ltr'>Saul:</span> <span class='ocrx_word' id='word_1_99' title='bbox 1346 590 1443 631; x_wconf 79' lang='lat' dir='ltr'>Haec</span> <span class='ocrx_word' id='word_1_100' title='bbox 1465 590 1590 631; x_wconf 81' lang='lat' dir='ltr'>faciat</span> <span class='ocrx_word' id='word_1_101' title='bbox 1610 591 1707 631; x_wconf 93' lang='lat' dir='ltr'>mihi</span> <span class='ocrx_word' id='word_1_102' title='bbox 1730 592 1851 637; x_wconf 82' lang='lat' dir='ltr'>Deus,</span> <span class='ocrx_word' id='word_1_103' title='bbox 1875 597 1916 633; x_wconf 93' lang='lat' dir='ltr'>et</span> <span class='ocrx_word' id='word_1_104' title='bbox 1936 593 2021 633; x_wconf 83' lang='lat' dir='ltr'>haec</span> 
     </span>
     <span class='ocr_line' id='line_1_9' title="bbox 123 648 2021 707; baseline -0.002 -12"><span class='ocrx_word' id='word_1_105' title='bbox 123 654 262 702; x_wconf 87' lang='lat' dir='ltr'>addat,</span> <span class='ocrx_word' id='word_1_106' title='bbox 284 652 380 707; x_wconf 89' lang='lat' dir='ltr'>quia</span> <span class='ocrx_word' id='word_1_107' title='bbox 397 656 528 693; x_wconf 89' lang='lat' dir='ltr'>morte</span> <span class='ocrx_word' id='word_1_108' title='bbox 546 649 727 691; x_wconf 90' lang='lat' dir='ltr'>morieris</span> <span class='ocrx_word' id='word_1_109' title='bbox 749 650 936 691; x_wconf 87' lang='lat' dir='ltr'>Ionatha.</span> <span class='ocrx_word' id='word_1_110' title='bbox 983 651 1015 673; x_wconf 71' lang='lat'>⁴¹⁵</span> <span class='ocrx_word' id='word_1_111' title='bbox 1033 648 1231 702; x_wconf 75' lang='lat' dir='ltr'>Dixitque</span> <span class='ocrx_word' id='word_1_112' title='bbox 1250 648 1423 702; x_wconf 86' lang='lat' dir='ltr'>populus</span> <span class='ocrx_word' id='word_1_113' title='bbox 1443 649 1495 689; x_wconf 89' lang='lat' dir='ltr'>ad</span> <span class='ocrx_word' id='word_1_114' title='bbox 1513 649 1626 690; x_wconf 87' lang='lat' dir='ltr'>Saul:</span> <span class='ocrx_word' id='word_1_115' title='bbox 1648 650 1806 700; x_wconf 85' lang='lat' dir='ltr'>Ergone</span> <span class='ocrx_word' id='word_1_116' title='bbox 1827 651 2021 692; x_wconf 86' lang='lat' dir='ltr'>Ionathas</span> 
     </span>
     <span class='ocr_line' id='line_1_10' title="bbox 122 701 2020 765; baseline -0.002 -11"><span class='ocrx_word' id='word_1_117' title='bbox 122 712 330 759; x_wconf 89' lang='lat' dir='ltr'>morietur,</span> <span class='ocrx_word' id='word_1_118' title='bbox 356 711 424 765; x_wconf 89' lang='lat' dir='ltr'>qui</span> <span class='ocrx_word' id='word_1_119' title='bbox 447 709 543 750; x_wconf 84' lang='lat' dir='ltr'>fecit</span> <span class='ocrx_word' id='word_1_120' title='bbox 565 708 739 750; x_wconf 88' lang='lat' dir='ltr'>salutem</span> <span class='ocrx_word' id='word_1_121' title='bbox 762 709 868 749; x_wconf 88' lang='lat' dir='ltr'>hanc</span> <span class='ocrx_word' id='word_1_122' title='bbox 890 721 1081 761; x_wconf 88' lang='lat' dir='ltr'>magnam</span> <span class='ocrx_word' id='word_1_123' title='bbox 1104 707 1146 748; x_wconf 92' lang='lat' dir='ltr'>in</span> <span class='ocrx_word' id='word_1_124' title='bbox 1171 706 1318 748; x_wconf 78' lang='lat' dir='ltr'>Israel?</span> <span class='ocrx_word' id='word_1_125' title='bbox 1343 707 1419 748; x_wconf 94' lang='grc'>1100</span> <span class='ocrx_word' id='word_1_126' title='bbox 1441 708 1554 749; x_wconf 80' lang='lat' dir='ltr'>nefas</span> <span class='ocrx_word' id='word_1_127' title='bbox 1578 712 1656 748; x_wconf 89' lang='lat' dir='ltr'>est:</span> <span class='ocrx_word' id='word_1_128' title='bbox 1681 701 1785 749; x_wconf 89' lang='lat' dir='ltr'>vivit</span> <span class='ocrx_word' id='word_1_129' title='bbox 1807 710 2020 755; x_wconf 90' lang='lat' dir='ltr'>Dominus,</span> 
     </span>
     <span class='ocr_line' id='line_1_11' title="bbox 123 765 2020 823; baseline -0.002 -10"><span class='ocrx_word' id='word_1_130' title='bbox 123 772 156 813; x_wconf 91' lang='lat' dir='ltr'>si</span> <span class='ocrx_word' id='word_1_131' title='bbox 184 769 374 812; x_wconf 76' lang='lat' dir='ltr'>ceciderit</span> <span class='ocrx_word' id='word_1_132' title='bbox 403 768 570 823; x_wconf 79' lang='lat' dir='ltr'>capillus</span> <span class='ocrx_word' id='word_1_133' title='bbox 600 768 649 808; x_wconf 93' lang='lat' dir='ltr'>de</span> <span class='ocrx_word' id='word_1_134' title='bbox 679 768 811 821; x_wconf 86' lang='lat' dir='ltr'>capite</span> <span class='ocrx_word' id='word_1_135' title='bbox 841 767 923 808; x_wconf 89' lang='lat' dir='ltr'>eius</span> <span class='ocrx_word' id='word_1_136' title='bbox 953 767 994 807; x_wconf 91' lang='lat' dir='ltr'>in</span> <span class='ocrx_word' id='word_1_137' title='bbox 1024 772 1186 814; x_wconf 88' lang='lat' dir='ltr'>terram,</span> <span class='ocrx_word' id='word_1_138' title='bbox 1220 765 1315 819; x_wconf 89' lang='lat' dir='ltr'>quia</span> <span class='ocrx_word' id='word_1_139' title='bbox 1344 779 1435 806; x_wconf 88' lang='lat' dir='ltr'>cum</span> <span class='ocrx_word' id='word_1_140' title='bbox 1464 767 1551 807; x_wconf 91' lang='lat' dir='ltr'>Deo</span> <span class='ocrx_word' id='word_1_141' title='bbox 1581 771 1770 820; x_wconf 88' lang='lat' dir='ltr'>operatus</span> <span class='ocrx_word' id='word_1_142' title='bbox 1801 773 1861 808; x_wconf 87' lang='lat' dir='ltr'>est</span> <span class='ocrx_word' id='word_1_143' title='bbox 1889 768 2020 809; x_wconf 90' lang='lat' dir='ltr'>hodie.</span> 
     </span>
     <span class='ocr_line' id='line_1_12' title="bbox 123 825 2024 881; baseline -0.002 -10"><span class='ocrx_word' id='word_1_144' title='bbox 123 829 333 871; x_wconf 84' lang='lat' dir='ltr'>Liberavit</span> <span class='ocrx_word' id='word_1_145' title='bbox 365 841 456 881; x_wconf 89' lang='lat' dir='ltr'>ergo</span> <span class='ocrx_word' id='word_1_146' title='bbox 488 825 662 881; x_wconf 87' lang='lat' dir='ltr'>populus</span> <span class='ocrx_word' id='word_1_147' title='bbox 697 826 927 875; x_wconf 83' lang='lat' dir='ltr'>Ionatham,</span> <span class='ocrx_word' id='word_1_148' title='bbox 962 830 1009 866; x_wconf 91' lang='lat' dir='ltr'>ut</span> <span class='ocrx_word' id='word_1_149' title='bbox 1039 838 1121 866; x_wconf 93' lang='lat' dir='ltr'>non</span> <span class='ocrx_word' id='word_1_150' title='bbox 1152 829 1388 866; x_wconf 87' lang='lat' dir='ltr'>moreretur.</span> <span class='ocrx_word' id='word_1_151' title='bbox 1448 826 1483 848; x_wconf 70' lang='lat'>⁴⁶</span> <span class='ocrx_word' id='word_1_152' title='bbox 1517 826 1778 879; x_wconf 85' lang='lat' dir='ltr'>Recessitque</span> <span class='ocrx_word' id='word_1_153' title='bbox 1810 826 1917 871; x_wconf 88' lang='lat' dir='ltr'>Saul,</span> <span class='ocrx_word' id='word_1_154' title='bbox 1952 840 2024 867; x_wconf 87' lang='lat' dir='ltr'>nec</span> 
     </span>
     <span class='ocr_line' id='line_1_13' title="bbox 123 883 1683 943; baseline -0.004 -13"><span class='ocrx_word' id='word_1_155' title='bbox 123 892 358 943; x_wconf 88' lang='lat' dir='ltr'>persecutus</span> <span class='ocrx_word' id='word_1_156' title='bbox 387 891 449 928; x_wconf 90' lang='lat' dir='ltr'>est</span> <span class='ocrx_word' id='word_1_157' title='bbox 476 885 741 927; x_wconf 89' lang='lat' dir='ltr'>Philisthiim:</span> <span class='ocrx_word' id='word_1_158' title='bbox 772 898 891 939; x_wconf 91' lang='lat' dir='ltr'>porro</span> <span class='ocrx_word' id='word_1_159' title='bbox 920 883 1168 925; x_wconf 91' lang='lat' dir='ltr'>Philisthiim</span> <span class='ocrx_word' id='word_1_160' title='bbox 1197 883 1387 924; x_wconf 87' lang='lat' dir='ltr'>abierunt</span> <span class='ocrx_word' id='word_1_161' title='bbox 1415 883 1455 924; x_wconf 93' lang='lat' dir='ltr'>in</span> <span class='ocrx_word' id='word_1_162' title='bbox 1483 883 1572 925; x_wconf 84' lang='lat' dir='ltr'>loca</span> <span class='ocrx_word' id='word_1_163' title='bbox 1600 897 1683 925; x_wconf 87' lang='lat' dir='ltr'>sua.</span> 
     </span>
    </p>
   </div>
   <div class='ocr_carea' id='block_1_3' title="bbox 500 986 1651 1040">
    <p class='ocr_par' dir='ltr' id='par_1_3' title="bbox 500 986 1651 1040">
     <span class='ocr_line' id='line_1_14' title="bbox 500 986 1651 1040; baseline -0.003 -10"><span class='ocrx_word' id='word_1_164' title='bbox 500 991 539 1030; x_wconf 91' lang='lat'>7.</span> <span class='ocrx_word' id='word_1_165' title='bbox 570 988 728 1029; x_wconf 83' lang='lat' dir='ltr'>Status</span> <span class='ocrx_word' id='word_1_166' title='bbox 758 988 890 1040; x_wconf 83' lang='lat' dir='ltr'>regni</span> <span class='ocrx_word' id='word_1_167' title='bbox 921 999 972 1028; x_wconf 86' lang='lat' dir='ltr'>ac</span> <span class='ocrx_word' id='word_1_168' title='bbox 1003 988 1169 1029; x_wconf 91' lang='lat' dir='ltr'>domus</span> <span class='ocrx_word' id='word_1_169' title='bbox 1201 986 1367 1038; x_wconf 82' lang='lat' dir='ltr'>Saulis,</span> <span class='ocrx_word' id='word_1_170' title='bbox 1395 987 1461 1037; x_wconf 83' lang='lat'>14,</span> <span class='ocrx_word' id='word_1_171' title='bbox 1481 986 1651 1027; x_wconf 84' lang='lat'>47—52.</span> 
     </span>
    </p>
   </div>
   <div class='ocr_carea' id='block_1_4' title="bbox 126 1058 2229 1818">
    <p class='ocr_par' dir='ltr' id='par_1_4' title="bbox 126 1058 2199 1295">
     <span class='ocr_line' id='line_1_15' title="bbox 204 1058 2199 1113; baseline -0.002 -9"><span class='ocrx_word' id='word_1_172' title='bbox 204 1064 239 1088; x_wconf 79' lang='lat'>‘¹⁷</span> <span class='ocrx_word' id='word_1_173' title='bbox 268 1063 325 1104; x_wconf 90' lang='lat' dir='ltr'>Et</span> <span class='ocrx_word' id='word_1_174' title='bbox 352 1059 460 1107; x_wconf 88' lang='lat' dir='ltr'>Saul,</span> <span class='ocrx_word' id='word_1_175' title='bbox 492 1060 732 1102; x_wconf 81' lang='lat' dir='ltr'>confirmato</span> <span class='ocrx_word' id='word_1_176' title='bbox 761 1072 883 1113; x_wconf 86' lang='lat' dir='ltr'>regno</span> <span class='ocrx_word' id='word_1_177' title='bbox 912 1072 1032 1113; x_wconf 89' lang='lat' dir='ltr'>super</span> <span class='ocrx_word' id='word_1_178' title='bbox 1062 1059 1196 1104; x_wconf 81' lang='lat' dir='ltr'>Israel,</span> <span class='ocrx_word' id='word_1_179' title='bbox 1228 1059 1440 1113; x_wconf 83' lang='lat' dir='ltr'>pugnabat</span> <span class='ocrx_word' id='word_1_180' title='bbox 1468 1072 1538 1112; x_wconf 84' lang='lat' dir='ltr'>per</span> <span class='ocrx_word' id='word_1_181' title='bbox 1567 1058 1780 1099; x_wconf 89' lang='lat' dir='ltr'>circuitum</span> <span class='ocrx_word' id='word_1_182' title='bbox 1810 1060 2027 1100; x_wconf 86' lang='lat' dir='ltr'>adversum</span> <span class='ocrx_word' id='word_1_183' title='bbox 2068 1061 2199 1108; x_wconf 53' lang='lat' dir='ltr'>victeriffl</span> 
     </span>
     <span class='ocr_line' id='line_1_16' title="bbox 126 1104 2179 1171; baseline -0.002 -7"><span class='ocrx_word' id='word_1_184' title='bbox 126 1136 265 1165; x_wconf 90' lang='lat' dir='ltr'>omnes</span> <span class='ocrx_word' id='word_1_185' title='bbox 293 1121 477 1162; x_wconf 88' lang='lat' dir='ltr'>inimicos</span> <span class='ocrx_word' id='word_1_186' title='bbox 507 1120 602 1168; x_wconf 92' lang='lat' dir='ltr'>eius,</span> <span class='ocrx_word' id='word_1_187' title='bbox 633 1124 776 1160; x_wconf 84' lang='lat' dir='ltr'>contra</span> <span class='ocrx_word' id='word_1_188' title='bbox 804 1118 937 1165; x_wconf 85' lang='lat' dir='ltr'>Moab,</span> <span class='ocrx_word' id='word_1_189' title='bbox 969 1124 1010 1159; x_wconf 89' lang='lat' dir='ltr'>et</span> <span class='ocrx_word' id='word_1_190' title='bbox 1036 1118 1137 1160; x_wconf 90' lang='lat' dir='ltr'>filios</span> <span class='ocrx_word' id='word_1_191' title='bbox 1166 1119 1355 1166; x_wconf 90' lang='lat' dir='ltr'>Ammon,</span> <span class='ocrx_word' id='word_1_192' title='bbox 1387 1123 1427 1158; x_wconf 92' lang='lat' dir='ltr'>et</span> <span class='ocrx_word' id='word_1_193' title='bbox 1455 1118 1600 1165; x_wconf 80' lang='lat' dir='ltr'>Edoni,</span> <span class='ocrx_word' id='word_1_194' title='bbox 1631 1123 1672 1158; x_wconf 91' lang='lat' dir='ltr'>et</span> <span class='ocrx_word' id='word_1_195' title='bbox 1698 1131 1808 1171; x_wconf 88' lang='lat' dir='ltr'>reges</span> <span class='ocrx_word' id='word_1_196' title='bbox 1837 1119 1956 1166; x_wconf 89' lang='lat' dir='ltr'>Soba,</span> <span class='ocrx_word' id='word_1_197' title='bbox 1987 1123 2028 1159; x_wconf 92' lang='lat' dir='ltr'>et</span> <span class='ocrx_word' id='word_1_198' title='bbox 2086 1104 2179 1125; x_wconf 31' lang='lat' dir='ltr'>‘amq&#39;</span> 
     </span>
     <span class='ocr_line' id='line_1_17' title="bbox 126 1177 2025 1233; baseline -0.003 -11"><span class='ocrx_word' id='word_1_199' title='bbox 126 1181 401 1223; x_wconf 83' lang='lat' dir='ltr'>Philisthaeos:</span> <span class='ocrx_word' id='word_1_200' title='bbox 437 1184 478 1221; x_wconf 90' lang='lat' dir='ltr'>et</span> <span class='ocrx_word' id='word_1_201' title='bbox 512 1191 769 1233; x_wconf 87' lang='lat' dir='ltr'>quocumque</span> <span class='ocrx_word' id='word_1_202' title='bbox 803 1192 843 1218; x_wconf 90' lang='lat' dir='ltr'>se</span> <span class='ocrx_word' id='word_1_203' title='bbox 877 1182 1068 1225; x_wconf 87' lang='lat' dir='ltr'>verterat,</span> <span class='ocrx_word' id='word_1_204' title='bbox 1105 1178 1336 1231; x_wconf 85' lang='lat' dir='ltr'>superabat.</span> <span class='ocrx_word' id='word_1_205' title='bbox 1399 1178 1434 1200; x_wconf 69' lang='lat'>⁴3</span> <span class='ocrx_word' id='word_1_206' title='bbox 1467 1177 1800 1230; x_wconf 84' lang='lat' dir='ltr'>Congregatoque</span> <span class='ocrx_word' id='word_1_207' title='bbox 1835 1177 2025 1225; x_wconf 87' lang='lat' dir='ltr'>exercitu,</span> 
     </span>
     <span class='ocr_line' id='line_1_18' title="bbox 126 1234 1531 1295; baseline -0.004 -13"><span class='ocrx_word' id='word_1_208' title='bbox 126 1240 326 1295; x_wconf 82' lang='lat' dir='ltr'>percussit</span> <span class='ocrx_word' id='word_1_209' title='bbox 353 1238 531 1285; x_wconf 83' lang='lat' dir='ltr'>Amalec,</span> <span class='ocrx_word' id='word_1_210' title='bbox 562 1243 603 1279; x_wconf 91' lang='lat' dir='ltr'>et</span> <span class='ocrx_word' id='word_1_211' title='bbox 632 1237 737 1278; x_wconf 90' lang='lat' dir='ltr'>eruit</span> <span class='ocrx_word' id='word_1_212' title='bbox 768 1235 890 1277; x_wconf 88' lang='lat' dir='ltr'>Israel</span> <span class='ocrx_word' id='word_1_213' title='bbox 918 1237 967 1277; x_wconf 90' lang='lat' dir='ltr'>de</span> <span class='ocrx_word' id='word_1_214' title='bbox 995 1249 1121 1277; x_wconf 89' lang='lat' dir='ltr'>manu</span> <span class='ocrx_word' id='word_1_215' title='bbox 1149 1241 1406 1277; x_wconf 88' lang='lat' dir='ltr'>vastatorum</span> <span class='ocrx_word' id='word_1_216' title='bbox 1437 1234 1531 1276; x_wconf 89' lang='lat' dir='ltr'>eius.</span> 
     </span>
    </p>

    <p class='ocr_par' dir='ltr' id='par_1_5' title="bbox 127 1293 2212 1577">
     <span class='ocr_line' id='line_1_19' title="bbox 205 1293 2212 1341; baseline -0.003 -1"><span class='ocrx_word' id='word_1_217' title='bbox 205 1301 240 1324; x_wconf 75' lang='lat'>4⁹</span> <span class='ocrx_word' id='word_1_218' title='bbox 260 1299 445 1340; x_wconf 88' lang='lat' dir='ltr'>Fuerunt</span> <span class='ocrx_word' id='word_1_219' title='bbox 465 1302 603 1338; x_wconf 90' lang='lat' dir='ltr'>autem</span> <span class='ocrx_word' id='word_1_220' title='bbox 624 1296 694 1337; x_wconf 87' lang='lat' dir='ltr'>filii</span> <span class='ocrx_word' id='word_1_221' title='bbox 713 1295 821 1341; x_wconf 88' lang='lat' dir='ltr'>Saul,</span> <span class='ocrx_word' id='word_1_222' title='bbox 847 1295 1040 1336; x_wconf 87' lang='lat' dir='ltr'>Ionathas</span> <span class='ocrx_word' id='word_1_223' title='bbox 1062 1301 1102 1336; x_wconf 91' lang='lat' dir='ltr'>et</span> <span class='ocrx_word' id='word_1_224' title='bbox 1124 1295 1261 1341; x_wconf 90' lang='lat' dir='ltr'>Iessui,</span> <span class='ocrx_word' id='word_1_225' title='bbox 1285 1301 1325 1335; x_wconf 91' lang='lat' dir='ltr'>et</span> <span class='ocrx_word' id='word_1_226' title='bbox 1344 1293 1584 1334; x_wconf 87' lang='lat' dir='ltr'>Melchisua:</span> <span class='ocrx_word' id='word_1_227' title='bbox 1606 1298 1647 1335; x_wconf 90' lang='lat' dir='ltr'>et</span> <span class='ocrx_word' id='word_1_228' title='bbox 1666 1294 1832 1335; x_wconf 88' lang='lat' dir='ltr'>nomina</span> <span class='ocrx_word' id='word_1_229' title='bbox 1852 1295 2024 1335; x_wconf 90' lang='lat' dir='ltr'>duarum</span> <span class='ocrx_word' id='word_1_230' title='bbox 2050 1294 2212 1325; x_wconf 62' lang='lat' dir='ltr'>Propinqui·</span> 
     </span>
     <span class='ocr_line' id='line_1_20' title="bbox 127 1352 2026 1409; baseline -0.004 -9"><span class='ocrx_word' id='word_1_231' title='bbox 127 1358 301 1400; x_wconf 89' lang='lat' dir='ltr'>filiarum</span> <span class='ocrx_word' id='word_1_232' title='bbox 326 1357 422 1405; x_wconf 91' lang='lat' dir='ltr'>eius,</span> <span class='ocrx_word' id='word_1_233' title='bbox 449 1370 597 1397; x_wconf 89' lang='lat' dir='ltr'>nomen</span> <span class='ocrx_word' id='word_1_234' title='bbox 622 1354 902 1409; x_wconf 78' lang='lat' dir='ltr'>primogenitae</span> <span class='ocrx_word' id='word_1_235' title='bbox 924 1354 1076 1401; x_wconf 89' lang='lat' dir='ltr'>Merob,</span> <span class='ocrx_word' id='word_1_236' title='bbox 1103 1360 1143 1394; x_wconf 91' lang='lat' dir='ltr'>et</span> <span class='ocrx_word' id='word_1_237' title='bbox 1166 1367 1315 1394; x_wconf 88' lang='lat' dir='ltr'>nomen</span> <span class='ocrx_word' id='word_1_238' title='bbox 1339 1352 1504 1394; x_wconf 91' lang='lat' dir='ltr'>minoris</span> <span class='ocrx_word' id='word_1_239' title='bbox 1529 1352 1688 1393; x_wconf 88' lang='lat' dir='ltr'>Michol.</span> <span class='ocrx_word' id='word_1_240' title='bbox 1741 1354 1777 1376; x_wconf 75' lang='lat'>5⁰</span> <span class='ocrx_word' id='word_1_241' title='bbox 1800 1353 1854 1393; x_wconf 89' lang='lat' dir='ltr'>Et</span> <span class='ocrx_word' id='word_1_242' title='bbox 1878 1366 2026 1394; x_wconf 91' lang='lat' dir='ltr'>nomen</span> 
     </span>
     <span class='ocr_line' id='line_1_21' title="bbox 127 1411 2029 1465; baseline -0.004 -6"><span class='ocrx_word' id='word_1_243' title='bbox 127 1417 263 1460; x_wconf 89' lang='lat' dir='ltr'>uxoris</span> <span class='ocrx_word' id='word_1_244' title='bbox 297 1416 405 1465; x_wconf 89' lang='lat' dir='ltr'>Saul,</span> <span class='ocrx_word' id='word_1_245' title='bbox 441 1415 667 1456; x_wconf 88' lang='lat' dir='ltr'>Achinoam</span> <span class='ocrx_word' id='word_1_246' title='bbox 706 1413 787 1454; x_wconf 85' lang='lat' dir='ltr'>filia</span> <span class='ocrx_word' id='word_1_247' title='bbox 820 1412 1057 1453; x_wconf 87' lang='lat' dir='ltr'>Achimaas:</span> <span class='ocrx_word' id='word_1_248' title='bbox 1093 1418 1133 1453; x_wconf 90' lang='lat' dir='ltr'>et</span> <span class='ocrx_word' id='word_1_249' title='bbox 1167 1425 1315 1453; x_wconf 91' lang='lat' dir='ltr'>nomen</span> <span class='ocrx_word' id='word_1_250' title='bbox 1348 1411 1540 1465; x_wconf 89' lang='lat' dir='ltr'>principis</span> <span class='ocrx_word' id='word_1_251' title='bbox 1575 1411 1730 1452; x_wconf 77' lang='lat' dir='ltr'>militiae</span> <span class='ocrx_word' id='word_1_252' title='bbox 1763 1411 1845 1452; x_wconf 91' lang='lat' dir='ltr'>eius</span> <span class='ocrx_word' id='word_1_253' title='bbox 1879 1412 2029 1457; x_wconf 82' lang='lat' dir='ltr'>Abner,</span> 
     </span>
     <span class='ocr_line' id='line_1_22' title="bbox 127 1470 2030 1529; baseline -0.004 -11"><span class='ocrx_word' id='word_1_254' title='bbox 127 1477 232 1518; x_wconf 92' lang='lat' dir='ltr'>filius</span> <span class='ocrx_word' id='word_1_255' title='bbox 259 1477 350 1521; x_wconf 85' lang='lat' dir='ltr'>Ner,</span> <span class='ocrx_word' id='word_1_256' title='bbox 378 1473 573 1529; x_wconf 91' lang='lat' dir='ltr'>patruelis</span> <span class='ocrx_word' id='word_1_257' title='bbox 599 1472 707 1514; x_wconf 89' lang='lat' dir='ltr'>Saul.</span> <span class='ocrx_word' id='word_1_258' title='bbox 760 1474 792 1496; x_wconf 77' lang='lat'>5¹</span> <span class='ocrx_word' id='word_1_259' title='bbox 818 1472 942 1513; x_wconf 90' lang='lat' dir='ltr'>Porro</span> <span class='ocrx_word' id='word_1_260' title='bbox 968 1471 1032 1513; x_wconf 87' lang='lat' dir='ltr'>Cis</span> <span class='ocrx_word' id='word_1_261' title='bbox 1058 1471 1137 1512; x_wconf 85' lang='lat' dir='ltr'>fuit</span> <span class='ocrx_word' id='word_1_262' title='bbox 1160 1476 1278 1525; x_wconf 89' lang='lat' dir='ltr'>pater</span> <span class='ocrx_word' id='word_1_263' title='bbox 1302 1470 1410 1516; x_wconf 88' lang='lat' dir='ltr'>Saul,</span> <span class='ocrx_word' id='word_1_264' title='bbox 1438 1476 1479 1511; x_wconf 91' lang='lat' dir='ltr'>et</span> <span class='ocrx_word' id='word_1_265' title='bbox 1506 1471 1586 1511; x_wconf 79' lang='lat' dir='ltr'>Ner</span> <span class='ocrx_word' id='word_1_266' title='bbox 1609 1475 1726 1524; x_wconf 89' lang='lat' dir='ltr'>pater</span> <span class='ocrx_word' id='word_1_267' title='bbox 1750 1471 1898 1517; x_wconf 91' lang='lat' dir='ltr'>Abner,</span> <span class='ocrx_word' id='word_1_268' title='bbox 1926 1470 2030 1511; x_wconf 90' lang='lat' dir='ltr'>filius</span> 
     </span>
     <span class='ocr_line' id='line_1_23' title="bbox 127 1535 255 1577; baseline -0.016 0"><span class='ocrx_word' id='word_1_269' title='bbox 127 1535 255 1577; x_wconf 91' lang='lat' dir='ltr'>Abiel.</span> 
     </span>
    </p>

    <p class='ocr_par' dir='ltr' id='par_1_6' title="bbox 129 1584 2229 1818">
     <span class='ocr_line' id='line_1_24' title="bbox 231 1584 2229 1645; baseline -0.004 -10"><span class='ocrx_word' id='word_1_270' title='bbox 231 1596 264 1618; x_wconf 72' lang='lat'>⁵²</span> <span class='ocrx_word' id='word_1_271' title='bbox 299 1594 401 1635; x_wconf 89' lang='lat' dir='ltr'>Erat</span> <span class='ocrx_word' id='word_1_272' title='bbox 436 1597 573 1633; x_wconf 89' lang='lat' dir='ltr'>autem</span> <span class='ocrx_word' id='word_1_273' title='bbox 610 1590 759 1632; x_wconf 91' lang='lat' dir='ltr'>bellum</span> <span class='ocrx_word' id='word_1_274' title='bbox 795 1595 939 1644; x_wconf 88' lang='lat' dir='ltr'>potens</span> <span class='ocrx_word' id='word_1_275' title='bbox 976 1590 1193 1631; x_wconf 86' lang='lat' dir='ltr'>adversum</span> <span class='ocrx_word' id='word_1_276' title='bbox 1228 1588 1484 1630; x_wconf 75' lang='lat' dir='ltr'>Philisthaeos</span> <span class='ocrx_word' id='word_1_277' title='bbox 1520 1588 1708 1629; x_wconf 88' lang='lat' dir='ltr'>omnibus</span> <span class='ocrx_word' id='word_1_278' title='bbox 1744 1588 1884 1629; x_wconf 89' lang='lat' dir='ltr'>diebus</span> <span class='ocrx_word' id='word_1_279' title='bbox 1920 1587 2027 1629; x_wconf 87' lang='lat' dir='ltr'>Saul.</span> <span class='ocrx_word' id='word_1_280' title='bbox 2045 1584 2229 1645; x_wconf 52' lang='lat' dir='ltr'>ssssfffghciffi</span> 
     </span>
     <span class='ocr_line' id='line_1_25' title="bbox 130 1640 2229 1707; baseline -0.004 -12"><span class='ocrx_word' id='word_1_281' title='bbox 130 1654 235 1695; x_wconf 87' lang='lat' dir='ltr'>Nam</span> <span class='ocrx_word' id='word_1_282' title='bbox 269 1664 568 1707; x_wconf 88' lang='lat' dir='ltr'>quemcumque</span> <span class='ocrx_word' id='word_1_283' title='bbox 601 1650 760 1691; x_wconf 85' lang='lat' dir='ltr'>viderat</span> <span class='ocrx_word' id='word_1_284' title='bbox 792 1648 888 1690; x_wconf 89' lang='lat' dir='ltr'>Saul</span> <span class='ocrx_word' id='word_1_285' title='bbox 920 1648 1053 1689; x_wconf 89' lang='lat' dir='ltr'>virum</span> <span class='ocrx_word' id='word_1_286' title='bbox 1086 1649 1247 1697; x_wconf 77' lang='lat' dir='ltr'>fortem,</span> <span class='ocrx_word' id='word_1_287' title='bbox 1282 1653 1323 1689; x_wconf 90' lang='lat' dir='ltr'>et</span> <span class='ocrx_word' id='word_1_288' title='bbox 1355 1653 1498 1701; x_wconf 87' lang='lat' dir='ltr'>aptum</span> <span class='ocrx_word' id='word_1_289' title='bbox 1532 1648 1584 1688; x_wconf 87' lang='lat' dir='ltr'>ad</span> <span class='ocrx_word' id='word_1_290' title='bbox 1615 1646 1812 1702; x_wconf 84' lang='lat' dir='ltr'>praelium,</span> <span class='ocrx_word' id='word_1_291' title='bbox 1847 1646 2030 1689; x_wconf 89' lang='lat' dir='ltr'>sociabat</span> <span class='ocrx_word' id='word_1_292' title='bbox 2223 1640 2229 1644; x_wconf 69' lang='grc'><strong>’</strong></span> 
     </span>
     <span class='ocr_line' id='line_1_26' title="bbox 129 1711 339 1754; baseline -0.01 0"><span class='ocrx_word' id='word_1_293' title='bbox 129 1726 221 1754; x_wconf 88' lang='grc'>011111</span> <span class='ocrx_word' id='word_1_294' title='bbox 250 1711 339 1753; x_wconf 90' lang='lat' dir='ltr'>sibi.</span> 
     </span>
     <span class='ocr_line' id='line_1_27' title="bbox 685 1764 1481 1818; baseline -0.003 -11"><span class='ocrx_word' id='word_1_295' title='bbox 685 1767 724 1807; x_wconf 89' lang='lat'>8.</span> <span class='ocrx_word' id='word_1_296' title='bbox 755 1765 863 1807; x_wconf 85' lang='lat' dir='ltr'>Saul</span> <span class='ocrx_word' id='word_1_297' title='bbox 893 1766 992 1818; x_wconf 84' lang='lat' dir='ltr'>ipse</span> <span class='ocrx_word' id='word_1_298' title='bbox 1022 1765 1220 1816; x_wconf 83' lang='lat' dir='ltr'>reicitur,</span> <span class='ocrx_word' id='word_1_299' title='bbox 1247 1765 1314 1816; x_wconf 85' lang='grc'>15,</span> <span class='ocrx_word' id='word_1_300' title='bbox 1335 1764 1481 1805; x_wconf 81' lang='lat'>1—35.</span> 
     </span>
    </p>
   </div>
   <div class='ocr_carea' id='block_1_5' title="bbox 128 1835 2233 3427">
    <p class='ocr_par' dir='ltr' id='par_1_7' title="bbox 128 1835 2226 2238">
     <span class='ocr_line' id='line_1_28' title="bbox 234 1835 2225 1896; baseline -0.004 -14"><span class='ocrx_word' id='word_1_301' title='bbox 234 1841 298 1884; x_wconf 82' lang='lat'>15.</span> <span class='ocrx_word' id='word_1_302' title='bbox 328 1843 340 1865; x_wconf 90' lang='grc'>1</span> <span class='ocrx_word' id='word_1_303' title='bbox 369 1840 425 1881; x_wconf 89' lang='grc' dir='ltr'>Εῖ</span> <span class='ocrx_word' id='word_1_304' title='bbox 452 1838 557 1880; x_wconf 83' lang='lat' dir='ltr'>dixit</span> <span class='ocrx_word' id='word_1_305' title='bbox 583 1837 746 1879; x_wconf 79' lang='lat' dir='ltr'>Samuel</span> <span class='ocrx_word' id='word_1_306' title='bbox 774 1839 825 1879; x_wconf 88' lang='lat' dir='ltr'>ad</span> <span class='ocrx_word' id='word_1_307' title='bbox 852 1836 967 1878; x_wconf 89' lang='lat' dir='ltr'>Saul:</span> <span class='ocrx_word' id='word_1_308' title='bbox 996 1837 1060 1878; x_wconf 90' lang='lat' dir='ltr'>Me</span> <span class='ocrx_word' id='word_1_309' title='bbox 1087 1837 1200 1878; x_wconf 91' lang='lat' dir='ltr'>misit</span> <span class='ocrx_word' id='word_1_310' title='bbox 1226 1836 1439 1885; x_wconf 83' lang='lat' dir='ltr'>Dominus,</span> <span class='ocrx_word' id='word_1_311' title='bbox 1470 1841 1516 1877; x_wconf 90' lang='lat' dir='ltr'>ut</span> <span class='ocrx_word' id='word_1_312' title='bbox 1544 1849 1734 1890; x_wconf 85' lang='lat' dir='ltr'>ungerem</span> <span class='ocrx_word' id='word_1_313' title='bbox 1762 1840 1802 1876; x_wconf 91' lang='lat' dir='ltr'>te</span> <span class='ocrx_word' id='word_1_314' title='bbox 1830 1835 1871 1876; x_wconf 92' lang='lat' dir='ltr'>in</span> <span class='ocrx_word' id='word_1_315' title='bbox 1898 1849 2030 1888; x_wconf 88' lang='lat' dir='ltr'>regem</span> <span class='ocrx_word' id='word_1_316' title='bbox 2053 1835 2225 1896; x_wconf 54' lang='lat' dir='ltr'><strong>Mfflffiffim</strong></span> 
     </span>
     <span class='ocr_line' id='line_1_29' title="bbox 129 1894 2226 1955; baseline -0.005 -13"><span class='ocrx_word' id='word_1_317' title='bbox 129 1914 250 1955; x_wconf 89' lang='lat' dir='ltr'>super</span> <span class='ocrx_word' id='word_1_318' title='bbox 272 1898 470 1954; x_wconf 90' lang='lat' dir='ltr'>populum</span> <span class='ocrx_word' id='word_1_319' title='bbox 496 1898 578 1939; x_wconf 90' lang='lat' dir='ltr'>eius</span> <span class='ocrx_word' id='word_1_320' title='bbox 606 1897 747 1938; x_wconf 89' lang='lat' dir='ltr'>Israel:</span> <span class='ocrx_word' id='word_1_321' title='bbox 774 1910 881 1938; x_wconf 89' lang='lat' dir='ltr'>nunc</span> <span class='ocrx_word' id='word_1_322' title='bbox 906 1910 998 1951; x_wconf 86' lang='lat' dir='ltr'>ergo</span> <span class='ocrx_word' id='word_1_323' title='bbox 1024 1896 1119 1937; x_wconf 87' lang='lat' dir='ltr'>audi</span> <span class='ocrx_word' id='word_1_324' title='bbox 1143 1909 1285 1937; x_wconf 89' lang='lat' dir='ltr'>vocem</span> <span class='ocrx_word' id='word_1_325' title='bbox 1309 1895 1494 1936; x_wconf 87' lang='lat' dir='ltr'>Domini:</span> <span class='ocrx_word' id='word_1_326' title='bbox 1547 1898 1561 1919; x_wconf 74' lang='lat'><strong>2</strong></span> <span class='ocrx_word' id='word_1_327' title='bbox 1587 1895 1684 1936; x_wconf 81' lang='lat' dir='ltr'>Haec</span> <span class='ocrx_word' id='word_1_328' title='bbox 1709 1894 1807 1936; x_wconf 88' lang='lat' dir='ltr'>dicit</span> <span class='ocrx_word' id='word_1_329' title='bbox 1831 1894 2031 1935; x_wconf 88' lang='lat' dir='ltr'>Dominus</span> <span class='ocrx_word' id='word_1_330' title='bbox 2052 1907 2086 1931; x_wconf 82' lang='lat' dir='ltr'>de</span> <span class='ocrx_word' id='word_1_331' title='bbox 2109 1904 2226 1931; x_wconf 74' lang='lat' dir='ltr'>Amalec</span> 
     </span>
     <span class='ocr_line' id='line_1_30' title="bbox 129 1952 2033 2010; baseline -0.004 -9"><span class='ocrx_word' id='word_1_332' title='bbox 129 1960 401 2002; x_wconf 84' lang='lat' dir='ltr'>exercituum:</span> <span class='ocrx_word' id='word_1_333' title='bbox 437 1956 635 1998; x_wconf 87' lang='lat' dir='ltr'>Recensui</span> <span class='ocrx_word' id='word_1_334' title='bbox 669 1969 934 2010; x_wconf 86' lang='lat' dir='ltr'>quaecumque</span> <span class='ocrx_word' id='word_1_335' title='bbox 966 1955 1064 1996; x_wconf 83' lang='lat' dir='ltr'>fecit</span> <span class='ocrx_word' id='word_1_336' title='bbox 1094 1954 1260 1996; x_wconf 80' lang='lat' dir='ltr'>Amalec</span> <span class='ocrx_word' id='word_1_337' title='bbox 1294 1952 1449 1995; x_wconf 84' lang='lat' dir='ltr'>Israeli:</span> <span class='ocrx_word' id='word_1_338' title='bbox 1487 1954 1711 2008; x_wconf 80' lang='lat' dir='ltr'>aquomodo</span> <span class='ocrx_word' id='word_1_339' title='bbox 1743 1953 1895 1994; x_wconf 84' lang='lat' dir='ltr'>restitit</span> <span class='ocrx_word' id='word_1_340' title='bbox 1926 1952 1961 1994; x_wconf 91' lang='lat' dir='ltr'>ei</span> <span class='ocrx_word' id='word_1_341' title='bbox 1992 1952 2033 1993; x_wconf 94' lang='lat' dir='ltr'>in</span> 
     </span>
     <span class='ocr_line' id='line_1_31' title="bbox 130 2012 2034 2069; baseline -0.004 -9"><span class='ocrx_word' id='word_1_342' title='bbox 130 2019 198 2060; x_wconf 87' lang='lat' dir='ltr'>via</span> <span class='ocrx_word' id='word_1_343' title='bbox 223 2032 315 2060; x_wconf 86' lang='lat' dir='ltr'>cum</span> <span class='ocrx_word' id='word_1_344' title='bbox 342 2017 579 2058; x_wconf 86' lang='lat' dir='ltr'>ascenderet</span> <span class='ocrx_word' id='word_1_345' title='bbox 603 2016 651 2056; x_wconf 91' lang='lat' dir='ltr'>de</span> <span class='ocrx_word' id='word_1_346' title='bbox 678 2015 869 2069; x_wconf 84' lang='lat' dir='ltr'>AEgypto.</span> <span class='ocrx_word' id='word_1_347' title='bbox 923 2017 939 2039; x_wconf 82' lang='lat'><strong>³</strong></span> <span class='ocrx_word' id='word_1_348' title='bbox 965 2015 1083 2055; x_wconf 90' lang='lat' dir='ltr'>Nunc</span> <span class='ocrx_word' id='word_1_349' title='bbox 1108 2027 1200 2067; x_wconf 89' lang='lat' dir='ltr'>ergo</span> <span class='ocrx_word' id='word_1_350' title='bbox 1226 2014 1343 2059; x_wconf 88' lang='lat' dir='ltr'>vade,</span> <span class='ocrx_word' id='word_1_351' title='bbox 1371 2018 1411 2054; x_wconf 88' lang='lat' dir='ltr'>et</span> <span class='ocrx_word' id='word_1_352' title='bbox 1436 2018 1601 2067; x_wconf 86' lang='lat' dir='ltr'>percute</span> <span class='ocrx_word' id='word_1_353' title='bbox 1627 2012 1804 2059; x_wconf 82' lang='lat' dir='ltr'>Amalec,</span> <span class='ocrx_word' id='word_1_354' title='bbox 1832 2016 1873 2053; x_wconf 91' lang='lat' dir='ltr'>et</span> <span class='ocrx_word' id='word_1_355' title='bbox 1897 2012 2034 2053; x_wconf 91' lang='lat' dir='ltr'>demo-</span> 
     </span>
     <span class='ocr_line' id='line_1_32' title="bbox 128 2070 2035 2128; baseline -0.004 -9"><span class='ocrx_word' id='word_1_356' title='bbox 128 2079 199 2119; x_wconf 91' lang='lat' dir='ltr'>lire</span> <span class='ocrx_word' id='word_1_357' title='bbox 227 2077 417 2118; x_wconf 90' lang='lat' dir='ltr'>universa</span> <span class='ocrx_word' id='word_1_358' title='bbox 443 2075 545 2116; x_wconf 91' lang='lat' dir='ltr'>eius:</span> <span class='ocrx_word' id='word_1_359' title='bbox 574 2087 654 2116; x_wconf 93' lang='lat' dir='ltr'>non</span> <span class='ocrx_word' id='word_1_360' title='bbox 680 2087 823 2128; x_wconf 85' lang='lat' dir='ltr'>parcas</span> <span class='ocrx_word' id='word_1_361' title='bbox 851 2073 897 2122; x_wconf 91' lang='lat' dir='ltr'>ei,</span> <span class='ocrx_word' id='word_1_362' title='bbox 927 2078 968 2115; x_wconf 90' lang='lat' dir='ltr'>et</span> <span class='ocrx_word' id='word_1_363' title='bbox 993 2086 1074 2114; x_wconf 93' lang='lat' dir='ltr'>non</span> <span class='ocrx_word' id='word_1_364' title='bbox 1102 2073 1362 2127; x_wconf 85' lang='lat' dir='ltr'>concupiscas</span> <span class='ocrx_word' id='word_1_365' title='bbox 1390 2086 1439 2113; x_wconf 86' lang='lat' dir='ltr'>ex</span> <span class='ocrx_word' id='word_1_366' title='bbox 1465 2072 1583 2113; x_wconf 90' lang='lat' dir='ltr'>rebus</span> <span class='ocrx_word' id='word_1_367' title='bbox 1610 2071 1735 2126; x_wconf 90' lang='lat' dir='ltr'>ipsius</span> <span class='ocrx_word' id='word_1_368' title='bbox 1763 2070 1934 2125; x_wconf 88' lang='lat' dir='ltr'>aliquid:</span> <span class='ocrx_word' id='word_1_369' title='bbox 1965 2071 2035 2111; x_wconf 93' lang='lat' dir='ltr'>sed</span> 
     </span>
     <span class='ocr_line' id='line_1_33' title="bbox 130 2130 2032 2188; baseline -0.004 -10"><span class='ocrx_word' id='word_1_370' title='bbox 130 2137 311 2178; x_wconf 91' lang='lat' dir='ltr'>interfice</span> <span class='ocrx_word' id='word_1_371' title='bbox 334 2149 358 2177; x_wconf 88' lang='lat' dir='ltr'>a</span> <span class='ocrx_word' id='word_1_372' title='bbox 379 2135 467 2175; x_wconf 91' lang='lat' dir='ltr'>viro</span> <span class='ocrx_word' id='word_1_373' title='bbox 489 2147 617 2188; x_wconf 90' lang='lat' dir='ltr'>usque</span> <span class='ocrx_word' id='word_1_374' title='bbox 640 2133 692 2174; x_wconf 90' lang='lat' dir='ltr'>ad</span> <span class='ocrx_word' id='word_1_375' title='bbox 713 2132 935 2180; x_wconf 89' lang='lat' dir='ltr'>mulierem,</span> <span class='ocrx_word' id='word_1_376' title='bbox 960 2138 1001 2173; x_wconf 91' lang='lat' dir='ltr'>et</span> <span class='ocrx_word' id='word_1_377' title='bbox 1023 2131 1240 2186; x_wconf 88' lang='lat' dir='ltr'>parvulum</span> <span class='ocrx_word' id='word_1_378' title='bbox 1264 2137 1388 2185; x_wconf 89' lang='lat' dir='ltr'>atque</span> <span class='ocrx_word' id='word_1_379' title='bbox 1408 2130 1643 2177; x_wconf 90' lang='lat' dir='ltr'>lactentem,</span> <span class='ocrx_word' id='word_1_380' title='bbox 1668 2131 1815 2172; x_wconf 89' lang='lat' dir='ltr'>bovem</span> <span class='ocrx_word' id='word_1_381' title='bbox 1838 2135 1880 2171; x_wconf 91' lang='lat' dir='ltr'>et</span> <span class='ocrx_word' id='word_1_382' title='bbox 1901 2143 2032 2177; x_wconf 87' lang='lat' dir='ltr'>ovem,</span> 
     </span>
     <span class='ocr_line' id='line_1_34' title="bbox 131 2193 603 2238; baseline -0.011 0"><span class='ocrx_word' id='word_1_383' title='bbox 131 2194 331 2238; x_wconf 89' lang='lat' dir='ltr'>camelum</span> <span class='ocrx_word' id='word_1_384' title='bbox 361 2200 402 2235; x_wconf 89' lang='lat' dir='ltr'>et</span> <span class='ocrx_word' id='word_1_385' title='bbox 431 2193 603 2235; x_wconf 86' lang='lat' dir='ltr'>asinum.</span> 
     </span>
    </p>

    <p class='ocr_par' dir='ltr' id='par_1_8' title="bbox 132 2243 2203 2887">
     <span class='ocr_line' id='line_1_35' title="bbox 228 2243 2194 2311; baseline -0.005 -16"><span class='ocrx_word' id='word_1_386' title='bbox 228 2257 244 2279; x_wconf 71' lang='lat'>4</span> <span class='ocrx_word' id='word_1_387' title='bbox 272 2253 471 2307; x_wconf 84' lang='lat' dir='ltr'>Praecepit</span> <span class='ocrx_word' id='word_1_388' title='bbox 499 2252 639 2306; x_wconf 89' lang='lat' dir='ltr'>itaque</span> <span class='ocrx_word' id='word_1_389' title='bbox 668 2250 764 2292; x_wconf 89' lang='lat' dir='ltr'>Saul</span> <span class='ocrx_word' id='word_1_390' title='bbox 794 2250 957 2305; x_wconf 85' lang='lat' dir='ltr'>populo,</span> <span class='ocrx_word' id='word_1_391' title='bbox 989 2256 1031 2291; x_wconf 89' lang='lat' dir='ltr'>et</span> <span class='ocrx_word' id='word_1_392' title='bbox 1058 2249 1260 2291; x_wconf 86' lang='lat' dir='ltr'>recensuit</span> <span class='ocrx_word' id='word_1_393' title='bbox 1288 2262 1354 2291; x_wconf 92' lang='lat' dir='ltr'>eos</span> <span class='ocrx_word' id='word_1_394' title='bbox 1385 2249 1501 2303; x_wconf 89' lang='lat' dir='ltr'>quasi</span> <span class='ocrx_word' id='word_1_395' title='bbox 1530 2262 1673 2302; x_wconf 86' lang='lat' dir='ltr'>agnos:</span> <span class='ocrx_word' id='word_1_396' title='bbox 1705 2249 1882 2290; x_wconf 89' lang='lat' dir='ltr'>ducenta</span> <span class='ocrx_word' id='word_1_397' title='bbox 1910 2246 2036 2288; x_wconf 85' lang='lat' dir='ltr'>millia</span> <span class='ocrx_word' id='word_1_398' title='bbox 2078 2243 2194 2311; x_wconf 52' lang='grc' dir='ltr'><em>Πθῖῗξέη</em></span> 
     </span>
     <span class='ocr_line' id='line_1_36' title="bbox 132 2299 2203 2370; baseline -0.005 -14"><span class='ocrx_word' id='word_1_399' title='bbox 132 2314 330 2370; x_wconf 89' lang='lat' dir='ltr'>peditum,</span> <span class='ocrx_word' id='word_1_400' title='bbox 361 2317 401 2354; x_wconf 93' lang='lat' dir='ltr'>et</span> <span class='ocrx_word' id='word_1_401' title='bbox 428 2313 567 2353; x_wconf 92' lang='lat' dir='ltr'>decem</span> <span class='ocrx_word' id='word_1_402' title='bbox 594 2310 720 2351; x_wconf 89' lang='lat' dir='ltr'>millia</span> <span class='ocrx_word' id='word_1_403' title='bbox 748 2310 926 2351; x_wconf 81' lang='lat' dir='ltr'>virorum</span> <span class='ocrx_word' id='word_1_404' title='bbox 958 2309 1071 2350; x_wconf 92' lang='lat' dir='ltr'>Iuda.</span> <span class='ocrx_word' id='word_1_405' title='bbox 1127 2311 1141 2333; x_wconf 82' lang='lat'>⁵</span> <span class='ocrx_word' id='word_1_406' title='bbox 1168 2309 1351 2362; x_wconf 82' lang='lat' dir='ltr'>Cumque</span> <span class='ocrx_word' id='word_1_407' title='bbox 1379 2308 1558 2349; x_wconf 88' lang='lat' dir='ltr'>venisset</span> <span class='ocrx_word' id='word_1_408' title='bbox 1583 2307 1679 2349; x_wconf 85' lang='lat' dir='ltr'>Saul</span> <span class='ocrx_word' id='word_1_409' title='bbox 1706 2320 1834 2361; x_wconf 89' lang='lat' dir='ltr'>usque</span> <span class='ocrx_word' id='word_1_410' title='bbox 1862 2307 1913 2348; x_wconf 88' lang='lat' dir='ltr'>ad</span> <span class='ocrx_word' id='word_1_411' title='bbox 1940 2306 2036 2347; x_wconf 91' lang='lat' dir='ltr'>civi-</span> <span class='ocrx_word' id='word_1_412' title='bbox 2197 2299 2203 2309; x_wconf 83' lang='lat'><em>&#39;</em></span> 
     </span>
     <span class='ocr_line' id='line_1_37' title="bbox 132 2365 2034 2421; baseline -0.005 -6"><span class='ocrx_word' id='word_1_413' title='bbox 132 2379 264 2415; x_wconf 84' lang='lat' dir='ltr'>tatem</span> <span class='ocrx_word' id='word_1_414' title='bbox 281 2371 460 2419; x_wconf 84' lang='lat' dir='ltr'>Amalec,</span> <span class='ocrx_word' id='word_1_415' title='bbox 480 2369 658 2411; x_wconf 90' lang='lat' dir='ltr'>tetendit</span> <span class='ocrx_word' id='word_1_416' title='bbox 674 2368 840 2410; x_wconf 88' lang='lat' dir='ltr'>insidias</span> <span class='ocrx_word' id='word_1_417' title='bbox 859 2368 900 2409; x_wconf 93' lang='lat' dir='ltr'>in</span> <span class='ocrx_word' id='word_1_418' title='bbox 918 2374 1110 2410; x_wconf 90' lang='lat' dir='ltr'>torrente.</span> <span class='ocrx_word' id='word_1_419' title='bbox 1160 2370 1175 2392; x_wconf 77' lang='lat'><strong>⁶</strong></span> <span class='ocrx_word' id='word_1_420' title='bbox 1191 2367 1390 2421; x_wconf 85' lang='lat' dir='ltr'>Dixitque</span> <span class='ocrx_word' id='word_1_421' title='bbox 1408 2366 1504 2408; x_wconf 89' lang='lat' dir='ltr'>Saul</span> <span class='ocrx_word' id='word_1_422' title='bbox 1522 2366 1674 2408; x_wconf 77' lang='lat' dir='ltr'>Cinaeo:</span> <span class='ocrx_word' id='word_1_423' title='bbox 1694 2366 1827 2410; x_wconf 89' lang='lat' dir='ltr'>Abite,</span> <span class='ocrx_word' id='word_1_424' title='bbox 1847 2365 2034 2412; x_wconf 83' lang='lat' dir='ltr'>recedite,</span> 
     </span>
     <span class='ocr_line' id='line_1_38' title="bbox 133 2423 2036 2487; baseline -0.005 -13"><span class='ocrx_word' id='word_1_425' title='bbox 133 2437 258 2487; x_wconf 90' lang='lat' dir='ltr'>atque</span> <span class='ocrx_word' id='word_1_426' title='bbox 281 2429 513 2472; x_wconf 87' lang='lat' dir='ltr'>descendite</span> <span class='ocrx_word' id='word_1_427' title='bbox 536 2429 587 2470; x_wconf 88' lang='lat' dir='ltr'>ab</span> <span class='ocrx_word' id='word_1_428' title='bbox 609 2427 794 2469; x_wconf 87' lang='lat' dir='ltr'>Amalec:</span> <span class='ocrx_word' id='word_1_429' title='bbox 817 2441 867 2469; x_wconf 92' lang='lat' dir='ltr'>ne</span> <span class='ocrx_word' id='word_1_430' title='bbox 889 2428 994 2469; x_wconf 84' lang='lat' dir='ltr'>forte</span> <span class='ocrx_word' id='word_1_431' title='bbox 1016 2426 1225 2468; x_wconf 87' lang='lat' dir='ltr'>involvam</span> <span class='ocrx_word' id='word_1_432' title='bbox 1248 2432 1288 2467; x_wconf 91' lang='lat' dir='ltr'>te</span> <span class='ocrx_word' id='word_1_433' title='bbox 1311 2440 1403 2467; x_wconf 88' lang='grc'>011111</span> <span class='ocrx_word' id='word_1_434' title='bbox 1426 2440 1483 2467; x_wconf 91' lang='lat' dir='ltr'>eo.</span> <span class='ocrx_word' id='word_1_435' title='bbox 1534 2430 1580 2466; x_wconf 91' lang='lat' dir='ltr'>tu</span> <span class='ocrx_word' id='word_1_436' title='bbox 1603 2425 1709 2466; x_wconf 92' lang='lat' dir='ltr'>enim</span> <span class='ocrx_word' id='word_1_437' title='bbox 1731 2424 1862 2465; x_wconf 82' lang='lat' dir='ltr'>fecisti</span> <span class='ocrx_word' id='word_1_438' title='bbox 1884 2423 2036 2464; x_wconf 89' lang='lat' dir='ltr'>miseri-</span> 
     </span>
     <span class='ocr_line' id='line_1_39' title="bbox 134 2482 2036 2539; baseline -0.006 -6"><span class='ocrx_word' id='word_1_439' title='bbox 134 2490 313 2533; x_wconf 87' lang='lat' dir='ltr'>cordiam</span> <span class='ocrx_word' id='word_1_440' title='bbox 336 2502 428 2530; x_wconf 88' lang='lat' dir='ltr'>cum</span> <span class='ocrx_word' id='word_1_441' title='bbox 450 2488 637 2530; x_wconf 89' lang='lat' dir='ltr'>omnibus</span> <span class='ocrx_word' id='word_1_442' title='bbox 660 2487 750 2528; x_wconf 91' lang='lat' dir='ltr'>filiis</span> <span class='ocrx_word' id='word_1_443' title='bbox 775 2486 909 2533; x_wconf 86' lang='lat' dir='ltr'>Israel,</span> <span class='ocrx_word' id='word_1_444' title='bbox 934 2500 1025 2527; x_wconf 92' lang='lat' dir='ltr'>cum</span> <span class='ocrx_word' id='word_1_445' title='bbox 1048 2486 1313 2527; x_wconf 86' lang='lat' dir='ltr'>ascenderent</span> <span class='ocrx_word' id='word_1_446' title='bbox 1333 2486 1382 2527; x_wconf 90' lang='lat' dir='ltr'>de</span> <span class='ocrx_word' id='word_1_447' title='bbox 1404 2485 1595 2539; x_wconf 81' lang='lat' dir='ltr'>AEgypto.</span> <span class='ocrx_word' id='word_1_448' title='bbox 1619 2484 1675 2525; x_wconf 87' lang='lat' dir='ltr'>Et</span> <span class='ocrx_word' id='word_1_449' title='bbox 1694 2483 1859 2524; x_wconf 86' lang='lat' dir='ltr'>recessit</span> <span class='ocrx_word' id='word_1_450' title='bbox 1879 2482 2036 2524; x_wconf 85' lang='lat' dir='ltr'>Cinaeus</span> 
     </span>
     <span class='ocr_line' id='line_1_40' title="bbox 134 2542 2035 2600; baseline -0.005 -9"><span class='ocrx_word' id='word_1_451' title='bbox 134 2551 184 2592; x_wconf 91' lang='lat' dir='ltr'>de</span> <span class='ocrx_word' id='word_1_452' title='bbox 210 2549 344 2591; x_wconf 87' lang='lat' dir='ltr'>medio</span> <span class='ocrx_word' id='word_1_453' title='bbox 371 2547 549 2589; x_wconf 89' lang='lat' dir='ltr'>Amalec.</span> <span class='ocrx_word' id='word_1_454' title='bbox 608 2548 621 2570; x_wconf 84' lang='lat'>⁷</span> <span class='ocrx_word' id='word_1_455' title='bbox 649 2545 934 2600; x_wconf 87' lang='lat' dir='ltr'>Percussitque</span> <span class='ocrx_word' id='word_1_456' title='bbox 961 2545 1058 2587; x_wconf 90' lang='lat' dir='ltr'>Saul</span> <span class='ocrx_word' id='word_1_457' title='bbox 1084 2544 1250 2586; x_wconf 90' lang='lat' dir='ltr'>Amalec</span> <span class='ocrx_word' id='word_1_458' title='bbox 1278 2545 1328 2585; x_wconf 87' lang='lat' dir='ltr'>ab</span> <span class='ocrx_word' id='word_1_459' title='bbox 1358 2543 1517 2593; x_wconf 86' lang='lat' dir='ltr'>Hevila,</span> <span class='ocrx_word' id='word_1_460' title='bbox 1547 2544 1675 2585; x_wconf 91' lang='lat' dir='ltr'>donec</span> <span class='ocrx_word' id='word_1_461' title='bbox 1702 2542 1840 2584; x_wconf 89' lang='lat' dir='ltr'>venias</span> <span class='ocrx_word' id='word_1_462' title='bbox 1869 2542 1921 2583; x_wconf 88' lang='lat' dir='ltr'>ad</span> <span class='ocrx_word' id='word_1_463' title='bbox 1947 2542 2035 2589; x_wconf 90' lang='lat' dir='ltr'>Sur,</span> 
     </span>
     <span class='ocr_line' id='line_1_41' title="bbox 136 2601 2037 2664; baseline -0.006 -13"><span class='ocrx_word' id='word_1_464' title='bbox 136 2623 226 2664; x_wconf 79' lang='lat' dir='ltr'>quae</span> <span class='ocrx_word' id='word_1_465' title='bbox 253 2613 314 2650; x_wconf 88' lang='lat' dir='ltr'>est</span> <span class='ocrx_word' id='word_1_466' title='bbox 341 2621 361 2649; x_wconf 92' lang='lat' dir='ltr'>e</span> <span class='ocrx_word' id='word_1_467' title='bbox 387 2606 548 2661; x_wconf 86' lang='lat' dir='ltr'>regione</span> <span class='ocrx_word' id='word_1_468' title='bbox 575 2605 756 2660; x_wconf 83' lang='lat' dir='ltr'>AEgypti.</span> <span class='ocrx_word' id='word_1_469' title='bbox 814 2606 829 2629; x_wconf 69' lang='lat'><strong>⁸</strong></span> <span class='ocrx_word' id='word_1_470' title='bbox 856 2605 912 2646; x_wconf 88' lang='lat' dir='ltr'>Et</span> <span class='ocrx_word' id='word_1_471' title='bbox 938 2604 1209 2659; x_wconf 86' lang='lat' dir='ltr'>apprehendit</span> <span class='ocrx_word' id='word_1_472' title='bbox 1235 2604 1350 2657; x_wconf 89' lang='lat' dir='ltr'>Agag</span> <span class='ocrx_word' id='word_1_473' title='bbox 1376 2616 1509 2657; x_wconf 87' lang='lat' dir='ltr'>regem</span> <span class='ocrx_word' id='word_1_474' title='bbox 1536 2601 1703 2643; x_wconf 90' lang='lat' dir='ltr'>Amalec</span> <span class='ocrx_word' id='word_1_475' title='bbox 1729 2601 1889 2642; x_wconf 87' lang='lat' dir='ltr'>vivum:</span> <span class='ocrx_word' id='word_1_476' title='bbox 1919 2613 2037 2642; x_wconf 91' lang='lat' dir='ltr'>omne</span> 
     </span>
     <span class='ocr_line' id='line_1_42' title="bbox 135 2658 2038 2721; baseline -0.006 -11"><span class='ocrx_word' id='word_1_477' title='bbox 135 2674 275 2710; x_wconf 85' lang='lat' dir='ltr'>autem</span> <span class='ocrx_word' id='word_1_478' title='bbox 291 2666 436 2721; x_wconf 87' lang='lat' dir='ltr'>vulgus</span> <span class='ocrx_word' id='word_1_479' title='bbox 452 2665 660 2707; x_wconf 81' lang='lat' dir='ltr'>interfecit</span> <span class='ocrx_word' id='word_1_480' title='bbox 674 2664 715 2705; x_wconf 92' lang='lat' dir='ltr'>in</span> <span class='ocrx_word' id='word_1_481' title='bbox 733 2677 798 2706; x_wconf 91' lang='lat' dir='ltr'>ore</span> <span class='ocrx_word' id='word_1_482' title='bbox 814 2663 950 2718; x_wconf 89' lang='lat' dir='ltr'>gladii.</span> <span class='ocrx_word' id='word_1_483' title='bbox 997 2665 1013 2688; x_wconf 84' lang='lat'>⁹</span> <span class='ocrx_word' id='word_1_484' title='bbox 1028 2663 1084 2704; x_wconf 90' lang='lat' dir='ltr'>Et</span> <span class='ocrx_word' id='word_1_485' title='bbox 1099 2662 1281 2717; x_wconf 88' lang='lat' dir='ltr'>pepercit</span> <span class='ocrx_word' id='word_1_486' title='bbox 1296 2662 1404 2711; x_wconf 88' lang='lat' dir='ltr'>Saul,</span> <span class='ocrx_word' id='word_1_487' title='bbox 1423 2667 1465 2703; x_wconf 90' lang='lat' dir='ltr'>et</span> <span class='ocrx_word' id='word_1_488' title='bbox 1479 2660 1654 2716; x_wconf 90' lang='lat' dir='ltr'>populus</span> <span class='ocrx_word' id='word_1_489' title='bbox 1670 2661 1796 2715; x_wconf 87' lang='lat' dir='ltr'>Agag,</span> <span class='ocrx_word' id='word_1_490' title='bbox 1815 2664 1856 2701; x_wconf 87' lang='lat' dir='ltr'>et</span> <span class='ocrx_word' id='word_1_491' title='bbox 1872 2658 2038 2713; x_wconf 90' lang='lat' dir='ltr'>optimis</span> 
     </span>
     <span class='ocr_line' id='line_1_43' title="bbox 134 2718 2040 2782; baseline -0.005 -14"><span class='ocrx_word' id='word_1_492' title='bbox 134 2727 321 2782; x_wconf 86' lang='lat' dir='ltr'>gregibus</span> <span class='ocrx_word' id='word_1_493' title='bbox 345 2725 485 2767; x_wconf 91' lang='lat' dir='ltr'>ovium</span> <span class='ocrx_word' id='word_1_494' title='bbox 509 2729 550 2765; x_wconf 92' lang='lat' dir='ltr'>et</span> <span class='ocrx_word' id='word_1_495' title='bbox 573 2728 863 2771; x_wconf 86' lang='lat' dir='ltr'>armentorum,</span> <span class='ocrx_word' id='word_1_496' title='bbox 890 2728 931 2763; x_wconf 90' lang='lat' dir='ltr'>et</span> <span class='ocrx_word' id='word_1_497' title='bbox 954 2722 1136 2763; x_wconf 89' lang='lat' dir='ltr'>vestibus</span> <span class='ocrx_word' id='word_1_498' title='bbox 1161 2727 1202 2763; x_wconf 84' lang='lat' dir='ltr'>et</span> <span class='ocrx_word' id='word_1_499' title='bbox 1225 2721 1431 2770; x_wconf 88' lang='lat' dir='ltr'>arietibus,</span> <span class='ocrx_word' id='word_1_500' title='bbox 1457 2726 1498 2762; x_wconf 92' lang='lat' dir='ltr'>et</span> <span class='ocrx_word' id='word_1_501' title='bbox 1521 2719 1731 2769; x_wconf 90' lang='lat' dir='ltr'>universis,</span> <span class='ocrx_word' id='word_1_502' title='bbox 1758 2732 1847 2773; x_wconf 86' lang='lat' dir='ltr'>quae</span> <span class='ocrx_word' id='word_1_503' title='bbox 1870 2718 2040 2772; x_wconf 88' lang='lat' dir='ltr'>pulchra</span> 
     </span>
     <span class='ocr_line' id='line_1_44' title="bbox 135 2776 2039 2836; baseline -0.006 -8"><span class='ocrx_word' id='word_1_504' title='bbox 135 2791 264 2833; x_wconf 88' lang='lat' dir='ltr'>erant,</span> <span class='ocrx_word' id='word_1_505' title='bbox 283 2798 356 2826; x_wconf 89' lang='lat' dir='ltr'>nec</span> <span class='ocrx_word' id='word_1_506' title='bbox 372 2783 592 2826; x_wconf 87' lang='lat' dir='ltr'>voluerunt</span> <span class='ocrx_word' id='word_1_507' title='bbox 607 2782 837 2836; x_wconf 88' lang='lat' dir='ltr'>disperdere</span> <span class='ocrx_word' id='word_1_508' title='bbox 854 2795 919 2823; x_wconf 85' lang='lat' dir='ltr'>ea:</span> <span class='ocrx_word' id='word_1_509' title='bbox 939 2780 1139 2835; x_wconf 90' lang='lat' dir='ltr'>quidquid</span> <span class='ocrx_word' id='word_1_510' title='bbox 1154 2794 1249 2822; x_wconf 91' lang='lat' dir='ltr'>vero</span> <span class='ocrx_word' id='word_1_511' title='bbox 1267 2780 1346 2821; x_wconf 92' lang='lat' dir='ltr'>vile</span> <span class='ocrx_word' id='word_1_512' title='bbox 1362 2780 1442 2821; x_wconf 82' lang='lat' dir='ltr'>fuit</span> <span class='ocrx_word' id='word_1_513' title='bbox 1458 2785 1499 2821; x_wconf 92' lang='lat' dir='ltr'>et</span> <span class='ocrx_word' id='word_1_514' title='bbox 1514 2779 1743 2833; x_wconf 84' lang='lat' dir='ltr'>reprobum,</span> <span class='ocrx_word' id='word_1_515' title='bbox 1763 2778 1838 2819; x_wconf 92' lang='lat' dir='ltr'>hoc</span> <span class='ocrx_word' id='word_1_516' title='bbox 1855 2776 2039 2818; x_wconf 90' lang='lat' dir='ltr'>demoliti</span> 
     </span>
     <span class='ocr_line' id='line_1_45' title="bbox 134 2850 242 2887; baseline 0 -1"><span class='ocrx_word' id='word_1_517' title='bbox 134 2850 242 2887; x_wconf 90' lang='lat' dir='ltr'>sunt.</span> 
     </span>
    </p>

    <p class='ocr_par' dir='ltr' id='par_1_9' title="bbox 135 2892 2233 3427">
     <span class='ocr_line' id='line_1_46' title="bbox 240 2892 2226 2957; baseline -0.005 -13"><span class='ocrx_word' id='word_1_518' title='bbox 240 2905 277 2928; x_wconf 88' lang='lat'>¹⁰</span> <span class='ocrx_word' id='word_1_519' title='bbox 295 2903 471 2944; x_wconf 88' lang='lat' dir='ltr'>Factum</span> <span class='ocrx_word' id='word_1_520' title='bbox 492 2906 554 2942; x_wconf 91' lang='lat' dir='ltr'>est</span> <span class='ocrx_word' id='word_1_521' title='bbox 574 2906 713 2942; x_wconf 90' lang='lat' dir='ltr'>autem</span> <span class='ocrx_word' id='word_1_522' title='bbox 735 2901 905 2941; x_wconf 92' lang='lat' dir='ltr'>verbum</span> <span class='ocrx_word' id='word_1_523' title='bbox 926 2899 1093 2941; x_wconf 91' lang='lat' dir='ltr'>Domini</span> <span class='ocrx_word' id='word_1_524' title='bbox 1114 2900 1167 2940; x_wconf 89' lang='lat' dir='ltr'>ad</span> <span class='ocrx_word' id='word_1_525' title='bbox 1187 2898 1362 2947; x_wconf 86' lang='lat' dir='ltr'>Samuel,</span> <span class='ocrx_word' id='word_1_526' title='bbox 1385 2898 1539 2939; x_wconf 90' lang='lat' dir='ltr'>dicens:</span> <span class='ocrx_word' id='word_1_527' title='bbox 1590 2899 1619 2921; x_wconf 88' lang='lat'>¹¹</span> <span class='ocrx_word' id='word_1_528' title='bbox 1641 2895 1823 2937; x_wconf 85' lang='lat' dir='ltr'>Poenitet</span> <span class='ocrx_word' id='word_1_529' title='bbox 1842 2908 1906 2935; x_wconf 92' lang='lat' dir='ltr'>me</span> <span class='ocrx_word' id='word_1_530' title='bbox 1929 2895 2037 2948; x_wconf 92' lang='lat' dir='ltr'>quod</span> <span class='ocrx_word' id='word_1_531' title='bbox 2062 2892 2226 2957; x_wconf 55' lang='lat' dir='ltr'>,ffggss‘grffi</span> 
     </span>
     <span class='ocr_line' id='line_1_47' title="bbox 135 2953 2233 3013; baseline -0.006 -9"><span class='ocrx_word' id='word_1_532' title='bbox 135 2961 418 3005; x_wconf 89' lang='lat' dir='ltr'>constituerim</span> <span class='ocrx_word' id='word_1_533' title='bbox 446 2959 545 3002; x_wconf 88' lang='lat' dir='ltr'>Saul</span> <span class='ocrx_word' id='word_1_534' title='bbox 571 2973 723 3013; x_wconf 89' lang='lat' dir='ltr'>regem:</span> <span class='ocrx_word' id='word_1_535' title='bbox 756 2958 852 3013; x_wconf 89' lang='lat' dir='ltr'>quia</span> <span class='ocrx_word' id='word_1_536' title='bbox 881 2957 1096 3012; x_wconf 87' lang='lat' dir='ltr'>dereliquit</span> <span class='ocrx_word' id='word_1_537' title='bbox 1124 2971 1200 3006; x_wconf 91' lang='lat' dir='ltr'>me,</span> <span class='ocrx_word' id='word_1_538' title='bbox 1233 2962 1274 2998; x_wconf 94' lang='lat' dir='ltr'>et</span> <span class='ocrx_word' id='word_1_539' title='bbox 1303 2957 1428 2998; x_wconf 86' lang='lat' dir='ltr'>verba</span> <span class='ocrx_word' id='word_1_540' title='bbox 1457 2970 1548 2997; x_wconf 89' lang='lat' dir='ltr'>mea</span> <span class='ocrx_word' id='word_1_541' title='bbox 1577 2968 1695 3009; x_wconf 91' lang='lat' dir='ltr'>opere</span> <span class='ocrx_word' id='word_1_542' title='bbox 1724 2968 1807 2996; x_wconf 94' lang='lat' dir='ltr'>non</span> <span class='ocrx_word' id='word_1_543' title='bbox 1834 2953 2035 3007; x_wconf 87' lang='lat' dir='ltr'>implevit.</span> <span class='ocrx_word' id='word_1_544' title='bbox 2053 2964 2082 2988; x_wconf 76' lang='lat' dir='ltr'>et</span> <span class='ocrx_word' id='word_1_545' title='bbox 2109 2962 2233 2991; x_wconf 83' lang='lat' dir='ltr'>reicitur.</span> 
     </span>
     <span class='ocr_line' id='line_1_48' title="bbox 135 3012 2039 3074; baseline -0.005 -11"><span class='ocrx_word' id='word_1_546' title='bbox 135 3022 494 3074; x_wconf 87' lang='lat' dir='ltr'>Contristatusque</span> <span class='ocrx_word' id='word_1_547' title='bbox 520 3024 583 3060; x_wconf 91' lang='lat' dir='ltr'>est</span> <span class='ocrx_word' id='word_1_548' title='bbox 606 3017 782 3067; x_wconf 85' lang='lat' dir='ltr'>Samuel,</span> <span class='ocrx_word' id='word_1_549' title='bbox 810 3023 851 3059; x_wconf 91' lang='lat' dir='ltr'>et</span> <span class='ocrx_word' id='word_1_550' title='bbox 876 3017 1072 3059; x_wconf 88' lang='lat' dir='ltr'>clamavit</span> <span class='ocrx_word' id='word_1_551' title='bbox 1097 3017 1150 3058; x_wconf 89' lang='lat' dir='ltr'>ad</span> <span class='ocrx_word' id='word_1_552' title='bbox 1173 3016 1399 3058; x_wconf 90' lang='lat' dir='ltr'>Dominum</span> <span class='ocrx_word' id='word_1_553' title='bbox 1425 3020 1515 3057; x_wconf 87' lang='lat' dir='ltr'>tota</span> <span class='ocrx_word' id='word_1_554' title='bbox 1540 3019 1670 3056; x_wconf 90' lang='lat' dir='ltr'>nocte.</span> <span class='ocrx_word' id='word_1_555' title='bbox 1725 3016 1756 3038; x_wconf 78' lang='lat'>¹2</span> <span class='ocrx_word' id='word_1_556' title='bbox 1782 3013 1964 3066; x_wconf 86' lang='lat' dir='ltr'>Cumque</span> <span class='ocrx_word' id='word_1_557' title='bbox 1991 3012 2039 3054; x_wconf 88' lang='lat' dir='ltr'>de</span> 
     </span>
     <span class='ocr_line' id='line_1_49' title="bbox 136 3071 2041 3126; baseline -0.006 -3"><span class='ocrx_word' id='word_1_558' title='bbox 136 3086 255 3123; x_wconf 92' lang='lat' dir='ltr'>nocte</span> <span class='ocrx_word' id='word_1_559' title='bbox 281 3078 523 3121; x_wconf 86' lang='lat' dir='ltr'>surrexisset</span> <span class='ocrx_word' id='word_1_560' title='bbox 547 3077 722 3126; x_wconf 89' lang='lat' dir='ltr'>Samuel,</span> <span class='ocrx_word' id='word_1_561' title='bbox 750 3082 797 3118; x_wconf 90' lang='lat' dir='ltr'>ut</span> <span class='ocrx_word' id='word_1_562' title='bbox 822 3077 900 3117; x_wconf 92' lang='lat' dir='ltr'>iret</span> <span class='ocrx_word' id='word_1_563' title='bbox 925 3077 978 3117; x_wconf 86' lang='lat' dir='ltr'>ad</span> <span class='ocrx_word' id='word_1_564' title='bbox 1003 3075 1100 3117; x_wconf 91' lang='lat' dir='ltr'>Saul</span> <span class='ocrx_word' id='word_1_565' title='bbox 1125 3089 1257 3125; x_wconf 88' lang='lat' dir='ltr'>mane,</span> <span class='ocrx_word' id='word_1_566' title='bbox 1285 3074 1526 3116; x_wconf 88' lang='lat' dir='ltr'>nunciatum</span> <span class='ocrx_word' id='word_1_567' title='bbox 1553 3078 1614 3115; x_wconf 92' lang='lat' dir='ltr'>est</span> <span class='ocrx_word' id='word_1_568' title='bbox 1639 3072 1828 3121; x_wconf 89' lang='lat' dir='ltr'>Samueli,</span> <span class='ocrx_word' id='word_1_569' title='bbox 1857 3086 1902 3113; x_wconf 91' lang='lat' dir='ltr'>eo</span> <span class='ocrx_word' id='word_1_570' title='bbox 1931 3071 2041 3125; x_wconf 91' lang='lat' dir='ltr'>quod</span> 
     </span>
     <span class='ocr_line' id='line_1_50' title="bbox 136 3131 2039 3186; baseline -0.006 -4"><span class='ocrx_word' id='word_1_571' title='bbox 136 3140 315 3182; x_wconf 89' lang='lat' dir='ltr'>venisset</span> <span class='ocrx_word' id='word_1_572' title='bbox 345 3137 442 3180; x_wconf 87' lang='lat' dir='ltr'>Saul</span> <span class='ocrx_word' id='word_1_573' title='bbox 471 3136 514 3177; x_wconf 92' lang='lat' dir='ltr'>in</span> <span class='ocrx_word' id='word_1_574' title='bbox 545 3135 786 3183; x_wconf 83' lang='lat' dir='ltr'>Carmelum,</span> <span class='ocrx_word' id='word_1_575' title='bbox 820 3140 861 3176; x_wconf 88' lang='lat' dir='ltr'>et</span> <span class='ocrx_word' id='word_1_576' title='bbox 892 3135 1086 3176; x_wconf 88' lang='lat' dir='ltr'>erexisset</span> <span class='ocrx_word' id='word_1_577' title='bbox 1116 3134 1192 3175; x_wconf 93' lang='lat' dir='ltr'>sibi</span> <span class='ocrx_word' id='word_1_578' title='bbox 1222 3133 1417 3176; x_wconf 77' lang='lat' dir='ltr'>fornicem</span> <span class='ocrx_word' id='word_1_579' title='bbox 1449 3131 1751 3186; x_wconf 87' lang='lat' dir='ltr'>triumphalem,</span> <span class='ocrx_word' id='word_1_580' title='bbox 1786 3136 1826 3172; x_wconf 92' lang='lat' dir='ltr'>et</span> <span class='ocrx_word' id='word_1_581' title='bbox 1856 3142 2039 3171; x_wconf 89' lang='lat' dir='ltr'>reversus</span> 
     </span>
     <span class='ocr_line' id='line_1_51' title="bbox 137 3189 2041 3249; baseline -0.006 -9"><span class='ocrx_word' id='word_1_582' title='bbox 137 3199 361 3247; x_wconf 88' lang='lat' dir='ltr'>transisset,</span> <span class='ocrx_word' id='word_1_583' title='bbox 384 3195 740 3249; x_wconf 89' lang='lat' dir='ltr'>descendissetque</span> <span class='ocrx_word' id='word_1_584' title='bbox 759 3194 802 3235; x_wconf 92' lang='lat' dir='ltr'>in</span> <span class='ocrx_word' id='word_1_585' title='bbox 822 3193 1002 3248; x_wconf 87' lang='lat' dir='ltr'>Galgala.</span> <span class='ocrx_word' id='word_1_586' title='bbox 1025 3193 1149 3235; x_wconf 90' lang='lat' dir='ltr'>Venit</span> <span class='ocrx_word' id='word_1_587' title='bbox 1168 3206 1259 3247; x_wconf 89' lang='lat' dir='ltr'>ergo</span> <span class='ocrx_word' id='word_1_588' title='bbox 1281 3191 1444 3234; x_wconf 87' lang='lat' dir='ltr'>Samuel</span> <span class='ocrx_word' id='word_1_589' title='bbox 1464 3192 1516 3233; x_wconf 89' lang='lat' dir='ltr'>ad</span> <span class='ocrx_word' id='word_1_590' title='bbox 1536 3191 1644 3239; x_wconf 90' lang='lat' dir='ltr'>Saul,</span> <span class='ocrx_word' id='word_1_591' title='bbox 1667 3195 1708 3232; x_wconf 88' lang='lat' dir='ltr'>et</span> <span class='ocrx_word' id='word_1_592' title='bbox 1727 3189 1823 3232; x_wconf 86' lang='lat' dir='ltr'>Saul</span> <span class='ocrx_word' id='word_1_593' title='bbox 1844 3189 2041 3230; x_wconf 80' lang='lat' dir='ltr'>offerebat</span> 
     </span>
     <span class='ocr_line' id='line_1_52' title="bbox 136 3248 2040 3307; baseline -0.006 -8"><span class='ocrx_word' id='word_1_594' title='bbox 136 3258 423 3300; x_wconf 88' lang='lat' dir='ltr'>holocaustum</span> <span class='ocrx_word' id='word_1_595' title='bbox 446 3254 624 3297; x_wconf 92' lang='lat' dir='ltr'>Domino</span> <span class='ocrx_word' id='word_1_596' title='bbox 650 3255 699 3295; x_wconf 92' lang='lat' dir='ltr'>de</span> <span class='ocrx_word' id='word_1_597' title='bbox 722 3253 850 3294; x_wconf 91' lang='lat' dir='ltr'>initiis</span> <span class='ocrx_word' id='word_1_598' title='bbox 875 3254 1117 3307; x_wconf 85' lang='lat' dir='ltr'>praedarum,</span> <span class='ocrx_word' id='word_1_599' title='bbox 1146 3265 1235 3306; x_wconf 83' lang='lat' dir='ltr'>quae</span> <span class='ocrx_word' id='word_1_600' title='bbox 1260 3250 1457 3293; x_wconf 88' lang='lat' dir='ltr'>attulerat</span> <span class='ocrx_word' id='word_1_601' title='bbox 1482 3264 1531 3291; x_wconf 92' lang='lat' dir='ltr'>ex</span> <span class='ocrx_word' id='word_1_602' title='bbox 1555 3249 1733 3291; x_wconf 89' lang='lat' dir='ltr'>Amalec.</span> <span class='ocrx_word' id='word_1_603' title='bbox 1812 3250 1845 3273; x_wconf 79' lang='lat'>¹³</span> <span class='ocrx_word' id='word_1_604' title='bbox 1868 3248 1924 3289; x_wconf 91' lang='lat' dir='ltr'>Et</span> <span class='ocrx_word' id='word_1_605' title='bbox 1948 3260 2040 3288; x_wconf 90' lang='lat' dir='ltr'>cum</span> 
     </span>
     <span class='ocr_line' id='line_1_53' title="bbox 137 3306 2041 3361; baseline -0.007 -3"><span class='ocrx_word' id='word_1_606' title='bbox 137 3317 316 3358; x_wconf 88' lang='lat' dir='ltr'>venisset</span> <span class='ocrx_word' id='word_1_607' title='bbox 344 3314 510 3357; x_wconf 86' lang='lat' dir='ltr'>Samuel</span> <span class='ocrx_word' id='word_1_608' title='bbox 538 3313 590 3355; x_wconf 89' lang='lat' dir='ltr'>ad</span> <span class='ocrx_word' id='word_1_609' title='bbox 619 3312 726 3359; x_wconf 83' lang='lat' dir='ltr'>Saul,</span> <span class='ocrx_word' id='word_1_610' title='bbox 759 3312 865 3353; x_wconf 86' lang='lat' dir='ltr'>dixit</span> <span class='ocrx_word' id='word_1_611' title='bbox 893 3312 928 3353; x_wconf 90' lang='lat' dir='ltr'>ei</span> <span class='ocrx_word' id='word_1_612' title='bbox 956 3311 1071 3353; x_wconf 87' lang='lat' dir='ltr'>Saul:</span> <span class='ocrx_word' id='word_1_613' title='bbox 1103 3310 1348 3352; x_wconf 89' lang='lat' dir='ltr'>Benedictus</span> <span class='ocrx_word' id='word_1_614' title='bbox 1379 3316 1424 3351; x_wconf 89' lang='lat' dir='ltr'>tu</span> <span class='ocrx_word' id='word_1_615' title='bbox 1454 3309 1644 3357; x_wconf 87' lang='lat' dir='ltr'>Domino,</span> <span class='ocrx_word' id='word_1_616' title='bbox 1676 3307 1841 3361; x_wconf 89' lang='lat' dir='ltr'>implevi</span> <span class='ocrx_word' id='word_1_617' title='bbox 1871 3306 2041 3347; x_wconf 90' lang='lat' dir='ltr'>verbum</span> 
     </span>
     <span class='ocr_line' id='line_1_54' title="bbox 136 3363 2041 3427; baseline -0.008 -10"><span class='ocrx_word' id='word_1_618' title='bbox 136 3375 315 3418; x_wconf 90' lang='lat' dir='ltr'>Domini.</span> <span class='ocrx_word' id='word_1_619' title='bbox 365 3376 397 3399; x_wconf 75' lang='lat'>14</span> <span class='ocrx_word' id='word_1_620' title='bbox 416 3372 616 3427; x_wconf 86' lang='lat' dir='ltr'>Dixitque</span> <span class='ocrx_word' id='word_1_621' title='bbox 637 3370 819 3413; x_wconf 89' lang='lat' dir='ltr'>Samuel:</span> <span class='ocrx_word' id='word_1_622' title='bbox 842 3371 898 3412; x_wconf 88' lang='lat' dir='ltr'>Et</span> <span class='ocrx_word' id='word_1_623' title='bbox 920 3384 1009 3425; x_wconf 84' lang='lat' dir='ltr'>quae</span> <span class='ocrx_word' id='word_1_624' title='bbox 1030 3374 1092 3412; x_wconf 90' lang='lat' dir='ltr'>est</span> <span class='ocrx_word' id='word_1_625' title='bbox 1111 3370 1197 3411; x_wconf 81' lang='lat' dir='ltr'>haec</span> <span class='ocrx_word' id='word_1_626' title='bbox 1217 3383 1299 3411; x_wconf 87' lang='lat' dir='ltr'>vox</span> <span class='ocrx_word' id='word_1_627' title='bbox 1319 3382 1497 3423; x_wconf 85' lang='lat' dir='ltr'>gregum,</span> <span class='ocrx_word' id='word_1_628' title='bbox 1522 3382 1612 3422; x_wconf 82' lang='lat' dir='ltr'>quae</span> <span class='ocrx_word' id='word_1_629' title='bbox 1632 3371 1795 3408; x_wconf 88' lang='lat' dir='ltr'>resonat</span> <span class='ocrx_word' id='word_1_630' title='bbox 1815 3365 1856 3406; x_wconf 88' lang='lat' dir='ltr'>in</span> <span class='ocrx_word' id='word_1_631' title='bbox 1878 3363 2041 3405; x_wconf 85' lang='lat' dir='ltr'>auribus</span> 
     </span>
    </p>
   </div>
   <div class='ocr_carea' id='block_1_6' title="bbox 235 3458 485 3462">
    <p class='ocr_par' dir='ltr' id='par_1_10' title="bbox 235 3458 485 3462">
     <span class='ocr_line' id='line_1_55' title="bbox 235 3458 485 3462; baseline 0 0"><span class='ocrx_word' id='word_1_632' title='bbox 235 3458 485 3462; x_wconf 95' lang='lat' dir='ltr'> </span> 
     </span>
    </p>
   </div>
   <div class='ocr_carea' id='block_1_7' title="bbox 270 3493 595 3538">
    <p class='ocr_par' dir='ltr' id='par_1_11' title="bbox 270 3493 595 3538">
     <span class='ocr_line' id='line_1_56' title="bbox 270 3493 595 3538; baseline -0.009 -8"><span class='ocrx_word' id='word_1_633' title='bbox 270 3496 324 3538; x_wconf 80' lang='lat'>15,</span> <span class='ocrx_word' id='word_1_634' title='bbox 347 3494 368 3529; x_wconf 82' lang='lat'><strong><em>2</em></strong></span> <span class='ocrx_word' id='word_1_635' title='bbox 395 3494 465 3528; x_wconf 77' lang='lat' dir='ltr'>·Ex</span> <span class='ocrx_word' id='word_1_636' title='bbox 488 3493 542 3535; x_wconf 80' lang='lat'>17,</span> <span class='ocrx_word' id='word_1_637' title='bbox 565 3493 595 3527; x_wconf 80' lang='lat' dir='ltr'>e.</span> 
     </span>
    </p>
   </div>
  </div>
 </body>
</html>
