2356 3760
71 456 150 485 signa
181 455 243 480 finis

102 492 212 518 mundi.

69 1054 248 1080 vigilantiam

86 1096 229 1113 minino-n·

116 1125 199 1149 dam:

124 1368 144 1384 Ιι-
155 1364 190 1384 »in

83 1403 160 1423 ‹gn-nei
170 1396 229 1420 ⁴ilis.

97 1985 217 2015 svin-riri

82 2020 231 2044 «an-ilium

98 2056 216 2081 liniret-nt.

115 2161 202 2184 Iuda<

100 2203 163 2220 ¹>uin
186 2195 218 2219 iis

83 2231 237 2260 ivmiacitur

270 176 371 215 1034
1062 174 1374 210 EVANGELIUM
1888 179 1941 217 21,
1968 178 2110 218 2422,
2138 178 2179 211 18

261 267 496 321 gnantibus.
522 272 563 309 et
586 269 862 310 nutrientibus
888 269 926 309 in
950 268 1025 309 illis
1050 268 1204 309 diebus.
1236 269 1312 309 erit
1335 268 1441 308 enim
1471 281 1659 321 pressura
1688 281 1836 321 magna
1863 282 1984 323 super
2011 275 2176 316 terrain.

263 331 303 366 ct
324 326 382 366 ira
401 326 550 380 populo
572 327 674 369 huic.
724 330 755 352 2⁴¹
776 328 830 368 Et
852 327 998 367 cadent
1020 327 1059 367 in
1080 340 1146 367 ore
1165 327 1306 379 gladii:
1328 332 1369 367 et
1388 327 1542 380 captivi
1562 327 1764 368 ducentur
1782 327 1823 368 in
1843 341 1982 369 omnes
2013 329 2177 370 Gentes

263 390 303 425 et
342 385 554 426 ierusalem
589 386 814 427 calcabitur
846 399 869 426 a
900 385 1119 425 Gentibus:
1155 386 1282 427 donec
1313 385 1564 439 impleantur
1595 390 1782 439 tempora
1813 387 2041 428 nationum.

370 457 402 479 2⁵
429 456 503 496 aEt
525 461 644 496 erunt
667 456 782 509 signa
803 456 842 495 in
866 454 959 501 sole.
985 459 1026 495 et
1048 454 1156 500 luna.
1181 460 1223 496 et
1244 455 1381 503 stellis,
1406 461 1448 496 et
1469 456 1509 495 in
1533 455 1649 496 terris
1671 468 1859 508 pressura
1880 455 2076 497 Gentium
2098 470 2181 510 prae

264 514 500 555 confusione
534 514 690 554 sonitus
726 514 860 557 maris.
897 518 938 554 et
972 512 1192 554 fluctuum:
1255 516 1290 538 2⁶
1324 514 1601 555 arescentibus
1636 513 1869 555 hominibus
1903 528 1986 568 prae
2020 515 2178 559 timore.

263 579 303 613 et
320 573 616 627 expectatione.
636 586 726 625 quae
740 573 1031 625 supervenient
1046 573 1235 614 universo
1252 573 1357 614 orbi:
1374 586 1470 614 nam
1486 573 1662 614 virtutes
1678 572 1867 614 caelorum
1882 574 2179 615 movebuntur:

262 634 295 656 '²⁷
325 639 365 673 et
398 638 493 672 tunc
525 631 725 671 videbunt
754 630 882 671 filium
911 631 1087 673 hominis
1117 632 1349 672 venientem
1380 631 1420 672 in
1450 632 1558 672 nube
1588 645 1679 673 cum
1709 636 1918 685 potestate
1946 646 2109 686 magna,
2141 638 2183 674 et

264 691 489 731 maiestate.
554 691 588 713 ²⁸
626 689 699 730 His
734 694 873 730 autem
910 690 993 731 fieri
1028 690 1330 744 incipientibus.
1368 690 1567 744 respicite.
1605 696 1647 731 et
1680 690 1815 731 levate
1850 690 1989 744 capita
2023 696 2179 732 vestra:

267 748 480 801 bquoniam
508 748 815 802 appropinquat
840 749 1068 801 redemptio
1095 755 1244 790 vestra.
1300 750 1335 773 2⁹
1362 749 1418 789 Et
1444 749 1549 789 dixit
1574 749 1651 790 illis
1677 749 2006 790 similitudinem:
2035 749 2181 791 Videte

264 807 489 850 ficulneam.
514 812 555 847 et
577 820 716 848 omnes
739 808 920 849 arbores:
970 811 1006 831 ³⁴¹
1027 822 1119 848 cum
1142 808 1376 861 producunt
1397 807 1478 848 iam
1501 821 1550 848 ex
1571 821 1612 849 se
1634 808 1827 852 fructum.
1851 808 1963 849 scitis
1987 809 2181 862 quoniam

266 879 388 919 prope
415 871 475 906 est
502 870 632 907 festas.
688 868 720 891 ³¹
750 867 815 907 lta
840 873 881 907 et
908 880 979 908 vos
1006 880 1098 907 cuni
1126 866 1309 908 videritis
1336 867 1421 908 haec
1448 867 1544 910 fieri.
1573 866 1719 908 scitote
1747 867 1941 920 quoniam
1967 880 2094 921 prope
2120 872 2183 908 est

265 938 431 979 regnum
455 924 542 966 Dei.
593 928 625 949 ³2
648 925 779 966 Amen
802 925 891 967 dico
915 925 1043 971 vobis.
1070 926 1166 979 quia
1187 939 1268 967 non
1292 925 1519 979 praeteribit
1539 925 1747 979 generatio
1770 926 1867 970 haec.
1893 926 2022 967 donec
2045 926 2180 967 omnia

267 984 377 1024 [iant.
435 986 466 1007 ³¹³
495 983 659 1028 Caelum.
691 989 732 1025 et
760 989 869 1025 terra
897 985 1152 1025 transibunt:
1184 985 1308 1025 verba
1338 990 1477 1025 autem
1507 998 1599 1025 mea
1626 997 1708 1026 non
1738 985 1988 1026 transibunt.

369 1055 400 1076 ³³¹
416 1053 631 1093 Attendite
647 1059 786 1094 autem
802 1054 930 1098 vobis.
948 1067 997 1094 ne
1014 1054 1117 1095 forte
1131 1059 1357 1107 graventur
1371 1054 1494 1094 corda
1508 1059 1647 1095 vestra
1660 1054 1701 1094 in
1717 1055 1895 1108 crapula,
1912 1060 1954 1096 et
1968 1055 2179 1103 ebrietate.

264 1118 303 1153 et
327 1112 430 1153 curis
454 1112 573 1152 huius
597 1113 710 1153 vitre:
735 1118 776 1153 et
797 1113 1061 1166 superveniat
1082 1113 1122 1153 in
1146 1127 1218 1154 vos
1240 1113 1456 1167 repentina
1477 1113 1560 1153 dies
1584 1113 1669 1154 illa:
1719 1115 1751 1137 35
1775 1118 1990 1167 tamquam
2012 1113 2182 1167 laqueus

264 1171 370 1211 enim
389 1171 649 1224 superveniet
668 1172 708 1211 in
729 1185 879 1216 omnes.
902 1172 969 1226 qui
989 1172 1132 1213 sedent
1150 1185 1271 1226 super
1289 1172 1434 1213 faciem
1454 1172 1584 1213 omnis
1604 1176 1732 1213 terrae.
1779 1174 1815 1197 ³⁶
1833 1172 2008 1227 Vigilate
2027 1173 2179 1226 itaque.

265 1230 374 1271 omni
401 1236 583 1284 tempore
609 1235 784 1275 orantes.
813 1236 859 1271 ut
884 1231 995 1285 digni
1020 1231 1255 1272 habeamini
1280 1231 1417 1284 fugere
1442 1231 1523 1271 ista
1548 1231 1696 1279 onmia,
1725 1244 1815 1285 quae
1840 1231 1979 1272 futura
2005 1237 2113 1275 sunt.
2141 1238 2183 1272 et

263 1295 370 1330 stare
401 1294 496 1329 ante
526 1289 673 1330 Filium
705 1290 891 1331 hominis.

367 1361 401 1383 3⁷
431 1360 533 1400 Erat
560 1365 700 1400 autem
728 1360 870 1401 diebus
899 1361 1048 1401 docens
1076 1360 1117 1401 in
1145 1361 1318 1414 templo:
1348 1360 1538 1401 noctibus
1567 1373 1663 1402 vero
1691 1360 1841 1407 exiens,
1872 1360 2114 1402 morabatur
2141 1361 2181 1400 in

263 1423 414 1462 monte.
448 1419 516 1472 qui
546 1423 719 1459 vocatur
747 1418 910 1460 Oliveti.
968 1422 1004 1444 ³³³
1034 1420 1089 1460 Et
1118 1420 1249 1461 omnis
1278 1420 1454 1474 populus
1484 1419 1723 1460 manicabat
1751 1419 1804 1460 ad
1833 1433 1926 1460 eum
1956 1419 1997 1460 in
2027 1419 2181 1473 templo

263 1478 402 1518 audire
432 1491 536 1518 eum.

887 1583 1106 1636 PARS
1148 1582 1560 1637 SECUNDA.

378 1671 846 1725 Sacerdotium
885 1671 1265 1724 salvatoris
1304 1667 1558 1734 mundi,
1599 1669 1706 1735 22,
1735 1670 1938 1734 1-—23‚
1967 1669 2069 1722 56.

1135 1773 1155 1774 m
1166 1768 1316 1778 φ-ο-οᾲο-Π
1329 1772 1363 1774 ᾈᾼ

555 1818 596 1868 Ι.
635 1818 799 1868 Iesus
838 1817 995 1867 intel·
1033 1816 1357 1881 discipulos
1399 1831 1551 1877 SUOS,
1591 1815 1676 1869 22.
1706 1817 1759 1866 1-
1779 1815 1895 1866 246.

755 1908 794 1948 1.
826 1907 1028 1949 Proditio
1059 1907 1179 1948 ludae
1211 1907 1457 1957 iscariotis,
1486 1908 1553 1958 22,
1573 1906 1693 1947 1-6.

366 1980 431 2023 2⁶2„
490 1982 499 2003 ¹
529 1978 905 2032 Appropinquabat
946 1983 1102 2019 Cautem
1135 1977 1220 2018 dies
1254 1977 1382 2018 festus
1416 1977 1680 2031 Azymorum‚
1717 1976 1787 2030 qui
1820 1976 1970 2017 dicitur
2002 1977 2180 2018 Pascha:

262 2044 276 2065 '-’
310 2045 351 2081 et
385 2039 623 2093 quaerebant
657 2037 858 2091 principes
893 2037 1164 2080 sacerdotum.
1202 2042 1243 2078 et
1275 2037 1437 2085 Scribae,
1475 2035 1680 2090 quomodo
1718 2035 1852 2076 lesum
1886 2035 2181 2077 interficerent:

265 2099 467 2140 timebant
496 2110 591 2138 vero
622 2096 794 2150 plebem.

368 2160 384 2182 3
417 2157 620 2197 dIntravit
651 2161 791 2197 autem
823 2160 988 2196 satanas
1021 2154 1060 2195 in
1096 2155 1254 2198 Iudam.
1290 2154 1357 2207 qui
1391 2154 1761 2208 cognominabatur
1793 2153 2020 2204 Iscariotes,
2054 2167 2182 2195 unum

265 2218 313 2258 de
330 2216 558 2258 duodecim.
602 2217 618 2239 4
633 2220 674 2255 et
690 2214 803 2259 abiit.
822 2218 863 2254 et
878 2213 1039 2255 locutus
1056 2218 1117 2254 est
1133 2227 1225 2254 cum
1241 2212 1493 2267 principibus
1509 2212 1782 2261 sacerdotum,
1800 2216 1842 2253 et
1856 2212 2180 2267 magistratibus.

266 2274 615 2330 quemadmodum
633 2273 747 2314 illum
765 2273 946 2314 traderet
965 2273 1031 2314 eis.
1078 2275 1093 2297 5
1111 2273 1167 2313 Et
1183 2272 1313 2326 gavisi
1331 2277 1439 2314 sunt.
1461 2276 1502 2312 et
1519 2271 1629 2325 pacti
1648 2276 1745 2311 sunt
1762 2271 1979 2324 pecuniam
1997 2271 2053 2312 illi
2071 2272 2180 2313 dare.

267 2338 281 2358 ‘²
312 2335 366 2375 Et
395 2333 629 2388 spopondit.

369 2394 424 2434 Et
457 2393 665 2447 quaerebat
698 2391 1053 2445 opportunitatem
1087 2396 1133 2431 ut
1164 2391 1345 2431 traderet
1376 2390 1489 2430 illum
1522 2389 1607 2430 sine
1638 2388 1781 2429 turbis.

797 2497 836 2536 2.
866 2495 1031 2536 Ultima
1061 2506 1172 2535 cena
1201 2495 1396 2547 Domini,
1425 2496 1492 2546 22,
1512 2495 1663 2535 7—38.

374 2570 387 2591 ⁷
413 2567 534 2607 Venit
559 2570 697 2607 autem
722 2565 806 2605 dies
829 2565 1093 2618 Azymorum.
1119 2564 1160 2604 in
1185 2577 1266 2617 qua
1290 2576 1449 2605 necesse
1473 2568 1561 2604 erat
1585 2564 1713 2605 occidi
1735 2564 1900 2618 pascha.
1955 2565 1970 2588 ⁸
1993 2563 2050 2604 Et
2072 2563 2185 2604 misit

123 2646 126 2661 ι
156 2647 178 2662 ιι·
204 2611 244 2662 η’(
273 2629 448 2670 Petrum.
477 2632 518 2666 et
546 2626 754 2668 loannem.
782 2623 938 2664 dicens:
966 2623 1122 2663 Euntes
1148 2628 1291 2676 parate
1317 2623 1433 2663 nobis
1459 2623 1624 2676 pascha,
1652 2628 1699 2664 ut
1724 2624 2031 2664 manducemus.
2088 2624 2103 2647 ⁹
2127 2622 2185 2663 At

168 2682 174 2732 J
205 2684 229 2732 ,ζζ
268 2686 319 2726 illi
349 2686 559 2726 dixerunt:
591 2683 672 2725 Ubi
700 2682 761 2723 vis
791 2682 1005 2735 paremus?
1054 2684 1089 2706 ¹⁰
1118 2682 1173 2723 Et
1200 2682 1305 2723 dixit
1334 2682 1386 2723 ad
1415 2695 1500 2723 eos:
1531 2681 1635 2723 Ecce
1663 2682 1968 2724 introeuntibus
1996 2681 2113 2723 vobis
2142 2681 2183 2722 in

108 2752 142 2767 ¹¹¹
177 2745 206 2767 ¹⁹
267 2746 490 2790 civitatem.
520 2748 704 2785 occurret
730 2741 846 2783 vobis
872 2741 995 2782 homo
1023 2741 1191 2794 quidam
1218 2741 1459 2794 amphoram
1487 2754 1604 2795 aquae
1629 2746 1818 2795 portans:
1846 2740 2062 2794 sequimini
2089 2753 2182 2780 eum

269 2804 304 2843 in
332 2804 511 2849 domum.
538 2803 577 2843 in
603 2815 726 2855 quam
751 2801 891 2846 intrat.
945 2802 974 2824 ¹¹
1001 2804 1042 2840 et
1065 2800 1207 2840 dicetis
1232 2800 1518 2854 patrifamilias
1543 2800 1708 2841 domus:
1733 2801 1845 2841 Dicit
1869 2800 1945 2841 tibi
1969 2799 2181 2853 Magister:

275 2862 347 2902 [sbi
367 2867 424 2901 est
444 2861 725 2904 diversorium.
745 2860 814 2900 ubi
831 2859 984 2913 pascha
1001 2872 1093 2899 cum
1112 2859 1319 2913 discipulis
1336 2859 1435 2899 meis
1454 2859 1723 2900 manducem?
1770 2861 1801 2883 ¹²
1818 2859 1874 2899 Et
1890 2858 1976 2912 ipse
1993 2857 2183 2899 ostendet

271 2921 383 2960 vobis
415 2920 669 2961 coenaculum
699 2932 894 2973 magnum
925 2923 1114 2963 stratum.
1148 2924 1187 2959 et
1218 2919 1272 2959 ibi
1302 2923 1457 2971 parate.
1518 2920 1549 2943 ¹³
1579 2917 1735 2959 Euntes
1766 2923 1905 2958 autem
1934 2917 2182 2958 invenerunt

269 2979 372 3018 sieut
401 2978 502 3018 dixit
532 2979 618 3028 illis.
649 2984 690 3019 et
716 2982 967 3032 paraverunt
995 2978 1158 3030 pascha.

377 3039 404 3060 ¹²
439 3038 508 3076 0Et
537 3051 628 3077 cum
658 3037 768 3078 facta
794 3042 899 3078 esset
925 3037 1036 3081 hora.
1067 3037 1285 3082 discubuit.
1316 3042 1357 3078 et
1384 3037 1599 3078 duodecim
1626 3037 1814 3091 Apostoli
1841 3050 1934 3077 curn
1962 3049 2020 3077 eo.

378 3098 406 3119 ¹³
428 3101 467 3135 et
491 3096 546 3135 ait
569 3096 661 3135 illis:
685 3097 894 3137 Desiderio
917 3095 1145 3137 desideravi
1166 3096 1242 3137 hoc
1267 3096 1417 3149 pascha
1437 3096 1686 3137 manducare
1707 3096 1932 3141 vobiscum.
1957 3099 2181 3149 antequam

243 3155 414 3207 ''patiar.
476 3156 507 3177 ¹⁶
540 3154 635 3193 Dico
665 3156 770 3195 enim
800 3155 927 3198 vobis.
960 3155 1056 3209 quia
1084 3168 1132 3195 ex
1162 3155 1237 3196 hoc
1267 3168 1346 3195 non
1375 3155 1635 3197 manducabo
1664 3155 1774 3200 illud.
1806 3155 1934 3196 donec
1962 3153 2183 3207 impleatur

274 3214 311 3253 in
336 3227 456 3263 regno
483 3213 565 3252 Dei.
621 3215 650 3235 ¹7
678 3214 728 3253 Et
751 3219 917 3267 accepto
941 3213 1063 3254 calice
1084 3213 1236 3267 gratias
1260 3215 1352 3267 egit.
1378 3219 1417 3254 et
1440 3214 1564 3255 dixit:
1588 3214 1784 3267 Accipite,
1809 3218 1849 3254 ct
1872 3213 2044 3254 dividite
2075 3212 2183 3253 inter

272 3286 354 3312 vos.
410 3274 444 3295 ¹⁸
469 3271 557 3312 dieo
584 3271 688 3311 enim
716 3273 829 3313 vobis
857 3273 965 3326 quod
991 3286 1071 3314 non
1098 3272 1236 3313 bibam
1263 3273 1311 3313 de
1336 3273 1597 3327 generatione
1622 3272 1729 3316 vitis.
1758 3273 1886 3314 donec
1911 3285 2080 3327 regnum
2105 3271 2180 3312 Dei

272 3338 421 3371 veniat.

405 3456 446 3488 25
473 3456 524 3487 ais
555 3457 601 3490 13.
638 3456 690 3491 lo:
734 3457 777 3489 ΕΖ
803 3459 854 3490 232.
889 3459 921 3491 ῖς
967 3459 1029 3491 loe!
1057 3460 1172 3496 315:
1212 3459 1264 3492 Mt
1292 3461 1344 3496 24.
1377 3461 1433 3497 292
1475 3460 1527 3493 Mc
1556 3460 1608 3494 13.
1641 3460 1691 3492 24.
1729 3480 1767 3483 -Α
1798 3460 1839 3493 25
1865 3459 1973 3491 men
1999 3458 2029 3495 8.
2056 3460 2106 3491 23.
2141 3478 2181 3481 —

274 3503 326 3543 22,
357 3504 369 3535 Ι
401 3503 467 3536 CMt
494 3504 545 3541 243,
572 3504 605 3538 2:
635 3504 685 3536 Mc
715 3505 763 3538 14.
796 3506 818 3536 l.
913 3507 931 3537 11¹
955 3506 1025 3539 ‘th
1052 3507 1103 3541 26.
1132 3507 1186 3546 14;
1214 3506 1267 3538 Ms-
1294 3507 1344 3545 14.
1375 3507 1422 3540 10.
1453 3528 1490 3530 Q
1516 3508 1557 3540 ll
1584 3507 1653 3540 eMt
1678 3507 1729 3545 26.
1756 3506 1812 3546 20;
1839 3506 1892 3539 Mc
1919 3507 1969 3545 14.
1996 3506 2046 3539 17.
