2356 3760
107 982 216 1006 >aluisii
226 982 250 1005 in

99 1018 256 1047 apostulis..

99 1174 255 1201 mariarum

103 1213 178 1232 actv·
203 1215 251 1237 pri»

77 1251 149 1267 ’Ὁῐκι
158 1244 199 1267 ιῐηῐ
208 1245 221 1267 ir
230 1251 260 1267 ιη·

94 1280 120 1303 in
142 1280 259 1303 tribula-

113 1315 240 1338 tionibus

92 1351 144 1374 >ibi
163 1350 261 1375 allata.

115 1713 240 1737 narrari«.

77 1749 189 1777 pericul-
198 1756 257 1772 =ru¹1

89 1785 255 1813 propulsato

142 1827 212 1844 rum.

120 2134 205 2153 w-wri
214 2131 238 2153 1«,

94 2166 265 2189 mummium*

126 2959 246 2982 vii-vuilit.

895 473 1578 562 EPISTOLA

399 597 821 685 BEATI
889 595 1320 684 PAULI
1382 594 2071 684 APOSTOLI

703 729 812 781 AD
855 727 1348 782 CORINTHIOS
1386 727 1772 782 SECUNDA.

1218 837 1224 838 r
1248 830 1326 838 xvv&

988 905 1251 958 Exordium,
1279 908 1318 958 1,
1338 907 1484 947 1-14.

389 979 423 1021 1.
480 981 489 1002 ¹
525 977 672 1018 Paulus
696 975 916 1030 Apostolus
943 976 1033 1017 lesu
1058 976 1206 1019 Christi
1229 992 1301 1032 per
1324 977 1583 1019 voluntatem
1606 976 1695 1027 Dei,
1722 982 1763 1018 et
1787 977 2024 1018 Timotheus
2048 977 2186 1027 frater,

262 1037 471 1078 'Evelesiae
494 1036 580 1081 Dei,
608 1050 697 1089 quae
720 1042 780 1077 est
804 1035 986 1076 Corinthi
1011 1049 1103 1076 cum
1128 1037 1316 1078 omnibus
1340 1036 1503 1086 sanctis,
1531 1035 1600 1090 qui
1623 1042 1720 1078 sunt
1742 1035 1783 1076 in
1807 1036 1997 1077 universa
2019 1035 2185 1077 Achaia.

283 1099 297 1120 ·-’
323 1096 462 1136 Gratia
490 1095 617 1144 vobis,
646 1100 685 1136 et
712 1108 792 1148 pax
819 1108 841 1135 a
867 1094 954 1136 Deo
980 1094 1103 1136 Patre
1128 1100 1280 1146 nostro,
1310 1101 1351 1137 et
1375 1095 1554 1137 Domino
1583 1095 1672 1136 Iesu
1699 1095 1871 1136 Christo.

385 1169 399 1190 ³
424 1165 687 1207 aBenedictus
707 1166 815 1206 Deus
835 1170 876 1206 et
894 1165 1018 1206 Pater
1034 1165 1203 1206 Domini
1220 1165 1349 1207 nostri
1370 1166 1460 1207 Iesu
1480 1165 1640 1215 Christi,
1666 1166 1790 1206 Pater
1808 1164 2186 1214 misericordiarum,

266 1231 323 1266 »et
353 1226 462 1266 Deus
494 1224 620 1266 totius
651 1222 948 1274 consolationis,
1008 1226 1023 1248 ⁴
1055 1224 1123 1279 qui
1154 1225 1389 1267 consolatur
1417 1238 1490 1266 nos
1521 1224 1562 1265 in
1594 1225 1703 1266 omni
1734 1223 1999 1266 tribulatione
2029 1229 2187 1265 nostra:

282 1292 327 1325 ut
355 1284 554 1337 possimus
583 1290 623 1324 et
651 1283 724 1337 ipsi
753 1282 952 1324 consolari
980 1297 1059 1333 eos,
1091 1283 1160 1338 qui
1187 1283 1229 1324 in
1257 1284 1366 1325 omni
1395 1297 1582 1338 pressura
1608 1289 1717 1332 sunt,
1746 1296 1818 1337 per
1845 1282 2186 1331 exhortationem,

283 1357 364 1397 qua
393 1343 657 1384 exhortamur
686 1347 727 1383 et
755 1342 831 1395 ipsi
861 1356 886 1383 a
914 1342 1013 1384 Deo.
1072 1344 1087 1366 5
1118 1342 1322 1392 Quoniam
1352 1342 1458 1385 sicut
1487 1343 1704 1384 abundant
1733 1341 1939 1396 passiones
1970 1340 2119 1382 Christi
2148 1341 2188 1380 in

279 1401 412 1443 nobis:
443 1401 502 1443 ita
529 1408 569 1442 ct
596 1415 667 1455 per
694 1401 900 1442 Christum
929 1402 1116 1443 abundat
1144 1401 1369 1444 consolatio
1397 1407 1549 1443 nostra.
1609 1402 1624 1425 θ
1652 1401 1746 1443 Sive
1774 1406 1914 1442 autem
1943 1399 2190 1441 tribulamur

278 1474 350 1514 pro
382 1467 517 1502 vestra
546 1459 830 1501 exhortatione
860 1465 902 1501 et
932 1460 1075 1509 salute,
1108 1460 1192 1502 sive
1223 1461 1481 1502 consolamur
1510 1474 1584 1514 pro
1614 1465 1752 1501 vestra
1782 1459 2072 1509 consolatione,
2105 1458 2189 1499 sive

278 1520 542 1560 exhortamur
563 1533 634 1572 pro
656 1524 794 1560 Vestra
815 1519 1102 1561 exhortatione
1125 1525 1166 1561 et
1187 1520 1331 1569 salute,
1357 1534 1447 1574 quae
1469 1526 1662 1573 operatur
1683 1518 1945 1561 tolerantiam
1968 1518 2189 1559 earundem

279 1578 525 1632 passionum,
549 1592 646 1633 quas
666 1584 707 1619 et
725 1591 798 1619 nos
817 1578 1016 1631 patimur:
1067 1581 1080 1602 ⁷
1100 1584 1147 1620 ut
1165 1592 1254 1632 spes
1273 1584 1415 1621 nostra
1432 1579 1550 1620 firma
1568 1578 1620 1619 sit
1638 1592 1711 1632 pro
1730 1578 1866 1620 vobis:
1887 1577 2058 1619 scientes
2079 1576 2186 1631 quod

280 1637 382 1677 sicut
412 1637 505 1679 socii
535 1637 769 1691 passionum
799 1637 907 1687 estis,
937 1637 993 1679 sic
1021 1637 1131 1679 eritis
1160 1643 1202 1679 et
1230 1637 1531 1679 consolationis.

388 1709 403 1731 ⁸
434 1708 523 1749 Non
555 1708 658 1748 enim
690 1707 879 1749 volumus
909 1707 1092 1761 ignorare
1123 1721 1195 1749 vos
1225 1707 1370 1749 fratres
1401 1708 1450 1748 de
1480 1707 1745 1748 tribulatione
1774 1712 1926 1748 nostra.
1961 1719 2050 1759 quae
2079 1705 2191 1745 facta

262 1757 268 1772 l

260 1775 344 1807 -est
368 1767 408 1807 iu
434 1767 541 1810 Asia.
570 1767 762 1821 quoniam
787 1780 911 1820 supra
934 1768 1103 1808 modum
1128 1766 1290 1820 gravati
1315 1780 1454 1808 sumus
1479 1779 1604 1819 supra
1627 1765 1836 1811 virtutem.
1864 1764 1925 1805 ita
1948 1770 1996 1804 ut
2021 1763 2192 1804 taederet

282 1839 354 1867 nos
387 1826 509 1866 etiam
544 1826 688 1867 vivere.
753 1828 768 1850 ⁹
800 1826 880 1867 Sed
912 1825 989 1879 ipsi
1020 1826 1061 1866 in
1094 1825 1397 1879 nobismetipsis
1429 1838 1668 1878 responsum
1701 1823 1845 1864 mortis
1877 1822 2109 1872 habuimus,
2143 1826 2192 1862 ut

280 1898 361 1925 nou
390 1885 513 1926 simus
541 1885 710 1926 fidentes
739 1885 780 1925 in
808 1884 936 1934 nobis,
968 1885 1037 1925 sed
1065 1884 1107 1925 in
1134 1885 1234 1933 Deo,
1266 1884 1334 1938 qui
1363 1884 1535 1925 suscitat
1563 1888 1765 1925 mortuos:
1822 1884 1858 1907 ¹⁰
1887 1881 1956 1936 qui
1983 1882 2033 1923 de
2061 1880 2190 1922 tantis

280 1943 464 1996 periculis
484 1958 556 1986 uos
575 1944 734 1997 eripuit,
757 1949 798 1985 et
816 1943 939 1985 eruit:
959 1944 1001 1984 in
1022 1957 1143 1998 quem
1163 1957 1372 1997 speramus
1393 1943 1587 1998 quoniam
1606 1947 1649 1983 et
1667 1942 1801 1982 adhuc
1820 1940 1975 1995 eripiet,
2022 1942 2054 1964 ¹¹
2075 1939 2189 1981 adiu-

282 2003 472 2043 vantibus
504 2009 544 2044 et
574 2003 688 2044 vobis
719 2003 759 2043 in
792 2003 975 2044 oratione
1005 2016 1078 2056 pro
1107 2003 1243 2044 nobis:
1276 2008 1323 2043 ut
1353 2016 1402 2043 ex
1432 2001 1656 2043 multorum
1687 2000 1881 2054 personis,
1914 1999 1997 2041 eius
2029 2012 2119 2053 quae
2148 1998 2189 2038 in

281 2062 395 2102 nobis
427 2068 487 2103 est
518 2062 762 2109 donationis,
795 2076 867 2115 per
895 2061 1047 2103 multos
1078 2061 1219 2115 gratiae
1250 2066 1426 2115 agantur
1455 2074 1528 2114 pro
1558 2060 1687 2101 nobis.

390 2134 419 2155 ¹2
442 2132 545 2172 Nam
568 2131 694 2185 gloria
714 2138 855 2172 nostra
874 2132 959 2173 haec
981 2137 1054 2180 est,
1079 2131 1360 2172 testimonium
1383 2130 1639 2172 conscientiae
1660 2135 1820 2179 nostrae,
1845 2129 1956 2184 quod
1975 2128 2017 2169 in
2039 2128 2190 2181 simpli-

285 2190 407 2231 citate
433 2190 561 2231 cordis
586 2196 627 2231 et
650 2190 881 2231 sinceritate
905 2190 1000 2231 Dei:
1027 2195 1069 2231 et
1092 2203 1173 2231 non
1198 2190 1239 2230 in
1265 2190 1466 2243 sapientia
1490 2189 1653 2235 carnali,
1681 2189 1749 2229 sed
1775 2189 1816 2229 in
1840 2188 1973 2242 gratia
1995 2187 2072 2228 Dei
2096 2199 2189 2228 con-

285 2249 432 2289 versati
450 2263 587 2290 sumus
604 2249 644 2289 in
661 2250 736 2291 hoc
752 2249 925 2290 mundo:
945 2249 1223 2290 abundantius
1241 2254 1379 2289 autem
1397 2249 1449 2289 ad
1468 2262 1551 2289 vos.
1598 2250 1628 2272 ¹³
1648 2248 1738 2288 Non
1756 2247 1863 2288 enim
1881 2247 1961 2288 alia
1976 2246 2189 2288 scribimus

284 2308 410 2353 vobis,
432 2322 552 2362 quam
573 2322 662 2362 quae
678 2308 841 2361 legistis,
862 2314 903 2349 et
921 2307 1180 2362 cognovistis.
1200 2308 1325 2361 Spero
1345 2313 1483 2348 autem
1503 2307 1612 2361 quod
1630 2320 1757 2360 usque
1776 2306 1817 2346 in
1835 2306 1957 2347 finem
1976 2318 2189 2359 cognosce—

285 2367 346 2412 tis,
392 2369 422 2391 ¹⁴
439 2367 542 2408 sicut
557 2373 597 2408 et
613 2367 858 2421 cognovistis
874 2381 947 2408 nos
963 2381 1013 2408 ex
1029 2372 1157 2420 parte,
1177 2367 1285 2420 quod
1302 2366 1430 2419 gloria
1445 2372 1583 2407 vestra
1598 2379 1749 2414 sumus,
1768 2365 1873 2406 sicut
1888 2370 1930 2406 et
1945 2377 2018 2405 vos
2033 2369 2186 2413 nostra,

285 2426 321 2465 in
352 2426 413 2466 die
445 2426 603 2467 Domini
633 2426 758 2467 nostri
790 2426 879 2467 lesu
907 2426 1067 2467 Christi.

954 2551 1173 2606 PARS
1214 2551 1516 2606 PRIMA.

556 2641 783 2695 Oratio
822 2641 1012 2694 Pauli
1050 2640 1501 2707 apologetica,
1539 2641 1583 2705 1,
1609 2639 1810 2703 15—7,
1836 2637 1925 2690 16.

716 2778 754 2817 1.
783 2777 1011 2830 Apologia
1040 2776 1270 2817 adventus
1305 2776 1445 2827 dilati,
1472 2777 1676 2827 1‚15—2,
1695 2777 1759 2817 17.

393 2850 421 2871 ¹⁷¹
446 2847 493 2887 Et
516 2849 589 2888 hac
608 2848 854 2889 confidentia
872 2847 983 2889 volui
1003 2847 1113 2900 prius
1133 2847 1268 2888 venire
1289 2848 1341 2888 ad
1360 2861 1444 2892 vos,
1468 2854 1514 2888 ut
1532 2847 1752 2888 secundam
1772 2846 1947 2900 gratiam
1964 2845 2187 2887 haberetis:

164 2896 277 2946 '.‚.r='{1⁴1¹,'
294 2908 323 2928 ¹⁰³
342 2915 374 2943 νῐ
401 2920 466 2957 per
485 2920 552 2946 vos
571 2906 739 2947 transire
757 2907 794 2946 in
814 2906 1108 2955 Macedoniam,
1127 2911 1169 2947 et
1184 2906 1333 2947 iterum
1351 2920 1375 2947 a
1390 2906 1630 2947 Macedonia
1646 2905 1783 2946 venire
1800 2905 1853 2946 ad
1869 2918 1954 2954 vos,
1974 2909 2016 2946 et
2031 2918 2056 2945 a
2072 2904 2188 2946 vobis

292 2964 431 3002 ‹l‹=‹lu«i
460 2964 494 3002 in
529 2965 537 3003 1
547 2966 712 3006 iubeam.
768 2968 799 2989 ¹⁷
826 2966 925 3006 (¹um
951 2979 1043 3018 ergo
1068 2965 1143 3006 hoc
1168 2965 1398 3013 voluissem,
1426 2965 1625 3019 numquid
1650 2964 1818 3005 levitate
1843 2977 1939 3005 usus
1963 2963 2078 3004 sum?
2103 2963 2189 3004 Aut

292 3035 379 3074 quae
407 3022 547 3063 vocito.
578 3025 796 3064 seeundum
826 3038 985 3065 carnem
1016 3023 1160 3075 cogito,
1192 3030 1237 3064 ut
1265 3024 1318 3065 sit
1345 3024 1455 3077 apud
1482 3038 1546 3065 me
1573 3024 1684 3073 EST,
1714 3029 1755 3064 et
1785 3022 1922 3064 NON?
1977 3024 2012 3046 ¹⁸
2039 3021 2188 3062 Fidelis

292 3088 425 3119 autom
459 3081 572 3121 bons.
603 3082 696 3134 quia
721 3096 849 3123 sermo
877 3088 1023 3131 noster,
1053 3083 1119 3136 qui
1147 3082 1225 3123 fuit
1251 3083 1361 3135 apud
1387 3096 1471 3132 vos,
1498 3096 1581 3124 non
1607 3088 1669 3123 est
1693 3082 1734 3122 in
1759 3081 1827 3123 illo
1853 3081 1963 3128 EST,
1992 3086 2034 3122 et
2058 3080 2185 3121 NON.

295 3141 324 3161 ¹¹⁴
356 3139 422 3177 1)(ιί
453 3139 553 3177 υῃίηι
586 3140 685 3179 iilius
719 3141 822 3181 lesus
850 3141 1043 3184 Christus.
1074 3141 1142 3195 qui
1169 3141 1208 3181 in
1238 3141 1351 3181 vobis
1381 3155 1450 3194 per
1474 3155 1547 3182 nos
1573 3141 1817 3194 praedicatus
1844 3145 1917 3189 est,
1946 3153 2018 3193 per
2042 3153 2118 3188 me,
2147 3145 2189 3180 et

291 3197 512 3241 silvanum,
536 3204 575 3237 et
596 3197 864 3242 'l‘in1‹‚†}1‹=u1n.
887 3213 967 3240 non
990 3200 1068 3240 suit
1088 3200 1186 3240 EST
1207 3206 1248 3240 et
1272 3200 1395 3247 NON,
1419 3201 1489 3241 sed
1509 3200 1608 3241 EST
1628 3200 1669 3239 in
1689 3199 1757 3240 illo
1778 3199 1867 3240 fuit.
1917 3200 1953 3223 '²⁰
1973 3199 2189 3251 Quotquot

292 3256 392 3294 euim
424 3255 700 3307 promissiones
730 3258 795 3296 1›‹·i
822 3266 927 3307 sunt,
955 3259 993 3298 in
1020 3258 1086 3299 iilo
1110 3258 1225 3299 EST:
1253 3258 1341 3299 ideo
1365 3264 1406 3299 et
1429 3272 1500 3312 per
1521 3259 1653 3312 ipsum
1678 3258 1808 3299 Amen
1832 3258 1920 3299 Deo
1943 3257 1995 3298 ad
2017 3256 2186 3310 gloriam

292 3322 483 3355 nostram.
534 3316 561 3337 ²¹¹
587 3314 663 3361 Qui
687 3323 819 3355 autem
845 3318 1059 3357 coufirmat
1081 3330 1153 3357 nos
1176 3316 1385 3357 vobiscum
1410 3317 1448 3357 in
1472 3317 1643 3365 Christo,
1668 3322 1709 3357 et
1731 3316 1800 3370 qui
1822 3316 1941 3357 unxit
1962 3328 2035 3356 nos
2056 3315 2185 3356 Deus:

292 3376 322 3395 '-'‘-'
351 3373 415 3425 qui
446 3380 480 3411 vt
512 3372 685 3423 signavit
715 3386 796 3415 nos.
826 3381 865 3413 et
892 3375 1003 3415 (ledit
1030 3375 1174 3428 pignus
1201 3375 1375 3427 Spiritus
1403 3376 1442 3415 in
1471 3376 1658 3417 cordibus
1685 3375 1845 3417 nostris.

426 3499 452 3536 l,
479 3499 498 3528 l}
523 3498 615 3540 ²¹1⁴]le
649 3501 672 3530 1.
699 3500 732 3532 33:
765 3501 771 3530 1
809 3499 863 3530 l'tr
893 3501 972 3535 15⁴3.
