2356 3760
597 425 1063 478 EPISTOLA
1116 425 1670 479 CATHOLICA

265 528 709 614 BEATI
784 528 1182 617 IUDAE
1255 527 2009 615 APOSTOLI.

931 741 1194 792 Exordium,
1222 742 1341 781 1-4.

288 814 303 836 ¹
333 812 455 853 Iudas
485 810 575 852 Iesu
603 811 750 854 Christi
778 825 929 862 servus,
959 812 1085 854 frater
1112 817 1251 853 autem
1280 811 1429 862 Iacobi,
1458 811 1532 862 his,
1563 812 1631 865 qui
1659 816 1755 853 sunt
1781 812 1821 852 in
1850 813 1936 853 Deo
1963 812 2085 853 Patre
2104 813 2265 880 3325}ssss

185 870 353 921 dilectis,
384 875 425 912 et
453 869 612 912 Christo
644 871 733 912 Iesu
762 871 1023 920 conservatis,
1055 876 1095 913 et
1124 870 1291 912 vocatis.
1349 873 1363 895 2
1391 870 1666 912 Misericordia
1694 870 1821 917 vobis,
1853 876 1893 911 et
1921 883 2014 923 paiz,
2045 876 2086 912 61
2270 869 2275 874 ”

185 929 361 971 charitas
391 928 674 982 adimpleatur.

288 989 304 1012 ³
328 987 572 1037 Charissimi,
599 1001 760 1029 omnem
785 988 1084 1029 solicitudinem
1108 988 1258 1029 faciens
1283 988 1483 1029 scribendi
1509 988 1623 1028 vobis
1648 988 1697 1029 de
1721 987 1927 1028 communi
1952 993 2089 1028 vestra
2135 987 2251 1047 22¹3qu

185 1046 328 1096 salute,
354 1059 515 1088 necesse
539 1046 665 1087 habui
690 1046 860 1088 scribere
888 1047 1020 1087 vobis:
1057 1047 1276 1100 deprecans
1303 1046 1568 1100 supercertari
1594 1045 1716 1087 semel
1741 1046 1903 1087 traditae
1937 1046 2088 1087 sanctis
2122 1041 2261 1088 epistdlae·

188 1104 290 1146 fidei.
350 1107 366 1129 4
397 1104 729 1146 Subintroierunt
760 1105 866 1146 enim
900 1105 1067 1159 quidam
1098 1105 1281 1146 homines
1313 1105 1400 1159 (qui
1433 1105 1527 1145 olim
1559 1104 1782 1158 praescripti
1814 1109 1911 1145 sunt
1940 1104 1982 1145 in
2013 1104 2089 1145 hoc

186 1163 398 1217 iudicium)
430 1163 555 1217 impii,
590 1164 666 1205 Dei
699 1164 826 1205 nostri
858 1164 1033 1217 gratiam
1067 1164 1357 1205 transferentes
1390 1164 1430 1204 in
1462 1163 1678 1212 luxuriam,
1714 1168 1754 1204 et
1787 1162 1916 1204 solum
1949 1162 2090 1204 Domi-

185 1226 382 1271 natorem,
415 1227 456 1263 et
485 1222 708 1263 Dominum
739 1228 923 1264 nostrum
956 1222 1090 1264 lesum
1121 1222 1326 1264 Christum
1356 1227 1562 1276 negantes.

749 1327 789 1378 I.
828 1328 911 1378 De
949 1327 1314 1388 illusoribUS,
1353 1326 1538 1378 5--19,

289 1413 304 1436 5
329 1411 593 1452 Commonere
618 1417 757 1453 autem
782 1425 854 1453 vos
881 1412 985 1461 vole,
1013 1412 1183 1454 scientes
1209 1411 1331 1453 semel
1357 1411 1505 1460 omnia,
1533 1411 1726 1464 quoniam
1754 1411 1864 1453 Iesus
1890 1411 2087 1465 populum
2110 1413 2278 1473 ssecssgdffiigss

185 1471 234 1510 de
260 1476 368 1512 terra
392 1469 561 1522 AEgypti
586 1469 760 1519 salvans,
792 1471 989 1511 asecundo
1015 1484 1093 1518 eos,
1122 1470 1191 1524 qui
1216 1483 1298 1511 non
1324 1470 1594 1519 crediderunt,
1621 1469 1816 1523 perdidit:
1874 1471 1888 1494 ⁶
1913 1470 2087 1523 Angelos
2148 1467 2238 1514 atque

187 1541 294 1578 vero,
320 1528 388 1582 qui
411 1541 492 1568 non
517 1534 784 1569 servaverunt
807 1542 925 1570 suum
949 1529 1238 1582 principatum,
1264 1528 1334 1570 sed
1358 1528 1660 1582 dereliquerunt
1683 1541 1802 1569 suum
1825 1527 2087 1577 domicilium,
2110 1520 2278 1584 pssffiitg‘ffff

185 1588 226 1628 in
251 1587 446 1628 iudicium
471 1587 607 1641 magni
634 1586 723 1637 diei,
752 1587 922 1629 vinculis
948 1587 1107 1629 aeternis
1133 1587 1208 1629 sub
1234 1587 1403 1640 caligine
1428 1587 1663 1628 reservavit.
1720 1589 1734 1610 ⁷
1760 1586 1874 1627 Sicut
1898 1587 2088 1635 Sodoma,

186 1652 228 1687 et
245 1645 484 1694 Gomorrha,
505 1651 545 1686 et
562 1645 746 1687 finitimae
764 1646 952 1687 civitates
971 1646 1089 1687 simili
1108 1646 1229 1686 modo
1249 1646 1521 1689 exfornicatae.
1543 1651 1583 1686 et
1602 1645 1798 1686 abeuntes
1816 1651 1910 1698 post
1928 1659 2090 1686 carnem

186 1704 370 1754 alteram,
400 1704 521 1745 factae
548 1710 644 1745 sunt
672 1705 917 1758 exemplum,
947 1705 1048 1758 ignis
1077 1705 1216 1746 aeterni
1246 1718 1410 1758 poenam
1439 1704 1697 1745 sustinentes.

293 1764 308 1787 ⁸
339 1762 531 1804 Similiter
562 1768 603 1804 et
634 1763 673 1803 hi
706 1777 868 1805 carnem
902 1764 1065 1818 quidem
1097 1763 1318 1813 maculant,
1353 1763 1674 1804 dominationem
1707 1767 1845 1803 autem
1877 1767 2086 1815 spernunt,
2118 1766 2269 1827 hiflsslssfssq

187 1822 444 1863 maiestatem
467 1827 605 1862 autem
628 1821 926 1875 blasphemant.
979 1825 995 1847 ⁹
1019 1822 1141 1864 bCum
1162 1822 1334 1863 Michael
1355 1821 1631 1875 Archangelus
1654 1835 1747 1862 cum
1769 1821 1930 1862 diabolo
1953 1821 2089 1874 dispu-
2135 1809 2261 1877 ffngfiiff*

187 1887 279 1921 tans
310 1879 574 1921 altercaretur
604 1880 652 1921 de
683 1881 813 1934 Moysi
844 1894 1020 1935 corpore.
1053 1894 1135 1922 non
1166 1886 1227 1922 est
1257 1894 1378 1922 ausus
1408 1880 1601 1921 iudicium
1633 1879 1778 1921 inferre
1808 1879 2087 1933 blasphemiae:
2117 1873 2269 1898 ¹⁰⁶¹⁰³b¹¹³·

187 1939 257 1980 sed
279 1938 401 1979 dixit:
428 1938 606 1992 Imperet
628 1939 703 1980 tibi
724 1940 937 1981 Dominus.
989 1943 1024 1964 ¹0
1046 1939 1100 1980 Hi
1123 1944 1261 1980 autem
1285 1952 1550 1993 quaecumque
1574 1938 1738 1993 quidem
1761 1938 1962 1992 ignorant,
1987 1938 2092 1979 blas-

188 1997 402 2051 phemant:
441 2010 707 2051 quaecumque
743 2004 881 2039 autem
918 1998 1170 2047 naturaliter,
1208 2004 1423 2052 tamquam
1458 2003 1576 2038 muta
1610 1997 1813 2046 animalia,
1851 2002 2014 2047 norunt,
2050 1997 2092 2037 in

186 2056 248 2097 his
265 2060 593 2109 corrumpuntur.
639 2059 669 2080 ¹¹
687 2057 757 2098 Vae
772 2056 861 2107 illis,
881 2057 977 2111 quia
992 2057 1033 2098 in
1056 2057 1141 2097 01116
1157 2056 1255 2097 Cain
1273 2056 1473 2106 abierunt,
1492 2062 1533 2097 et
1551 2061 1704 2097 derrore
1721 2055 1892 2097 Balaam
1908 2055 2092 2097 mercede

188 2114 303 2156 effusi
325 2120 433 2164 sunt,
457 2120 498 2155 et
519 2114 559 2154 in
582 2115 905 2156 contradictione
933 2116 1049 2156 Θ(1016
1071 2116 1295 2169 perierunt:
1346 2117 1377 2139 ¹2
1401 2115 1454 2155 Hi
1476 2120 1573 2155 sunt
1594 2115 1634 2155 in
1657 2114 1784 2168 epulis
1807 2114 1887 2155 suis
1910 2113 2090 2163 maculae,

187 2173 453 2214 convivantes
486 2173 570 2214 sine
603 2173 760 2223 timore,
795 2174 1033 2228 semetipsos
1065 2179 1290 2228 pascentes,
1336 2173 1476 2214 fnubes
1509 2173 1593 2214 sine
1627 2186 1746 2227 aqua,
1782 2186 1871 2226 quae
1904 2186 1928 2213 a
1959 2172 2093 2213 ventis

187 2231 538 2281 circumferuntur,
559 2231 720 2273 arbores
740 2232 1010 2282 autumnales,
1035 2232 1309 2281 infructuosae,
1333 2232 1393 2273 bis
1412 2236 1595 2281 mortuae,
1621 2232 1846 2280 eradicatae,
1894 2233 1926 2256 ¹3
1943 2231 2093 2272 fluctus

188 2291 258 2331 seri
290 2290 426 2340 maris,
459 2290 749 2344 despumantes
781 2304 874 2332 suas
905 2291 1172 2339 confusiones,
1206 2291 1338 2332 sidera
1368 2290 1563 2331 errantia:
1598 2290 1745 2343 quibus
1777 2289 1953 2342 procella
1982 2295 2092 2330 tene—

189 2349 353 2390 brarum
374 2354 537 2390 servata
556 2355 618 2390 est
636 2349 678 2390 in
697 2355 907 2392 aeternum.
956 2351 988 2374 ¹4
1007 2348 1278 2403 Prophetavit
1299 2353 1437 2389 autem
1457 2353 1499 2389 et
1518 2348 1567 2389 de
1587 2348 1647 2389 his
1669 2348 1866 2401 septimus
1887 2347 1938 2388 ab
1959 2347 2093 2388 Adam

189 2407 343 2456 Enoch,
374 2407 528 2448 dicens:
562 2406 687 2449 &Ecce
716 2408 830 2449 venit
857 2408 1057 2449 Dominus
1087 2408 1127 2449 in
1156 2407 1307 2449 sanctis
1336 2407 1513 2448 millibus
1542 2407 1623 2448 suis
1679 2408 1710 2431 ¹⁵
1739 2407 1869 2447 facere
1898 2406 2091 2446 iudicium

188 2472 332 2508 contra
363 2479 513 2515 omnes,
547 2471 588 2507 et
619 2480 784 2520 arguere
817 2480 955 2508 omnes
986 2467 1131 2520 impios
1164 2467 1212 2507 de
1245 2466 1432 2506 onmibus
1465 2465 1652 2519 operibus
1684 2464 1907 2518 impietatis
1939 2476 2090 2513 eorum,

190 2525 336 2578 quibus
355 2524 478 2578 impie
497 2530 677 2578 egerunt,
699 2530 741 2566 et
759 2525 808 2566 de
828 2525 1015 2566 omnibus
1035 2525 1157 2573 duris,
1180 2538 1270 2579 quae
1288 2525 1413 2566 locuti
1432 2529 1528 2565 sunt
1547 2529 1690 2565 contra
1707 2524 1842 2564 Deum
1860 2527 2092 2576 peccatores

188 2583 314 2637 impii.
372 2584 407 2607 ¹⁶
436 2582 489 2623 Hi
519 2588 616 2625 sunt
643 2589 963 2625 murmuratores
994 2584 1208 2638 querulosi,
1239 2583 1463 2625 secundum
1493 2583 1691 2624 desideria
1719 2595 1793 2623 sua
1821 2581 2091 2630 ambulantes,

190 2647 254 2683 het
281 2654 324 2682 os
351 2654 491 2682 eorum
518 2642 700 2696 loquitur
726 2642 912 2696 superba,
942 2643 1137 2683 mirantes
1165 2655 1356 2695 personas
1386 2647 1565 2696 quaestus
1593 2655 1726 2682 causa.
1783 2643 1817 2665 ¹⁷
1845 2640 1926 2681 Vos
1955 2645 2093 2680 autem

189 2700 412 2741 charissimi
444 2713 641 2741 memores
675 2706 805 2742 estote
838 2701 1068 2751 verborum,
1113 2708 1218 2755 iquae
1249 2700 1446 2754 praedicta
1477 2706 1574 2741 sunt
1606 2700 1657 2740 ab
1689 2698 1896 2752 Apostolis
1928 2697 2094 2738 Domini

190 2758 317 2799 nostri
342 2759 433 2799 Iesu
458 2758 616 2809 Christi,
671 2761 705 2784 ¹⁸
730 2759 799 2813 qui
823 2759 1016 2801 dicebant
1039 2760 1167 2809 vobis,
1195 2759 1388 2813 quoniam
1411 2759 1452 2799 in
1477 2758 1697 2800 novissimo
1721 2763 1904 2810 tempore
1928 2756 2094 2797 venient

189 2817 382 2867 illusores,
417 2817 640 2859 secundum
673 2818 872 2860 desideria
903 2832 977 2860 sua
1009 2818 1266 2859 ambulantes
1300 2818 1341 2858 in
1373 2817 1666 2870 impietatibus.
1728 2818 1762 2841 ¹⁹
1797 2816 1850 2856 Hi
1883 2820 1991 2864 sunt,
2027 2815 2095 2868 qui

190 2881 403 2929 segregant
430 2876 679 2930 semetipsos.
711 2876 917 2926 animales,
948 2876 1146 2930 Spiritum
1174 2889 1255 2917 non
1283 2876 1494 2917 habentes.

749 2981 819 3032 ΙΙ.
862 2983 944 3033 Ι)6
982 2981 1272 3045 fidelibus,
1311 2979 1574 3031 20ffl23p

294 3066 331 3088 20
368 3064 449 3105 Vos
489 3069 628 3105 autem
667 3064 890 3107 charissimi
929 3066 1297 3120 superaedificantes
1337 3064 1606 3118 vosmetipsos
1646 3064 1910 3105 sanctissimae
1950 3070 2093 3104 vestrae
2135 3066 2258 3132 Ιέρθῦἶῖ,

191 3122 296 3171 fidei,
327 3122 369 3163 in
398 3122 553 3176 Spiritu
582 3128 724 3164 sancto
755 3130 929 3175 orantes,
979 3127 1012 3150 21
1041 3125 1311 3178 vosmetipsos
1341 3124 1382 3165 in
1413 3123 1628 3165 dilectione
1649 3123 1726 3165 Dei
1756 3128 1926 3171 servate,
1951 3134 2092 3174 expec-
2136 3137 2260 3162 caritate

191 3186 328 3223 tantes
365 3180 681 3222 misericordiam
710 3182 877 3224 Domini
906 3184 1033 3225 nostri
1066 3184 1157 3225 Iesu
1187 3183 1334 3224 Christi
1371 3183 1412 3223 in
1443 3182 1573 3223 vitam
1603 3187 1808 3223 aeternam.
1875 3182 1906 3205 22
1936 3180 1992 3220 Ε1
2020 3179 2092 3220 hos
2105 3172 2298 3203 Peffleve‘en‘·

193 3239 357 3294 quidem
390 3239 546 3293 arguite
577 3239 796 3282 iudicatos:
856 3244 889 3266 2³
920 3242 1009 3284 illos
1041 3254 1136 3283 vero
1169 3241 1338 3290 salvate,
1374 3241 1423 3282 de
1454 3241 1545 3294 igne
1576 3240 1791 3294 rapientes.
1826 3238 1924 3279 Aliis
1958 3243 2095 3279 autem

192 3298 436 3340 miseremini
469 3298 511 3338 in
546 3297 708 3338 timore:
745 3299 926 3342 odientes
961 3306 1002 3342 et
1036 3314 1138 3349 eam,
1176 3313 1265 3353 quae
1299 3299 1470 3341 carnalis
1505 3305 1578 3349 est,
1615 3297 1864 3339 maculatam
1898 3296 2092 3338 tunicam.

325 3370 456 3423 »ᾶῖιΝιῃ
482 3387 534 3427 14,
559 3388 611 3422 37.
647 3409 689 3412 ω
725 3390 745 3423 9
769 3390 880 3424 bZaeh
904 3391 935 3431 3,
961 3392 991 3425 2.
1024 3412 1066 3415 m
1102 3392 1142 3425 11
1171 3392 1242 3425 cen
1267 3392 1297 3431 4,
1323 3391 1353 3425 8.
1388 3412 1428 3414 --
1459 3391 1548 3424 ‹1Nm
1573 3391 1624 3426 22,
1651 3390 1702 3422 22.
1736 3410 1777 3412 -
1811 3388 1895 3422 eum
1921 3387 1972 3426 16,
1999 3388 2027 3420 1.
2054 3406 2095 3410 -

194 3436 235 3469 12
266 3436 299 3469 12
324 3436 385 3469 Ρη
409 3436 439 3475 2,
466 3436 515 3468 17.
598 3435 640 3468 14
665 3436 758 3480 gApe
782 3439 813 3477 1,
839 3438 868 3471 7.
888 3458 929 3461 —
948 3439 988 3472 16
1011 3438 1076 3472 hPs
1099 3438 1152 3478 16,
1177 3438 1228 3472 10.
1248 3459 1288 3461 -
1308 3438 1349 3471 17
1378 3439 1384 3463 1
1410 3438 1504 3471 mm
1528 3438 1558 3477 4,
1580 3438 1613 3476 1;
1640 3437 1659 3469 2
1681 3436 1754 3469 Tim
1779 3435 1810 3475 3,
1832 3437 1865 3471 1:
1893 3435 1911 3467 2
1932 3434 1993 3467 Ptr
2012 3433 2042 3473 3,
2064 3433 2094 3466 3.
