2356 3760
111 110 166 148 54,
191 109 332 148 21-56‚
358 108 400 141 10
921 105 1209 139 l’sALMORUM
1927 108 2002 149 515

113 205 144 227 21
166 202 352 244 extendit
381 214 549 243 manum
581 212 695 240 suam
726 198 767 238 in
797 198 1069 239 retribuendo.
1161 198 1552 238 Contaminaverunt
1584 204 1875 241 testamentum
1906 202 2000 248 eius,

113 263 145 285 '22
166 261 285 302 divisi
313 266 409 302 sunt
437 260 488 301 ab
517 259 577 300 ira
603 257 742 298 vultus
771 256 872 296 eius:
955 262 995 296 et
1025 256 1371 309 appropinquavit
1399 269 1466 296 cor
1493 255 1608 297 illius.

164 319 310 361 Molliti
340 324 436 360 sunt
466 328 668 358 sermones
700 315 783 355 eius
814 327 934 368 super
964 314 1115 356 oleum:
1201 321 1239 355 et
1271 314 1346 367 ipsi
1377 320 1473 355 sunt
1502 314 1644 355 iacula.

112 380 144 403 ‘2³
170 378 306 419 alacta
325 389 445 431 super
463 374 687 416 Dominum
709 386 847 414 curam
869 379 995 415 tuam.
1020 378 1059 413 et
1080 373 1164 425 ipse
1185 378 1225 413 te
1246 373 1439 413 enutriet:
1512 386 1592 413 non
1614 373 1728 413 dabit
1749 373 1789 413 in
1810 380 2002 415 aeternum

376 433 686 476 fluctuationem
715 432 834 473 iusto.

113 497 144 519 ²⁴
167 496 226 536 Tu
258 507 352 536 vero
384 494 494 534 Deus
527 491 699 532 deduces
732 504 809 539 eos,
843 491 883 531 in
915 496 1086 543 puteum
1118 489 1317 530 interitus,
1404 489 1486 530 Viri
1518 490 1771 543 sanguinum,
1808 496 1848 530 et
1880 490 2005 531 dolosi

374 565 455 593 non
485 550 760 592 dimidiabunt.
790 549 872 590 dies
903 562 1013 590 suos:
1097 561 1167 601 ego
1199 553 1336 588 autem
1366 548 1535 600 sperabo
1564 548 1606 588 in
1635 553 1675 589 te
1702 549 1888 589 Domine.

751 682 917 733 5566).
950 681 1066 733 Spes
1096 680 1366 733 impugnati.

218 770 231 792 ¹
257 768 304 808 In
327 767 461 813 finem,
486 767 564 808 Pro
588 767 751 821 populo,
779 766 847 819 qui
871 778 895 805 a
917 764 1076 805 Sanc-tis
1099 763 1215 817 longe
1238 763 1371 803 factus
1396 768 1467 808 est,
1487 761 1624 802 David
1647 761 1687 801 in
1711 761 1819 802 tituli
1843 763 2006 815 inscrip-

112 826 276 875 tionem,
310 839 403 866 cum
434 831 653 866 tenuerunt
685 838 776 866 eum
808 822 1015 876 Allophyli
1045 823 1085 862 in
1116 822 1235 863 Geth.
1296 822 1333 872 (1
1366 821 1456 874 Ray.
1488 819 1551 863 21.
1585 819 1666 869 12.)
1698 820 1779 860 LV.

132 943 146 965 ‘2
164 941 349 982 Miserere
373 941 452 982 mei
472 941 594 990 Deus,
619 940 810 994 quoniam
833 938 1088 979 conculcavit
1112 950 1176 977 me
1200 937 1340 978 homo:
1412 941 1503 977 tota
1526 936 1589 977 die
1614 936 1856 989 impugnans
1882 935 2007 976 tribu·
2052 927 2170 989 ῑῖῃῖξζῇ,

371 1000 474 1041 lavit
502 1013 578 1041 me.

131 1061 147 1083 ³
164 1058 516 1100 Conculcaverunt
534 1072 598 1099 me
617 1058 769 1099 inimici
787 1057 866 1098 mei
885 1062 976 1097 tota
993 1056 1074 1097 die:
1133 1055 1325 1109 quoniam
1343 1053 1462 1095 multi
1482 1053 1676 1095 bellantes
1697 1053 1913 1094 adversum
1930 1065 2006 1093 me.

132 1118 227 1159 4Α1)
258 1117 475 1159 altitudine
506 1117 583 1158 diei
614 1117 785 1158 timebo:
870 1128 940 1169 ego
972 1127 1066 1156 vero
1096 1114 1137 1154 in
1167 1119 1208 1154 te
1237 1113 1419 1167 sperabo.

131 1178 146 1201 5
166 1176 212 1217 In
241 1177 328 1218 Deo
357 1176 534 1217 laudabo
565 1189 767 1217 sermones
796 1188 918 1218 meos.

164 1235 205 1276 in
232 1235 319 1277 Deo
350 1236 527 1289 speravi:
558 1249 640 1277 non
670 1235 821 1276 timebo
906 1233 1003 1286 quid
1031 1232 1157 1273 faciat
1185 1231 1285 1272 mihi
1314 1243 1417 1271 caro.

132 1296 147 1318 ⁶
165 1294 270 1335 Tota
298 1294 361 1335 die
391 1295 517 1336 verba
545 1307 637 1335 mea
665 1293 978 1334 execrabantur:
1053 1290 1270 1331 adversum
1299 1302 1363 1329 me
1393 1301 1531 1329 omnes
1562 1287 1826 1341 cogitationes
1857 1299 2007 1334 eorum,

373 1354 415 1394 in
442 1353 610 1394 malurn.

132 1414 146 1435 ⁷
167 1412 466 1454 Inhabitabunt
493 1418 534 1452 et
562 1411 831 1452 abscondent:
862 1409 937 1463 ipsi
965 1407 1200 1448 calcaneum
1227 1419 1363 1446 meum
1392 1405 1681 1447 observabunt.
1752 1404 1865 1445 Sicut
1892 1402 2010 1443 susti-

373 1476 549 1511 nuerunt
580 1470 759 1511 animam
789 1481 934 1515 meam,

132 1531 235 1583 8pro
266 1529 389 1570 nihilo
420 1529 554 1570 salvos
584 1528 706 1569 facies
736 1527 841 1568 illos:
927 1527 966 1566 in
997 1526 1055 1566 ira
1083 1524 1254 1578 populos
1285 1523 1522 1575 confringes.

2059 1619 2106 1649 qui
2127 1619 2164 1643 la-

163 1636 284 1682 Deus,
320 1638 335 1659 ⁹
354 1635 484 1676 vitam
506 1647 639 1675 meam
661 1631 906 1674 annunciavi
927 1631 1020 1672 tibi:
1078 1629 1249 1685 posuisti
1268 1628 1469 1681 lacrymas
1490 1640 1599 1668 meas
1619 1627 1659 1667 in
1680 1630 1898 1679 conspectu
1920 1629 2003 1666 tuo.
2056 1660 2167 1678 mmm

372 1694 486 1736 Sicut
515 1698 556 1734 et
584 1693 624 1733 in
654 1691 917 1746 promissione
948 1696 1037 1730 tua:
2027 1679 2197 1714 consshlorut-

114 1756 263 1795 10tuno
292 1758 583 1794 convertentur
610 1751 762 1792 inimici
790 1750 868 1790 mei
898 1754 1136 1790 retrorsum:
1224 1747 1271 1787 In
1301 1758 1558 1800 quacumque
1587 1744 1650 1785 die
1678 1744 1920 1784 invocavero
1950 1747 2007 1783 tc:

374 1824 464 1853 ecce
493 1811 664 1864 cognovi
695 1809 887 1864 quoniam
917 1809 1027 1849 Deus
1057 1820 1170 1847 meus
1200 1820 1251 1847 es.

114 1872 214 1912 11111
242 1872 329 1912 Deo
358 1870 536 1911 laudabo
566 1870 749 1917 verbum,
834 1868 875 1908 in
904 1866 1081 1907 Domino
1110 1865 1287 1906 laudabo
1318 1876 1563 1904 sermonem:

165 1930 205 1970 in
234 1931 320 1971 Deo
351 1929 522 1983 speravi,
553 1942 635 1970 non
665 1928 817 1968 timebo
900 1925 997 1979 quid
1025 1925 1152 1965 faciat
1179 1923 1278 1964 mihi
1306 1922 1440 1963 homo.

115 1991 145 2013 ¹2
168 1989 215 2029 In
246 2002 310 2029 me
341 1994 437 2029 sunt
467 1989 577 2028 Deus
608 1993 709 2028 vota
738 1992 822 2031 tua,
909 1997 998 2038 quae
1028 1983 1208 2031 reddam,
1240 1981 1497 2022 laudationes
1527 1979 1614 2021 tibi.

114 2050 145 2072 ¹³
166 2047 368 2096 Quoniam
400 2046 583 2100 eripuisti
615 2046 794 2086 animam
826 2056 959 2084 meam
991 2043 1040 2083 de
1071 2046 1213 2084 morte.
1300 2046 1339 2081 et
1373 2039 1495 2093 pedes
1526 2051 1636 2079 meos
1668 2038 1716 2078 de
1746 2036 1881 2090 lapsu:
1966 2038 2014 2075 ut

374 2105 557 2160 placeam
587 2117 723 2146 coram
752 2104 839 2144 Deo
868 2102 909 2143 in
938 2101 1090 2142 lumine
1118 2099 1360 2140 viventium.

679 2235 846 2285 56(57).
878 2233 1167 2275 confidentia
1197 2231 1459 2272 conculcati.

218 2325 232 2348 1
262 2323 309 2364 In
336 2322 471 2370 finem,
502 2320 563 2361 Ne
590 2318 811 2372 disperdas
836 2317 973 2358 David
1001 2317 1042 2357 in
1070 2315 1180 2356 tituli
1208 2313 1524 2368 inscriptionem,
1555 2325 1647 2352 cum
1674 2311 1831 2364 fugeret
1859 2322 1883 2349 a
1908 2308 2010 2349 facie

113 2382 210 2424 Saul
237 2382 278 2422 in
306 2380 552 2434 speluncam.
610 2378 647 2429 (1
678 2378 768 2430 Req.
798 2375 860 2421 22,
892 2376 927 2416 1.
959 2380 990 2416 et
1017 2374 1079 2422 24,
1110 2373 1164 2425 4.)
1194 2373 1300 2415 LVI.

134 2502 149 2523 2
165 2498 351 2540 Miserere
380 2496 460 2537 mei
487 2496 610 2543 Deus,
641 2493 827 2534 miserere
856 2492 953 2533 mei:
2030 2474 2201 2535 Οῇᾎῗζῇζξῡξῃ

168 2557 362 2612 quoniam
380 2555 423 2596 in
442 2560 483 2596 te
500 2552 669 2595 confidit
689 2552 827 2593 anima
842 2564 945 2592 mea.
1000 2550 1055 2591 Et
1072 2550 1113 2590 in
1133 2549 1279 2590 umbra
1296 2548 1452 2589 alarum
1470 2552 1635 2588 tuarum
1653 2543 1835 2597 sperabo,
1886 2541 2011 2582 donec

376 2618 561 2655 transeat
587 2611 795 2665 iniquitas

135 2678 151 2701 3
168 2675 362 2717 Clamabo
392 2673 445 2714 ad
472 2672 607 2713 Deum
637 2669 898 2711 altissimum:
981 2669 1116 2709 Deum
1146 2666 1216 2721 qui
1245 2665 1444 2708 benefecit
1473 2662 1584 2705 mihi.

135 2737 151 2759 ⁴
167 2733 280 2775 Misit
305 2733 354 2774 de
380 2731 487 2779 caelo,
513 2735 554 2771 et
577 2728 770 2770 liberavit
794 2741 877 2769 me:
949 2727 1063 2768 dedit
1088 2726 1130 2767 in
1156 2725 1420 2780 opprobrium
1446 2721 1729 2764 conculcantes
1755 2730 1831 2759 me.
1903 2715 2014 2757 Misit

376 2791 488 2831 Deus
516 2787 835 2829 misericordiam
865 2799 993 2831 suam,
1026 2791 1067 2826 et
1095 2785 1314 2825 veritatem
1344 2796 1472 2832 suam,

136 2854 151 2876 5
169 2857 210 2892 et
238 2849 386 2904 eripuit
414 2849 594 2890 animam
621 2859 756 2887 meam
784 2845 834 2886 de
861 2845 995 2886 medio
1024 2843 1254 2885 catulorum
1280 2842 1462 2883 leonum:
1530 2836 1703 2881 dormivi
1732 2835 2012 2876 conturbatus.

168 2909 260 2950 Filii
285 2908 499 2949 hominum
526 2907 668 2948 dentes
693 2917 832 2946 eorum
861 2916 975 2944 arma
996 2908 1038 2944 et
1060 2902 1238 2956 sagittae:
1296 2906 1336 2942 et
1357 2900 1496 2953 lingua
1517 2909 1655 2939 eorum
1676 2894 1833 2949 gladius
1857 2896 2012 2934 acutus.

137 2971 152 2993 ⁶
169 2967 364 3010 Exaltare
394 2978 513 3019 super
543 2964 658 3006 caelos
687 2964 817 3004 Deus:
902 2967 943 3003 et
972 2962 1013 3002 in
1044 2974 1206 3003 omnem
1236 2966 1386 3001 terram
1416 2958 1542 3012 gloria
1570 2961 1654 2996 tua.

2029 3057 2071 3082 cui
2087 3055 2196 3086 psallet.

138 3075 151 3097 ⁷
169 3073 382 3126 Laqueum
410 3073 661 3125 paraverunt
690 3067 861 3121 pedibus
891 3066 1008 3107 meis:
1092 3071 1133 3107 et
1162 3066 1481 3106 incurvaverunt
1511 3061 1690 3102 animam
1720 3070 1865 3098 meam.

170 3132 380 3173 Foderunt
408 3134 503 3170 ante
530 3127 677 3168 faciem
704 3139 838 3166 meam
866 3126 1048 3166 foveam:
1131 3130 1171 3165 et
1200 3123 1430 3164 inciderunt
1456 3122 1497 3162 in
1526 3132 1628 3161 eam.

139 3191 368 3231 ⁸Paratum
397 3201 464 3229 cor
490 3199 628 3228 meum
655 3185 778 3233 Deus
809 3190 1000 3238 paratum
1029 3196 1097 3225 cor
1123 3196 1278 3224 meum:
1351 3180 1538 3228 cantabo,
1569 3183 1611 3219 et
1637 3175 1841 3230 psalmum
1869 3173 2013 3215 dicam.

139 3251 154 3274 ⁹
170 3249 333 3302 Exurge
360 3246 488 3301 gloria
515 3258 617 3293 mea,
649 3256 797 3297 exurge
825 3242 1063 3297 psalterium
1093 3247 1135 3283 et
1163 3241 1337 3282 cithara:
1420 3250 1614 3291 exurgam
1644 3235 1831 3278 diluculo.

119 3310 155 3332 ¹⁰
171 3307 403 3349 Confitebor
427 3305 504 3346 tibi
528 3304 570 3345 in
594 3302 755 3357 populis
779 3301 972 3343 Domine:
1057 3306 1097 3342 et
1122 3299 1326 3354 psalmum
1352 3298 1486 3339 dicam
1511 3295 1587 3338 tibi
1612 3295 1653 3337 in
1677 3294 1884 3349 gentibus:

251 3444 304 3486 54,
329 3443 371 3477 23
396 3443 467 3476 aMt
490 3442 521 3482 6,
546 3441 603 3481 25;
630 3440 676 3475 Lc
701 3441 753 3480 12,
779 3440 836 3479 22;
862 3441 880 3473 1
907 3440 968 3473 Ptr
991 3439 1022 3480 ὃ,
1049 3439 1078 3473 7.

1735 3487 1810 3527 33*
