2356 3760
117 515 184 545 quia
197 516 313 545 tempus

128 550 310 575 resolutionis

159 587 282 616 apostoli

168 622 267 646 instat.

145 866 292 894 Mami-uu,

163 1162 267 1189 nuntii,

114 1574 314 1599 salutationes.

134 1747 304 1773 beneda-tio.

330 124 432 166 1160
676 123 901 159 EPISTOLA
929 123 1069 156 BEATI
1098 122 1236 156 PAULI
1263 122 1326 155 AD
1352 121 1636 157 TIMOTHEUM
1662 122 1880 159 SECUNDA
2017 126 2047 166 4,
2073 126 2172 168 3-4,
2196 128 2238 161 22

327 217 578 271 importune:
611 230 743 271 argue.
778 218 953 264 obsecra,
987 216 1150 268 increpa
1180 215 1220 255 in
1251 214 1362 256 omni
1392 216 1604 269 patientia,
1637 222 1678 258 et
1708 217 1906 260 doctrina.
1964 222 1979 243 ³
2008 220 2100 262 Erit
2129 221 2237 263 enim

328 282 501 330 tempus,
526 289 617 318 eum
640 289 780 317 sanam
804 274 1032 316 doctrinam
1055 286 1136 315 non
1159 273 1432 324 sustinebunt,
1457 276 1527 316 sed
1549 275 1601 316 ad
1623 288 1696 316 sua
1717 276 1915 318 desideria
1937 280 2238 322 coacervabunt

325 335 402 376 sibi
429 336 656 389 magistros,
687 333 914 387 prurientes
942 332 1120 375 auribus.
1177 334 1191 356 ⁴
1220 338 1261 373 et
1289 346 1312 373 a
1341 333 1514 375 veritate
1543 334 1707 387 quidem
1736 335 1924 376 auditum
1953 343 2154 389 avertent,
2185 340 2237 380 ad

326 394 485 435 fabulas
509 402 646 435 autem
672 397 974 433 eonvertentur.
1027 393 1041 416 5
1067 391 1126 431 Tu
1152 404 1247 433 vero
1272 391 1405 446 vigila,
1432 392 1472 432 in
1497 393 1685 434 omnibus
1708 393 1861 443 labora,
1888 408 1990 448 opus
2013 395 2078 437 fac
2101 396 2238 439 Evan-

323 453 488 507 gelistae,
521 451 789 493 ministerium
821 456 938 491 tuum
969 449 1103 503 imple.
1135 450 1302 492 Sobrius
1331 457 1430 493 esto.

434 514 448 536 ⁶
468 513 553 563 Ego
573 510 678 550 enim
700 509 779 550 iam
800 509 966 557 delibor,
988 514 1029 549 et
1049 514 1210 563 tempus
1229 509 1487 551 resolutionis
1508 523 1606 552 meae
1625 511 1764 553 instat.
1815 513 1829 535 ⁷
1850 512 2011 554 Bonum
2031 519 2237 556 certamen

326 570 490 613 (tertavi.
517 582 675 610 cursum
702 567 998 617 consummavi,
1023 567 1145 609 fidem
1169 568 1340 609 servavi.
1395 570 1410 593 ⁸
1436 569 1482 609 In
1504 568 1658 623 reliquo
1683 570 1861 623 reposita
1883 576 1944 612 est
1965 571 2064 613 mihi
2087 586 2239 615 corona

324 629 500 672 iustitize,
535 641 657 681 quam
690 627 833 668 reddet
862 626 961 668 mihi
992 626 1193 668 Dominus
1224 627 1265 668 in
1297 627 1365 667 illa
1395 627 1459 669 die
1489 628 1620 670 iustus
1651 629 1791 670 iudex:
1822 642 1906 671 non
1936 629 2067 672 solum
2098 637 2237 673 autem

322 688 431 737 mihi,
464 688 533 728 sed
563 692 605 728 et
634 685 691 733 iis,
725 685 794 739 qui
823 685 999 740 diligunt
1029 686 1254 727 adventum
1286 686 1382 728 eius.

1035 788 1272 841 Epilogus,
1302 790 1342 840 4,
1360 791 1532 831 8b—22.

426 862 594 903 Festina
618 862 670 902 ad
694 874 759 902 me
784 860 920 902 venire
946 860 1038 902 cito.
1095 863 1110 884 ⁹
1134 861 1286 902 Demas
1312 861 1418 901 enim
1444 875 1508 903 me
1533 861 1708 916 reliquit,
1736 863 1904 917 diligens
1929 864 2005 906 hoe
2030 864 2235 916 saeculum,

321 926 362 963 et
387 921 487 962 abiit
512 919 860 962 Thessalonicam:
914 922 950 944 1⁰
973 920 1162 961 Crescens
1187 920 1228 960 in
1253 920 1472 971 Galatiam,
1501 920 1616 963 Titus
1640 921 1681 961 in
1706 922 1971 964 Dalmatiam.
2026 925 2057 948 1¹
2087 923 2237 966 aLucas

321 988 381 1021 est
408 993 567 1021 meeum
594 979 714 1021 solus.
744 979 927 1019 Mareum
955 992 1127 1028 assume,
1156 985 1197 1020 et
1223 980 1358 1020 adduc
1385 984 1539 1020 tecum:
1568 986 1630 1021 est
1656 980 1763 1022 enim
1789 981 1890 1022 mihi
1915 981 2026 1024 utilis
2052 982 2093 1023 in
2119 983 2237 1024 mini-

320 1039 499 1080 sterium.
561 1041 590 1062 12
621 1037 844 1092 Tychieum
875 1043 1014 1079 autem
1045 1037 1136 1079 misi
1166 1038 1388 1091 Ephesum.
1448 1040 1479 1063 ¹³
1508 1038 1719 1089 Penulam,
1752 1053 1876 1094 quam
1905 1040 2049 1095 reliqui
2079 1041 2237 1083 Troade

319 1099 429 1152 apud
456 1098 646 1151 Carpum,
676 1097 841 1138 veniens
869 1097 970 1138 affer
996 1102 1144 1141 tecum,
1174 1103 1215 1137 et
1240 1096 1376 1146 libros,
1405 1098 1584 1139 maxime
1611 1103 1750 1140 autem
1777 1099 2050 1142 membranas.

426 1159 456 1181 ¹4
478 1156 711 1197 Alexander
732 1155 895 1197 {erarius
917 1155 1049 1196 multa
1070 1155 1179 1196 mala
1200 1155 1300 1196 mihi
1323 1156 1521 1198 ostendit:
1545 1158 1689 1199 reddet
1709 1157 1767 1198 illi
1787 1157 1989 1200 Dominus
2011 1160 2237 1202 seeundum

318 1229 441 1272 opera
465 1215 567 1257 eius:
622 1217 652 1239 ¹⁵
678 1228 797 1269 quem
824 1220 865 1256 et
890 1220 934 1257 tu
960 1214 1118 1255 devita:
1146 1214 1264 1256 valde
1290 1214 1397 1256 enim
1421 1215 1575 1257 restitit
1600 1216 1732 1257 verbis
1757 1217 1917 1259 nostris.
1972 1219 2007 1242 ¹⁶
2032 1217 2079 1258 In
2104 1217 2237 1272 prima

317 1289 408 1316 mea
430 1274 664 1316 defensione
686 1287 805 1315 nemo
827 1273 926 1315 mihi
950 1273 1080 1319 affuit,
1105 1274 1175 1315 sed
1199 1287 1336 1315 omnes
1359 1288 1423 1316 me
1445 1274 1767 1330 dereliquerunt:
1792 1289 1872 1318 non
1895 1275 1972 1317 illis
1993 1275 2233 1330 imputetur.

317 1336 351 1359 ¹⁷
374 1334 576 1376 Dominus
600 1338 738 1375 autem
762 1332 861 1374 mihi
884 1332 1029 1383 astitit,
1055 1338 1096 1374 et
1119 1332 1371 1374 confortavit
1393 1347 1469 1383 me,
1494 1340 1542 1375 ut
1563 1348 1635 1388 per
1656 1348 1720 1375 me
1742 1334 1979 1389 praedicatio
2001 1334 2234 1390 impleatur,

318 1398 359 1435 et
378 1393 550 1434 audiant
571 1406 709 1433 omnes
729 1392 899 1433 Gentes:
921 1397 961 1432 et
979 1392 1175 1433 liberatus
1195 1405 1284 1432 sum
1305 1393 1355 1433 de
1374 1406 1440 1433 ore
1460 1393 1617 1435 Leonis.
1668 1395 1702 1417 ¹³
1721 1393 1932 1435 Liberavit
1950 1407 2014 1435 me
2033 1393 2236 1436 Dominus

320 1453 371 1494 ab
395 1452 505 1494 omni
528 1465 646 1506 opere
668 1451 794 1492 malo:
818 1456 859 1492 et
880 1451 1039 1492 salvum
1062 1450 1185 1491 faciet
1206 1450 1245 1491 in
1268 1464 1436 1504 regnum
1460 1465 1577 1492 suum
1601 1452 1769 1502 eaeleste‚
1795 1453 1857 1494 eui
1879 1453 2008 1506 gloria
2028 1453 2070 1494 in
2091 1453 2238 1494 saeeula

320 1511 571 1553 saeeulorum.
603 1510 745 1551 Amen.

426 1573 460 1595 1⁹
486 1569 630 1611 Saluta
657 1568 850 1618 Priscam,
879 1573 920 1609 et
947 1567 1151 1621 Aquilam,
1181 1572 1223 1608 et
1253 1567 1515 1622 bOnesiphori
1543 1570 1723 1611 domum.
1779 1572 1816 1594 20
1841 1570 2014 1612 Erastus
2039 1570 2238 1613 remansit

321 1628 516 1672 Corinthi.
556 1627 822 1682 Trophimum
859 1632 997 1668 autem
1034 1625 1177 1680 reliqui
1212 1625 1418 1667 infirmum
1456 1627 1595 1669 Mileti.
1660 1630 1691 1652 ’Π
1727 1628 1895 1670 Festina
1930 1634 2026 1670 ante
2061 1629 2235 1670 hiemem

321 1688 469 1730 venire.
501 1687 696 1729 Salutant
726 1692 766 1727 te
796 1685 994 1735 Eubulus,
1029 1692 1070 1727 et
1098 1686 1274 1733 Pudens,
1308 1691 1349 1726 et
1379 1685 1515 1736 Linus,
1549 1692 1591 1727 et
1621 1686 1801 1735 Claudia,
1834 1693 1875 1728 et
1904 1688 2050 1729 fratres
2081 1701 2233 1729 omnes

427 1749 458 1772 2²
486 1746 688 1789 Dominus
718 1745 829 1786 Iesus
859 1744 1041 1787 Christus
1071 1758 1163 1786 eum
1191 1744 1337 1799 spiritu
1366 1750 1449 1786 tuo.
1481 1744 1624 1787 Gratia
1653 1745 1877 1788 vobiscum.
1907 1746 2051 1788 Amen.

455 1851 486 1893 4,
512 1852 551 1885 11
578 1850 655 1885 aCol
680 1850 711 1891 4,
737 1850 789 1884 14„
816 1870 857 1874 —
881 1850 923 1884 19
947 1850 1038 1894 bSup
1064 1851 1094 1889 1,
1120 1848 1172 1884 162
