2356 3760
95 1546 112 1563 a
134 1539 215 1570 plaga

107 1575 206 1599 mortis

72 1610 152 1639 prim<
159 1610 240 1639 meni-

103 1647 208 1675 turum,

266 163 343 216 618
1148 160 1293 195 LIBER
1892 163 1944 203 11,
1972 162 2111 201 16-—1-8,
2138 163 2178 195 19

271 257 301 279 ¹⁶
319 255 360 297 Si
387 255 494 296 enini
525 255 700 297 rusticus
728 255 817 308 quis
848 262 947 296 orat.
980 263 1053 294 aut
1083 261 1236 309 pastor,
1315 261 1388 296 aut
1412 255 1498 309 agri
1527 256 1715 297 laborum
1741 255 1949 308 operarius
1974 268 2178 309 1113100011-

530 318 653 368 patus
683 318 799 359 esset,
891 313 1182 364 ineffugibilem
1212 314 1445 356 sustinebat
1472 315 1771 357 necessitatem.

268 374 300 397 1⁷
325 373 414 414 Una
445 373 552 414 enini
587 378 732 413 eatena
766 373 1025 412 tenebrarum
1069 386 1208 414 omnes
1248 377 1365 414 erant
1398 372 1586 426 colligati.
1673 373 1767 415 Sive
1800 371 1966 426 spiritus
1998 372 2176 414 sibilans.

530 438 599 472 aut
631 431 736 471 inter
764 431 912 483 spissos
942 431 1131 472 arborum
1162 444 1296 472 ramos
1326 431 1465 472 avium
1494 444 1616 473 sonus
1646 432 1795 481 suavis,

318 496 391 532 aut
406 491 465 531 vis
479 503 595 543 aquae
608 489 857 530 decurrentis
871 488 1054 533 nimium.
1123 491 1157 514 ¹⁸
1178 495 1250 531 aut
1271 503 1393 531 sonus
1409 489 1569 532 validus
1588 491 1936 544 praecipitatarum
1955 495 2176 544 petrarum,

320 555 391 590 aut
406 548 634 590 ludentium
658 548 895 589 animalium
910 561 1048 589 cursus
1072 549 1238 592 invisus,
1306 554 1380 590 aut
1401 549 1672 601 mugientium
1692 548 1831 591 valida
1846 549 2069 591 bestiarum
2083 563 2177 593 vox,

319 613 390 648 aut
414 621 606 649 resonans
619 608 668 648 de
683 607 1111 649 altissimismontibus
1123 607 1256 649 Eeho:
1326 607 1559 650 deficientes
1576 609 1783 650 faciebant
1805 607 1892 650 illos
1914 621 1997 661 prae
2019 608 2177 650 timore.

271 669 301 691 ¹⁹
318 666 460 707 Omnis
491 666 597 707 enim
628 666 734 707 orbis
765 671 963 707 terrarum
993 665 1162 720 limpido
1202 665 1513 708 illuminabatur
1542 667 1707 717 lumine,
1792 672 1834 708 et
1861 680 1944 708 non
1972 666 2179 721 impeditis

529 725 717 779 operibus
747 725 1047 767 continebatur.

266 786 303 809 '²⁰
317 783 419 826 Solis
447 790 586 827 autem
614 784 689 825 illis
716 784 970 838 superposita
1000 789 1088 825 erat
1112 784 1248 838 gravis
1284 798 1379 831 nox,
1460 785 1595 839 imago
1622 786 1895 833 tenebrarum,
1926 798 2016 838 quae
2042 797 2180 838 super-

531 848 700 884 ventura
732 842 806 884 illis
836 848 934 885 erat.
1021 843 1103 897 Ipsi
1132 856 1225 897 ergo
1254 843 1331 885 sibi
1359 848 1477 885 erant
1503 844 1708 898 graviores
1737 843 1926 886 tenebris.

266 902 330 946 18.
386 905 398 926 1
420 902 581 944 Sanctis
606 908 766 943 aautem
788 902 869 943 tuis
890 902 1073 943 maxima
1093 907 1180 943 erat
1200 901 1283 946 lux.
1360 908 1402 944 et
1422 902 1568 944 horum
1590 903 1755 957 quidem
1777 916 1919 946 vocem
1941 902 2177 947 audiebant.

526 961 597 1003 sed
627 960 798 1014 figuram
828 975 910 1002 non
941 961 1150 1002 videbant.
1236 961 1292 1002 Et
1323 962 1417 1015 quia
1448 975 1529 1004 non
1560 967 1601 1003 et
1631 962 1708 1016 ipsi
1737 963 1880 1004 eadem
1910 961 2019 1015 passi
2047 966 2177 1004 erant.

527 1020 851 1074 magnificabant
879 1024 938 1061 te:

285 1082 358 1120 201
396 1079 465 1133 qui
500 1084 596 1120 ante
634 1078 716 1120 laesi
757 1084 885 1127 erant,
929 1080 1025 1133 quia
1057 1093 1139 1121 non
1175 1079 1442 1125 laedebantur,
1479 1080 1632 1133 gratias
1666 1081 1861 1132 agebant:
1931 1085 1971 1120 et
2001 1085 2046 1121 ut
2075 1086 2178 1121 esset

527 1137 770 1181 differentia.
803 1138 957 1179 donum
986 1138 1198 1192 petebant.

284 1199 300 1222 3
322 1198 514 1251 bPropter
544 1197 653 1251 quod
687 1197 789 1251 ignis
819 1198 1031 1238 ardentem
1066 1197 1298 1239 columnam
1333 1198 1478 1239 ducem
1512 1198 1747 1239 habuerunt
1780 1199 1929 1251 ignotae
1963 1198 2050 1246 Viae,
2139 1206 2179 1238 et

526 1256 651 1297 solem
681 1256 766 1297 sine
794 1255 939 1297 laesura
968 1256 1064 1297 boni
1094 1256 1260 1310 hospitii
1289 1257 1528 1310 praestitisti.

284 1314 440 1369 ⁴Digni
469 1315 635 1369 quidem
669 1315 723 1356 1111
764 1328 898 1356 carere
926 1315 1026 1361 luce,
1073 1321 1113 1356 et
1155 1315 1244 1369 pati
1283 1328 1484 1357 carcerem
1529 1317 1804 1365 tenebrarum,
1889 1316 1959 1370 qui
2004 1315 2179 1358 inclusos

527 1375 817 1416 custodiebant
840 1374 941 1415 filios
966 1379 1070 1420 tuos,
1148 1388 1221 1428 per
1244 1388 1345 1429 (lues
1371 1374 1595 1428 incipiebat
1617 1375 1900 1429 incorruptiun
1923 1375 2020 1428 legis
2042 1374 2178 1415 lumen

527 1433 673 1475 saeculo
704 1433 802 1474 dari.

283 1541 298 1563 ⁵
323 1539 441 1579 cCum
467 1538 694 1592 cogitarent
719 1539 920 1579 iustorum
947 1539 1127 1580 occidere
1152 1539 1349 1580 infantes:
1430 1546 1471 1581 et
1496 1554 1577 1581 uno
1596 1539 1781 1594 exposito
1808 1539 1901 1587 filio,
1925 1545 1966 1581 et
1990 1540 2176 1586 liberato,

315 1598 356 1639 in
386 1597 688 1639 traductionem
718 1596 890 1645 illorum,
922 1597 1231 1639 multitudinem
1265 1597 1439 1640 filiorum
1481 1598 1699 1643 abstulisti.
1795 1605 1834 1640 et
1877 1599 2052 1653 dpariter
2090 1599 2178 1642 illos

525 1656 737 1711 perdidisti
767 1656 807 1697 in
838 1669 947 1710 aqua
975 1656 1124 1698 valida.

283 1718 300 1740 ‘³
318 1715 393 1757 Dla
421 1716 527 1757 enim
567 1729 649 1757 nox
679 1720 775 1757 ante
813 1715 977 1769 cognita
1018 1721 1079 1756 est
1109 1729 1132 1756 a
1160 1715 1348 1770 patribus
1375 1716 1536 1763 nostris,
1621 1722 1667 1758 ut
1697 1730 1790 1758 vere
1822 1717 1994 1758 scientes
2029 1718 2177 1772 quibus

524 1775 762 1816 iuramentis
793 1774 1064 1823 erediderunt,
1096 1774 1405 1829 animaequiores
1434 1780 1579 1817 essent.

286 1836 300 1858 ⁷
318 1835 516 1888 Suseepta
540 1840 600 1875 est
623 1840 761 1875 autem
780 1847 805 1874 a
826 1833 976 1888 populo
1003 1839 1075 1875 tuo
1154 1834 1308 1875 sanitas
1335 1834 1499 1888 quidem
1524 1835 1738 1880 iustorum,
1765 1835 2012 1877 iniustorum
2037 1841 2177 1877 autem

526 1893 826 1935 exterminatio.

282 1952 430 1994 ⁸Sicut
458 1952 564 1993 enim
596 1952 733 1994 laesisti
763 1951 1035 1993 adversarios:
1120 1952 1175 1993 310
1205 1957 1247 1994 et
1275 1966 1348 1994 nos
1378 1965 1606 2006 provocans
1636 1953 1920 2007 magnificasti.

282 2013 298 2037 ⁹
313 2011 521 2053 Absconse
539 2011 644 2053 enim
668 2011 955 2052 sacrificabant.
974 2011 1071 2052 iusti
1091 2010 1205 2065 pueri
1226 2011 1439 2060 bonorum,
1498 2017 1540 2053 et
1559 2011 1726 2052 iustitiae
1745 2011 1873 2065 legem
1894 2012 1936 2053 in
1961 2012 2179 2054 concordia.

524 2071 832 2124 disposuerunt:

314 2129 498 2171 similiter
522 2135 564 2171 et
597 2130 706 2171 bona
731 2135 770 2169 et
796 2129 905 2170 mala
929 2134 1163 2183 recepturos
1186 2129 1327 2173 iustos,
1415 2136 1582 2183 patrum
1616 2130 1698 2170 iam
1721 2130 1989 2172 decantantes
2021 2129 2175 2173 laudes,-

262 2192 298 2213 10
317 2189 554 2230 Resonabat
608 2194 746 2229 autem
794 2188 1084 2230 inconveniens
1141 2187 1398 2229 inimicorum
1462 2202 1555 2234 vox,
1654 2194 1696 2230 et
1742 2188 1885 2230 flebilis
1933 2190 2179 2231 audiebatur

523 2248 713 2302 planetus
742 2246 996 2301 ploratorum
1025 2246 1258 2288 infantium.

262 2310 293 2332 11
319 2307 465 2349 eSimili
491 2313 630 2348 autem
657 2320 781 2360 poena
812 2319 951 2347 servus
978 2319 1070 2347 011111
1097 2306 1262 2347 (101111110
1290 2305 1467 2347 afflictus
1493 2311 1566 2351 est.
1648 2312 1689 2348 et
1714 2306 1921 2360 popularis
1946 2308 2070 2350 1101110
2094 2308 2177 2361 regi

524 2365 669 2407 similia
699 2379 854 2420 passus.
2162 2417 2166 2419 Β

262 2429 294 2451 ¹³
314 2425 507 2467 Similiter
539 2438 631 2479 ergo
665 2438 805 2466 omnes
838 2438 919 2465 uno
962 2424 1125 2466 nomine
1158 2424 1301 2466 mortis
1386 2429 1570 2466 mortuos
1603 2424 1814 2466 habebant
1847 2424 2175 2467 innumerabiles.

315 2485 399 2526 Nec
420 2484 526 2526 enim
552 2485 603 2526 ad
626 2483 903 2538 sepeliendum
925 2483 1010 2524 vivi
1035 2483 1313 2524 sufficiebant:
1399 2483 1593 2537 quoniam
1623 2497 1704 2525 uno
1728 2489 1951 2529 momento.
1980 2497 2070 2538 quae
2090 2489 2177 2525 erat

523 2543 753 2597 przeclarior
781 2543 894 2584 natio
924 2542 1097 2587 illorum,
1129 2542 1405 2584 exterminata
1433 2548 1506 2584 est.

262 2606 294 2629 13
314 2604 375 2645 De
408 2603 596 2644 omnibus
627 2602 734 2643 enim
765 2616 847 2643 11011
879 2602 1087 2642 credentes
1126 2607 1295 2655 propter
1325 2601 1532 2650 veneficia,
1618 2606 1718 2643 111110
1748 2615 1843 2643 vero
1874 2601 2052 2656 primum
2084 2615 2175 2643 011111

524 2661 602 2703 fuit
640 2660 928 2702 exterminium
965 2660 1342 2715 primogenitorum,
1381 2661 1691 2714 spoponderunt
1727 2660 1927 2715 populum
1964 2660 2042 2702 Dei
2078 2673 2175 2702 esse.

263 2725 293 2747 1⁴
315 2722 416 2764 Cum
442 2721 549 2762 enim
577 2721 761 2774 quietum
789 2719 994 2761 silentium
1021 2720 1247 2761 contineret
1283 2719 1430 2762 omnia.
1512 2725 1552 2761 et
1578 2733 1661 2761 nox
1686 2720 1726 2760 in
1753 2733 1824 2761 suo
1851 2732 1969 2760 cursu
1996 2719 2174 2761 medium

525 2781 603 2822 iter
630 2780 812 2824 haberet.

264 2842 295 2864 ¹⁵
313 2840 572 2894 omnipotens
591 2852 721 2881 sermo
744 2844 839 2879 tuus
858 2839 907 2879 de.
927 2837 1021 2879 caelo
1041 2852 1065 2878 a
1082 2837 1283 2891 regalibus
1302 2837 1477 2881 sedibus.
1552 2838 1676 2878 durus
1696 2837 1922 2879 debellator
1938 2838 1980 2878 in
1997 2837 2174 2879 mediam

526 2897 757 2939 exterminii
787 2904 937 2938 terram
966 2896 1179 2950 prosilivit,

265 2960 299 2982 ¹⁶
316 2958 473 3012 gladius
500 2962 645 2999 acutus
671 2956 953 2998 insimulatum
987 2955 1202 3009 imperium
1229 2962 1347 2997 tuum
1373 2961 1555 3009 portans.
1636 2961 1676 2996 et
1703 2962 1815 2996 stans
1841 2954 2013 3008 replevit
2040 2955 2177 2997 omnia

524 3022 668 3065 morte,
752 3021 794 3057 et
822 3029 950 3069 usque
980 3015 1032 3056 ad
1062 3014 1203 3056 caelum
1234 3015 1468 3068 attingebat
1497 3020 1609 3056 stans
1639 3014 1681 3055 in
1711 3020 1829 3056 terra.

266 3076 298 3099 ¹⁷
318 3076 431 3116 Tune
454 3076 647 3117 continuo
673 3075 782 3116 visus
806 3074 1055 3115 somniorum
1086 3073 1286 3115 malorum
1311 3074 1584 3115 turbaverunt
1607 3073 1706 3116 illos.
1786 3079 1826 3114 et
1850 3072 2015 3114 timores
2039 3086 2175 3126 super-

527 3140 727 3175 venerunt
757 3133 963 3187 insperati.

266 3195 300 3217 ¹⁸
318 3193 374 3234 Et
398 3193 498 3234 alius
523 3194 617 3234 alibi
648 3193 851 3247 proiectus
876 3192 1109 3239 semivivus,
1188 3198 1356 3245 propter
1380 3205 1503 3245 quain
1528 3191 1791 3235 moriebatur,
1819 3204 1982 3232 causam
2009 3190 2175 3231 demon-

527 3253 685 3293 strabat
716 3252 870 3293 mortis.

266 3313 301 3335 19
319 3311 500 3353 Visiones
522 3311 640 3356 0111111,
666 3324 755 3364 quae
776 3310 862 3352 illos
885 3310 1170 3357 turbaverunt,
1195 3310 1279 3350 haee
1300 3309 1622 3362 pueinonebant.
1698 3322 1748 3350 ne.
1770 3307 1894 3353 inscii.
1920 3321 2045 3361 quare
2065 3307 2172 3348 mala

526 3369 802 3423 patiebantur.
836 3369 1023 3422 perirent.

360 3443 382 3445 *⁷
399 3468 451 3509 18,
477 3441 494 3501 1
517 3442 589 3501 affi-
616 3468 666 3507 10,
693 3469 743 3501 222.
787 3489 812 3491 Ὺ
838 3469 857 3500 :5
878 3468 950 3501 *anx
972 3469 1024 3508 14,
1045 3468 1102 3501 24:
1126 3468 1169 3500 rs
1191 3467 1242 3503 ῖῖ,
1268 3468 1320 3505 14:
1344 3467 1418 3508 104,
1438 3467 1490 3502 ee.
1518 3488 1559 3492 »ἢ
1584 3468 1603 3500 25
1628 3467 1697 3501 cEx
1718 3468 1748 3506 1,
1770 3466 1827 3507 10;
1849 3466 1880 3505 2,
1901 3466 1932 3500 3.
1962 3486 2000 3489 a
2024 3465 2099 3498 ‹OEx
2121 3465 2174 3503 14,

263 3515 316 3550 27.
343 3535 385 3540 —
410 3517 450 3550 11
479 3516 551 3550 eEx
576 3516 628 3555 12,
654 3515 705 3549 29.
