2356 3760
91 222 270 248 liolocausta

97 258 261 283 offeruntur

116 295 143 318 et
167 294 241 318 festa

77 329 270 354 celebrantur.

96 784 261 809 :Ediflcatio

77 822 266 850 praeparatur,

75 924 269 949 fundamenta

99 959 254 985 iaciuntur.

144 1209 207 1233 aliis

92 1245 261 1269 iaetantibus

143 1280 206 1305 aliis

102 1316 248 1346 flentibus,

98 1582 251 1607 ‘edificatio

100 1625 190 1649 usque
212 1618 249 1642 ad

114 1653 235 1678 DarIum

105 1696 119 1713 a
143 1689 242 1713 Sama-

122 1725 225 1749 ritanis

89 1760 257 1792 impeditur.

131 2149 227 2178 &gg-ceo

70 2188 97 2208 e?
122 2183 260 2207 Zacharia

81 2219 144 2244 exin
152 2218 263 2243 ›stanti-

147 2254 200 2278 bus

96 2290 250 2320 repetitur:
280 2292 292 2308 ²1

72 2337 129 2361 :lux
143 2336 266 2367 regionis

96 2373 170 2396 ham·
192 2379 252 2396 19111

85 2407 121 2431 :ui
140 2407 262 2432 Darium

127 2443 221 2468 refert.

96 2570 251 2600 epistolam

87 2608 259 2636 sequentem

102 2641 242 2668 scribens:

290 67 390 108 1214
1123 64 1270 99 LIBER
1295 64 1358 98 III.
1954 68 1986 104 5,
2012 68 2132 108 47-6,
2158 70 2200 104 20

487 157 520 194 5.
548 157 791 195 Exstructio
820 157 972 193 aitaris
999 157 1366 201 holocaustorum,
1392 156 1426 203 5,
1444 155 1586 193 47-53
1614 156 1682 202 (cf.
1711 157 1788 193 Esr
1814 158 1848 204 3,
1874 159 1998 206 1—6).

375 220 402 237 ⁴⁷
428 218 585 251 Instante
607 221 724 250 autern
747 215 894 260 septimo
916 226 1043 255 mense,
1067 226 1214 260 cumque
1237 218 1350 250 essent
1372 216 1431 249 filii
1455 214 1559 249 Israel
1582 215 1817 260 unusquisque
1838 216 1874 250 in
1895 217 1964 251 suis
1985 219 2104 260 rebus,
2121 230 2199 253 con-

287 268 455 298 venerunt
471 263 648 298 unanimes
665 263 698 296 111
714 262 852 299 atrium,
869 262 961 307 quod
978 266 1051 296 erat
1067 266 1147 297 ante
1162 263 1302 296 ianuam
1319 263 1540 297 Orientalem.
1580 264 1608 282 ⁴⁸
1624 262 1671 296 Et
1685 265 1817 298 stantes
1835 263 1929 298 Iesus
1944 265 2032 299 filius
2050 265 2198 302 Iosedec.

286 316 320 345 et
342 313 464 345 fratres
486 312 556 345 eius
578 310 782 349 sacerdotes,
805 313 839 343 et
862 309 1050 343 Zorobabel
1072 310 1159 343 filius
1181 310 1357 349 Salathiel,
1379 314 1414 344 et
1435 310 1535 344 huius
1557 310 1691 350 iratres,
1713 314 1925 354 paraverunt
1946 312 2065 352 altare,
2110 315 2139 333 ⁴⁹
2160 319 2199 347 ut

286 360 448 392 offerrent
465 370 566 402 super
584 357 666 391 illud
684 356 978 397 holocautomata,
997 357 1186 390 secundum
1205 367 1280 401 quae
1298 357 1333 391 in
1350 357 1436 391 libro
1454 356 1565 400 Moysi
1581 356 1729 390 hominis
1747 357 1811 391 Dei
1828 358 1957 402 scripta
1973 362 2064 394 sunt.
2107 362 2136 381 ⁵⁰
2153 360 2199 394 Et

284 409 520 440 convenerunt
540 405 586 438 ibi
607 414 649 437 ex
670 403 742 437 aliis
763 403 962 437 nationibus
984 406 1092 443 terrae,
1115 407 1150 437 et
1170 407 1353 438 erexerunt
1371 404 1558 438 sacrarium
1579 403 1614 437 in
1634 403 1708 437 loco
1729 415 1789 438 suo
1811 415 1928 439 01111193
1949 409 2068 450 gentes
2088 409 2197 447 terrae,

282 457 317 487 et
341 453 531 487 offerebant
555 451 696 490 hostias,
720 454 755 484 et
777 451 1062 484 holocautomata
1084 450 1234 484 Domino
1258 451 1442 485 matutina.
1491 452 1516 470 ⁵¹
1540 451 1588 485 Et
1610 454 1753 495 egerunt
1775 453 2026 497 scenopegiam,
2050 456 2085 487 et
2107 453 2197 488 diem

282 500 479 539 solemnem,
505 499 594 532 sicut
619 501 828 542 praecept-um
855 502 906 531 est
930 498 964 531 111
988 497 1074 542 lege:
1102 502 1137 532 et
1160 498 1325 532 sacrificia
1350 498 1516 542 quotidie,
1553 498 1643 532 sicut
1667 498 1865 542 oportebat:
1915 501 1941 519 ⁵²
1965 502 2000 534 et
2024 502 2103 545 post
2126 501 2199 535 haec

283 547 473 580 oblationes
501 546 691 584 institutas,
720 549 755 579 et
782 545 911 578 hostias
939 545 1201 586 sabbathorum,
1230 549 1265 579 et
1292 545 1561 586 neomeniarum,
1589 547 1624 579 et
1651 545 1783 579 dierum
1811 546 2015 581 solemnium
2043 547 2198 582 omnium

282 594 587 627 sanctificatorum.
633 594 659 612 ⁵³
680 592 727 626 Et
748 595 923 636 quotquot
943 592 1120 626 vovebant
1141 592 1290 626 Domino
1311 603 1332 626 a
1351 592 1532 626 neomenia
1551 592 1689 636 septimi
1709 593 1846 633 mensis,
1869 597 2048 639 coeperunt
2068 595 2199 629 hostias

283 641 402 675 offerre
429 641 514 675 Deo,
542 644 575 674 et
602 639 771 683 templum
798 638 938 673 Domini
964 640 1119 673 nondum
1146 642 1220 674 erat
1245 639 1465 674 aedificatum.

301 721 336 756 6.
364 720 604 757 AEdiiicatio
631 719 778 765 templi
807 718 882 756 Dei
910 719 1137 755 inchoatur
1163 719 1206 755 et
1232 719 1475 766 impeditur,
1502 718 1536 765 5,
1563 718 1704 756 54-73
1739 720 1806 766 (cf.
1835 720 1912 757 Esr
1937 721 1973 767 3,
1991 721 2099 767 7—4,
2118 721 2172 768 5).

373 781 399 800 ⁵⁴
417 779 465 813 Et
482 779 651 813 dederunt
670 778 850 823 pecuniam
869 778 1043 822 lapidariis
1062 781 1097 812 et
1113 778 1230 819 fabris,
1250 781 1285 813 et
1302 782 1425 824 potum
1443 781 1479 813 et
1496 779 1625 823 pabula
1642 790 1720 813 cum
1738 780 1874 824 gaudio.
1917 782 1943 800 ⁵⁵
1962 780 2009 815 Et
2026 780 2197 815 dederunt

284 838 380 861 carra
403 826 568 865 Sidoniis,
595 828 630 860 et
654 825 782 869 Tyriis,
808 829 848 859 ut
872 826 1135 860 transveherent
1159 826 1222 860 illis
1247 826 1289 859 de
1314 826 1445 861 Libano
1471 826 1585 860 trabes
1611 826 1764 860 cedrinas
1779 854 1787 868 ,
1812 830 1847 862 et
1870 828 2024 862 iacerent
2048 831 2138 862 rates
2164 828 2199 862 in

283 874 389 919 Ioppe
415 877 528 918 portu,
554 873 743 907 secundum
768 872 946 907 decretum
971 873 1064 917 quod
1089 873 1256 918 scriptum
1281 877 1356 908 erat
1379 874 1425 907 913
1450 885 1471 907 11
1495 873 1583 917 Cyro
1607 885 1683 919 rege
1709 875 1900 910 Persarum.

395 923 424 940 ⁵⁰
449 921 496 955 Et
521 920 556 954 in
581 920 730 954 secundo
757 931 847 954 anno
874 920 1050 954 venientes
1075 920 1111 954 in
1136 921 1305 965 templum
1332 920 1395 954 Dei
1420 921 1455 955 in
1482 921 1678 962 Ierusalem,
1705 932 1820 955 11191139
1846 922 1996 956 3901111110
2022 922 2199 957 inchoavit

285 968 473 1002 Zorobabel
496 967 584 1001 filius
608 966 783 1007 Sahzthiel,
808 970 843 1001 et
867 967 965 1001 Iosue
989 967 1077 1001 filius
1102 968 1251 1007 losedec,
1276 970 1311 1002 et
1332 968 1455 1002 iratres
1478 968 1642 1012 ipsorum,
1666 972 1702 1002 et
1723 968 1917 1003 sacerdotes
1941 972 1976 1003 et
1998 969 2139 1009 Levitae,
2163 976 2198 1004 et

282 1026 399 1049 omnes
417 1015 475 1059 qui
492 1018 659 1048 venerant
676 1014 717 1048 de
734 1014 940 1059 captivitate
956 1015 991 1048 in
1009 1015 1209 1049 Ierusalem:
1251 1017 1278 1035 ⁵⁷
1295 1018 1330 1049 et
1346 1015 1583 1049 fundaverunt
1599 1016 1768 1060 templum
1785 1016 1849 1050 Dei
1864 1016 2041 1050 novilunio
2057 1016 2198 1050 secundi

282 1063 406 1096 mensis
429 1062 569 1096 secundi
593 1062 673 1095 a1mi
697 1072 774 1095 cum
798 1062 973 1095 venissent
995 1062 1029 1095 in
1053 1062 1207 1096 Iudaeam
1230 1065 1264 1096 et
1287 1062 1482 1097 Ierusalem.
1530 1064 1558 1082 ⁵⁸
1581 1062 1628 1096 Et
1649 1066 1849 1097 statuerunt
1872 1063 2011 1098 Levitas
2034 1075 2055 1098 a
2076 1064 2197 1108 viginti

281 1110 389 1149 annis,
412 1120 515 1154 super
536 1120 639 1153 opera
660 1109 815 1142 Domini:
839 1112 874 1143 et
895 1109 994 1143 stetit
1017 1109 1110 1143 Iesus
1133 1112 1166 1143 et
1189 1109 1276 1143 filius
1299 1110 1380 1150 91113,
1403 1112 1438 1144 et
1459 1110 1582 1144 fratres
1604 1121 1721 1144 omnes
1744 1110 1873 1144 Levitae
1895 1111 2141 1155 conspirantes,
2164 1117 2197 1145 et

281 1161 479 1191 executores
505 1157 598 1201 legis,
625 1156 789 1190 facientes
816 1167 920 1200 opera
944 1156 980 1190 in
1005 1156 1108 1190 domo
1134 1157 1284 1191 Domini.

371 1206 400 1224 ⁵⁹
419 1204 465 1238 Et
482 1206 654 1238 steterunt
672 1203 865 1237 sacerdotes
883 1203 1050 1238 habentes
1068 1204 1174 1238 stolas
1193 1215 1271 1238 011111
1288 1205 1396 1238 tubis:
1417 1207 1452 1238 et
1469 1204 1598 1239 Levita}
1616 1204 1675 1238 filii
1693 1205 1822 1249 Δ13111111,
1840 1204 2007 1239 habentes
2026 1205 2196 1249 cymbala.

285 1254 314 1272 ⁰⁰
329 1251 563 1286 collaudantes
579 1251 778 1291 Dominum,
795 1253 830 1285 et
842 1251 1083 1285 benedicentes
1098 1251 1288 1285 secundum
1302 1251 1417 1285 David
1431 1262 1545 1296 regem
1561 1252 1674 1287 Israel.
1716 1254 1741 1272 ⁶¹
1757 1252 1804 1286 Et
1818 1252 2010 1286 cantabant
2024 1252 2197 1287 canticum

282 1299 442 1340 Domino,
469 1299 633 1343 quoniam
659 1298 803 1332 dulcedo
828 1298 910 1339 eius,
936 1301 972 1333 et
995 1299 1105 1332 honor
1128 1299 1163 1332 in
1188 1299 1312 1333 saecula
1336 1310 1438 1343 super
1462 1310 1599 1332 omnem
1626 1299 1739 1334 Israel.
1792 1301 1818 1319 ⁶2
1843 1299 1891 1333 Et
1915 1300 2024 1333 omnis
2050 1299 2196 1344 populus

281 1346 368 1380 tuba
393 1346 600 1386 cecinerunt,
627 1349 662 1380 et
688 1345 990 1390 proclamaverunt
1016 1357 1099 1380 voce
1124 1357 1261 1391 magna,
1289 1346 1524 1380 collaudantes
1551 1346 1740 1380 Dominum
1765 1347 1800 1380 in
1825 1346 2048 1381 suscitatione
2074 1346 2197 1380 domus

280 1393 430 1427 Domini.
478 1395 505 1414 ⁶²
526 1393 573 1427 Et
593 1396 762 1427 venerunt
783 1403 825 1426 ex
845 1393 1081 1427 sacerdotibus
1102 1395 1137 1427 et
1158 1393 1298 1433 Levitis,
1320 1396 1354 1427 et
1375 1393 1638 1437 praesidentibus
1658 1393 1848 1428 secundum
1869 1405 1974 1438 pagos
1995 1394 2195 1430 senion'bus.

281 1441 339 1484 qui
364 1441 524 1475 viderant
549 1440 730 1484 pristinam
755 1440 912 1473 domum:
965 1442 991 1459 ⁶⁴
1016 1443 1051 1474 et
1075 1440 1119 1474 ad
1143 1440 1244 1474 huius
1269 1440 1533 1474 aedificationem
1558 1452 1636 1474 curn
1661 1441 1808 1475 clamore
1833 1444 1868 1475 et
1892 1441 2034 1486 planctu
2058 1452 2195 1486 magno,

280 1493 315 1522 et
330 1488 432 1522 multi
450 1498 526 1521 cum
544 1487 637 1521 tubis
654 1490 689 1521 et
705 1487 830 1531 gaudio
847 1497 987 1531 ina-gno:
1032 1488 1058 1506 ⁶⁵
1074 1487 1109 1520 in
1126 1490 1266 1521 tantum
1283 1490 1323 1521 ut
1339 1488 1486 1531 populus
1503 1498 1572 1521 non
1589 1487 1725 1522 audiret
1740 1488 1843 1522 tubas
1861 1490 2002 1533 propter
2018 1488 2196 1533 planctum

280 1535 407 1579 populi.
434 1535 549 1568 Turba
572 1534 662 1567 enim
686 1537 761 1568 erat
782 1534 875 1568 tubis
900 1544 1024 1568 canens
1047 1534 1238 1579 magnifice,
1262 1534 1313 1568 ita
1335 1538 1375 1568 ut
1398 1535 1496 1579 longe
1519 1534 1706 1569 audiretur.

372 1583 401 1602 ⁶⁶
418 1582 466 1616 Et
483 1581 668 1615 audierimt
685 1581 813 1615 inimici
831 1581 941 1615 tribus
962 1581 1067 1622 Iudae,
1094 1584 1128 1615 et
1146 1581 1339 1621 Beniamin,
1368 1584 1403 1615 et
1420 1584 1591 1616 venerunt
1614 1582 1698 1616 scire
1717 1592 1793 1627 quae
1819 1584 1908 1616 esset
1925 1592 1995 1616 vox
2019 1582 2194 1616 tubarum.

284 1631 310 1648 ⁶⁷
322 1629 369 1663 Et
388 1632 624 1673 cognoverunt
644 1629 808 1673 quoniam
829 1628 889 1672 qui
905 1631 1004 1662 erant
1025 1639 1067 1662 ex
1086 1628 1303 1673 captivitate,
1323 1629 1497 1663 aedificant
1514 1629 1684 1674 templum
1699 1629 1848 1663 Domino
1869 1629 1942 1663 Deo
1962 1629 2076 1664 Israel.
2106 1631 2135 1649 ⁶⁸
2149 1629 2197 1663 Et

281 1676 481 1710 accedentes
499 1676 543 1710 ad
562 1675 750 1709 Zorobabel
767 1681 801 1709 et
821 1676 944 1715 Iesum,
964 1676 1164 1720 praepositos
1183 1687 1360 1721 pagorum,
1380 1676 1542 1710 dixerunt
1559 1677 1616 1717 eis,
1634 1676 1895 1710 AEdifieabimus
1913 1687 1983 1710 una
2000 1676 2194 1711 vobiscum:

284 1725 312 1743 ⁵⁸
338 1724 501 1757 Similiter
527 1723 616 1757 9111111
643 1723 839 1757 audivimus
866 1723 1055 1756 Dominum
1082 1726 1246 1760 vestrum.
1274 1726 1309 1757 et
1333 1723 1398 1768 ipsi
1423 1724 1552 1768 pariter
1576 1724 1765 1758 incedimus
1791 1736 1812 1758 a
1837 1723 1957 1757 diebus
1983 1723 2196 1758 Asbazareth

281 1772 366 1815 regis
390 1771 619 1814 Assyriorum.
646 1770 705 1814 qui
729 1770 989 1815 transmigravit
1013 1781 1074 1804 nos
1098 1770 1175 1805 huc.
1226 1772 1256 1791 ⁷⁰
1280 1770 1327 1805 Et
1351 1770 1440 1804 dixit
1463 1771 1527 1804 illis
1553 1770 1752 1812 Zorobabel,
1778 1774 1813 1805 et
1838 1771 1943 1811 Iesus,
1968 1773 2003 1804 et
2027 1771 2195 1815 principes

280 1829 445 1863 pagorum
465 1818 578 1852 Israel.
621 1820 646 1837 ⁷¹
664 1818 743 1851 Non
759 1821 811 1851 est
826 1817 924 1851 nobis
941 1820 976 1852 et
992 1817 1089 1851 vobis
1106 1817 1274 1852 aedificare
1290 1818 1433 1852 domum
1449 1818 1513 1852 Dei
1528 1818 1647 1853 nostri.
1687 1829 1748 1852 nos
1765 1818 1855 1852 enim
1871 1818 1934 1852 soli
1948 1818 2195 1852 aedjficabimus

279 1865 427 1899 Domino
456 1865 560 1899 Israel
586 1865 775 1899 secundum
801 1876 842 1899 ea
867 1875 942 1909 quae
970 1865 1132 1909 praecepit
1157 1865 1255 1899 nobis
1282 1865 1389 1909 Cyrus
1416 1876 1475 1899 rex
1502 1865 1693 1900 Persarum.
1746 1867 1774 1885 ⁷2
1800 1866 1926 1899 Gentes
1953 1868 2071 1899 autem
2097 1870 2194 1899 terrae

278 1913 516 1946 incumbentes
533 1913 584 1946 his
602 1912 661 1957 qui
677 1916 758 1946 sunt
775 1913 809 1946 in
828 1912 955 1952 Iudaea,
974 1916 1007 1946 et
1024 1913 1178 1946 levantes
1196 1923 1281 1957 opus
1298 1912 1534 1947 aedificationis
1552 1916 1587 1947 et
1601 1912 1753 1953 insidias,
1771 1916 1807 1947 et
1823 1912 1967 1957 populos
1985 1912 2194 1946 adducentes

280 1960 510 2004 prohibebant
527 1971 583 1994 eos
602 1959 780 1994 aedificarc.
825 1961 852 1979 ⁷³
870 1963 905 1993 et
924 1970 1139 2004 aggressuras
1158 1963 1354 1994 exercentes
1373 1959 1616 2004 impedierunt,
1635 1971 1677 1993 119
1696 1962 1995 1994 consummaretur
2012 1959 2194 1993 aedificiuln

278 2007 371 2040 0111111
393 2010 547 2051 tempore
569 2008 650 2041 yitae
672 2007 750 2050 Cyri
772 2007 868 2051 regis,
892 2009 927 2041 et
948 2009 1194 2051 protraxerunt
1215 2010 1426 2041 structuram
1448 2018 1508 2052 per
1528 2007 1705 2041 biermium
1728 2018 1835 2052 usque
1857 2007 1901 2041 ad
1923 2007 2019 2041 Darii
2040 2017 2193 2051 regnum.

348 2088 382 2123 7.
410 2087 650 2124 AEdificatio
677 2086 824 2132 tempii
851 2088 1059 2132 repetitur
1087 2089 1129 2123 et
1157 2087 1412 2133 absolvitur,
1437 2088 1473 2134 6,
1491 2087 1598 2133 1—-7,
1619 2087 1640 2124 5
1670 2087 1737 2134 (cf.
1765 2087 1842 2123 Esr
1868 2085 1903 2133 5,
1921 2086 2028 2133 1-6,
2045 2086 2123 2133 15).

368 2148 398 2181 6.
448 2149 457 2166 1
486 2147 525 2179 111
553 2145 703 2180 secundo
731 2148 849 2180 autem
877 2157 968 2179 anno
996 2146 1090 2191 regni
1118 2146 1214 2180 Darii
1242 2146 1466 2191 prophetavit-
1493 2146 1649 2190 Aggaeus,
1691 2149 1726 2180 et
1755 2146 1935 2180 Zacharia-s
1963 2146 2051 2180 filius
2079 2147 2195 2181 Addin

281 2194 456 2238 111-0111191319
481 2193 574 2237 apud
601 2193 754 2227 Iudaeam
779 2196 814 2227 et
839 2193 1024 2227 Ierusalem
1048 2194 1083 2227 in
1107 2194 1245 2227 nomine
1270 2193 1334 2227 Dei
1360 2193 1464 2227 Israel
1487 2203 1590 2238 super
1614 2204 1680 2228 eos.
1730 2195 1741 2213 2
1766 2193 1862 2227 Τ11110
1885 2196 1981 2228 stans
2007 2194 2195 2228 Zorobabel

280 2241 367 2275 iilius
383 2240 558 2281 Salathiel,
576 2243 610 2274 et
627 2240 720 2274 Iesus
736 2239 824 2273 filius
842 2240 992 2280 Iosedec,
1007 2241 1260 2275 inchoaverunt
1274 2240 1441 2274 aedificare
1457 2240 1600 2274 domum
1615 2240 1766 2281 Domini,
1783 2251 1859 2284 quae
1875 2240 1927 2274 est
1940 2241 1976 2274 in
1993 2241 2192 2274 Ierusalem:

315 2299 393 2321 cum
416 2288 577 2322 adessent
599 2288 645 2321 eis
669 2287 845 2332 prophetae
868 2287 1019 2328 Domini,
1044 2291 1078 2322 et
1101 2288 1308 2322 adiuvarent
1330 2299 1397 2323 903.

370 2336 410 2369 111
434 2335 507 2380 11130
532 2338 687 2379 tempore
711 2335 808 2369 yenit
831 2335 875 2368 ad
899 2335 973 2369 illos
996 2335 1154 2369 Sisennes
1178 2335 1379 2380 subregulus
1404 2335 1521 2379 Syme,
1546 2337 1581 2369 et
1605 2334 1788 2375 Phoenicis,
1813 2337 1848 2369 et
1871 2335 2135 2376 Satrabuzanes,
2160 2339 2196 2369 et

280 2383 411 2417 sodales
435 2382 517 2417 eius.
564 2384 577 2402 4
599 2385 633 2416 et
657 2382 819 2416 dixerunt
842 2382 899 2423 eis,
925 2382 1000 2425 Quo
1024 2382 1242 2426 praecipiente
1266 2382 1363 2416 vobis
1387 2382 1529 2416 domum
1552 2382 1642 2416 hanc
1664 2381 1852 2422 aedificatis,
1876 2384 1912 2416 et
1934 2384 2066 2416 tectum
2088 2382 2194 2423 istud,

280 2435 314 2463 et
335 2430 402 2463 alia
424 2430 540 2463 omnia
561 2429 742 2474 perficitis?
767 2432 801 2463 et
823 2429 882 2473 qui
903 2432 986 2464 sunt
1006 2432 1192 2464 structores
1215 2430 1274 2474 qui
1294 2430 1367 2463 haec
1387 2429 1579 2464 aedificant?
1627 2431 1639 2448 ⁵
1661 2429 1708 2463 Et
1728 2429 1926 2463 habuerunt
1946 2429 2094 2474 gratiam
2116 2429 2194 2463 visi-

280 2477 411 2510 tatione.
436 2477 528 2510 facta
552 2488 654 2521 super
677 2487 744 2517 eos,
782 2477 840 2520 qui
865 2480 963 2511 erant
986 2488 1028 2510 ex
1052 2477 1258 2521 captivitate
1282 2488 1303 2511 a
1325 2476 1475 2510 Domino
1498 2477 1646 2510 seniores
1672 2476 1877 2511 Iudaeorum.
1927 2478 1940 2496 ⁸
1963 2479 1998 2510 et
2020 2487 2091 2510 non
2113 2480 2194 2510 sunt

280 2524 436 2568 impediti
464 2524 643 2564 aedificare,
673 2524 781 2557 donec
808 2524 1057 2568 significaretur
1084 2524 1190 2558 Dario
1218 2524 1260 2558 de
1288 2523 1447 2558 omnibus
1475 2523 1560 2564 istis,
1590 2526 1625 2558 et
1652 2534 1854 2568 responsum
1882 2523 2103 2568 acciperetur.

393 2573 403 2590 ⁷
429 2571 638 2615 Exemplum
662 2571 832 2615 epistolae,
858 2582 963 2615 quam
987 2571 1155 2605 miserunt
1178 2571 1294 2606 Dario.
1327 2570 1550 2605 SISENNES
1575 2570 1776 2615 subregulus
1800 2570 1927 2614 Syriae,
1952 2573 1987 2605 et
2011 2570 2193 2611 Phoenicis,

280 2622 315 2652 et
333 2618 597 2653 Satrabuzanes.
618 2621 652 2652 et
670 2618 802 2651 sodales
822 2618 892 2652 eius
912 2618 946 2652 in
964 2618 1074 2661 Syria,
1094 2622 1129 2652 et
1149 2618 1310 2652 Phoenice
1329 2618 1499 2663 praesides,
1520 2618 1589 2662 regi
1607 2618 1712 2652 Dario
1731 2618 1890 2652 salutem.
1935 2619 1947 2637 Β
1967 2617 2093 2652 Omnia
2110 2620 2194 2651 nota

280 2666 349 2699 sint-
364 2665 503 2699 domino
519 2666 598 2710 regi,
616 2665 709 2709 quod
725 2676 802 2699 cum
819 2665 1029 2699 venissemus
1046 2666 1079 2698 in
1095 2666 1266 2710 regionem
1284 2665 1418 2705 Iudaeae,
1435 2668 1470 2699 et
1485 2665 1720 2699 introissemus
1735 2665 1771 2699 in
1788 2665 1983 2705 Ierusalem,
1999 2664 2193 2699 invenimus

278 2713 486 2746 [edificantes
504 2712 646 2746 domum
663 2712 726 2746 Dei
742 2723 919 2757 magnam:
963 2715 975 2732 ⁹
991 2717 1026 2746 et
1042 2713 1211 2757 templum
1228 2724 1270 2745 ex
1285 2712 1457 2757 lapidibus
1475 2712 1601 2757 politis,
1618 2715 1653 2746 et
1668 2712 1801 2757 magnis
1818 2715 1853 2746 et
1868 2712 2025 2756 pretiosis
2040 2712 2193 2746 materiis

280 2760 314 2793 in
338 2760 537 2804 parietibus,
585 2762 614 2780 ¹⁰
637 2763 671 2793 et
695 2770 799 2804 opera
822 2760 879 2793 illa
901 2759 1072 2793 instanter
1095 2760 1177 2800 fieri,
1202 2762 1237 2794 et
1259 2760 1457 2804 suffragare,
1482 2762 1517 2793 et
1541 2770 1739 2804 prosperare
1762 2759 1798 2793 in
1820 2758 1981 2793 manibus
2005 2769 2134 2799 eorum,
2159 2762 2194 2793 et

281 2807 313 2839 in
332 2807 424 2840 0111111
440 2807 557 2851 gloria,
576 2817 681 2850 quam
699 2807 955 2852 diligentissime
973 2807 1098 2852 perfici.
1140 2809 1165 2827 1¹
1184 2807 1280 2841 Tunc
1296 2807 1584 2851 interrogavimus
1601 2806 1760 2847 seniores,
1778 2806 1941 2847 dicentes,
1960 2805 2035 2849 Quo
2053 2806 2193 2850 permit-

281 2858 374 2886 tente
398 2854 494 2887 vobis
517 2854 693 2888 aedificatis
717 2854 858 2888 domum
881 2854 996 2894 istam,
1020 2858 1055 2888 et
1077 2865 1180 2898 opera
1202 2855 1274 2888 haec
1296 2854 1470 2888 fundatis?
1518 2855 1546 2873 12
1570 2853 1651 2887 Ideo
1674 2856 1792 2887 autem
1814 2853 2102 2898 interrogavimus
2125 2863 2192 2892 eos,

281 2904 317 2933 nt
345 2904 467 2933 notum
494 2902 683 2935 faceremus
710 2901 774 2934 tibi
800 2901 955 2934 homines
983 2904 1017 2935 et
1044 2901 1256 2945 praepositos,
1285 2904 1319 2935 et
1345 2901 1525 2934 nominum
1552 2901 1758 2945 scripturam
1785 2900 2048 2945 praeposit-orum
2075 2902 2192 2944 postu-

279 2947 425 2981 lavimus
446 2948 528 2982 11103.
573 2950 599 2968 ¹³
618 2949 665 2982 At
684 2948 729 2981 illi
750 2949 1001 2992 responderunt
1020 2948 1130 2989 1101113,
1150 2948 1313 2987 dicentes,
1334 2948 1405 2982 Nos
1424 2959 1542 2982 sumus
1562 2947 1651 2982 servi
1670 2947 1820 2987 Domini,
1842 2947 1901 2992 qui
1919 2947 2001 2981 fecit
2020 2947 2140 2981 caelum
2159 2953 2193 2980 et

279 2999 418 3034 terram,
463 2996 488 3013 ¹⁴¹
509 2998 541 3027 ct
562 2995 799 3029 aedificabatur
818 2996 889 3029 haec
910 2995 1032 3029 domus
1053 2998 1134 3029 ante
1155 3006 1262 3029 annos
1282 2995 1365 3029 istos
1386 2995 1513 3029 multos
1533 3006 1554 3030 a
1573 3005 1649 3040 rege
1671 2995 1776 3029 Israel
1795 3005 1920 3039 magno
1941 2996 1976 3028 et
1994 2994 2191 3029 fortissimo.

279 3044 313 3075 et
340 3045 581 3075 consummata
606 3046 666 3076 est.
718 3044 744 3061 ¹⁵
769 3042 817 3076 Et
843 3043 1007 3086 quoniam
1033 3046 1148 3087 patres
1174 3042 1283 3076 nostri
1309 3042 1553 3076 exacerbantes
1580 3044 1679 3076 erant
1704 3045 1739 3076 et
1764 3044 1995 3086 peccaverunt
2020 3041 2055 3075 in
2080 3041 2192 3075 Deum

282 3088 396 3124 1311191,
419 3088 563 3122 tradidit
585 3100 640 3121 903
662 3090 696 3123 111
717 3100 839 3123 manus
861 3089 1182 3123 Nabuchodonosor
1202 3090 1288 3133 regis
1309 3089 1521 3133 Babyloniae,
1544 3089 1630 3133 regis
1651 3089 1901 3129 Chaldaeorum,
1945 3089 1976 3108 ¹⁶
1996 3091 2031 3122 et
2051 3088 2191 3122 domum

280 3136 381 3168 istam
403 3135 625 3169 demolientes
644 3136 881 3177 incenderunt,
902 3140 937 3171 et
956 3137 1122 3181 populum
1143 3137 1322 3180 captivum
1342 3137 1517 3170 duxerunt
1536 3137 1571 3170 in
1590 3136 1816 3180 Babylonem.
1859 3137 1888 3155 ¹⁷
1911 3136 1951 3169 In
1971 3135 2082 3180 primo
2102 3145 2193 3168 anno

282 3185 444 3226 regnante
469 3183 556 3225 Cyro
582 3194 657 3226 rege
682 3183 893 3226 Babyloniae,
918 3184 1054 3228 scripsit
1078 3184 1185 3227 Cyrus
1210 3195 1269 3217 rex
1293 3183 1435 3217 domum
1460 3184 1549 3218 hanc
1572 3183 1750 3220 aedificare,
1798 3185 1827 3203 ¹⁸
1852 3186 1887 3217 et
1908 3183 1967 3217 illa
1990 3193 2086 3216 sacra
2110 3192 2195 3215 vasa

281 3240 383 3262 11111911
410 3233 443 3262 et
469 3232 629 3274 argentea
657 3240 732 3273 quae
758 3231 929 3264 extulerat
955 3231 1276 3264 Nabuchodonosor
1301 3231 1342 3264 de
1368 3231 1470 3264 domo
1497 3242 1573 3275 quae
1598 3233 1650 3264 est
1675 3230 1710 3264 in
1738 3230 1933 3270 Ierusalem,
1960 3232 1995 3263 et
2019 3239 2193 3262 consecra-

282 3280 378 3309 verat
399 3288 437 3309 ea
456 3276 490 3309 in
510 3287 571 3310 3110
591 3276 731 3320 templo.
753 3289 866 3311 rursus
887 3278 1030 3321 protulit
1050 3289 1090 3311 ea
1109 3278 1216 3321 Cyrus
1236 3289 1295 3311 rex
1314 3277 1355 3311 de
1375 3278 1504 3322 templo
1525 3278 1617 3322 quod
1637 3280 1711 3311 erat
1729 3277 1764 3311 in
1784 3277 1988 3320 Babylonia,
2008 3278 2043 3310 ct
2061 3275 2193 3310 tradita

280 3326 361 3356 sunt
388 3323 586 3359 zorobabel.
613 3327 646 3357 et
671 3323 911 3358 Salmanasaro
936 3325 1132 3369 subregulo:
1183 3327 1212 3344 ¹⁹
1237 3325 1283 3358 Et
1309 3328 1519 3369 praeceptum
1545 3328 1596 3358 est
1621 3325 1666 3358 eis
1692 3327 1732 3358 ut
1757 3324 1918 3359 offerrent
1941 3323 2014 3357 haec
2038 3333 2132 3363 vasa,
2158 3326 2194 3357 et

283 3375 483 3413 reponerent
502 3370 534 3403 in
553 3371 682 3415 templo
700 3371 791 3415 quod
810 3377 881 3405 erat
900 3372 933 3405 in
952 3372 1147 3405 Ierusalem.
1166 3375 1200 3406 et
1217 3372 1329 3416 ipsum
1346 3372 1515 3416 templum
1533 3372 1597 3405 Dei
1613 3371 1780 3405 aedificare
1796 3371 1831 3404 in
1847 3370 1921 3404 loco
1937 3381 2010 3405 suo.
2051 3372 2080 3391 ²⁰
2097 3370 2192 3403 Tunc

281 3417 541 3451 Salmanasarus
565 3418 710 3452 subiecit
734 3418 959 3452 fundamenta
985 3419 1106 3452 domus
1132 3419 1281 3452 Domini.
1307 3429 1382 3462 (11119
1407 3422 1457 3452 est
1482 3419 1515 3452 in
1542 3418 1740 3453 Ierusalem:
1766 3421 1801 3451 ct
1824 3417 1946 3451 exinde
1970 3427 2078 3461 usque
2102 3427 2192 3451 nunc
