<?xml version="1.0" encoding="UTF-8"?>
<!DOCTYPE html PUBLIC "-//W3C//DTD XHTML 1.0 Transitional//EN"
    "http://www.w3.org/TR/xhtml1/DTD/xhtml1-transitional.dtd">
<html xmlns="http://www.w3.org/1999/xhtml" xml:lang="en" lang="en">
 <head>
  <title>
</title>
<meta http-equiv="Content-Type" content="text/html;charset=utf-8" />
  <meta name='ocr-system' content='tesseract 3.04.00' />
  <meta name='ocr-capabilities' content='ocr_page ocr_carea ocr_par ocr_line ocrx_word'/>
</head>
<body>
  <div class='ocr_page' id='page_1' title='image "./bibliasacravulga00helzuoft_1219.png"; bbox 0 0 2356 3760; ppageno 0'>
   <div class='ocr_carea' id='block_1_1' title="bbox 175 139 2066 187">
    <p class='ocr_par' dir='ltr' id='par_1_1' title="bbox 175 139 2066 187">
     <span class='ocr_line' id='line_1_1' title="bbox 175 139 2066 187; baseline 0.002 -15"><span class='ocrx_word' id='word_1_1' title='bbox 175 139 208 178; x_wconf 84' lang='lat'>3,</span> <span class='ocrx_word' id='word_1_2' title='bbox 235 140 355 179; x_wconf 69' lang='lat'>19—5,</span> <span class='ocrx_word' id='word_1_3' title='bbox 381 139 401 172; x_wconf 83' lang='lat'><strong>9</strong></span> <span class='ocrx_word' id='word_1_4' title='bbox 829 141 970 174; x_wconf 83' lang='lat' dir='ltr'><strong>BEATI</strong></span> <span class='ocrx_word' id='word_1_5' title='bbox 996 140 1188 176; x_wconf 77' lang='lat' dir='ltr'>IOANNIs</span> <span class='ocrx_word' id='word_1_6' title='bbox 1212 141 1438 176; x_wconf 82' lang='lat' dir='ltr'>APOSTOLI</span> <span class='ocrx_word' id='word_1_7' title='bbox 1968 146 2066 187; x_wconf 80' lang='lat'>1195</span> 
     </span>
    </p>
   </div>
   <div class='ocr_carea' id='block_1_2' title="bbox 169 232 2256 415">
    <p class='ocr_par' dir='ltr' id='par_1_2' title="bbox 169 232 2256 415">
     <span class='ocr_line' id='line_1_2' title="bbox 170 232 2069 287; baseline 0.004 -15"><span class='ocrx_word' id='word_1_8' title='bbox 170 245 194 272; x_wconf 88' lang='lat' dir='ltr'>a</span> <span class='ocrx_word' id='word_1_9' title='bbox 220 245 285 273; x_wconf 80' lang='lat' dir='ltr'>ine</span> <span class='ocrx_word' id='word_1_10' title='bbox 313 245 457 273; x_wconf 73' lang='lat' dir='ltr'>aruum</span> <span class='ocrx_word' id='word_1_11' title='bbox 484 232 658 286; x_wconf 89' lang='lat' dir='ltr'>ignitum</span> <span class='ocrx_word' id='word_1_12' title='bbox 686 233 905 286; x_wconf 90' lang='lat' dir='ltr'>probatum</span> <span class='ocrx_word' id='word_1_13' title='bbox 934 242 981 275; x_wconf 92' lang='lat' dir='ltr'>ut</span> <span class='ocrx_word' id='word_1_14' title='bbox 1006 234 1184 287; x_wconf 79' lang='lat' dir='ltr'>locuples</span> <span class='ocrx_word' id='word_1_15' title='bbox 1213 234 1297 285; x_wconf 84' lang='lat' dir='ltr'>fias,</span> <span class='ocrx_word' id='word_1_16' title='bbox 1327 242 1368 277; x_wconf 91' lang='lat' dir='ltr'>et</span> <span class='ocrx_word' id='word_1_17' title='bbox 1396 235 1649 277; x_wconf 77' lang='lat' dir='ltr'>vestimentis</span> <span class='ocrx_word' id='word_1_18' title='bbox 1678 236 1778 278; x_wconf 88' lang='lat' dir='ltr'>albis</span> <span class='ocrx_word' id='word_1_19' title='bbox 1806 238 1997 287; x_wconf 88' lang='lat' dir='ltr'>induaris,</span> <span class='ocrx_word' id='word_1_20' title='bbox 2027 245 2069 280; x_wconf 89' lang='lat' dir='ltr'>et</span> 
     </span>
     <span class='ocr_line' id='line_1_3' title="bbox 169 290 2066 347; baseline 0.004 -17"><span class='ocrx_word' id='word_1_21' title='bbox 169 302 251 330; x_wconf 89' lang='lat' dir='ltr'>non</span> <span class='ocrx_word' id='word_1_22' title='bbox 285 298 482 344; x_wconf 73' lang='lat' dir='ltr'>appareat</span> <span class='ocrx_word' id='word_1_23' title='bbox 514 290 696 332; x_wconf 83' lang='lat' dir='ltr'>confusio</span> <span class='ocrx_word' id='word_1_24' title='bbox 728 291 927 333; x_wconf 88' lang='lat' dir='ltr'>nuditatis</span> <span class='ocrx_word' id='word_1_25' title='bbox 961 298 1054 342; x_wconf 85' lang='lat' dir='ltr'>tuae,</span> <span class='ocrx_word' id='word_1_26' title='bbox 1090 298 1131 334; x_wconf 92' lang='lat' dir='ltr'>et</span> <span class='ocrx_word' id='word_1_27' title='bbox 1164 293 1328 347; x_wconf 87' lang='lat' dir='ltr'>collyrio</span> <span class='ocrx_word' id='word_1_28' title='bbox 1361 294 1510 347; x_wconf 85' lang='lat' dir='ltr'>inunge</span> <span class='ocrx_word' id='word_1_29' title='bbox 1544 294 1678 335; x_wconf 88' lang='lat' dir='ltr'>oculos</span> <span class='ocrx_word' id='word_1_30' title='bbox 1712 301 1803 336; x_wconf 86' lang='lat' dir='ltr'>tuos</span> <span class='ocrx_word' id='word_1_31' title='bbox 1837 302 1884 339; x_wconf 90' lang='lat' dir='ltr'>ut</span> <span class='ocrx_word' id='word_1_32' title='bbox 1916 297 2066 338; x_wconf 90' lang='lat' dir='ltr'>videas.</span> 
     </span>
     <span class='ocr_line' id='line_1_4' title="bbox 276 349 2256 415; baseline 0.004 -26"><span class='ocrx_word' id='word_1_33' title='bbox 276 351 310 374; x_wconf 83' lang='lat'>¹⁹</span> <span class='ocrx_word' id='word_1_34' title='bbox 330 349 436 403; x_wconf 74' lang='lat' dir='ltr'>aEgo</span> <span class='ocrx_word' id='word_1_35' title='bbox 454 362 553 403; x_wconf 91' lang='lat' dir='ltr'>quos</span> <span class='ocrx_word' id='word_1_36' title='bbox 570 362 675 398; x_wconf 92' lang='lat' dir='ltr'>amo,</span> <span class='ocrx_word' id='word_1_37' title='bbox 694 362 830 403; x_wconf 87' lang='lat' dir='ltr'>arguo,</span> <span class='ocrx_word' id='word_1_38' title='bbox 849 356 890 391; x_wconf 89' lang='lat' dir='ltr'>et</span> <span class='ocrx_word' id='word_1_39' title='bbox 906 351 1071 404; x_wconf 87' lang='lat' dir='ltr'>castigo.</span> <span class='ocrx_word' id='word_1_40' title='bbox 1090 351 1295 393; x_wconf 84' lang='lat' dir='ltr'>AEmulare</span> <span class='ocrx_word' id='word_1_41' title='bbox 1313 366 1416 405; x_wconf 85' lang='lat' dir='ltr'>ergO,</span> <span class='ocrx_word' id='word_1_42' title='bbox 1436 360 1477 394; x_wconf 90' lang='lat' dir='ltr'>et</span> <span class='ocrx_word' id='word_1_43' title='bbox 1492 352 1778 406; x_wconf 87' lang='lat' dir='ltr'>poenitentiam</span> <span class='ocrx_word' id='word_1_44' title='bbox 1795 368 1878 408; x_wconf 84' lang='lat' dir='ltr'>age.</span> <span class='ocrx_word' id='word_1_45' title='bbox 1911 357 1947 380; x_wconf 79' lang='lat'>2⁰</span> <span class='ocrx_word' id='word_1_46' title='bbox 1961 355 2065 396; x_wconf 90' lang='lat' dir='ltr'>Ecce</span> <span class='ocrx_word' id='word_1_47' title='bbox 2089 354 2256 415; x_wconf 49' lang='grc' dir='ltr'>ὃξᾞξξξξ]</span> 
     </span>
    </p>
   </div>
   <div class='ocr_carea' id='block_1_3' title="bbox 170 407 2228 465">
    <p class='ocr_par' dir='ltr' id='par_1_3' title="bbox 170 407 2228 465">
     <span class='ocr_line' id='line_1_5' title="bbox 170 407 2228 465; baseline 0.002 -16"><span class='ocrx_word' id='word_1_48' title='bbox 170 413 232 449; x_wconf 86' lang='lat' dir='ltr'>sto</span> <span class='ocrx_word' id='word_1_49' title='bbox 261 408 315 449; x_wconf 89' lang='lat' dir='ltr'>ad</span> <span class='ocrx_word' id='word_1_50' title='bbox 342 408 503 457; x_wconf 91' lang='lat' dir='ltr'>ostium,</span> <span class='ocrx_word' id='word_1_51' title='bbox 534 412 575 448; x_wconf 92' lang='lat' dir='ltr'>et</span> <span class='ocrx_word' id='word_1_52' title='bbox 600 407 735 461; x_wconf 89' lang='lat' dir='ltr'>pulso:</span> <span class='ocrx_word' id='word_1_53' title='bbox 765 408 889 462; x_wconf 89' lang='lat' dir='ltr'>siquis</span> <span class='ocrx_word' id='word_1_54' title='bbox 918 409 1092 451; x_wconf 88' lang='lat' dir='ltr'>audierit</span> <span class='ocrx_word' id='word_1_55' title='bbox 1119 423 1261 452; x_wconf 79' lang='lat' dir='ltr'>vocem</span> <span class='ocrx_word' id='word_1_56' title='bbox 1288 424 1433 461; x_wconf 79' lang='lat' dir='ltr'>ineam,</span> <span class='ocrx_word' id='word_1_57' title='bbox 1464 420 1504 453; x_wconf 88' lang='lat' dir='ltr'>et</span> <span class='ocrx_word' id='word_1_58' title='bbox 1533 412 1736 465; x_wconf 87' lang='lat' dir='ltr'>aperuerit</span> <span class='ocrx_word' id='word_1_59' title='bbox 1762 413 1859 453; x_wconf 91' lang='lat' dir='ltr'>mihi</span> <span class='ocrx_word' id='word_1_60' title='bbox 1887 413 2065 462; x_wconf 81' lang='lat' dir='ltr'>ianuam,</span> <span class='ocrx_word' id='word_1_61' title='bbox 2117 424 2228 455; x_wconf 77' lang='lat' dir='ltr'>pulsat:</span> 
     </span>
    </p>
   </div>
   <div class='ocr_carea' id='block_1_4' title="bbox 169 466 2265 589">
    <p class='ocr_par' dir='ltr' id='par_1_4' title="bbox 169 466 2265 589">
     <span class='ocr_line' id='line_1_6' title="bbox 169 466 1442 522; baseline 0.003 -16"><span class='ocrx_word' id='word_1_62' title='bbox 169 466 332 507; x_wconf 80' lang='lat' dir='ltr'>intrabo</span> <span class='ocrx_word' id='word_1_63' title='bbox 360 466 414 508; x_wconf 88' lang='lat' dir='ltr'>ad</span> <span class='ocrx_word' id='word_1_64' title='bbox 439 466 565 515; x_wconf 84' lang='lat' dir='ltr'>illum,</span> <span class='ocrx_word' id='word_1_65' title='bbox 595 471 636 507; x_wconf 88' lang='lat' dir='ltr'>et</span> <span class='ocrx_word' id='word_1_66' title='bbox 663 466 834 507; x_wconf 87' lang='lat' dir='ltr'>coenabo</span> <span class='ocrx_word' id='word_1_67' title='bbox 863 480 956 508; x_wconf 88' lang='grc'>011111</span> <span class='ocrx_word' id='word_1_68' title='bbox 982 467 1062 517; x_wconf 83' lang='grc'>1110,</span> <span class='ocrx_word' id='word_1_69' title='bbox 1092 474 1133 510; x_wconf 91' lang='lat' dir='ltr'>et</span> <span class='ocrx_word' id='word_1_70' title='bbox 1159 468 1245 522; x_wconf 91' lang='lat' dir='ltr'>ipse</span> <span class='ocrx_word' id='word_1_71' title='bbox 1271 482 1442 511; x_wconf 87' lang='lat' dir='ltr'>mecum.</span> 
     </span>
     <span class='ocr_line' id='line_1_7' title="bbox 274 523 2265 589; baseline 0.003 -24"><span class='ocrx_word' id='word_1_72' title='bbox 274 527 305 549; x_wconf 79' lang='lat'>²¹</span> <span class='ocrx_word' id='word_1_73' title='bbox 323 524 400 573; x_wconf 83' lang='lat' dir='ltr'>Qui</span> <span class='ocrx_word' id='word_1_74' title='bbox 415 523 569 573; x_wconf 88' lang='lat' dir='ltr'>vicerit,</span> <span class='ocrx_word' id='word_1_75' title='bbox 584 523 691 565; x_wconf 87' lang='lat' dir='ltr'>dabo</span> <span class='ocrx_word' id='word_1_76' title='bbox 709 524 743 565; x_wconf 93' lang='lat' dir='ltr'>ei</span> <span class='ocrx_word' id='word_1_77' title='bbox 761 525 897 567; x_wconf 90' lang='lat' dir='ltr'>sedere</span> <span class='ocrx_word' id='word_1_78' title='bbox 912 539 1072 568; x_wconf 89' lang='lat' dir='ltr'>mecum</span> <span class='ocrx_word' id='word_1_79' title='bbox 1086 526 1128 567; x_wconf 91' lang='lat' dir='ltr'>in</span> <span class='ocrx_word' id='word_1_80' title='bbox 1145 527 1294 568; x_wconf 79' lang='lat' dir='ltr'>throno</span> <span class='ocrx_word' id='word_1_81' title='bbox 1313 541 1421 569; x_wconf 89' lang='lat' dir='ltr'>meo:</span> <span class='ocrx_word' id='word_1_82' title='bbox 1444 528 1549 570; x_wconf 90' lang='lat' dir='ltr'>sicut</span> <span class='ocrx_word' id='word_1_83' title='bbox 1566 534 1608 570; x_wconf 91' lang='lat' dir='ltr'>et</span> <span class='ocrx_word' id='word_1_84' title='bbox 1625 541 1696 582; x_wconf 88' lang='lat' dir='ltr'>ego</span> <span class='ocrx_word' id='word_1_85' title='bbox 1714 528 1804 579; x_wconf 87' lang='lat' dir='ltr'>vici,</span> <span class='ocrx_word' id='word_1_86' title='bbox 1821 536 1862 571; x_wconf 89' lang='lat' dir='ltr'>et</span> <span class='ocrx_word' id='word_1_87' title='bbox 1878 530 1962 571; x_wconf 90' lang='lat' dir='ltr'>sedi</span> <span class='ocrx_word' id='word_1_88' title='bbox 1979 543 2070 571; x_wconf 86' lang='lat' dir='ltr'>cum</span> <span class='ocrx_word' id='word_1_89' title='bbox 2084 528 2265 589; x_wconf 50' lang='lat' dir='ltr'>t‘ssffissssssiffl</span> 
     </span>
    </p>
   </div>
   <div class='ocr_carea' id='block_1_5' title="bbox 169 582 2235 640">
    <p class='ocr_par' dir='ltr' id='par_1_5' title="bbox 169 582 2235 640">
     <span class='ocr_line' id='line_1_8' title="bbox 169 582 2235 640; baseline 0.002 -16"><span class='ocrx_word' id='word_1_90' title='bbox 169 587 285 637; x_wconf 88' lang='lat' dir='ltr'>patre</span> <span class='ocrx_word' id='word_1_91' title='bbox 305 596 395 624; x_wconf 82' lang='lat' dir='ltr'>ineo</span> <span class='ocrx_word' id='word_1_92' title='bbox 414 583 455 624; x_wconf 89' lang='lat' dir='ltr'>in</span> <span class='ocrx_word' id='word_1_93' title='bbox 475 582 622 624; x_wconf 87' lang='lat' dir='ltr'>throno</span> <span class='ocrx_word' id='word_1_94' title='bbox 642 582 736 624; x_wconf 86' lang='lat' dir='ltr'>eius.</span> <span class='ocrx_word' id='word_1_95' title='bbox 787 585 819 608; x_wconf 76' lang='lat'>2²</span> <span class='ocrx_word' id='word_1_96' title='bbox 840 584 918 633; x_wconf 83' lang='lat' dir='ltr'>Qui</span> <span class='ocrx_word' id='word_1_97' title='bbox 938 584 1065 626; x_wconf 90' lang='lat' dir='ltr'>habet</span> <span class='ocrx_word' id='word_1_98' title='bbox 1085 598 1236 635; x_wconf 88' lang='lat' dir='ltr'>aurem,</span> <span class='ocrx_word' id='word_1_99' title='bbox 1261 586 1403 627; x_wconf 86' lang='lat' dir='ltr'>audiat</span> <span class='ocrx_word' id='word_1_100' title='bbox 1428 587 1524 640; x_wconf 88' lang='lat' dir='ltr'>quid</span> <span class='ocrx_word' id='word_1_101' title='bbox 1545 587 1717 640; x_wconf 79' lang='lat' dir='ltr'>Spiritus</span> <span class='ocrx_word' id='word_1_102' title='bbox 1738 588 1848 630; x_wconf 88' lang='lat' dir='ltr'>dicat</span> <span class='ocrx_word' id='word_1_103' title='bbox 1869 588 2069 629; x_wconf 88' lang='lat' dir='ltr'>Ecclesiis.</span> <span class='ocrx_word' id='word_1_104' title='bbox 2113 599 2235 624; x_wconf 73' lang='lat' dir='ltr'>sedebit-</span> 
     </span>
    </p>
   </div>
   <div class='ocr_carea' id='block_1_6' title="bbox 529 710 1714 864">
    <p class='ocr_par' dir='ltr' id='par_1_6' title="bbox 529 710 1714 864">
     <span class='ocr_line' id='line_1_9' title="bbox 787 710 1456 766; baseline 0.006 -4"><span class='ocrx_word' id='word_1_105' title='bbox 787 710 1006 764; x_wconf 74' lang='lat' dir='ltr'><strong>PARS</strong></span> <span class='ocrx_word' id='word_1_106' title='bbox 1047 710 1456 766; x_wconf 76' lang='lat' dir='ltr'>SECUNDA.</span> 
     </span>
     <span class='ocr_line' id='line_1_10' title="bbox 529 797 1714 864; baseline 0.002 -14"><span class='ocrx_word' id='word_1_107' title='bbox 529 797 802 864; x_wconf 82' lang='lat' dir='ltr'>Septem</span> <span class='ocrx_word' id='word_1_108' title='bbox 841 798 1067 863; x_wconf 85' lang='lat' dir='ltr'>sigilla</span> <span class='ocrx_word' id='word_1_109' title='bbox 1105 799 1348 864; x_wconf 88' lang='lat' dir='ltr'>soluta,</span> <span class='ocrx_word' id='word_1_110' title='bbox 1388 799 1445 864; x_wconf 88' lang='lat'>4,</span> <span class='ocrx_word' id='word_1_111' title='bbox 1473 799 1628 864; x_wconf 65' lang='lat' dir='ltr'>l-—8,</span> <span class='ocrx_word' id='word_1_112' title='bbox 1657 799 1714 852; x_wconf 91' lang='grc'>6.</span> 
     </span>
    </p>
   </div>
   <div class='ocr_carea' id='block_1_7' title="bbox 1067 896 1220 905">
    <p class='ocr_par' dir='ltr' id='par_1_7' title="bbox 1067 896 1220 905">
     <span class='ocr_line' id='line_1_11' title="bbox 1067 896 1220 905; baseline 0.007 -1"><span class='ocrx_word' id='word_1_113' title='bbox 1067 896 1220 905; x_wconf 37' lang='lat' dir='ltr'>*oo-⁷⁷⁷</span> 
     </span>
    </p>
   </div>
   <div class='ocr_carea' id='block_1_8' title="bbox 273 941 2223 1160">
    <p class='ocr_par' dir='ltr' id='par_1_8' title="bbox 273 941 2223 1160">
     <span class='ocr_line' id='line_1_12' title="bbox 458 941 1787 1005; baseline 0.002 -13"><span class='ocrx_word' id='word_1_114' title='bbox 458 941 500 992; x_wconf 94' lang='lat' dir='ltr'>I.</span> <span class='ocrx_word' id='word_1_115' title='bbox 539 941 809 993; x_wconf 81' lang='lat' dir='ltr'>Narratio</span> <span class='ocrx_word' id='word_1_116' title='bbox 847 942 1096 993; x_wconf 81' lang='lat' dir='ltr'>visionis</span> <span class='ocrx_word' id='word_1_117' title='bbox 1137 944 1418 1005; x_wconf 63' lang='lat' dir='ltr'>secundae,</span> <span class='ocrx_word' id='word_1_118' title='bbox 1456 943 1507 1003; x_wconf 87' lang='lat'>4,</span> <span class='ocrx_word' id='word_1_119' title='bbox 1536 945 1680 1005; x_wconf 41' lang='lat' dir='ltr'>lfflfi,</span> <span class='ocrx_word' id='word_1_120' title='bbox 1707 944 1787 996; x_wconf 89' lang='lat'>14.</span> 
     </span>
     <span class='ocr_line' id='line_1_13' title="bbox 743 1030 1510 1084; baseline 0.003 -12"><span class='ocrx_word' id='word_1_121' title='bbox 743 1033 781 1072; x_wconf 85' lang='lat'>1.</span> <span class='ocrx_word' id='word_1_122' title='bbox 812 1030 988 1074; x_wconf 89' lang='lat' dir='ltr'>Sedens</span> <span class='ocrx_word' id='word_1_123' title='bbox 1018 1033 1062 1072; x_wconf 86' lang='lat' dir='ltr'>in</span> <span class='ocrx_word' id='word_1_124' title='bbox 1091 1032 1276 1084; x_wconf 83' lang='lat' dir='ltr'>throno,</span> <span class='ocrx_word' id='word_1_125' title='bbox 1306 1034 1345 1084; x_wconf 88' lang='lat'>4,</span> <span class='ocrx_word' id='word_1_126' title='bbox 1364 1035 1510 1075; x_wconf 85' lang='lat'>1—11.</span> 
     </span>
     <span class='ocr_line' id='line_1_14' title="bbox 273 1103 2223 1160; baseline 0.002 -16"><span class='ocrx_word' id='word_1_127' title='bbox 273 1103 312 1146; x_wconf 72' lang='lat'>4.</span> <span class='ocrx_word' id='word_1_128' title='bbox 367 1106 379 1127; x_wconf 79' lang='lat'>¹</span> <span class='ocrx_word' id='word_1_129' title='bbox 409 1103 508 1144; x_wconf 84' lang='lat' dir='ltr'>Post</span> <span class='ocrx_word' id='word_1_130' title='bbox 538 1103 623 1144; x_wconf 85' lang='lat' dir='ltr'>haec</span> <span class='ocrx_word' id='word_1_131' title='bbox 653 1103 755 1144; x_wconf 85' lang='lat' dir='ltr'>vidi:</span> <span class='ocrx_word' id='word_1_132' title='bbox 787 1109 829 1145; x_wconf 89' lang='lat' dir='ltr'>et</span> <span class='ocrx_word' id='word_1_133' title='bbox 858 1117 948 1145; x_wconf 88' lang='lat' dir='ltr'>ecce</span> <span class='ocrx_word' id='word_1_134' title='bbox 979 1104 1129 1146; x_wconf 89' lang='lat' dir='ltr'>ostium</span> <span class='ocrx_word' id='word_1_135' title='bbox 1160 1110 1348 1158; x_wconf 88' lang='lat' dir='ltr'>apertum</span> <span class='ocrx_word' id='word_1_136' title='bbox 1378 1105 1419 1146; x_wconf 91' lang='lat' dir='ltr'>in</span> <span class='ocrx_word' id='word_1_137' title='bbox 1450 1105 1557 1154; x_wconf 71' lang='lat' dir='ltr'>caelo,</span> <span class='ocrx_word' id='word_1_138' title='bbox 1590 1112 1631 1146; x_wconf 91' lang='lat' dir='ltr'>et</span> <span class='ocrx_word' id='word_1_139' title='bbox 1662 1118 1742 1146; x_wconf 82' lang='lat' dir='ltr'>vox</span> <span class='ocrx_word' id='word_1_140' title='bbox 1772 1105 1914 1159; x_wconf 86' lang='lat' dir='ltr'>prima,</span> <span class='ocrx_word' id='word_1_141' title='bbox 1949 1120 2071 1160; x_wconf 84' lang='lat' dir='ltr'>quam</span> <span class='ocrx_word' id='word_1_142' title='bbox 2131 1108 2223 1133; x_wconf 65' lang='lat' dir='ltr'>Deum</span> 
     </span>
    </p>
   </div>
   <div class='ocr_carea' id='block_1_9' title="bbox 169 1144 2274 2328">
    <p class='ocr_par' dir='ltr' id='par_1_9' title="bbox 169 1144 2255 1335">
     <span class='ocr_line' id='line_1_15' title="bbox 171 1144 2248 1218; baseline 0.001 -16"><span class='ocrx_word' id='word_1_143' title='bbox 171 1161 308 1204; x_wconf 82' lang='lat' dir='ltr'>audivi</span> <span class='ocrx_word' id='word_1_144' title='bbox 339 1167 552 1216; x_wconf 77' lang='lat' dir='ltr'>tamquam</span> <span class='ocrx_word' id='word_1_145' title='bbox 583 1162 694 1203; x_wconf 84' lang='lat' dir='ltr'>tubae</span> <span class='ocrx_word' id='word_1_146' title='bbox 722 1162 925 1216; x_wconf 84' lang='lat' dir='ltr'>loquentis</span> <span class='ocrx_word' id='word_1_147' title='bbox 955 1176 1127 1213; x_wconf 87' lang='lat' dir='ltr'>mecum,</span> <span class='ocrx_word' id='word_1_148' title='bbox 1159 1163 1313 1205; x_wconf 87' lang='lat' dir='ltr'>dicens:</span> <span class='ocrx_word' id='word_1_149' title='bbox 1344 1163 1528 1204; x_wconf 78' lang='lat' dir='ltr'>Ascende</span> <span class='ocrx_word' id='word_1_150' title='bbox 1558 1163 1649 1213; x_wconf 91' lang='lat' dir='ltr'>huc,</span> <span class='ocrx_word' id='word_1_151' title='bbox 1681 1169 1722 1205; x_wconf 91' lang='lat' dir='ltr'>et</span> <span class='ocrx_word' id='word_1_152' title='bbox 1752 1164 1965 1206; x_wconf 90' lang='lat' dir='ltr'>ostendam</span> <span class='ocrx_word' id='word_1_153' title='bbox 1996 1165 2071 1207; x_wconf 89' lang='lat' dir='ltr'>tibi</span> <span class='ocrx_word' id='word_1_154' title='bbox 2103 1144 2248 1218; x_wconf 47' lang='grc' dir='ltr'>Βῗμῖᾙὲῗ</span> 
     </span>
     <span class='ocr_line' id='line_1_16' title="bbox 171 1220 2255 1276; baseline 0.002 -15"><span class='ocrx_word' id='word_1_155' title='bbox 171 1234 260 1275; x_wconf 86' lang='lat' dir='ltr'>quae</span> <span class='ocrx_word' id='word_1_156' title='bbox 288 1226 450 1274; x_wconf 78' lang='lat' dir='ltr'>oportet</span> <span class='ocrx_word' id='word_1_157' title='bbox 475 1220 560 1262; x_wconf 90' lang='lat' dir='ltr'>fieri</span> <span class='ocrx_word' id='word_1_158' title='bbox 586 1226 681 1274; x_wconf 90' lang='lat' dir='ltr'>post</span> <span class='ocrx_word' id='word_1_159' title='bbox 706 1221 802 1262; x_wconf 85' lang='lat' dir='ltr'>haec.</span> <span class='ocrx_word' id='word_1_160' title='bbox 859 1222 873 1245; x_wconf 78' lang='lat'><em>²</em></span> <span class='ocrx_word' id='word_1_161' title='bbox 901 1220 956 1262; x_wconf 88' lang='lat' dir='ltr'>Et</span> <span class='ocrx_word' id='word_1_162' title='bbox 983 1221 1125 1263; x_wconf 88' lang='lat' dir='ltr'>statim</span> <span class='ocrx_word' id='word_1_163' title='bbox 1151 1221 1210 1262; x_wconf 81' lang='lat' dir='ltr'>fui</span> <span class='ocrx_word' id='word_1_164' title='bbox 1237 1222 1278 1263; x_wconf 91' lang='lat' dir='ltr'>in</span> <span class='ocrx_word' id='word_1_165' title='bbox 1305 1222 1467 1275; x_wconf 86' lang='lat' dir='ltr'>spiritu:</span> <span class='ocrx_word' id='word_1_166' title='bbox 1498 1228 1539 1263; x_wconf 89' lang='lat' dir='ltr'>et</span> <span class='ocrx_word' id='word_1_167' title='bbox 1566 1236 1655 1263; x_wconf 87' lang='lat' dir='ltr'>ecce</span> <span class='ocrx_word' id='word_1_168' title='bbox 1682 1222 1795 1264; x_wconf 89' lang='lat' dir='ltr'>sedes</span> <span class='ocrx_word' id='word_1_169' title='bbox 1822 1223 1956 1276; x_wconf 89' lang='lat' dir='ltr'>posita</span> <span class='ocrx_word' id='word_1_170' title='bbox 1984 1230 2071 1265; x_wconf 89' lang='lat' dir='ltr'>erat</span> <span class='ocrx_word' id='word_1_171' title='bbox 2097 1220 2255 1273; x_wconf 52' lang='lat' dir='ltr'>nnffiffim&#39;*</span> 
     </span>
     <span class='ocr_line' id='line_1_17' title="bbox 169 1278 2073 1335; baseline 0.002 -16"><span class='ocrx_word' id='word_1_172' title='bbox 169 1279 210 1320; x_wconf 92' lang='lat' dir='ltr'>in</span> <span class='ocrx_word' id='word_1_173' title='bbox 232 1278 339 1328; x_wconf 83' lang='lat' dir='ltr'>caelo,</span> <span class='ocrx_word' id='word_1_174' title='bbox 362 1284 403 1320; x_wconf 90' lang='lat' dir='ltr'>et</span> <span class='ocrx_word' id='word_1_175' title='bbox 423 1292 546 1332; x_wconf 84' lang='lat' dir='ltr'>supra</span> <span class='ocrx_word' id='word_1_176' title='bbox 566 1279 702 1321; x_wconf 90' lang='lat' dir='ltr'>sedem</span> <span class='ocrx_word' id='word_1_177' title='bbox 723 1280 877 1321; x_wconf 84' lang='lat' dir='ltr'>sedens.</span> <span class='ocrx_word' id='word_1_178' title='bbox 926 1282 942 1304; x_wconf 82' lang='lat'><strong>3</strong></span> <span class='ocrx_word' id='word_1_179' title='bbox 962 1280 1018 1320; x_wconf 90' lang='lat' dir='ltr'>Et</span> <span class='ocrx_word' id='word_1_180' title='bbox 1039 1280 1107 1334; x_wconf 92' lang='lat' dir='ltr'>qui</span> <span class='ocrx_word' id='word_1_181' title='bbox 1128 1280 1297 1321; x_wconf 79' lang='lat' dir='ltr'>sedebat</span> <span class='ocrx_word' id='word_1_182' title='bbox 1317 1280 1455 1321; x_wconf 88' lang='lat' dir='ltr'>similis</span> <span class='ocrx_word' id='word_1_183' title='bbox 1477 1286 1564 1322; x_wconf 86' lang='lat' dir='ltr'>erat</span> <span class='ocrx_word' id='word_1_184' title='bbox 1585 1281 1767 1334; x_wconf 89' lang='lat' dir='ltr'>aspectui</span> <span class='ocrx_word' id='word_1_185' title='bbox 1787 1281 1932 1334; x_wconf 85' lang='lat' dir='ltr'>lapidis</span> <span class='ocrx_word' id='word_1_186' title='bbox 1953 1282 2073 1335; x_wconf 90' lang='lat' dir='ltr'>iaspi-</span> 
     </span>
    </p>

    <p class='ocr_par' dir='ltr' id='par_1_10' title="bbox 170 1337 1837 1393">
     <span class='ocr_line' id='line_1_18' title="bbox 170 1337 1837 1393; baseline 0.001 -14"><span class='ocrx_word' id='word_1_187' title='bbox 170 1337 243 1387; x_wconf 86' lang='lat' dir='ltr'>dis,</span> <span class='ocrx_word' id='word_1_188' title='bbox 272 1344 313 1379; x_wconf 89' lang='lat' dir='ltr'>et</span> <span class='ocrx_word' id='word_1_189' title='bbox 338 1338 527 1379; x_wconf 88' lang='lat' dir='ltr'>sardinis:</span> <span class='ocrx_word' id='word_1_190' title='bbox 556 1344 597 1380; x_wconf 91' lang='lat' dir='ltr'>et</span> <span class='ocrx_word' id='word_1_191' title='bbox 621 1338 688 1379; x_wconf 91' lang='lat' dir='ltr'>iris</span> <span class='ocrx_word' id='word_1_192' title='bbox 715 1344 802 1379; x_wconf 91' lang='lat' dir='ltr'>erat</span> <span class='ocrx_word' id='word_1_193' title='bbox 827 1338 868 1378; x_wconf 91' lang='lat' dir='ltr'>in</span> <span class='ocrx_word' id='word_1_194' title='bbox 895 1338 1066 1379; x_wconf 88' lang='lat' dir='ltr'>circuitu</span> <span class='ocrx_word' id='word_1_195' title='bbox 1091 1338 1195 1379; x_wconf 90' lang='lat' dir='ltr'>sedis</span> <span class='ocrx_word' id='word_1_196' title='bbox 1222 1338 1360 1380; x_wconf 88' lang='lat' dir='ltr'>similis</span> <span class='ocrx_word' id='word_1_197' title='bbox 1388 1339 1532 1379; x_wconf 84' lang='lat' dir='ltr'>visioni</span> <span class='ocrx_word' id='word_1_198' title='bbox 1558 1340 1837 1393; x_wconf 67' lang='lat' dir='ltr'>smaragdinae.</span> 
     </span>
    </p>

    <p class='ocr_par' dir='ltr' id='par_1_11' title="bbox 170 1396 2270 1919">
     <span class='ocr_line' id='line_1_19' title="bbox 274 1396 2248 1459; baseline 0.002 -22"><span class='ocrx_word' id='word_1_199' title='bbox 274 1399 289 1421; x_wconf 71' lang='lat'><em>4</em></span> <span class='ocrx_word' id='word_1_200' title='bbox 313 1397 368 1438; x_wconf 80' lang='lat' dir='ltr'>Et</span> <span class='ocrx_word' id='word_1_201' title='bbox 390 1397 431 1438; x_wconf 92' lang='lat' dir='ltr'>in</span> <span class='ocrx_word' id='word_1_202' title='bbox 455 1397 626 1438; x_wconf 85' lang='lat' dir='ltr'>circuitu</span> <span class='ocrx_word' id='word_1_203' title='bbox 649 1397 752 1438; x_wconf 90' lang='lat' dir='ltr'>sedis</span> <span class='ocrx_word' id='word_1_204' title='bbox 776 1396 917 1437; x_wconf 88' lang='lat' dir='ltr'>sedilia</span> <span class='ocrx_word' id='word_1_205' title='bbox 940 1397 1303 1450; x_wconf 80' lang='lat' dir='ltr'>vigintiquattuor:</span> <span class='ocrx_word' id='word_1_206' title='bbox 1329 1402 1370 1438; x_wconf 89' lang='lat' dir='ltr'>et</span> <span class='ocrx_word' id='word_1_207' title='bbox 1392 1411 1512 1450; x_wconf 89' lang='lat' dir='ltr'>super</span> <span class='ocrx_word' id='word_1_208' title='bbox 1535 1398 1702 1439; x_wconf 86' lang='lat' dir='ltr'>thronos</span> <span class='ocrx_word' id='word_1_209' title='bbox 1727 1398 2073 1452; x_wconf 86' lang='lat' dir='ltr'>vigintiquattuor</span> <span class='ocrx_word' id='word_1_210' title='bbox 2106 1398 2248 1459; x_wconf 36' lang='lat' dir='ltr'>(gsskgtiffigr</span> 
     </span>
     <span class='ocr_line' id='line_1_20' title="bbox 171 1442 2240 1509; baseline 0.001 -12"><span class='ocrx_word' id='word_1_211' title='bbox 171 1455 343 1497; x_wconf 85' lang='lat' dir='ltr'>seniores</span> <span class='ocrx_word' id='word_1_212' title='bbox 376 1455 572 1503; x_wconf 85' lang='lat' dir='ltr'>sedentes,</span> <span class='ocrx_word' id='word_1_213' title='bbox 607 1455 899 1496; x_wconf 78' lang='lat' dir='ltr'>circumamicti</span> <span class='ocrx_word' id='word_1_214' title='bbox 931 1455 1185 1496; x_wconf 85' lang='lat' dir='ltr'>vestimentis</span> <span class='ocrx_word' id='word_1_215' title='bbox 1218 1455 1331 1501; x_wconf 84' lang='lat' dir='ltr'>albis,</span> <span class='ocrx_word' id='word_1_216' title='bbox 1366 1462 1407 1496; x_wconf 92' lang='lat' dir='ltr'>et</span> <span class='ocrx_word' id='word_1_217' title='bbox 1437 1456 1479 1496; x_wconf 91' lang='grc'>111</span> <span class='ocrx_word' id='word_1_218' title='bbox 1511 1457 1712 1509; x_wconf 79' lang='lat' dir='ltr'>capitibus</span> <span class='ocrx_word' id='word_1_219' title='bbox 1745 1469 1884 1497; x_wconf 89' lang='lat' dir='ltr'>eorum</span> <span class='ocrx_word' id='word_1_220' title='bbox 1916 1470 2074 1499; x_wconf 82' lang='lat' dir='ltr'>coronae</span> <span class='ocrx_word' id='word_1_221' title='bbox 2114 1442 2240 1494; x_wconf 61' lang='lat' dir='ltr'>ssemdres</span> 
     </span>
     <span class='ocr_line' id='line_1_21' title="bbox 172 1504 2270 1569; baseline 0.001 -14"><span class='ocrx_word' id='word_1_222' title='bbox 172 1527 318 1555; x_wconf 85' lang='lat' dir='ltr'>aureae:</span> <span class='ocrx_word' id='word_1_223' title='bbox 361 1515 376 1538; x_wconf 83' lang='lat'>⁵</span> <span class='ocrx_word' id='word_1_224' title='bbox 390 1513 446 1554; x_wconf 91' lang='lat' dir='ltr'>Et</span> <span class='ocrx_word' id='word_1_225' title='bbox 460 1513 508 1554; x_wconf 92' lang='lat' dir='ltr'>de</span> <span class='ocrx_word' id='word_1_226' title='bbox 524 1513 670 1554; x_wconf 84' lang='lat' dir='ltr'>throno</span> <span class='ocrx_word' id='word_1_227' title='bbox 684 1513 960 1566; x_wconf 81' lang='lat' dir='ltr'>procedebant</span> <span class='ocrx_word' id='word_1_228' title='bbox 975 1513 1147 1567; x_wconf 82' lang='lat' dir='ltr'>fulgura,</span> <span class='ocrx_word' id='word_1_229' title='bbox 1164 1520 1203 1555; x_wconf 85' lang='lat' dir='ltr'>et</span> <span class='ocrx_word' id='word_1_230' title='bbox 1219 1527 1349 1560; x_wconf 85' lang='lat' dir='ltr'>voces,</span> <span class='ocrx_word' id='word_1_231' title='bbox 1366 1521 1407 1555; x_wconf 89' lang='lat' dir='ltr'>et</span> <span class='ocrx_word' id='word_1_232' title='bbox 1422 1514 1621 1555; x_wconf 88' lang='lat' dir='ltr'>tonitrua:</span> <span class='ocrx_word' id='word_1_233' title='bbox 1638 1520 1679 1555; x_wconf 92' lang='lat' dir='ltr'>et</span> <span class='ocrx_word' id='word_1_234' title='bbox 1693 1521 1849 1568; x_wconf 87' lang='lat' dir='ltr'>septem</span> <span class='ocrx_word' id='word_1_235' title='bbox 1863 1515 2072 1569; x_wconf 87' lang='lat' dir='ltr'>lampades</span> <span class='ocrx_word' id='word_1_236' title='bbox 2085 1504 2270 1564; x_wconf 51' lang='grc' dir='ltr'>Θᾎξῑᾚῖᾏῖξζοῐ</span> 
     </span>
     <span class='ocr_line' id='line_1_22' title="bbox 171 1571 2075 1626; baseline 0.001 -13"><span class='ocrx_word' id='word_1_237' title='bbox 171 1572 359 1613; x_wconf 83' lang='lat' dir='ltr'>ardentes</span> <span class='ocrx_word' id='word_1_238' title='bbox 390 1577 486 1613; x_wconf 89' lang='lat' dir='ltr'>ante</span> <span class='ocrx_word' id='word_1_239' title='bbox 516 1571 723 1621; x_wconf 87' lang='lat' dir='ltr'>thronum,</span> <span class='ocrx_word' id='word_1_240' title='bbox 758 1572 826 1626; x_wconf 92' lang='lat' dir='ltr'>qui</span> <span class='ocrx_word' id='word_1_241' title='bbox 857 1578 953 1613; x_wconf 90' lang='lat' dir='ltr'>sunt</span> <span class='ocrx_word' id='word_1_242' title='bbox 983 1577 1140 1625; x_wconf 86' lang='lat' dir='ltr'>septem</span> <span class='ocrx_word' id='word_1_243' title='bbox 1170 1572 1335 1625; x_wconf 89' lang='lat' dir='ltr'>spiritus</span> <span class='ocrx_word' id='word_1_244' title='bbox 1366 1573 1453 1614; x_wconf 90' lang='lat' dir='ltr'>Dei.</span> <span class='ocrx_word' id='word_1_245' title='bbox 1516 1575 1531 1597; x_wconf 76' lang='lat'><strong>⁶</strong></span> <span class='ocrx_word' id='word_1_246' title='bbox 1561 1573 1618 1614; x_wconf 90' lang='lat' dir='ltr'>Et</span> <span class='ocrx_word' id='word_1_247' title='bbox 1647 1573 1688 1614; x_wconf 92' lang='lat' dir='ltr'>in</span> <span class='ocrx_word' id='word_1_248' title='bbox 1719 1579 1940 1626; x_wconf 89' lang='lat' dir='ltr'>conspectu</span> <span class='ocrx_word' id='word_1_249' title='bbox 1970 1575 2075 1616; x_wconf 88' lang='lat' dir='ltr'>sedis</span> 
     </span>
     <span class='ocr_line' id='line_1_23' title="bbox 170 1630 2076 1684; baseline 0.001 -12"><span class='ocrx_word' id='word_1_250' title='bbox 170 1639 386 1684; x_wconf 83' lang='lat' dir='ltr'>tamquam</span> <span class='ocrx_word' id='word_1_251' title='bbox 416 1644 527 1672; x_wconf 88' lang='lat' dir='ltr'>mare</span> <span class='ocrx_word' id='word_1_252' title='bbox 558 1631 734 1671; x_wconf 90' lang='lat' dir='ltr'>vitreum</span> <span class='ocrx_word' id='word_1_253' title='bbox 766 1630 894 1672; x_wconf 89' lang='lat' dir='ltr'>simile</span> <span class='ocrx_word' id='word_1_254' title='bbox 925 1630 1134 1684; x_wconf 89' lang='lat' dir='ltr'>crystallo:</span> <span class='ocrx_word' id='word_1_255' title='bbox 1169 1637 1208 1672; x_wconf 91' lang='lat' dir='ltr'>et</span> <span class='ocrx_word' id='word_1_256' title='bbox 1240 1631 1281 1672; x_wconf 92' lang='lat' dir='ltr'>in</span> <span class='ocrx_word' id='word_1_257' title='bbox 1311 1631 1445 1672; x_wconf 92' lang='lat' dir='ltr'>medio</span> <span class='ocrx_word' id='word_1_258' title='bbox 1476 1631 1592 1680; x_wconf 78' lang='lat' dir='ltr'>sedis,</span> <span class='ocrx_word' id='word_1_259' title='bbox 1627 1637 1667 1672; x_wconf 90' lang='lat' dir='ltr'>et</span> <span class='ocrx_word' id='word_1_260' title='bbox 1698 1632 1739 1672; x_wconf 93' lang='grc'>111</span> <span class='ocrx_word' id='word_1_261' title='bbox 1770 1632 1941 1673; x_wconf 89' lang='lat' dir='ltr'>circuitu</span> <span class='ocrx_word' id='word_1_262' title='bbox 1972 1633 2076 1674; x_wconf 90' lang='lat' dir='ltr'>sedis</span> 
     </span>
     <span class='ocr_line' id='line_1_24' title="bbox 172 1689 2073 1744; baseline 0.001 -14"><span class='ocrx_word' id='word_1_263' title='bbox 172 1694 369 1744; x_wconf 88' lang='lat' dir='ltr'>quattuor</span> <span class='ocrx_word' id='word_1_264' title='bbox 397 1689 589 1731; x_wconf 89' lang='lat' dir='ltr'>animalia</span> <span class='ocrx_word' id='word_1_265' title='bbox 616 1689 737 1742; x_wconf 90' lang='lat' dir='ltr'>plena</span> <span class='ocrx_word' id='word_1_266' title='bbox 765 1689 888 1730; x_wconf 82' lang='lat' dir='ltr'>oculis</span> <span class='ocrx_word' id='word_1_267' title='bbox 918 1694 1012 1730; x_wconf 87' lang='lat' dir='ltr'>ante</span> <span class='ocrx_word' id='word_1_268' title='bbox 1041 1695 1081 1730; x_wconf 85' lang='lat' dir='ltr'>et</span> <span class='ocrx_word' id='word_1_269' title='bbox 1110 1695 1229 1730; x_wconf 79' lang='lat' dir='ltr'>retro</span> <span class='ocrx_word' id='word_1_270' title='bbox 1290 1691 1303 1713; x_wconf 87' lang='lat'><strong>⁷</strong></span> <span class='ocrx_word' id='word_1_271' title='bbox 1332 1690 1388 1731; x_wconf 88' lang='lat' dir='ltr'>Et</span> <span class='ocrx_word' id='word_1_272' title='bbox 1416 1690 1568 1731; x_wconf 91' lang='lat' dir='ltr'>animal</span> <span class='ocrx_word' id='word_1_273' title='bbox 1595 1691 1772 1743; x_wconf 88' lang='lat' dir='ltr'>primum</span> <span class='ocrx_word' id='word_1_274' title='bbox 1801 1690 1929 1732; x_wconf 89' lang='lat' dir='ltr'>simile</span> <span class='ocrx_word' id='word_1_275' title='bbox 1956 1691 2073 1741; x_wconf 90' lang='lat' dir='ltr'>leoni,</span> 
     </span>
     <span class='ocr_line' id='line_1_25' title="bbox 171 1747 2074 1803; baseline 0.001 -14"><span class='ocrx_word' id='word_1_276' title='bbox 171 1754 213 1790; x_wconf 89' lang='lat' dir='ltr'>et</span> <span class='ocrx_word' id='word_1_277' title='bbox 235 1748 458 1789; x_wconf 85' lang='lat' dir='ltr'>secundum</span> <span class='ocrx_word' id='word_1_278' title='bbox 481 1747 633 1789; x_wconf 87' lang='lat' dir='ltr'>animal</span> <span class='ocrx_word' id='word_1_279' title='bbox 655 1747 782 1789; x_wconf 89' lang='lat' dir='ltr'>simile</span> <span class='ocrx_word' id='word_1_280' title='bbox 806 1747 948 1797; x_wconf 79' lang='lat' dir='ltr'>vitulo,</span> <span class='ocrx_word' id='word_1_281' title='bbox 974 1753 1015 1789; x_wconf 91' lang='lat' dir='ltr'>et</span> <span class='ocrx_word' id='word_1_282' title='bbox 1037 1748 1205 1789; x_wconf 89' lang='lat' dir='ltr'>tertium</span> <span class='ocrx_word' id='word_1_283' title='bbox 1229 1748 1380 1789; x_wconf 89' lang='lat' dir='ltr'>animal</span> <span class='ocrx_word' id='word_1_284' title='bbox 1402 1748 1556 1790; x_wconf 90' lang='lat' dir='ltr'>habens</span> <span class='ocrx_word' id='word_1_285' title='bbox 1580 1749 1725 1790; x_wconf 86' lang='lat' dir='ltr'>faciem</span> <span class='ocrx_word' id='word_1_286' title='bbox 1749 1749 1864 1803; x_wconf 89' lang='lat' dir='ltr'>quasi</span> <span class='ocrx_word' id='word_1_287' title='bbox 1886 1749 2074 1799; x_wconf 80' lang='lat' dir='ltr'>hominis,</span> 
     </span>
     <span class='ocr_line' id='line_1_26' title="bbox 171 1806 2071 1861; baseline 0.001 -13"><span class='ocrx_word' id='word_1_288' title='bbox 171 1812 213 1848; x_wconf 90' lang='lat' dir='ltr'>et</span> <span class='ocrx_word' id='word_1_289' title='bbox 238 1812 431 1860; x_wconf 76' lang='lat' dir='ltr'>quartiun</span> <span class='ocrx_word' id='word_1_290' title='bbox 457 1806 608 1847; x_wconf 86' lang='lat' dir='ltr'>animal</span> <span class='ocrx_word' id='word_1_291' title='bbox 632 1806 759 1847; x_wconf 86' lang='lat' dir='ltr'>simile</span> <span class='ocrx_word' id='word_1_292' title='bbox 785 1806 931 1860; x_wconf 84' lang='lat' dir='ltr'>aquilae</span> <span class='ocrx_word' id='word_1_293' title='bbox 956 1806 1123 1847; x_wconf 87' lang='lat' dir='ltr'>volanti.</span> <span class='ocrx_word' id='word_1_294' title='bbox 1180 1811 1195 1830; x_wconf 63' lang='grc' dir='ltr'>ὅ</span> <span class='ocrx_word' id='word_1_295' title='bbox 1220 1807 1275 1848; x_wconf 90' lang='lat' dir='ltr'>Et</span> <span class='ocrx_word' id='word_1_296' title='bbox 1302 1812 1499 1861; x_wconf 90' lang='lat' dir='ltr'>quattuor</span> <span class='ocrx_word' id='word_1_297' title='bbox 1523 1807 1727 1856; x_wconf 88' lang='lat' dir='ltr'>animalia,</span> <span class='ocrx_word' id='word_1_298' title='bbox 1754 1808 1912 1861; x_wconf 88' lang='lat' dir='ltr'>singula</span> <span class='ocrx_word' id='word_1_299' title='bbox 1936 1821 2071 1849; x_wconf 90' lang='lat' dir='ltr'>eorum</span> 
     </span>
     <span class='ocr_line' id='line_1_27' title="bbox 171 1865 1654 1919; baseline 0.001 -14"><span class='ocrx_word' id='word_1_300' title='bbox 171 1865 381 1907; x_wconf 88' lang='lat' dir='ltr'>habebant</span> <span class='ocrx_word' id='word_1_301' title='bbox 409 1865 493 1906; x_wconf 90' lang='lat' dir='ltr'>alas</span> <span class='ocrx_word' id='word_1_302' title='bbox 521 1878 654 1906; x_wconf 87' lang='lat' dir='ltr'>senas:</span> <span class='ocrx_word' id='word_1_303' title='bbox 685 1870 726 1906; x_wconf 88' lang='lat' dir='ltr'>et</span> <span class='ocrx_word' id='word_1_304' title='bbox 752 1865 793 1905; x_wconf 91' lang='lat' dir='ltr'>in</span> <span class='ocrx_word' id='word_1_305' title='bbox 822 1865 1005 1914; x_wconf 87' lang='lat' dir='ltr'>circuitu,</span> <span class='ocrx_word' id='word_1_306' title='bbox 1035 1871 1076 1906; x_wconf 94' lang='lat' dir='ltr'>et</span> <span class='ocrx_word' id='word_1_307' title='bbox 1103 1866 1214 1906; x_wconf 89' lang='lat' dir='ltr'>intus</span> <span class='ocrx_word' id='word_1_308' title='bbox 1242 1865 1362 1919; x_wconf 90' lang='lat' dir='ltr'>plena</span> <span class='ocrx_word' id='word_1_309' title='bbox 1389 1872 1485 1907; x_wconf 90' lang='lat' dir='ltr'>sunt</span> <span class='ocrx_word' id='word_1_310' title='bbox 1514 1866 1654 1907; x_wconf 84' lang='lat' dir='ltr'>oculis:</span> 
     </span>
    </p>

    <p class='ocr_par' dir='ltr' id='par_1_12' title="bbox 170 1923 2274 2328">
     <span class='ocr_line' id='line_1_28' title="bbox 276 1923 2254 1986; baseline 0.001 -21"><span class='ocrx_word' id='word_1_311' title='bbox 276 1929 317 1965; x_wconf 91' lang='lat' dir='ltr'>et</span> <span class='ocrx_word' id='word_1_312' title='bbox 343 1923 523 1978; x_wconf 88' lang='lat' dir='ltr'>requiem</span> <span class='ocrx_word' id='word_1_313' title='bbox 550 1936 632 1964; x_wconf 91' lang='lat' dir='ltr'>non</span> <span class='ocrx_word' id='word_1_314' title='bbox 658 1923 869 1965; x_wconf 90' lang='lat' dir='ltr'>habebant</span> <span class='ocrx_word' id='word_1_315' title='bbox 896 1924 959 1964; x_wconf 88' lang='lat' dir='ltr'>die</span> <span class='ocrx_word' id='word_1_316' title='bbox 987 1937 1034 1965; x_wconf 90' lang='lat' dir='ltr'>ac</span> <span class='ocrx_word' id='word_1_317' title='bbox 1060 1930 1191 1969; x_wconf 79' lang='lat' dir='ltr'>nocte,</span> <span class='ocrx_word' id='word_1_318' title='bbox 1222 1924 1416 1966; x_wconf 81' lang='lat' dir='ltr'>dicentia:</span> <span class='ocrx_word' id='word_1_319' title='bbox 1449 1925 1656 1974; x_wconf 85' lang='lat' dir='ltr'>bSanctus,</span> <span class='ocrx_word' id='word_1_320' title='bbox 1685 1925 1872 1973; x_wconf 83' lang='lat' dir='ltr'>Sanctus,</span> <span class='ocrx_word' id='word_1_321' title='bbox 1901 1925 2076 1967; x_wconf 87' lang='lat' dir='ltr'>Sanctus</span> <span class='ocrx_word' id='word_1_322' title='bbox 2104 1925 2254 1986; x_wconf 53' lang='lat' dir='ltr'>cffgfflggt</span> 
     </span>
     <span class='ocr_line' id='line_1_29' title="bbox 170 1980 2274 2037; baseline -0.001 -15"><span class='ocrx_word' id='word_1_323' title='bbox 170 1982 370 2023; x_wconf 88' lang='lat' dir='ltr'>Dominus</span> <span class='ocrx_word' id='word_1_324' title='bbox 398 1982 508 2024; x_wconf 92' lang='lat' dir='ltr'>Deus</span> <span class='ocrx_word' id='word_1_325' title='bbox 537 1982 806 2035; x_wconf 89' lang='lat' dir='ltr'>omnipotens,</span> <span class='ocrx_word' id='word_1_326' title='bbox 838 1983 906 2036; x_wconf 92' lang='lat' dir='ltr'>qui</span> <span class='ocrx_word' id='word_1_327' title='bbox 935 1988 1033 2032; x_wconf 83' lang='lat' dir='ltr'>erat,</span> <span class='ocrx_word' id='word_1_328' title='bbox 1063 1988 1104 2024; x_wconf 88' lang='lat' dir='ltr'>et</span> <span class='ocrx_word' id='word_1_329' title='bbox 1133 1983 1202 2036; x_wconf 90' lang='lat' dir='ltr'>qui</span> <span class='ocrx_word' id='word_1_330' title='bbox 1229 1988 1302 2032; x_wconf 90' lang='lat' dir='ltr'>est,</span> <span class='ocrx_word' id='word_1_331' title='bbox 1332 1988 1373 2024; x_wconf 91' lang='lat' dir='ltr'>et</span> <span class='ocrx_word' id='word_1_332' title='bbox 1402 1984 1470 2037; x_wconf 90' lang='lat' dir='ltr'>qui</span> <span class='ocrx_word' id='word_1_333' title='bbox 1498 1988 1695 2025; x_wconf 86' lang='lat' dir='ltr'>venturus</span> <span class='ocrx_word' id='word_1_334' title='bbox 1723 1989 1795 2024; x_wconf 90' lang='lat' dir='ltr'>est.</span> <span class='ocrx_word' id='word_1_335' title='bbox 1855 1986 1870 2008; x_wconf 77' lang='lat'>⁹</span> <span class='ocrx_word' id='word_1_336' title='bbox 1896 1983 1954 2025; x_wconf 89' lang='lat' dir='ltr'>Et</span> <span class='ocrx_word' id='word_1_337' title='bbox 1980 1980 2274 2025; x_wconf 63' lang='lat' dir='ltr'>cumethonorant.</span> 
     </span>
     <span class='ocr_line' id='line_1_30' title="bbox 172 2041 2072 2095; baseline 0.001 -13"><span class='ocrx_word' id='word_1_338' title='bbox 172 2041 317 2082; x_wconf 84' lang='lat' dir='ltr'>darent</span> <span class='ocrx_word' id='word_1_339' title='bbox 337 2041 406 2082; x_wconf 91' lang='lat' dir='ltr'>illa</span> <span class='ocrx_word' id='word_1_340' title='bbox 427 2041 620 2083; x_wconf 90' lang='lat' dir='ltr'>animalia</span> <span class='ocrx_word' id='word_1_341' title='bbox 639 2041 820 2095; x_wconf 83' lang='lat' dir='ltr'>gloriam,</span> <span class='ocrx_word' id='word_1_342' title='bbox 845 2046 886 2082; x_wconf 92' lang='lat' dir='ltr'>et</span> <span class='ocrx_word' id='word_1_343' title='bbox 906 2041 1114 2090; x_wconf 88' lang='lat' dir='ltr'>honorem,</span> <span class='ocrx_word' id='word_1_344' title='bbox 1138 2047 1179 2082; x_wconf 91' lang='lat' dir='ltr'>et</span> <span class='ocrx_word' id='word_1_345' title='bbox 1200 2041 1524 2083; x_wconf 86' lang='lat' dir='ltr'>benedictionem</span> <span class='ocrx_word' id='word_1_346' title='bbox 1547 2042 1703 2083; x_wconf 90' lang='lat' dir='ltr'>sedenti</span> <span class='ocrx_word' id='word_1_347' title='bbox 1725 2055 1845 2095; x_wconf 91' lang='lat' dir='ltr'>super</span> <span class='ocrx_word' id='word_1_348' title='bbox 1866 2042 2072 2092; x_wconf 86' lang='lat' dir='ltr'>thronum,</span> 
     </span>
     <span class='ocr_line' id='line_1_31' title="bbox 172 2099 2075 2154; baseline 0.001 -14"><span class='ocrx_word' id='word_1_349' title='bbox 172 2099 328 2141; x_wconf 87' lang='lat' dir='ltr'>viventi</span> <span class='ocrx_word' id='word_1_350' title='bbox 352 2100 394 2140; x_wconf 90' lang='lat' dir='ltr'>in</span> <span class='ocrx_word' id='word_1_351' title='bbox 419 2099 566 2141; x_wconf 78' lang='lat' dir='ltr'>saecula</span> <span class='ocrx_word' id='word_1_352' title='bbox 589 2099 839 2148; x_wconf 84' lang='lat' dir='ltr'>saeculorum,</span> <span class='ocrx_word' id='word_1_353' title='bbox 894 2102 929 2124; x_wconf 80' lang='lat'>¹⁰</span> <span class='ocrx_word' id='word_1_354' title='bbox 952 2099 1222 2153; x_wconf 87' lang='lat' dir='ltr'>procidebant</span> <span class='ocrx_word' id='word_1_355' title='bbox 1246 2100 1593 2154; x_wconf 82' lang='lat' dir='ltr'>vigintiquattuor</span> <span class='ocrx_word' id='word_1_356' title='bbox 1616 2101 1789 2142; x_wconf 89' lang='lat' dir='ltr'>seniores</span> <span class='ocrx_word' id='word_1_357' title='bbox 1816 2106 1911 2142; x_wconf 91' lang='lat' dir='ltr'>ante</span> <span class='ocrx_word' id='word_1_358' title='bbox 1936 2101 2075 2142; x_wconf 91' lang='lat' dir='ltr'>seden—</span> 
     </span>
     <span class='ocr_line' id='line_1_32' title="bbox 171 2157 2076 2208; baseline 0.001 -9"><span class='ocrx_word' id='word_1_359' title='bbox 171 2164 256 2200; x_wconf 87' lang='lat' dir='ltr'>tem</span> <span class='ocrx_word' id='word_1_360' title='bbox 279 2158 321 2199; x_wconf 90' lang='grc'>111</span> <span class='ocrx_word' id='word_1_361' title='bbox 344 2157 504 2207; x_wconf 85' lang='lat' dir='ltr'>throno,</span> <span class='ocrx_word' id='word_1_362' title='bbox 520 2163 573 2207; x_wconf 22' lang='lat' dir='ltr'>*et</span> <span class='ocrx_word' id='word_1_363' title='bbox 597 2157 826 2199; x_wconf 82' lang='lat' dir='ltr'>adorabant</span> <span class='ocrx_word' id='word_1_364' title='bbox 850 2158 1060 2199; x_wconf 82' lang='lat' dir='ltr'>viventem</span> <span class='ocrx_word' id='word_1_365' title='bbox 1083 2159 1124 2199; x_wconf 91' lang='lat' dir='ltr'>in</span> <span class='ocrx_word' id='word_1_366' title='bbox 1149 2158 1296 2200; x_wconf 83' lang='lat' dir='ltr'>saecula</span> <span class='ocrx_word' id='word_1_367' title='bbox 1319 2159 1568 2208; x_wconf 62' lang='lat' dir='ltr'>saeculorum,</span> <span class='ocrx_word' id='word_1_368' title='bbox 1595 2165 1636 2200; x_wconf 89' lang='lat' dir='ltr'>et</span> <span class='ocrx_word' id='word_1_369' title='bbox 1659 2159 1884 2200; x_wconf 85' lang='lat' dir='ltr'>mittebant</span> <span class='ocrx_word' id='word_1_370' title='bbox 1908 2172 2076 2201; x_wconf 82' lang='lat' dir='ltr'>coronas</span> 
     </span>
     <span class='ocr_line' id='line_1_33' title="bbox 171 2216 2074 2271; baseline 0.001 -13"><span class='ocrx_word' id='word_1_371' title='bbox 171 2230 264 2259; x_wconf 89' lang='lat' dir='ltr'>suas</span> <span class='ocrx_word' id='word_1_372' title='bbox 291 2222 386 2258; x_wconf 88' lang='lat' dir='ltr'>ante</span> <span class='ocrx_word' id='word_1_373' title='bbox 411 2217 606 2259; x_wconf 85' lang='lat' dir='ltr'>thronum</span> <span class='ocrx_word' id='word_1_374' title='bbox 632 2216 829 2258; x_wconf 82' lang='lat' dir='ltr'>dicentes:</span> <span class='ocrx_word' id='word_1_375' title='bbox 884 2218 915 2241; x_wconf 87' lang='lat'>11</span> <span class='ocrx_word' id='word_1_376' title='bbox 940 2217 1097 2270; x_wconf 85' lang='lat' dir='ltr'>Dignus</span> <span class='ocrx_word' id='word_1_377' title='bbox 1124 2230 1164 2258; x_wconf 90' lang='lat' dir='ltr'>es</span> <span class='ocrx_word' id='word_1_378' title='bbox 1189 2217 1364 2258; x_wconf 87' lang='lat' dir='ltr'>Domine</span> <span class='ocrx_word' id='word_1_379' title='bbox 1389 2218 1499 2258; x_wconf 91' lang='lat' dir='ltr'>Deus</span> <span class='ocrx_word' id='word_1_380' title='bbox 1525 2223 1663 2258; x_wconf 89' lang='lat' dir='ltr'>noster</span> <span class='ocrx_word' id='word_1_381' title='bbox 1689 2218 1867 2271; x_wconf 86' lang='lat' dir='ltr'>accipere</span> <span class='ocrx_word' id='word_1_382' title='bbox 1891 2218 2074 2271; x_wconf 87' lang='lat' dir='ltr'>gloriam,</span> 
     </span>
     <span class='ocr_line' id='line_1_34' title="bbox 171 2274 2074 2328; baseline 0 -11"><span class='ocrx_word' id='word_1_383' title='bbox 171 2282 213 2317; x_wconf 90' lang='lat' dir='ltr'>et</span> <span class='ocrx_word' id='word_1_384' title='bbox 232 2276 439 2325; x_wconf 86' lang='lat' dir='ltr'>honorem,</span> <span class='ocrx_word' id='word_1_385' title='bbox 462 2281 503 2317; x_wconf 89' lang='lat' dir='ltr'>et</span> <span class='ocrx_word' id='word_1_386' title='bbox 523 2275 738 2316; x_wconf 81' lang='lat' dir='ltr'>virtutem:</span> <span class='ocrx_word' id='word_1_387' title='bbox 762 2274 858 2328; x_wconf 89' lang='lat' dir='ltr'>quia</span> <span class='ocrx_word' id='word_1_388' title='bbox 878 2280 924 2315; x_wconf 90' lang='lat' dir='ltr'>tu</span> <span class='ocrx_word' id='word_1_389' title='bbox 945 2275 1088 2316; x_wconf 88' lang='lat' dir='ltr'>creasti</span> <span class='ocrx_word' id='word_1_390' title='bbox 1111 2275 1258 2323; x_wconf 88' lang='lat' dir='ltr'>omnia,</span> <span class='ocrx_word' id='word_1_391' title='bbox 1281 2281 1322 2316; x_wconf 90' lang='lat' dir='ltr'>et</span> <span class='ocrx_word' id='word_1_392' title='bbox 1343 2281 1509 2328; x_wconf 85' lang='lat' dir='ltr'>propter</span> <span class='ocrx_word' id='word_1_393' title='bbox 1529 2276 1787 2317; x_wconf 81' lang='lat' dir='ltr'>voluntatem</span> <span class='ocrx_word' id='word_1_394' title='bbox 1808 2281 1923 2317; x_wconf 91' lang='lat' dir='ltr'>tuam</span> <span class='ocrx_word' id='word_1_395' title='bbox 1944 2282 2074 2325; x_wconf 76' lang='lat' dir='ltr'>erant,</span> 
     </span>
    </p>
   </div>
   <div class='ocr_carea' id='block_1_10' title="bbox 171 2339 2263 2532">
    <p class='ocr_par' dir='ltr' id='par_1_13' title="bbox 171 2339 2263 2532">
     <span class='ocr_line' id='line_1_35' title="bbox 171 2339 513 2376; baseline -0.003 0"><span class='ocrx_word' id='word_1_396' title='bbox 171 2339 213 2376; x_wconf 88' lang='lat' dir='ltr'>et</span> <span class='ocrx_word' id='word_1_397' title='bbox 241 2339 378 2375; x_wconf 81' lang='lat' dir='ltr'>creata</span> <span class='ocrx_word' id='word_1_398' title='bbox 406 2339 513 2376; x_wconf 89' lang='lat' dir='ltr'>sunt.</span> 
     </span>
     <span class='ocr_line' id='line_1_36' title="bbox 727 2408 1467 2460; baseline 0.003 -13"><span class='ocrx_word' id='word_1_399' title='bbox 727 2442 734 2446; x_wconf 69' lang='grc'>,</span> <span class='ocrx_word' id='word_1_400' title='bbox 773 2410 812 2448; x_wconf 87' lang='grc'>2.</span> <span class='ocrx_word' id='word_1_401' title='bbox 842 2408 975 2448; x_wconf 80' lang='lat' dir='ltr'>Liber</span> <span class='ocrx_word' id='word_1_402' title='bbox 1004 2408 1234 2460; x_wconf 81' lang='lat' dir='ltr'>signatus,</span> <span class='ocrx_word' id='word_1_403' title='bbox 1264 2408 1302 2459; x_wconf 91' lang='grc'>5,</span> <span class='ocrx_word' id='word_1_404' title='bbox 1321 2409 1467 2449; x_wconf 84' lang='grc'>1-14.</span> 
     </span>
     <span class='ocr_line' id='line_1_37' title="bbox 275 2478 2263 2532; baseline -0.001 -10"><span class='ocrx_word' id='word_1_405' title='bbox 275 2479 314 2522; x_wconf 82' lang='lat'>5.</span> <span class='ocrx_word' id='word_1_406' title='bbox 368 2481 383 2503; x_wconf 81' lang='lat'>1</span> <span class='ocrx_word' id='word_1_407' title='bbox 412 2478 467 2519; x_wconf 88' lang='lat' dir='ltr'>Et</span> <span class='ocrx_word' id='word_1_408' title='bbox 498 2478 582 2519; x_wconf 83' lang='lat' dir='ltr'>vidi</span> <span class='ocrx_word' id='word_1_409' title='bbox 611 2478 653 2520; x_wconf 90' lang='grc'>111</span> <span class='ocrx_word' id='word_1_410' title='bbox 684 2479 854 2521; x_wconf 82' lang='lat' dir='ltr'>dextera</span> <span class='ocrx_word' id='word_1_411' title='bbox 883 2479 1060 2521; x_wconf 91' lang='lat' dir='ltr'>sedentis</span> <span class='ocrx_word' id='word_1_412' title='bbox 1091 2492 1215 2532; x_wconf 89' lang='lat' dir='ltr'>supra</span> <span class='ocrx_word' id='word_1_413' title='bbox 1245 2479 1451 2528; x_wconf 88' lang='lat' dir='ltr'>thronum,</span> <span class='ocrx_word' id='word_1_414' title='bbox 1484 2479 1631 2520; x_wconf 87' lang='lat' dir='ltr'>librum</span> <span class='ocrx_word' id='word_1_415' title='bbox 1663 2479 1860 2532; x_wconf 87' lang='lat' dir='ltr'>scriptum</span> <span class='ocrx_word' id='word_1_416' title='bbox 1890 2479 2001 2521; x_wconf 86' lang='lat' dir='ltr'>intus</span> <span class='ocrx_word' id='word_1_417' title='bbox 2032 2485 2073 2521; x_wconf 91' lang='lat' dir='ltr'>et</span> <span class='ocrx_word' id='word_1_418' title='bbox 2092 2483 2213 2508; x_wconf 66' lang='lat' dir='ltr'>Librum</span> <span class='ocrx_word' id='word_1_419' title='bbox 2234 2484 2263 2508; x_wconf 77' lang='lat' dir='ltr'>m</span> 
     </span>
    </p>
   </div>
   <div class='ocr_carea' id='block_1_11' title="bbox 171 2519 2267 3352">
    <p class='ocr_par' dir='ltr' id='par_1_14' title="bbox 171 2519 2267 2767">
     <span class='ocr_line' id='line_1_38' title="bbox 171 2519 2241 2593; baseline -0 -14"><span class='ocrx_word' id='word_1_420' title='bbox 171 2538 279 2588; x_wconf 86' lang='lat' dir='ltr'>foris,</span> <span class='ocrx_word' id='word_1_421' title='bbox 316 2537 522 2591; x_wconf 86' lang='lat' dir='ltr'>signatum</span> <span class='ocrx_word' id='word_1_422' title='bbox 556 2537 691 2591; x_wconf 87' lang='lat' dir='ltr'>sigillis</span> <span class='ocrx_word' id='word_1_423' title='bbox 727 2544 895 2592; x_wconf 88' lang='lat' dir='ltr'>septem.</span> <span class='ocrx_word' id='word_1_424' title='bbox 959 2540 973 2562; x_wconf 76' lang='lat'>2</span> <span class='ocrx_word' id='word_1_425' title='bbox 1008 2538 1064 2579; x_wconf 91' lang='lat' dir='ltr'>Et</span> <span class='ocrx_word' id='word_1_426' title='bbox 1098 2538 1182 2578; x_wconf 83' lang='lat' dir='ltr'>vidi</span> <span class='ocrx_word' id='word_1_427' title='bbox 1216 2538 1417 2593; x_wconf 87' lang='lat' dir='ltr'>Angelum</span> <span class='ocrx_word' id='word_1_428' title='bbox 1453 2538 1612 2588; x_wconf 82' lang='lat' dir='ltr'>fortem,</span> <span class='ocrx_word' id='word_1_429' title='bbox 1649 2538 1939 2591; x_wconf 85' lang='lat' dir='ltr'>praedicantem</span> <span class='ocrx_word' id='word_1_430' title='bbox 1974 2551 2072 2579; x_wconf 89' lang='lat' dir='ltr'>voce</span> <span class='ocrx_word' id='word_1_431' title='bbox 2111 2519 2241 2593; x_wconf 61' lang='grc' dir='ltr'>ἓὲἔέιῗῖῗε</span> 
     </span>
     <span class='ocr_line' id='line_1_39' title="bbox 172 2589 2267 2655; baseline 0.001 -19"><span class='ocrx_word' id='word_1_432' title='bbox 172 2609 338 2650; x_wconf 84' lang='lat' dir='ltr'>magna:</span> <span class='ocrx_word' id='word_1_433' title='bbox 358 2595 456 2644; x_wconf 85' lang='lat' dir='ltr'>Quis</span> <span class='ocrx_word' id='word_1_434' title='bbox 473 2601 534 2637; x_wconf 91' lang='lat' dir='ltr'>est</span> <span class='ocrx_word' id='word_1_435' title='bbox 551 2595 695 2649; x_wconf 88' lang='lat' dir='ltr'>dignus</span> <span class='ocrx_word' id='word_1_436' title='bbox 714 2596 867 2652; x_wconf 87' lang='lat' dir='ltr'>aperire</span> <span class='ocrx_word' id='word_1_437' title='bbox 883 2596 1045 2646; x_wconf 87' lang='lat' dir='ltr'>librum,</span> <span class='ocrx_word' id='word_1_438' title='bbox 1064 2602 1106 2638; x_wconf 88' lang='lat' dir='ltr'>et</span> <span class='ocrx_word' id='word_1_439' title='bbox 1122 2596 1276 2638; x_wconf 84' lang='lat' dir='ltr'>solvere</span> <span class='ocrx_word' id='word_1_440' title='bbox 1293 2596 1500 2650; x_wconf 85' lang='lat' dir='ltr'>signacula</span> <span class='ocrx_word' id='word_1_441' title='bbox 1517 2596 1625 2637; x_wconf 84' lang='lat' dir='ltr'>eius?</span> <span class='ocrx_word' id='word_1_442' title='bbox 1669 2599 1685 2621; x_wconf 78' lang='lat'>³</span> <span class='ocrx_word' id='word_1_443' title='bbox 1701 2597 1757 2638; x_wconf 88' lang='lat' dir='ltr'>Et</span> <span class='ocrx_word' id='word_1_444' title='bbox 1773 2609 1892 2638; x_wconf 91' lang='lat' dir='ltr'>nemo</span> <span class='ocrx_word' id='word_1_445' title='bbox 1909 2602 2071 2650; x_wconf 87' lang='lat' dir='ltr'>poterat</span> <span class='ocrx_word' id='word_1_446' title='bbox 2088 2589 2267 2655; x_wconf 47' lang='grc' dir='ltr'>1λῖῗρξέῌῦ</span> 
     </span>
     <span class='ocr_line' id='line_1_40' title="bbox 171 2654 2226 2709; baseline 0 -12"><span class='ocrx_word' id='word_1_447' title='bbox 171 2668 304 2708; x_wconf 84' lang='lat' dir='ltr'>neque</span> <span class='ocrx_word' id='word_1_448' title='bbox 323 2655 365 2696; x_wconf 90' lang='lat' dir='ltr'>in</span> <span class='ocrx_word' id='word_1_449' title='bbox 387 2654 494 2703; x_wconf 78' lang='lat' dir='ltr'>eaelo,</span> <span class='ocrx_word' id='word_1_450' title='bbox 517 2668 648 2708; x_wconf 92' lang='lat' dir='ltr'>neque</span> <span class='ocrx_word' id='word_1_451' title='bbox 669 2655 712 2698; x_wconf 90' lang='lat' dir='ltr'>in</span> <span class='ocrx_word' id='word_1_452' title='bbox 733 2660 852 2705; x_wconf 91' lang='lat' dir='ltr'>terra,</span> <span class='ocrx_word' id='word_1_453' title='bbox 875 2669 1007 2709; x_wconf 88' lang='lat' dir='ltr'>neque</span> <span class='ocrx_word' id='word_1_454' title='bbox 1028 2655 1173 2696; x_wconf 91' lang='lat' dir='ltr'>subtus</span> <span class='ocrx_word' id='word_1_455' title='bbox 1195 2660 1346 2696; x_wconf 90' lang='lat' dir='ltr'>terram</span> <span class='ocrx_word' id='word_1_456' title='bbox 1368 2655 1521 2709; x_wconf 86' lang='lat' dir='ltr'>aperire</span> <span class='ocrx_word' id='word_1_457' title='bbox 1542 2655 1702 2704; x_wconf 84' lang='lat' dir='ltr'>librum,</span> <span class='ocrx_word' id='word_1_458' title='bbox 1726 2668 1857 2708; x_wconf 91' lang='lat' dir='ltr'>neque</span> <span class='ocrx_word' id='word_1_459' title='bbox 1877 2655 2072 2708; x_wconf 87' lang='lat' dir='ltr'>respicere</span> <span class='ocrx_word' id='word_1_460' title='bbox 2128 2660 2226 2690; x_wconf 64' lang='lat' dir='ltr'>Potest</span> 
     </span>
     <span class='ocr_line' id='line_1_41' title="bbox 171 2712 2072 2767; baseline -0.001 -13"><span class='ocrx_word' id='word_1_461' title='bbox 171 2714 297 2755; x_wconf 87' lang='lat' dir='ltr'>illum.</span> <span class='ocrx_word' id='word_1_462' title='bbox 345 2715 361 2738; x_wconf 73' lang='lat'>4</span> <span class='ocrx_word' id='word_1_463' title='bbox 379 2713 436 2755; x_wconf 90' lang='lat' dir='ltr'>Et</span> <span class='ocrx_word' id='word_1_464' title='bbox 455 2725 527 2766; x_wconf 86' lang='lat' dir='ltr'>ego</span> <span class='ocrx_word' id='word_1_465' title='bbox 547 2712 696 2754; x_wconf 91' lang='lat' dir='ltr'>flebam</span> <span class='ocrx_word' id='word_1_466' title='bbox 716 2714 905 2763; x_wconf 89' lang='lat' dir='ltr'>multum,</span> <span class='ocrx_word' id='word_1_467' title='bbox 929 2714 1122 2767; x_wconf 89' lang='lat' dir='ltr'>quoniam</span> <span class='ocrx_word' id='word_1_468' title='bbox 1142 2727 1261 2755; x_wconf 89' lang='lat' dir='ltr'>nemo</span> <span class='ocrx_word' id='word_1_469' title='bbox 1282 2713 1426 2767; x_wconf 83' lang='lat' dir='ltr'>dignus</span> <span class='ocrx_word' id='word_1_470' title='bbox 1446 2713 1637 2755; x_wconf 83' lang='lat' dir='ltr'>inventus</span> <span class='ocrx_word' id='word_1_471' title='bbox 1658 2718 1720 2755; x_wconf 89' lang='lat' dir='ltr'>est</span> <span class='ocrx_word' id='word_1_472' title='bbox 1739 2713 1892 2766; x_wconf 87' lang='lat' dir='ltr'>aperire</span> <span class='ocrx_word' id='word_1_473' title='bbox 1911 2713 2072 2758; x_wconf 78' lang='lat' dir='ltr'>librum.</span> 
     </span>
    </p>

    <p class='ocr_par' dir='ltr' id='par_1_15' title="bbox 171 2771 2073 2814">
     <span class='ocr_line' id='line_1_42' title="bbox 171 2771 2073 2814; baseline -0.001 0"><span class='ocrx_word' id='word_1_474' title='bbox 171 2786 245 2814; x_wconf 89' lang='lat' dir='ltr'>nec</span> <span class='ocrx_word' id='word_1_475' title='bbox 268 2771 405 2813; x_wconf 87' lang='lat' dir='ltr'>videre</span> <span class='ocrx_word' id='word_1_476' title='bbox 428 2785 533 2813; x_wconf 89' lang='lat' dir='ltr'>eum.</span> <span class='ocrx_word' id='word_1_477' title='bbox 585 2773 600 2796; x_wconf 88' lang='lat'>⁵</span> <span class='ocrx_word' id='word_1_478' title='bbox 623 2772 679 2813; x_wconf 90' lang='lat' dir='ltr'>Et</span> <span class='ocrx_word' id='word_1_479' title='bbox 703 2785 806 2814; x_wconf 90' lang='lat' dir='ltr'>unus</span> <span class='ocrx_word' id='word_1_480' title='bbox 831 2772 879 2814; x_wconf 90' lang='lat' dir='ltr'>de</span> <span class='ocrx_word' id='word_1_481' title='bbox 903 2772 1126 2814; x_wconf 88' lang='lat' dir='ltr'>senioribus</span> <span class='ocrx_word' id='word_1_482' title='bbox 1150 2772 1255 2814; x_wconf 80' lang='lat' dir='ltr'>dixit</span> <span class='ocrx_word' id='word_1_483' title='bbox 1278 2772 1394 2813; x_wconf 86' lang='lat' dir='ltr'>mihi:</span> <span class='ocrx_word' id='word_1_484' title='bbox 1422 2772 1481 2813; x_wconf 91' lang='lat' dir='ltr'>Ne</span> <span class='ocrx_word' id='word_1_485' title='bbox 1504 2771 1679 2813; x_wconf 89' lang='lat' dir='ltr'>fleveris:</span> <span class='ocrx_word' id='word_1_486' title='bbox 1705 2785 1793 2813; x_wconf 87' lang='lat' dir='ltr'>ecce</span> <span class='ocrx_word' id='word_1_487' title='bbox 1818 2771 1916 2812; x_wconf 79' lang='lat' dir='ltr'>Vicit</span> <span class='ocrx_word' id='word_1_488' title='bbox 1938 2771 2000 2813; x_wconf 90' lang='lat' dir='ltr'>leo</span> <span class='ocrx_word' id='word_1_489' title='bbox 2024 2772 2073 2812; x_wconf 93' lang='lat' dir='ltr'>de</span> 
     </span>
    </p>

    <p class='ocr_par' dir='ltr' id='par_1_16' title="bbox 172 2829 1940 2884">
     <span class='ocr_line' id='line_1_43' title="bbox 172 2829 1940 2884; baseline 0.001 -13"><span class='ocrx_word' id='word_1_490' title='bbox 172 2831 283 2872; x_wconf 87' lang='lat' dir='ltr'>tribu</span> <span class='ocrx_word' id='word_1_491' title='bbox 316 2830 430 2879; x_wconf 90' lang='lat' dir='ltr'>Iuda,</span> <span class='ocrx_word' id='word_1_492' title='bbox 461 2829 579 2871; x_wconf 87' lang='lat' dir='ltr'>radix</span> <span class='ocrx_word' id='word_1_493' title='bbox 608 2830 757 2880; x_wconf 81' lang='lat' dir='ltr'>David,</span> <span class='ocrx_word' id='word_1_494' title='bbox 791 2831 944 2884; x_wconf 88' lang='lat' dir='ltr'>aperire</span> <span class='ocrx_word' id='word_1_495' title='bbox 973 2830 1135 2880; x_wconf 88' lang='lat' dir='ltr'>librum,</span> <span class='ocrx_word' id='word_1_496' title='bbox 1167 2836 1209 2872; x_wconf 89' lang='lat' dir='ltr'>et</span> <span class='ocrx_word' id='word_1_497' title='bbox 1238 2831 1392 2872; x_wconf 89' lang='lat' dir='ltr'>solvere</span> <span class='ocrx_word' id='word_1_498' title='bbox 1422 2835 1579 2884; x_wconf 90' lang='lat' dir='ltr'>septem</span> <span class='ocrx_word' id='word_1_499' title='bbox 1608 2830 1815 2883; x_wconf 84' lang='lat' dir='ltr'>signacula</span> <span class='ocrx_word' id='word_1_500' title='bbox 1845 2830 1940 2872; x_wconf 91' lang='lat' dir='ltr'>eius.</span> 
     </span>
    </p>

    <p class='ocr_par' dir='ltr' id='par_1_17' title="bbox 173 2888 2234 3106">
     <span class='ocr_line' id='line_1_44' title="bbox 280 2888 2222 2950; baseline 0 -21"><span class='ocrx_word' id='word_1_501' title='bbox 280 2891 296 2914; x_wconf 67' lang='grc' dir='ltr'><strong>ὃ</strong></span> <span class='ocrx_word' id='word_1_502' title='bbox 312 2889 369 2929; x_wconf 89' lang='lat' dir='ltr'>Et</span> <span class='ocrx_word' id='word_1_503' title='bbox 386 2888 488 2929; x_wconf 87' lang='lat' dir='ltr'>vidi:</span> <span class='ocrx_word' id='word_1_504' title='bbox 508 2894 550 2930; x_wconf 90' lang='lat' dir='ltr'>et</span> <span class='ocrx_word' id='word_1_505' title='bbox 568 2902 657 2930; x_wconf 90' lang='lat' dir='ltr'>ecce</span> <span class='ocrx_word' id='word_1_506' title='bbox 674 2889 716 2930; x_wconf 92' lang='lat' dir='ltr'>in</span> <span class='ocrx_word' id='word_1_507' title='bbox 734 2890 868 2931; x_wconf 89' lang='lat' dir='ltr'>medio</span> <span class='ocrx_word' id='word_1_508' title='bbox 887 2889 1022 2930; x_wconf 85' lang='lat' dir='ltr'>throni</span> <span class='ocrx_word' id='word_1_509' title='bbox 1041 2895 1082 2931; x_wconf 90' lang='lat' dir='ltr'>et</span> <span class='ocrx_word' id='word_1_510' title='bbox 1101 2894 1298 2943; x_wconf 88' lang='lat' dir='ltr'>quattuor</span> <span class='ocrx_word' id='word_1_511' title='bbox 1316 2889 1565 2938; x_wconf 89' lang='lat' dir='ltr'>animalium,</span> <span class='ocrx_word' id='word_1_512' title='bbox 1585 2894 1627 2930; x_wconf 92' lang='lat' dir='ltr'>et</span> <span class='ocrx_word' id='word_1_513' title='bbox 1643 2889 1685 2929; x_wconf 92' lang='lat' dir='ltr'>in</span> <span class='ocrx_word' id='word_1_514' title='bbox 1703 2888 1836 2929; x_wconf 91' lang='lat' dir='ltr'>medio</span> <span class='ocrx_word' id='word_1_515' title='bbox 1855 2889 2069 2935; x_wconf 77' lang='lat' dir='ltr'>seniorum,</span> <span class='ocrx_word' id='word_1_516' title='bbox 2130 2897 2222 2950; x_wconf 35' lang='lat' dir='ltr'>{1¹¹5ss</span> 
     </span>
     <span class='ocr_line' id='line_1_45' title="bbox 173 2932 2234 3002; baseline -0.001 -15"><span class='ocrx_word' id='word_1_517' title='bbox 173 2960 323 3001; x_wconf 81' lang='lat' dir='ltr'>agnum</span> <span class='ocrx_word' id='word_1_518' title='bbox 353 2952 533 2988; x_wconf 89' lang='lat' dir='ltr'>stantem</span> <span class='ocrx_word' id='word_1_519' title='bbox 563 2952 777 3001; x_wconf 86' lang='lat' dir='ltr'>tamquam</span> <span class='ocrx_word' id='word_1_520' title='bbox 808 2948 996 2996; x_wconf 84' lang='lat' dir='ltr'>occisum,</span> <span class='ocrx_word' id='word_1_521' title='bbox 1028 2947 1249 2989; x_wconf 89' lang='lat' dir='ltr'>habentem</span> <span class='ocrx_word' id='word_1_522' title='bbox 1279 2960 1431 2988; x_wconf 90' lang='lat' dir='ltr'>cornua</span> <span class='ocrx_word' id='word_1_523' title='bbox 1459 2953 1627 3000; x_wconf 86' lang='lat' dir='ltr'>septem,</span> <span class='ocrx_word' id='word_1_524' title='bbox 1660 2953 1701 2988; x_wconf 90' lang='lat' dir='ltr'>et</span> <span class='ocrx_word' id='word_1_525' title='bbox 1731 2947 1865 2989; x_wconf 86' lang='lat' dir='ltr'>oculos</span> <span class='ocrx_word' id='word_1_526' title='bbox 1896 2953 2069 3002; x_wconf 89' lang='lat' dir='ltr'>septem:</span> <span class='ocrx_word' id='word_1_527' title='bbox 2115 2932 2234 2990; x_wconf 61' lang='grc' dir='ltr'>οοὲῗζιιε,</span> 
     </span>
     <span class='ocr_line' id='line_1_46' title="bbox 175 3005 2072 3059; baseline -0.001 -13"><span class='ocrx_word' id='word_1_528' title='bbox 175 3006 243 3059; x_wconf 92' lang='lat' dir='ltr'>qui</span> <span class='ocrx_word' id='word_1_529' title='bbox 269 3010 366 3047; x_wconf 88' lang='lat' dir='ltr'>sunt</span> <span class='ocrx_word' id='word_1_530' title='bbox 390 3010 547 3059; x_wconf 91' lang='lat' dir='ltr'>septem</span> <span class='ocrx_word' id='word_1_531' title='bbox 573 3006 737 3059; x_wconf 89' lang='lat' dir='ltr'>spiritus</span> <span class='ocrx_word' id='word_1_532' title='bbox 763 3006 852 3056; x_wconf 89' lang='lat' dir='ltr'>Dei,</span> <span class='ocrx_word' id='word_1_533' title='bbox 880 3007 989 3048; x_wconf 87' lang='lat' dir='ltr'>missi</span> <span class='ocrx_word' id='word_1_534' title='bbox 1016 3006 1056 3047; x_wconf 93' lang='lat' dir='ltr'>in</span> <span class='ocrx_word' id='word_1_535' title='bbox 1084 3019 1245 3047; x_wconf 92' lang='lat' dir='ltr'>omnem</span> <span class='ocrx_word' id='word_1_536' title='bbox 1274 3011 1433 3047; x_wconf 88' lang='lat' dir='ltr'>terram.</span> <span class='ocrx_word' id='word_1_537' title='bbox 1492 3008 1505 3029; x_wconf 85' lang='lat'><strong>⁷</strong></span> <span class='ocrx_word' id='word_1_538' title='bbox 1532 3005 1588 3046; x_wconf 90' lang='lat' dir='ltr'>Et</span> <span class='ocrx_word' id='word_1_539' title='bbox 1614 3005 1744 3046; x_wconf 84' lang='lat' dir='ltr'>venit:</span> <span class='ocrx_word' id='word_1_540' title='bbox 1773 3011 1814 3047; x_wconf 91' lang='lat' dir='ltr'>et</span> <span class='ocrx_word' id='word_1_541' title='bbox 1841 3005 1996 3059; x_wconf 89' lang='lat' dir='ltr'>accepit</span> <span class='ocrx_word' id='word_1_542' title='bbox 2023 3005 2072 3045; x_wconf 91' lang='lat' dir='ltr'>de</span> 
     </span>
     <span class='ocr_line' id='line_1_47' title="bbox 173 3063 991 3106; baseline 0 0"><span class='ocrx_word' id='word_1_543' title='bbox 173 3065 343 3106; x_wconf 86' lang='lat' dir='ltr'>dextera</span> <span class='ocrx_word' id='word_1_544' title='bbox 372 3063 549 3105; x_wconf 86' lang='lat' dir='ltr'>sedentis</span> <span class='ocrx_word' id='word_1_545' title='bbox 579 3064 621 3105; x_wconf 94' lang='lat' dir='ltr'>in</span> <span class='ocrx_word' id='word_1_546' title='bbox 652 3064 800 3105; x_wconf 91' lang='lat' dir='ltr'>throno</span> <span class='ocrx_word' id='word_1_547' title='bbox 831 3065 991 3106; x_wconf 88' lang='lat' dir='ltr'>librum.</span> 
     </span>
    </p>

    <p class='ocr_par' dir='ltr' id='par_1_18' title="bbox 173 3121 2263 3352">
     <span class='ocr_line' id='line_1_48' title="bbox 280 3121 2262 3180; baseline 0 -18"><span class='ocrx_word' id='word_1_548' title='bbox 280 3124 296 3146; x_wconf 79' lang='lat'>⁸</span> <span class='ocrx_word' id='word_1_549' title='bbox 326 3121 383 3163; x_wconf 90' lang='lat' dir='ltr'>Et</span> <span class='ocrx_word' id='word_1_550' title='bbox 413 3135 506 3163; x_wconf 86' lang='lat' dir='ltr'>cum</span> <span class='ocrx_word' id='word_1_551' title='bbox 537 3122 761 3175; x_wconf 89' lang='lat' dir='ltr'>aperuisset</span> <span class='ocrx_word' id='word_1_552' title='bbox 790 3122 951 3173; x_wconf 91' lang='lat' dir='ltr'>librum,</span> <span class='ocrx_word' id='word_1_553' title='bbox 986 3128 1183 3177; x_wconf 87' lang='lat' dir='ltr'>quattuor</span> <span class='ocrx_word' id='word_1_554' title='bbox 1214 3122 1416 3171; x_wconf 79' lang='lat' dir='ltr'>animalia,</span> <span class='ocrx_word' id='word_1_555' title='bbox 1450 3127 1491 3163; x_wconf 89' lang='lat' dir='ltr'>et</span> <span class='ocrx_word' id='word_1_556' title='bbox 1522 3122 1867 3176; x_wconf 82' lang='lat' dir='ltr'>vigintiquattuor</span> <span class='ocrx_word' id='word_1_557' title='bbox 1897 3121 2070 3163; x_wconf 87' lang='lat' dir='ltr'>seniores</span> <span class='ocrx_word' id='word_1_558' title='bbox 2087 3121 2262 3180; x_wconf 43' lang='lat' dir='ltr'>afflatas</span> 
     </span>
     <span class='ocr_line' id='line_1_49' title="bbox 174 3179 2263 3237; baseline -0.004 -15"><span class='ocrx_word' id='word_1_559' title='bbox 174 3181 405 3223; x_wconf 76' lang='lat' dir='ltr'>ceciderunt</span> <span class='ocrx_word' id='word_1_560' title='bbox 436 3193 571 3221; x_wconf 89' lang='lat' dir='ltr'>coram</span> <span class='ocrx_word' id='word_1_561' title='bbox 603 3193 719 3234; x_wconf 86' lang='lat' dir='ltr'>agno,</span> <span class='ocrx_word' id='word_1_562' title='bbox 751 3180 948 3223; x_wconf 89' lang='lat' dir='ltr'>habentes</span> <span class='ocrx_word' id='word_1_563' title='bbox 979 3181 1124 3235; x_wconf 86' lang='lat' dir='ltr'>singuli</span> <span class='ocrx_word' id='word_1_564' title='bbox 1155 3180 1343 3230; x_wconf 87' lang='lat' dir='ltr'>citharas,</span> <span class='ocrx_word' id='word_1_565' title='bbox 1376 3185 1417 3222; x_wconf 91' lang='lat' dir='ltr'>et</span> <span class='ocrx_word' id='word_1_566' title='bbox 1447 3180 1603 3234; x_wconf 83' lang='lat' dir='ltr'>phialas</span> <span class='ocrx_word' id='word_1_567' title='bbox 1634 3194 1775 3222; x_wconf 88' lang='lat' dir='ltr'>aureas</span> <span class='ocrx_word' id='word_1_568' title='bbox 1805 3180 1944 3233; x_wconf 82' lang='lat' dir='ltr'>plenas</span> <span class='ocrx_word' id='word_1_569' title='bbox 1976 3179 2070 3220; x_wconf 89' lang='lat' dir='ltr'>odo-</span> <span class='ocrx_word' id='word_1_570' title='bbox 2084 3192 2114 3216; x_wconf 75' lang='lat' dir='ltr'>et</span> <span class='ocrx_word' id='word_1_571' title='bbox 2136 3190 2263 3237; x_wconf 46' lang='grc'>2159111-</span> 
     </span>
     <span class='ocr_line' id='line_1_50' title="bbox 173 3225 2227 3292; baseline -0.002 -11"><span class='ocrx_word' id='word_1_572' title='bbox 173 3244 464 3288; x_wconf 83' lang='lat' dir='ltr'>ramentorum,</span> <span class='ocrx_word' id='word_1_573' title='bbox 498 3251 588 3292; x_wconf 81' lang='lat' dir='ltr'>quae</span> <span class='ocrx_word' id='word_1_574' title='bbox 618 3244 715 3280; x_wconf 89' lang='lat' dir='ltr'>sunt</span> <span class='ocrx_word' id='word_1_575' title='bbox 745 3239 947 3281; x_wconf 88' lang='lat' dir='ltr'>orationes</span> <span class='ocrx_word' id='word_1_576' title='bbox 978 3244 1231 3281; x_wconf 89' lang='lat' dir='ltr'>sanctorum:</span> <span class='ocrx_word' id='word_1_577' title='bbox 1293 3241 1308 3263; x_wconf 80' lang='lat'>⁹</span> <span class='ocrx_word' id='word_1_578' title='bbox 1339 3243 1380 3280; x_wconf 91' lang='lat' dir='ltr'>et</span> <span class='ocrx_word' id='word_1_579' title='bbox 1411 3238 1638 3281; x_wconf 85' lang='lat' dir='ltr'>cantabant</span> <span class='ocrx_word' id='word_1_580' title='bbox 1668 3239 1872 3280; x_wconf 90' lang='lat' dir='ltr'>canticum</span> <span class='ocrx_word' id='word_1_581' title='bbox 1902 3251 2068 3286; x_wconf 85' lang='lat' dir='ltr'>novum,</span> <span class='ocrx_word' id='word_1_582' title='bbox 2120 3225 2227 3255; x_wconf 66' lang='lat'>⁰‘¹¹³¹¹²’</span> 
     </span>
     <span class='ocr_line' id='line_1_51' title="bbox 175 3295 2070 3352; baseline -0.002 -14"><span class='ocrx_word' id='word_1_583' title='bbox 175 3298 372 3340; x_wconf 88' lang='lat' dir='ltr'>dicentes:</span> <span class='ocrx_word' id='word_1_584' title='bbox 402 3296 559 3350; x_wconf 86' lang='lat' dir='ltr'>Dignus</span> <span class='ocrx_word' id='word_1_585' title='bbox 589 3310 629 3338; x_wconf 91' lang='lat' dir='ltr'>es</span> <span class='ocrx_word' id='word_1_586' title='bbox 657 3296 832 3338; x_wconf 90' lang='lat' dir='ltr'>Domine</span> <span class='ocrx_word' id='word_1_587' title='bbox 862 3298 1040 3351; x_wconf 89' lang='lat' dir='ltr'>accipere</span> <span class='ocrx_word' id='word_1_588' title='bbox 1067 3297 1228 3345; x_wconf 85' lang='lat' dir='ltr'>librum,</span> <span class='ocrx_word' id='word_1_589' title='bbox 1260 3303 1301 3339; x_wconf 91' lang='lat' dir='ltr'>et</span> <span class='ocrx_word' id='word_1_590' title='bbox 1330 3297 1483 3350; x_wconf 88' lang='lat' dir='ltr'>aperire</span> <span class='ocrx_word' id='word_1_591' title='bbox 1511 3297 1717 3352; x_wconf 86' lang='lat' dir='ltr'>signacula</span> <span class='ocrx_word' id='word_1_592' title='bbox 1745 3296 1847 3338; x_wconf 88' lang='lat' dir='ltr'>eius:</span> <span class='ocrx_word' id='word_1_593' title='bbox 1879 3295 2070 3350; x_wconf 90' lang='lat' dir='ltr'>quoniam</span> 
     </span>
    </p>
   </div>
   <div class='ocr_carea' id='block_1_12' title="bbox 176 3353 2068 3411">
    <p class='ocr_par' dir='ltr' id='par_1_19' title="bbox 176 3353 2068 3411">
     <span class='ocr_line' id='line_1_52' title="bbox 176 3353 2068 3411; baseline -0.002 -15"><span class='ocrx_word' id='word_1_594' title='bbox 176 3356 328 3399; x_wconf 86' lang='lat' dir='ltr'>occisus</span> <span class='ocrx_word' id='word_1_595' title='bbox 348 3370 400 3406; x_wconf 87' lang='lat' dir='ltr'>es,</span> <span class='ocrx_word' id='word_1_596' title='bbox 423 3362 464 3397; x_wconf 88' lang='lat' dir='ltr'>et</span> <span class='ocrx_word' id='word_1_597' title='bbox 482 3354 688 3397; x_wconf 89' lang='lat' dir='ltr'>redemisti</span> <span class='ocrx_word' id='word_1_598' title='bbox 707 3368 780 3397; x_wconf 92' lang='lat' dir='ltr'>nos</span> <span class='ocrx_word' id='word_1_599' title='bbox 799 3356 886 3397; x_wconf 90' lang='lat' dir='ltr'>Deo</span> <span class='ocrx_word' id='word_1_600' title='bbox 905 3356 947 3397; x_wconf 91' lang='lat' dir='ltr'>in</span> <span class='ocrx_word' id='word_1_601' title='bbox 967 3356 1162 3411; x_wconf 84' lang='lat' dir='ltr'>sanguine</span> <span class='ocrx_word' id='word_1_602' title='bbox 1181 3361 1253 3397; x_wconf 89' lang='lat' dir='ltr'>tuo</span> <span class='ocrx_word' id='word_1_603' title='bbox 1273 3369 1323 3397; x_wconf 82' lang='lat' dir='ltr'>ex</span> <span class='ocrx_word' id='word_1_604' title='bbox 1343 3355 1453 3396; x_wconf 87' lang='lat' dir='ltr'>omni</span> <span class='ocrx_word' id='word_1_605' title='bbox 1473 3355 1594 3405; x_wconf 89' lang='lat' dir='ltr'>tribu,</span> <span class='ocrx_word' id='word_1_606' title='bbox 1616 3360 1656 3397; x_wconf 86' lang='lat' dir='ltr'>et</span> <span class='ocrx_word' id='word_1_607' title='bbox 1674 3355 1823 3409; x_wconf 85' lang='lat' dir='ltr'>lingua,</span> <span class='ocrx_word' id='word_1_608' title='bbox 1846 3360 1887 3396; x_wconf 90' lang='lat' dir='ltr'>et</span> <span class='ocrx_word' id='word_1_609' title='bbox 1906 3353 2068 3408; x_wconf 87' lang='lat' dir='ltr'>populo,</span> 
     </span>
    </p>
   </div>
   <div class='ocr_carea' id='block_1_13' title="bbox 175 3433 399 3436">
    <p class='ocr_par' dir='ltr' id='par_1_20' title="bbox 175 3433 399 3436">
     <span class='ocr_line' id='line_1_53' title="bbox 175 3433 399 3436; baseline 0 0"><span class='ocrx_word' id='word_1_610' title='bbox 175 3433 399 3436; x_wconf 95' lang='lat' dir='ltr'> </span> 
     </span>
    </p>
   </div>
   <div class='ocr_carea' id='block_1_14' title="bbox 401 3433 495 3436">
    <p class='ocr_par' dir='ltr' id='par_1_21' title="bbox 401 3433 495 3436">
     <span class='ocr_line' id='line_1_54' title="bbox 401 3433 495 3436; baseline 0 0"><span class='ocrx_word' id='word_1_611' title='bbox 401 3433 495 3436; x_wconf 95' lang='lat' dir='ltr'> </span> 
     </span>
    </p>
   </div>
   <div class='ocr_carea' id='block_1_15' title="bbox 307 3464 1166 3507">
    <p class='ocr_par' dir='ltr' id='par_1_22' title="bbox 307 3464 1166 3507">
     <span class='ocr_line' id='line_1_55' title="bbox 307 3464 1166 3507; baseline 0.002 -9"><span class='ocrx_word' id='word_1_612' title='bbox 307 3464 348 3498; x_wconf 88' lang='lat'>19</span> <span class='ocrx_word' id='word_1_613' title='bbox 372 3465 436 3498; x_wconf 76' lang='lat' dir='ltr'>aPr</span> <span class='ocrx_word' id='word_1_614' title='bbox 459 3464 491 3505; x_wconf 82' lang='lat'>3,</span> <span class='ocrx_word' id='word_1_615' title='bbox 517 3465 573 3505; x_wconf 76' lang='lat'>1‘2;</span> <span class='ocrx_word' id='word_1_616' title='bbox 600 3464 676 3498; x_wconf 89' lang='lat' dir='ltr'>Hbr</span> <span class='ocrx_word' id='word_1_617' title='bbox 699 3466 752 3505; x_wconf 84' lang='lat'>12,</span> <span class='ocrx_word' id='word_1_618' title='bbox 777 3465 806 3499; x_wconf 85' lang='grc'>6.</span> <span class='ocrx_word' id='word_1_619' title='bbox 833 3486 874 3488; x_wconf 88' lang='grc'>-</span> <span class='ocrx_word' id='word_1_620' title='bbox 899 3465 930 3507; x_wconf 78' lang='grc'>4,</span> <span class='ocrx_word' id='word_1_621' title='bbox 957 3466 977 3499; x_wconf 86' lang='grc'><em>8</em></span> <span class='ocrx_word' id='word_1_622' title='bbox 1002 3466 1055 3499; x_wconf 81' lang='lat' dir='ltr'>bIs</span> <span class='ocrx_word' id='word_1_623' title='bbox 1080 3465 1110 3506; x_wconf 86' lang='grc'>6,</span> <span class='ocrx_word' id='word_1_624' title='bbox 1135 3466 1166 3500; x_wconf 83' lang='grc'>3.</span> 
     </span>
    </p>
   </div>
  </div>
 </body>
</html>
