2356 3760
281 213 356 254 934
1128 210 1270 244 Lissnss
1299 211 1344 244 11.
1951 212 1980 246 2.
2007 211 2126 248 25-3,
2154 211 2192 244 17

279 305 331 346 ab
371 304 514 345 Iasone
551 305 742 359 Cyrenaeo
781 305 960 358 (piinque
997 303 1106 343 libris
1144 304 1434 357 comprehensa
1473 303 1725 344 tentavimus
1762 317 1834 344 nos
1872 317 1951 345 uno
1988 304 2195 346 volumine

281 363 475 404 breviare.
524 366 556 388 25
576 364 887 404 (¹011siderantes
908 362 1014 402 enim
1036 361 1342 403 multitudinem
1365 362 1571 406 librorum,
1595 368 1634 402 et
1655 361 1942 403 difficultatem
1964 363 2194 404 volentibus

281 422 443 475 aggredi
466 423 719 464 narrationes
745 421 1004 461 historiarum
1028 428 1196 474 propter
1217 421 1525 462 multitudinem
1549 433 1695 463 rerum,
1746 422 1781 444 ²⁶
1805 421 2036 462 curavimus
2060 422 2195 463 volen-

280 481 391 521 tibus
421 481 584 534 quidem
615 481 754 530 legere,
786 485 831 520 ut
861 485 965 519 esset
994 479 1119 520 animi
1149 479 1387 521 oblectatio:
1419 479 1610 520 studiosis
1641 492 1747 524 vero,
1778 484 1824 520 ut
1852 480 2009 521 facilius
2038 480 2194 533 possint

280 540 485 580 memorize
508 539 812 580 connncndare:
839 538 1027 579 omnibus
1051 544 1189 578 autem
1213 538 1441 592 legentibus
1467 538 1622 579 utilitas
1647 538 1891 579 conferatur.
1944 540 1977 562 2⁷
2002 539 2057 579 Et
2080 539 2196 580 nobis

281 598 443 651 quidem
482 598 588 650 ipsis.
628 597 697 650 qui
733 597 807 637 hoc
845 610 945 650 opus
983 597 1194 638 breviandi
1231 610 1351 638 causa
1388 597 1650 650 suscepimus,
1690 609 1770 637 non
1806 596 1965 637 facilem
2001 597 2194 639 laborem.

280 657 404 697 immo
439 669 533 697 vero
569 656 778 709 negotium
812 655 978 709 plenum
1013 655 1255 708 vigiliarum,
1292 662 1331 696 et
1367 656 1523 697 sudoris
1558 655 1863 709 assumpsimus.
1926 657 1962 680 '28
1994 656 2108 697 Sicut
2142 656 2195 699 hi,

280 716 349 768 qui
375 720 608 768 przeparant
632 714 880 758 convivium,
909 720 948 755 et
975 720 1162 769 quaerunt
1189 715 1360 755 aliorum
1386 714 1593 755 voluntati
1618 727 1757 767 parere
1782 720 1950 768 propter
1974 715 2196 757 multorum

278 773 465 827 gratiam.
491 773 665 814 libenter
687 773 866 815 laborem
891 773 1150 815 sustinemus.
1203 775 1238 797 ‘29
1262 773 1488 814 Veritatem
1513 773 1676 826 quidem
1700 774 1749 814 de
1772 773 1938 826 singulis
1962 773 2197 815 auctoribus

280 833 560 874 concedentes.
594 832 668 885 ipsi
701 837 839 873 autem
871 833 1095 873 secundum
1128 833 1269 873 datam
1301 833 1476 873 formam
1510 831 1702 872 brevitati
1734 833 1959 873 studentes.
2018 834 2055 857 30
2084 832 2197 874 Sicut

280 891 385 931 enim
420 904 536 932 novae
568 892 713 932 domus
746 891 970 932 architecto
1003 891 1052 932 de
1085 891 1276 932 universa
1306 896 1515 932 structura
1547 891 1773 931 curandum
1807 897 1885 931 est:
1919 891 1954 932 ei
1987 904 2094 937 vero,
2130 891 2198 945 qui

279 949 443 1003 pingere
471 955 599 994 curat,
631 963 721 1003 quae
748 956 845 1003 apta
874 956 970 990 sunt
998 951 1049 990 ad
1079 955 1282 996 ornatum,
1313 950 1565 1003 exquirenda
1592 954 1706 990 sunt:
1736 950 1795 990 ita
1821 950 2109 990 aestimandum
2138 955 2197 991 est

279 1015 319 1050 et
350 1009 389 1048 in
419 1009 546 1050 nobis.
605 1011 634 1033 31
667 1009 832 1049 Etenim
863 1008 1116 1050 intellectum
1148 1008 1343 1059 colligere,
1376 1014 1417 1049 et
1446 1008 1633 1050 ordinare
1662 1021 1902 1051 sermonem.
1934 1014 1975 1049 et
2004 1008 2198 1051 curiosius

280 1074 416 1120 partes
444 1067 620 1119 singulas
649 1080 832 1121 quasque
859 1067 1093 1121 disquirere,
1122 1067 1301 1109 historiae
1328 1067 1514 1122 congruit
1541 1067 1716 1108 auctori:
1770 1069 1802 1092 3²
1830 1068 2077 1108 brevitatem
2104 1080 2199 1109 vero

280 1126 468 1167 dictionis
492 1126 650 1169 sectari.
677 1132 717 1167 et
741 1126 1000 1167 executiones
1025 1140 1158 1167 rerum
1183 1127 1326 1175 vitare,
1354 1126 1558 1167 brevianti
1581 1126 1885 1167 concedendum
1911 1132 1983 1168 est.
2035 1129 2068 1151 33
2093 1126 2199 1167 Hinc

279 1198 371 1236 ergo
412 1184 688 1226 narrationem
730 1184 988 1238 incipiemus:
1030 1186 1079 1226 de
1119 1185 1359 1238 praefatione
1399 1190 1565 1226 tantum
1605 1184 1754 1226 dixisse
1793 1185 1982 1227 sufficiat.
2025 1185 2199 1227 stultum

279 1244 429 1285 etenim
459 1249 518 1284 est
547 1249 643 1285 ante
671 1243 883 1285 historiam
912 1244 1087 1286 effluere.
1118 1244 1158 1285 in
1186 1244 1274 1299 ipsa
1301 1249 1440 1285 autem
1469 1244 1638 1286 historia
1665 1243 1854 1298 succingi.

970 1370 1191 1424 PARS
1232 1369 1518 1425 PRIOR.

557 1460 1066 1514 Persecutiones
1105 1460 1508 1524 Iudaeorum,
1548 1459 1605 1524 3,
1634 1459 1792 1524 1-7‚
1820 1458 1924 1512 42.

1151 1563 1171 1564 -.
1185 1555 1324 1573 ..-,„‚.„.
1340 1562 1347 1565 ,

463 1610 505 1661 Ι.
545 1609 783 1661 Seleuco
823 1609 916 1661 IV.
955 1610 1335 1676 Philopatore
1375 1612 1676 1675 regnante,
1716 1611 1763 1673 3,
1792 1611 1942 1664 lss4.
1971 1612 2021 1664 6.

761 1702 798 1741 1.
830 1700 1054 1753 Spoliatio
1085 1700 1243 1752 templi
1274 1700 1494 1752 tentatur,
1523 1702 1562 1752 3,
1585 1701 1731 1742 1ffi40.

107 1781 239 1805 Sestum*
385 1773 423 1817 3.
480 1776 492 1798 ¹
523 1773 653 1827 Igitur
680 1786 772 1813 cum
801 1777 944 1813 sancta
973 1772 1118 1814 civitas
1147 1772 1406 1814 habitaretur
1432 1772 1473 1813 in
1502 1773 1611 1814 omni
1640 1786 1750 1826 pace.
1780 1772 1886 1826 leges
1914 1773 2038 1815 etiam
2068 1775 2201 1816 adhuc

106 1822 239 1881 >11¹1'1s1¹1¹»¹i12÷
282 1832 435 1887 optime
465 1832 780 1876 custodirentur.
812 1837 980 1885 propter
1007 1832 1122 1873 Oniae
1150 1831 1354 1885 pontificis
1383 1831 1594 1885 pietatem,
1626 1837 1666 1873 et
1695 1831 1852 1873 animos
1882 1832 1974 1874 odio
2003 1833 2201 1875 habentes

98 1887 247 1946 *²¹⁰ssffii0'
279 1892 399 1937 mala,
443 1894 457 1915 ‘-'
480 1892 604 1932 fiebat
628 1896 674 1931 ut
696 1896 735 1931 et
759 1890 834 1944 ipsi
856 1904 979 1944 reges.
1001 1896 1041 1931 et
1064 1890 1264 1945 principes
1287 1890 1421 1932 locum
1444 1904 1603 1932 summo
1626 1891 1778 1932 honore
1801 1890 1969 1944 dignum
1992 1892 2199 1935 ducerent.

104 1960 251 1987 rra-<tuus
281 1956 322 1992 et
339 1950 537 2004 templum
555 1950 744 1990 maximis
760 1949 997 1990 muneribus
1014 1949 1284 1990 illustrarent:
1329 1952 1344 1974 3
1359 1949 1419 1990 ita
1434 1954 1480 1990 ut
1496 1949 1686 1991 Seleucus
1702 1949 1808 1990 Asia*
1823 1962 1893 1989 rex
1909 1951 1958 1991 de
1973 1951 2201 1992 redditibus

278 2010 359 2051 suis
391 2014 603 2062 przestaret
634 2021 772 2050 omnes
802 2014 991 2062 sumptus
1023 2009 1074 2049 ad
1103 2008 1375 2049 ministerium
1406 2008 1695 2049 sacrificiorum
1725 2008 1988 2062 pertinentes,

98 2082 114 2098 ἕ*
133 2074 250 2133 ἒΠΗῗῖθ
387 2071 401 2092 ⁴
422 2068 563 2109 Simon
587 2073 725 2108 autem
748 2068 797 2108 de
821 2067 930 2109 tribu
954 2067 1169 2108 Beniamin
1192 2067 1433 2121 praepositus
1457 2067 1600 2121 templi
1622 2067 1884 2112 constitutus,
1910 2069 2199 2112 contendebat.

99 2116 251 2174 1ΤέἷῖιῖΪῖῑο
282 2127 506 2169 obsistente
529 2127 605 2168 sibi
627 2126 809 2180 principe
832 2127 1103 2168 sacerdotum.
1130 2126 1316 2180 iniquum
1341 2126 1495 2180 aliquid
1518 2126 1559 2167 in
1582 2126 1751 2167 civitate
1774 2126 1917 2168 moliri.
1969 2129 1984 2152 ⁵
2006 2128 2086 2169 Sed
2109 2141 2200 2169 cum

106 2180 243 2209 mmm*
282 2187 442 2227 vincere
470 2186 618 2226 Oniam
647 2199 728 2226 non
757 2190 906 2238 posset,
936 2185 1050 2226 venit
1078 2186 1131 2226 ad
1157 2185 1421 2238 Apollonium
1450 2185 1649 2226 Tharsaeae
1676 2185 1816 2230 filium,
1848 2186 1917 2239 qui
1945 2199 1990 2227 eo
2018 2191 2202 2240 tempore

281 2250 366 2286 erat
384 2245 467 2285 dux
485 2244 723 2297 (ss*oelesyri{e,
743 2249 784 2284 et
799 2244 1022 2284 Phoenicis:
1070 2246 1085 2268 ⁶
1101 2249 1142 2284 et
1158 2243 1372 2285 nunciavit
1388 2244 1434 2292 ei,
1453 2244 1634 2297 pecuniis
1651 2244 2018 2286 innumerabilibus
2034 2244 2201 2298 plenum

281 2317 364 2346 esse
390 2303 577 2344 ferarium
606 2302 875 2356 [erosolymis.
905 2308 945 2343 et
972 2316 1208 2344 communes
1235 2302 1372 2356 copias
1399 2302 1617 2343 immensas
1644 2315 1740 2346 esse.
1771 2316 1860 2356 quae
1886 2316 1967 2344 non
1992 2304 2203 2357 pertinent

281 2364 333 2404 ad
354 2362 554 2403 rationem
575 2361 883 2402 sacrificiorum:
906 2374 990 2402 esse
1012 2367 1151 2402 autem
1172 2360 1362 2415 possibile
1384 2361 1459 2402 sub
1480 2366 1688 2415 potestate
1709 2361 1811 2415 regis
1833 2362 1976 2402 cadere
1997 2362 2199 2404 universa.

77 2462 135 2486 nr
152 2433 199 2486 13ss
391 2423 403 2444 ⁷
433 2421 616 2474 Cumque
644 2420 847 2461 retulisset
876 2421 928 2462 ad
956 2433 1089 2474 regern
1119 2419 1357 2474 Apollonius
1387 2421 1436 2461 de
1463 2420 1656 2474 pecuniis.
1689 2433 1778 2474 quae
1806 2419 1952 2461 delatae
1980 2426 2108 2466 erant,
2137 2421 2203 2462 ille

101 2468 262 2522 hssss'sfilfr‘ssssss
283 2480 460 2522 accitum
482 2479 759 2524 Heliodorum,
783 2479 851 2533 qui
870 2484 957 2520 erat
975 2492 1097 2533 super
1114 2479 1279 2532 negotia
1297 2479 1393 2528 eius,
1414 2479 1526 2520 misit
1544 2492 1637 2520 cum
1655 2478 1875 2524 mandatis,
1896 2484 1944 2520 ut
1962 2479 2202 2533 praedicta-m

121 2533 230 2593 jfissll'flss
283 2539 498 2593 pecuniam
522 2543 835 2591 transportaret.
890 2539 905 2562 3
926 2538 1161 2592 Statimque
1186 2537 1428 2579 Heliodorus
1452 2538 1529 2578 iter
1551 2542 1612 2578 est
1635 2551 1856 2591 aggressus,
1882 2538 2014 2591 speeie
2038 2538 2203 2592 quidem

113 2604 240 2630 wlvtfflt
285 2598 400 2652 quasi
432 2610 503 2651 per
533 2596 808 2650 Coelesvriam.
843 2602 882 2638 et
915 2597 1136 2637 Phoenicen
1169 2596 1358 2638 civitates
1391 2601 1496 2637 esset
1526 2601 1828 2650 peragraturus,
1862 2610 1903 2637 re
1936 2610 2032 2638 vera
2063 2602 2202 2639 autem

281 2657 381 2710 regis
398 2656 654 2709 propositum
671 2656 939 2709 perfecturus.
988 2658 1002 2679 ⁹
1017 2656 1109 2697 Sed.
1128 2669 1220 2696 cum
1237 2655 1416 2696 venisset
1434 2654 1740 2709 lerosolymam,
1759 2660 1799 2696 et
1816 2655 1988 2709 benigne
2004 2669 2028 2697 a
2042 2670 2202 2698 summo

281 2716 491 2756 sacerdote
515 2715 554 2755 in
578 2714 748 2755 civitate
771 2719 876 2755 esset
898 2719 1105 2768 exceptus,
1131 2714 1316 2755 narra-vit
1338 2715 1387 2755 de
1410 2714 1508 2755 dato
1531 2714 1680 2755 indicio
1703 2714 1987 2767 pecuniarum:
2012 2719 2064 2759 et,
2089 2714 2202 2756 cuius

281 2775 336 2815 rei
364 2774 497 2828 gratia
526 2774 697 2818 adesset,
730 2773 908 2826 aperuit:
939 2773 1220 2826 interrogabat
1250 2778 1402 2821 autem,
1438 2772 1471 2813 si
1499 2785 1593 2814 vere
1621 2773 1706 2813 haec
1734 2773 1795 2813 ita
1822 2778 1967 2814 essent.
2027 2775 2062 2798 ¹⁰
2090 2774 2202 2815 Tunc

281 2846 465 2874 summus
487 2833 673 2873 sacerdos
697 2832 877 2873 ostendit
899 2832 1085 2885 deposita
1108 2845 1192 2873 esse
1214 2832 1310 2877 haec,
1336 2837 1376 2873 et
1398 2831 1595 2873 victualia
1616 2831 1847 2881 viduarum,
1871 2836 1911 2872 et
1933 2831 2201 2885 pupillorum:

282 2894 310 2916 ¹¹
346 2892 534 2945 quaedam
567 2904 661 2932 vero
694 2904 777 2931 esse
811 2891 978 2931 Hircani
1011 2890 1147 2932 Tobiae
1178 2890 1254 2931 viri
1285 2890 1404 2931 valde
1437 2890 1664 2935 eminentis,
1698 2890 1739 2931 in
1770 2890 1843 2935 his,
1878 2903 1968 2944 quae
1998 2890 2202 2932 detulerat

283 2950 430 3003 impius
454 2950 613 2991 Simon:
641 2949 831 2990 universa
855 2954 994 2990 autem
1020 2949 1177 3003 argenti
1201 2949 1360 2990 talenta
1385 2962 1469 2990 esse
1495 2948 1806 3003 quadringenta,
1835 2954 1875 2990 et
1899 2948 1986 2990 auri
2011 2950 2201 2991 ducenta.

284 3011 313 3033 ¹²
341 3009 471 3062 decipi
498 3021 592 3049 vero
620 3022 698 3055 eos,
729 3008 796 3062 qui
824 3008 1088 3049 credidissent
1114 3007 1214 3053 loco,
1243 3014 1283 3049 et
1311 3007 1476 3062 templo,
1506 3008 1617 3062 quod
1641 3021 1713 3062 per
1739 3007 1974 3048 universum
2001 3009 2200 3049 mundum

284 3068 518 3112 honoratur,
550 3080 622 3120 pro
651 3067 712 3108 sui
742 3067 1016 3111 veneratione,
1048 3072 1088 3107 et
1117 3067 1339 3108 sanctitate
1368 3066 1534 3108 omnino
1563 3065 1812 3120 impossibile
1841 3079 1936 3108 esse.
1994 3069 2026 3092 13
2053 3067 2110 3108 At
2137 3066 2203 3107 ille

284 3139 354 3178 pro
375 3126 446 3171 his,
469 3139 558 3179 quae
577 3126 757 3167 habebat
777 3125 817 3166 in
836 3125 1042 3167 mandatis
1063 3139 1084 3166 a
1103 3139 1205 3179 rege,
1227 3125 1391 3166 dicebat
1410 3125 1521 3167 omni
1538 3139 1682 3179 genere
1701 3125 1782 3179 regi
1801 3138 1848 3166 ea
1866 3138 1951 3166 esse
1970 3126 2200 3167 deferenda.

286 3186 316 3208 ¹²
346 3185 582 3225 t'onstituta
611 3190 750 3225 autem
781 3184 844 3225 die
874 3184 1057 3225 int-rabat
1087 3185 1136 3225 de
1165 3184 1226 3225 his
1257 3183 1500 3225 Heliodorus
1531 3184 1805 3226 ordinaturus.

102 3245 262 3305 lg'fjjr‘s‘jjgjfi-
395 3243 483 3284 Non
521 3243 681 3284 modica
718 3256 812 3284 vero
849 3257 920 3297 per
957 3242 1188 3284 universam
1226 3242 1437 3284 civitatem
1476 3248 1563 3283 erat
1598 3242 1831 3297 trepidatio.
1897 3245 1928 3267 ¹5
1963 3243 2202 3284 Sacerdotes

125 3287 244 3339 minim?
290 3307 425 3341 autem
453 3307 548 3342 ante
573 3301 701 3343 altare
726 3316 817 3343 cum
843 3301 956 3343 stolis
982 3301 1302 3343 sacerdotalibus
1329 3301 1589 3343 iactaverunt
1612 3315 1665 3345 se.
1693 3307 1732 3342 et
1757 3301 2008 3343 invocabant
2033 3302 2082 3343 de
2108 3301 2202 3343 caelo

94 3351 393 3411 ..ifil'f'lsssslilm-011111·
426 3360 493 3413 qui
523 3361 571 3400 de
599 3360 793 3413 depositis
822 3360 949 3414 legem
978 3360 1127 3414 posuit,
1159 3367 1203 3402 ut
1233 3360 1304 3405 his,
1337 3360 1405 3414 qui
1433 3361 1708 3414 deposuerant
1735 3374 1792 3404 ea.
1823 3360 1938 3401 salva
1965 3360 2200 3402 custodiret.

157 3422 207 3446 ffl-
291 3420 324 3442 ¹⁴³
361 3418 445 3458 lam
483 3432 576 3459 vero
611 3419 677 3472 qui
715 3419 881 3460 videbat
915 3420 1064 3460 summi
1097 3419 1318 3460 sacerdotis
1353 3419 1527 3465 vultum,
1564 3424 1701 3460 mente
1734 3418 2046 3460 vulnerabatur:
2081 3418 2202 3459 facies

288 3477 406 3521 enim,
447 3483 486 3517 et
525 3476 633 3517 color
670 3477 912 3519 immutatus
951 3477 1187 3519 declarabat
1224 3478 1429 3518 internum
1469 3478 1594 3518 animi
1631 3477 1822 3519 dolorem.
1889 3479 1922 3501 ¹⁷
1959 3477 2204 3519 circumfusa

287 3535 390 3576 enim
412 3542 498 3576 erat
518 3535 715 3576 moestitia
735 3538 918 3588 quautam
942 3537 1041 3580 viro.
1062 3542 1101 3577 et
1120 3537 1261 3578 horror
1278 3537 1467 3590 corporis,
1487 3550 1559 3590 per
1576 3550 1696 3591 quem
1717 3536 1956 3577 manifestus
1975 3535 2204 3590 aspicienti-
