2356 3760
266 173 344 213 630
1145 170 1293 205 LIBER
1891 173 1941 213 10,
1969 174 2109 215 18—11,
2135 175 2178 208 13

268 266 303 289 ¹⁸
322 264 495 305 Radices
528 264 712 318 gentium
750 263 1018 316 superbarum
1063 263 1229 305 arefecit
1261 263 1385 310 Deus,
1475 269 1517 306 et
1549 264 1759 318 plantavit
1791 265 1963 308 humiles
1997 281 2047 309 ex
2082 267 2178 322 ipsis

528 324 729 377 gentibus.

268 384 302 406 ¹⁹
320 382 461 423 Terras
506 382 689 435 gentium
724 380 873 421 evertit
905 380 1119 427 Dominus,
1208 386 1250 422 et
1282 382 1462 435 perdidit
1494 395 1561 423 eas
1595 395 1723 436 usque
1758 383 1810 425 ad
1843 384 2174 427 fundamentum.

267 441 304 465 ²⁰
320 441 487 481 arefecit
512 454 561 481 ex
586 440 693 493 ipsis,
721 445 762 480 et
786 439 1029 493 disperdidit
1053 453 1131 487 eos,
1212 445 1254 481 et
1277 453 1432 481 cessare
1456 440 1554 482 fecit
1577 442 1816 483 memoriam
1842 455 1981 484 eorum
2007 456 2031 484 a
2054 448 2175 485 terra.

267 500 298 524 ²¹
319 499 557 540 Memoriam
584 498 851 552 superborum
876 498 1056 551 perdidit
1079 499 1203 545 Deus,
1283 504 1325 540 et
1348 498 1514 553 reliquit
1536 501 1775 542 memoriam
1801 501 2017 542 humilium
2043 515 2175 544 sensu.

267 559 299 582 22
321 558 412 599 Non
442 563 503 598 est
532 562 670 598 creata
697 557 931 598 hominibus
960 558 1168 611 superbia:
1251 571 1384 611 neque
1412 558 1625 600 iracundia
1652 559 1810 600 nationi
1839 560 2067 602 mulierum.

60 665 245 726 ξ’·τυέξὶοέῡῐ
268 665 300 687 2³
320 663 465 703 Semen
494 662 706 704 hominum
736 662 1005 703 honorabitur
1033 662 1120 704 hoc.
1205 663 1315 716 quod
1344 663 1465 704 timet
1492 663 1645 704 Deum:

60 707 131 731 '¹⁹⁹²
149 708 183 726 ”¹¹
208 708 248 731 ‘¹⁸'
319 734 456 762 semen
484 727 621 762 autem
649 721 725 762 hoc
752 721 1084 769 exhonorabitur,
1167 722 1276 775 quod
1303 722 1485 775 praeterit
1510 723 1711 764 mandata
1735 723 1914 765 Domini.

267 781 300 804 ²⁴
322 780 368 820 In
398 780 531 821 medio
561 780 735 821 fratrum
765 785 897 821 rector
925 780 1084 821 illorum
1115 780 1155 820 in
1190 780 1360 821 honore:
1444 785 1486 821 et
1515 781 1584 835 qui
1614 781 1763 823 timent
1790 782 2028 831 Dominum,
2060 788 2181 824 erunt

527 839 567 879 in
598 839 722 880 oculis
752 838 868 880 illius.

266 899 299 922 ²⁵
316 897 455 939 Gloria
483 898 673 946 divitum,
704 897 1011 947 honoratorum,
1043 903 1085 939 et
1113 911 1353 952 pauperum,
1439 898 1562 940 timor
1589 899 1666 940 Dei
1696 903 1775 940 est:

267 957 303 981 2⁹³
320 957 401 997 noli
419 957 623 1010 despicere
640 956 847 998 hominem
864 956 1017 997 iustum
1036 970 1269 1011 pauperem,
1340 962 1382 999 et
1396 957 1479 999 noli
1494 958 1756 1012 magnificare
1772 958 1905 1000 virum
1922 964 2180 1014 peccatorem

530 1016 714 1057 divitem.

267 1076 301 1099 2⁷
320 1074 504 1128 Magnus,
523 1080 564 1115 et
580 1075 715 1121 iudex,
734 1080 776 1115 et
792 1079 937 1128 potens
954 1079 1016 1115 est
1031 1074 1072 1115 in
1089 1075 1260 1116 honore:
1331 1080 1373 1116 et
1388 1088 1470 1116 non
1487 1080 1550 1117 est
1565 1076 1695 1117 maior
1710 1075 1788 1125 illo,
1809 1077 1878 1130 qui
1896 1077 2016 1118 timet
2031 1078 2178 1119 Deum.

267 1134 304 1158 2⁸
324 1134 469 1174 aServo
489 1139 652 1175 sensato
672 1133 786 1174 liberi
805 1133 1002 1175 servient:
1080 1139 1142 1175 bet
1161 1135 1223 1175 vir
1241 1135 1420 1188 prudens
1440 1139 1482 1176 et
1501 1134 1783 1189 disciplinatus
1803 1149 1885 1177 non
1904 1135 2182 1177 murmurabit

529 1198 750 1246 correptus,
835 1198 876 1233 et
904 1193 1053 1234 inscius
1082 1206 1164 1234 non
1193 1193 1475 1235 honorabitur.

267 1252 302 1276 2⁹
322 1251 412 1292 Noli
437 1251 629 1293 extollere
654 1257 695 1293 te
719 1251 760 1292 in
784 1251 971 1293 faciendo
996 1265 1116 1306 opere
1145 1257 1230 1300 tuo,
1310 1257 1351 1293 et
1375 1253 1456 1294 noli
1485 1253 1669 1294 cunctari
1692 1253 1734 1294 in
1759 1258 1943 1307 tempore
1968 1254 2178 1307 angustiae.

267 1312 304 1335 ³³⁰
327 1311 484 1352 cMelior
518 1316 580 1352 est
619 1310 688 1364 qui
729 1316 933 1364 operatur,
965 1315 1008 1351 et
1047 1311 1236 1352 abundat
1277 1311 1318 1352 in
1348 1312 1550 1359 omnibus,
1635 1325 1759 1366 quam
1792 1313 1862 1366 qui
1899 1313 2107 1366 gloriatur,
2140 1318 2182 1354 et

533 1375 624 1423 eget
652 1383 770 1423 pane.

268 1430 299 1452 3¹
317 1428 393 1469 Fili
436 1429 477 1469 in
513 1428 828 1470 mansuetudine
862 1441 981 1469 serva
1018 1429 1199 1470 animam
1241 1434 1370 1479 tuam,
1469 1434 1511 1471 et
1553 1430 1607 1471 da
1645 1429 1700 1471 illi
1732 1430 1928 1472 honorem
1955 1431 2180 1472 secundum

530 1488 723 1529 meritum
753 1501 884 1529 suum.

267 1547 300 1571 ²³2
320 1546 565 1588 Peccantem
588 1546 628 1587 in
651 1547 831 1587 animam
854 1560 969 1587 suam
993 1547 1082 1600 quis
1104 1547 1368 1588 iustificabit?
1440 1552 1483 1589 et
1504 1548 1594 1601 quis
1615 1548 1904 1590 honorificabit
1925 1549 2181 1590 exhonoran-

529 1610 613 1646 tem
643 1606 823 1646 animam
853 1605 995 1646 suam?

266 1666 300 1689 ³³
320 1664 482 1718 Pauper
507 1665 705 1719 gloriatur
730 1677 802 1718 per
828 1664 1084 1718 disciplinam
1112 1670 1154 1706 et
1179 1665 1368 1707 timorem
1396 1679 1535 1707 suum:
1617 1670 1658 1707 et
1684 1670 1747 1707 est
1772 1666 1895 1708 homo
1923 1667 1993 1721 qui
2018 1666 2181 1709 honori-

529 1723 677 1764 ficatur
704 1728 873 1777 propter
901 1724 1177 1765 substantiam
1208 1737 1336 1766 suam.

267 1784 300 1807 ³⁴
318 1782 396 1831 Qui
437 1788 576 1824 autem
613 1782 811 1836 gloriatur
850 1782 891 1823 in
929 1788 1187 1837 paupertate,
1236 1789 1392 1837 quanto
1433 1784 1562 1838 magis
1600 1783 1641 1825 in
1682 1784 1940 1826 substantia?
2033 1790 2076 1827 et
2111 1784 2181 1839 qui

529 1841 727 1895 gloriatur
754 1841 795 1882 in
825 1842 1069 1890 substantia,
1101 1847 1390 1896 paupertatem
1420 1847 1622 1885 vereatur.

268 1901 332 1943 11.
388 1903 400 1924 ¹
439 1900 651 1954 Sapientia
689 1900 914 1942 dhumiliati
951 1900 1154 1942 exaltabit
1190 1906 1317 1956 caput
1353 1901 1470 1951 illius,
1562 1907 1605 1943 et
1640 1902 1682 1943 in
1719 1902 1853 1944 medio
1890 1908 2180 1957 magnatorum

530 1960 745 2002 consedere
774 1959 888 2001 illum
917 1960 1052 2003 faciet.

288 2020 304 2043 2
322 2018 414 2060 Non
442 2019 583 2060 laudes
611 2019 744 2060 virum
773 2019 814 2060 in
843 2019 974 2073 specie
1001 2033 1086 2069 sua,
1170 2033 1302 2073 neque
1330 2033 1496 2074 spernas
1525 2019 1732 2062 hominem
1759 2020 1802 2062 in
1831 2020 1920 2062 visu
1949 2034 2033 2062 suo.

289 2078 456 2119 ³brevis
486 2079 527 2119 in
558 2078 794 2119 volatilibus
825 2084 887 2120 est
917 2079 1016 2132 apis,
1102 2084 1144 2120 et
1172 2079 1336 2120 initium
1368 2079 1543 2121 dulcoris
1573 2079 1701 2120 habet
1729 2079 1888 2121 fructus
1918 2079 2035 2122 illius.

289 2139 304 2161 4
328 2137 394 2178 eIn
423 2137 575 2178 vestitu
603 2150 653 2178 ne
679 2137 857 2191 glorieris
884 2151 1094 2192 umquam,
1176 2151 1250 2179 nec
1277 2138 1317 2179 in
1345 2138 1409 2180 die
1436 2138 1599 2180 honoris
1628 2138 1687 2180 tui
1716 2138 1940 2180 extollaris:

323 2197 516 2250 quoniam
542 2196 745 2237 mirabilia
773 2209 896 2250 opera
923 2196 1120 2237 Altissimi
1156 2197 1290 2246 solius,
1380 2202 1423 2238 et
1450 2197 1634 2251 gloriosa,
1667 2202 1709 2239 et
1737 2198 1948 2247 absconsa,
1980 2202 2022 2240 et
2049 2198 2183 2239 invisa

532 2268 656 2309 opera
683 2255 798 2297 illius.

290 2316 305 2338 ⁵
322 2314 441 2355 Multi
470 2315 636 2368 tyranni
664 2315 857 2356 sederunt
884 2315 925 2355 in
954 2314 1114 2364 throno,
1198 2320 1240 2356 et
1266 2314 1564 2369 insuspicabilis
1592 2315 1778 2370 portavit
1805 2316 2006 2358 diadema.

291 2374 306 2397 ‘³
326 2373 458 2414 fMulti
502 2378 692 2427 potentes
737 2373 917 2427 oppressi
967 2378 1063 2415 sunt
1103 2373 1249 2417 valide.
1345 2380 1387 2416 et
1426 2373 1587 2429 gloriosi
1632 2374 1776 2416 traditi
1816 2379 1913 2416 sunt
1950 2375 1993 2416 in
2034 2388 2180 2416 manus

532 2432 765 2474 alterorum.

85 2528 243 2588 {jss‘ss‘ssssfflsss'
291 2528 304 2549 ⁷
323 2526 567 2580 Priusquam
592 2526 825 2580 interroges,
852 2539 902 2567 ne
927 2526 1132 2580 vituperes
1159 2539 1426 2580 quemquam:
1494 2531 1536 2568 et
1559 2540 1652 2568 curn
1676 2527 1999 2581 interrogaveris,
2026 2528 2181 2582 corripe

534 2586 650 2627 iuste.

290 2645 305 2667 ⁸
326 2644 590 2698 sPriusquam
637 2644 791 2693 audias,
839 2657 889 2685 ne
937 2645 1182 2698 respondeas
1228 2645 1418 2686 verbum:
1512 2649 1554 2686 et
1598 2644 1639 2686 in
1683 2645 1817 2687 medio
1855 2658 2088 2687 sermonum
2130 2658 2180 2686 ne

533 2703 697 2744 adiicias
733 2703 856 2757 loqui.

291 2762 384 2803 ”De
422 2776 470 2803 ea
508 2776 559 2811 re,
606 2776 695 2816 quae
734 2768 774 2803 te
814 2776 895 2803 non
946 2762 1151 2811 molestat,
1196 2776 1246 2803 ne
1297 2763 1478 2804 certeris:
1566 2768 1607 2804 et
1651 2763 1692 2804 in
1733 2763 1881 2805 iudicio
1920 2763 2180 2818 peccantium

532 2835 581 2863 ne
611 2821 820 2863 consistas.

272 2882 307 2904 ¹⁰
322 2879 397 2921 Fili
420 2894 469 2921 ne
492 2881 532 2921 in
554 2880 694 2922 multis
716 2881 799 2922 sint
824 2885 939 2922 actus
962 2881 1041 2921 tui:
1118 2885 1159 2922 et
1182 2880 1237 2921 hsi
1259 2880 1372 2922 dives
1396 2881 1530 2930 fueris,
1555 2894 1636 2923 non
1659 2881 1734 2922 eris
1756 2881 1949 2922 immunis
1971 2894 1996 2922 a
2017 2881 2177 2922 delicto.

323 2940 354 2980 si
382 2940 488 2980 enim
518 2946 680 2980 secutus
708 2940 842 2988 fueris,
872 2953 954 2981 non
981 2940 1280 2993 apprehendes:
1363 2945 1405 2981 et
1431 2954 1513 2981 non
1541 2940 1718 2994 effugies,
1748 2939 1781 2981 si
1807 2940 2125 2993 praecucurreris.

66 3044 302 3103 noififi22]5ss‹12..¹¹
327 3045 415 3085 iEst
455 3045 577 3086 homo
617 3044 820 3093 laborans,
861 3050 903 3086 et
933 3045 1142 3087 festinans.
1183 3050 1225 3086 et
1265 3044 1405 3087 dolens
1443 3045 1604 3099 impius,
1700 3050 1742 3087 et
1778 3050 1897 3087 tanto
1933 3045 2061 3099 magis
2097 3058 2178 3086 non

535 3104 777 3146 abundabit.

272 3163 302 3185 ¹²
325 3162 397 3203 Est
426 3162 547 3204 homo
576 3163 779 3204 marcidus
808 3177 927 3215 egens
962 3163 1279 3216 recuperatione,
1362 3162 1453 3217 plus
1481 3163 1670 3205 deficiens
1699 3162 1864 3212 virtute,
1894 3167 1937 3204 et
1963 3163 2180 3204 abundans

531 3228 776 3275 paupertate
787 3236 794 3262 z

274 3281 304 3303 ¹³
324 3286 387 3320 ket
417 3280 555 3321 oculus
586 3281 662 3322 Dei
692 3281 870 3334 respexit
899 3280 1011 3322 illum
1053 3280 1094 3321 in
1136 3281 1255 3329 bono,
1341 3286 1382 3322 et
1412 3281 1541 3322 erexit
1570 3294 1662 3322 eum
1693 3281 1745 3322 ab
1775 3280 2009 3322 humilitate
2039 3280 2176 3334 ipsius,

323 3344 365 3379 et
395 3338 597 3380 exaltavit
627 3346 752 3393 caput
776 3340 878 3381 eius:
962 3345 1004 3381 et
1033 3339 1170 3380 mirati
1201 3344 1299 3380 sunt
1321 3340 1362 3381 in
1390 3339 1457 3382 illo
1479 3339 1611 3389 multi,
1639 3344 1681 3381 et
1702 3340 2009 3381 honoraverunt
2029 3339 2175 3380 Deum.

375 3411 445 3464 728
471 3431 535 3463 aPr
560 3432 611 3471 17,
638 3433 665 3464 2.
729 3454 734 3455 ν
761 3434 799 3465 ὓ2
825 3434 883 3465 Sm
912 3433 963 3472 12,
992 3432 1041 3466 13.
1071 3454 1111 3455 j
1137 3432 1179 3465 30
1207 3433 1268 3465 CPr
1295 3433 1346 3472 12,
1373 3432 1402 3466 9.
1431 3453 1472 3456 -κ-
1498 3433 1550 3475 ll,
1575 3434 1593 3466 1
1612 3433 1686 3466 dGn
1713 3433 1765 3465 41.
1793 3432 1850 3472 403
1878 3432 1933 3465 Dn
1961 3432 1991 3472 6,
2017 3432 2053 3473 33
2083 3432 2120 3465 Io
2147 3433 2176 3472 7,

271 3479 321 3511 18.
350 3499 391 3502 ψ
416 3478 436 3511 4
461 3479 545 3511 eAct
568 3479 620 3518 12,
644 3480 679 3511 21
709 3490 732 3512 s.
771 3501 798 3502 W
824 3482 844 3513 ὅ
875 3481 901 3512 1'1
929 3479 986 3513 Sm
1012 3480 1063 3512 15.
1088 3480 1145 3516 28:
1170 3479 1234 3513 Est
1257 3481 1287 3514 6.
1314 3480 1341 3512 7.
1370 3500 1411 3503 -r-
1435 3480 1456 3514 8
1481 3480 1545 3513 ssPr
1568 3479 1620 3520 18,
1644 3479 1694 3513 13.
1723 3501 1726 3502 ν
1788 3480 1830 3513 10
1851 3480 1884 3512 h]
1914 3478 1989 3512 Tim
2013 3479 2043 3519 6,
2066 3479 2096 3513 9.
2135 3499 2177 3503 -

272 3527 311 3559 11
347 3525 420 3559 *Ecl
444 3526 475 3565 4,
501 3526 529 3558 8.
627 3526 666 3559 13
691 3526 772 3558 Ι(101)
799 3527 850 3566 42,
878 3527 927 3560 10.
