2356 3760
166 80 197 118 5,
224 78 340 115 12-—7,
368 77 410 109 12
1066 70 1183 104 OSEE
1993 70 2067 110 857

169 172 198 195 ¹²
218 170 273 211 Et
303 182 375 223 ego
406 168 521 222 quasi
551 168 661 208 tinea
689 164 903 217 Ephraim:
988 169 1028 204 et
1058 163 1172 216 quasi
1202 162 1375 216 putredo
1406 161 1545 202 domui
1577 161 1690 202 luda.

168 231 198 253 ¹3
219 228 274 269 Et
303 228 408 269 vidit
437 225 632 280 Ephraim
661 224 895 276 languorem
926 236 1056 269 suum,
1141 227 1181 262 et
1212 221 1315 262 Iuda
1345 220 1553 261 vinculum
1582 232 1719 260 suum:

218 293 259 328 et
288 287 389 327 abiit
418 283 615 338 Ephraim
646 282 697 322 ad
726 281 863 325 Assur.
948 286 988 321 et
1018 280 1127 321 misit
1157 281 1209 321 ad
1238 293 1371 333 regem
1402 279 1606 320 Ultorem:

219 350 259 387 et
287 346 371 399 ipse
402 357 483 384 non
515 341 667 405 poterit
697 352 840 380 sanare
872 352 956 385 vos
1042 352 1114 379 1100
1146 339 1300 379 solvere
1331 338 1483 390 poterit
1514 350 1538 377 a
1569 336 1683 377 vobis
1716 336 1938 378 vinculum.

169 407 199 428 ¹⁴
221 404 423 453 Quoniam
449 414 520 465 ego
549 399 663 453 quasi
688 398 815 438 leaena
840 397 1049 450 Ephraim
1131 402 1172 437 et
1199 396 1314 449 quasi
1341 395 1499 436 catulus
1525 395 1650 436 leonis
1678 395 1817 436 domui
1845 394 1965 435 Iuda:

220 476 291 516 ego
321 474 392 515 ego
422 459 592 513 capiam
623 462 664 498 et
692 457 860 497 vadam:
944 455 1098 501 10110111
1130 461 1171 495 01
1198 468 1280 495 11011
1310 460 1371 494 051
1400 454 1468 507 qui
1498 459 1624 494 eruat.

169 567 199 590 ¹⁵
220 565 383 605 Vadens
408 568 590 604 revertar
613 561 666 601 ad
689 560 822 601 locum
848 572 1003 599 meum:
1083 558 1210 598 donec
1235 557 1444 605 deficiatis
1473 562 1513 597 et
1539 558 1728 610 quaeratis
1753 557 1897 597 faciem
1923 569 2067 597 meam.
2157 562 2194 586 ad

2100 597 2254 621 Dominum

167 624 205 667 6.
261 626 273 647 1
308 623 355 663 In
388 620 651 663 tribulatione
684 632 757 659 sua
788 631 907 659 mane
940 621 1185 670 consurgent
1217 617 1269 657 ad
1300 629 1383 656 me:
1470 615 1627 664 Venite,
1662 621 1703 656 et
1734 629 1803 656 rex
1807 620 1988 656 ertamur
2019 615 2071 656 ad
2088 633 2266 656 revirtffltur

427 678 669 720 Dominum:
2115 667 2238 697 ‘lumem

186 741 316 794 2quia
344 739 428 792 ipse
458 738 577 790 cepit,
610 742 651 777 et
680 736 843 777 sanabit
871 748 962 775 nos:
1046 733 1258 787 percutiet,
1291 738 1332 773 et
1361 732 1522 773 curabit
1550 746 1634 773 nos.

185 797 479 839 ³aVivifieabit
507 809 579 837 nos
609 800 703 848 post
732 795 832 835 duos
863 793 964 834 dies:
1049 793 1089 833 in
1119 792 1182 833 die
1212 792 1335 833 tertia
1364 791 1579 832 suscitabit
1608 804 1692 839 nos,

220 862 261 898 et
290 856 475 897 vivemus
504 855 545 895 in
575 858 795 907 conspectu
825 853 920 893 eius.

219 915 411 961 Seiemus,
444 926 740 967 sequemurque
822 916 868 952 ut
897 923 1187 964 cognoscamus
1217 909 1460 950 Dominum:

222 974 336 1028 quasi
365 972 588 1014 diluculum
618 975 871 1024 praeparatus
901 974 962 1010 est
991 982 1170 1022 egressus
1201 968 1296 1016 01115

220 1038 261 1074 01
290 1031 426 1073 veniet
456 1030 571 1084 quasi
600 1030 729 1070 imber
758 1029 873 1070 nobis
903 1033 1202 1081 temporaneus,
1288 1032 1328 1067 et
1357 1026 1557 1067 serotinus
1588 1030 1714 1066 terrae.

184 1139 199 1161 4
219 1135 327 1184 Quid
354 1135 502 1176 faciam
533 1134 608 1175 tibi
637 1132 859 1186 Ephraim?
945 1131 1041 1184 quid
1070 1131 1218 1172 faciam
1249 1130 1323 1171 tibi
1356 1129 1481 1170 luda?
2096 1131 2247 1191 ,Sssssmssw‘

219 1194 493 1236 misericordia
522 1198 659 1234 vestra
689 1191 803 1245 quasi
833 1190 959 1231 nubes
990 1189 1207 1238 matutina,
1292 1193 1333 1229 et
1363 1188 1477 1241 quasi
1507 1201 1570 1229 ros
1600 1200 1719 1228 mane
1748 1187 2033 1240 pertransiens.
2086 1173 2273 1241 “²iter1irf1¹u³

185 1256 199 1278 5
220 1254 394 1307 Propter
422 1253 497 1293 hoc
527 1251 664 1292 dolavi
693 1250 733 1290 in
763 1249 983 1303 prophetis,
1069 1247 1196 1289 occidi
1226 1260 1291 1288 eos
1320 1247 1361 1287 in
1391 1246 1524 1287 verbis
1555 1246 1631 1287 oris
1662 1246 1758 1286 mei:
2107 1237 2266 1266 V¹⁰¹²²¹³¹¹¹ff¹

221 1317 261 1352 et
290 1311 439 1352 iudicia
468 1316 541 1351 tua
571 1309 685 1363 quasi
714 1309 783 1349 lux
814 1307 1080 1360 egredientur.

187 1372 201 1394 ⁶
226 1370 350 1418 bQuia
383 1368 699 1409 misericordiam
735 1366 856 1414 volui,
894 1370 934 1406 et
968 1378 1049 1406 non
1084 1364 1337 1413 sacrificium,
1428 1369 1469 1404 et
1502 1363 1714 1404 scientiam
1748 1363 1824 1404 Dei
1858 1363 2075 1417 plusquam

430 1427 680 1468 holocausta.

186 1489 200 1510 ⁷
222 1486 304 1539 Ipsi
332 1491 470 1527 autem
497 1485 602 1526 510111
628 1485 761 1525 Α110111
789 1482 1028 1536 transgressi
1056 1487 1152 1523 sunt
1179 1486 1360 1535 pactum,
1443 1481 1497 1521 ibi
1524 1481 1781 1534 praevaricati
1808 1486 1904 1522 sunt
1932 1481 1972 1521 in
1999 1494 2075 1522 me.

185 1547 200 1569 ⁸
220 1545 376 1586 Galaad
405 1544 548 1585 civitas
579 1542 835 1596 operantium
864 1541 1030 1589 idolum,
1114 1540 1383 1594 supplantata
1411 1540 1617 1594 sanguine.

184 1606 200 1628 ⁹
220 1603 276 1644 Et
296 1603 411 1657 quasi
430 1603 567 1643 fauces
587 1602 766 1643 virorum
786 1601 1006 1648 latronum,
1028 1599 1232 1653 particeps
1252 1599 1524 1647 sacerdotum,
1598 1598 1639 1639 in
1660 1598 1726 1639 via
1745 1598 2077 1639 interficientium

431 1666 642 1715 pergentes
673 1661 722 1701 de
751 1659 930 1701 Sichem:

223 1721 318 1774 quia
346 1720 473 1761 scelus
504 1719 660 1773 operati
690 1724 797 1760 sunt.
882 1720 918 1743 ¹⁰
948 1718 995 1757 In
1025 1718 1146 1758 domo
1179 1716 1301 1758 Israel
1332 1716 1415 1757 vidi
1445 1716 1710 1757 horrendum:

221 1779 275 1820 ibi
303 1779 591 1820 fornicationes
621 1777 837 1831 Ephraim:
922 1775 1228 1817 contaminatus
1258 1780 1320 1817 est
1350 1775 1485 1816 Israel.

170 1840 199 1862 1¹
219 1838 299 1879 Sed
328 1843 369 1879 et
400 1838 504 1878 Iuda
532 1850 636 1890 pone
666 1850 837 1877 messem
868 1835 954 1885 tibi,

221 1910 312 1937 cum
346 1901 584 1937 convertero
617 1895 904 1948 captivitatem
936 1893 1076 1947 populi
1108 1893 1198 1934 mei.
1314 1893 1350 1936 7.
1406 1895 1419 1917 1
1452 1892 1552 1933 Cum
1585 1905 1727 1933 sanare
1759 1891 1905 1932 vellem
1940 1891 2075 1939 Israel,

222 1954 404 1995 revelata
431 1959 493 1995 est
522 1954 716 2007 iniquitas
746 1952 955 2006 Ephraim,
1041 1958 1081 1992 et
1110 1951 1268 1992 malitia
1296 1951 1500 1999 Samariae,

222 2013 317 2067 quia
346 2012 502 2066 operati
532 2017 628 2053 sunt
657 2011 934 2052 mendacium:
1018 2016 1059 2051 et
1082 2010 1147 2050 fur
1168 2010 1369 2063 ingressus
1393 2015 1454 2050 est
1476 2009 1666 2063 spolians,
1691 2009 1944 2050 latrunculus
1968 2008 2076 2050 foris.

187 2074 201 2096 ²
221 2072 277 2112 Et
303 2085 353 2112 ne
378 2072 485 2113 forte
512 2071 652 2112 dicant
678 2070 719 2110 in
746 2070 934 2111 cordibus
961 2068 1042 2110 suis
1123 2082 1285 2109 omnem
1312 2068 1513 2109 malitiam
1541 2081 1681 2109 eorum
1708 2081 1771 2108 me
1798 2068 2075 2109 recordatum:

222 2144 328 2171 nunc
363 2130 719 2171 circumdederunt
753 2142 818 2169 eos
854 2127 1165 2169 adinventiones
1200 2141 1293 2177 suae,
1383 2140 1519 2169 coram
1553 2127 1656 2168 facie
1690 2139 1781 2167 mea
1814 2127 1934 2167 factae
1967 2131 2076 2167 sunt.

185 2192 201 2215 ³
223 2189 270 2230 In
299 2189 457 2230 malitia
485 2202 559 2229 sua
586 2188 898 2229 laetificaverunt
928 2200 1079 2240 regem:
1164 2191 1205 2226 et
1234 2186 1274 2226 in
1304 2185 1525 2227 mendaciis
1555 2185 1636 2226 suis
1666 2185 1877 2238 principes,

187 2250 202 2272 ⁴
223 2248 372 2289 Omnes
402 2247 694 2294 adulterantes,
727 2246 841 2299 quasi
871 2245 1053 2286 clibanus
1083 2258 1297 2286 succensus
1327 2258 1351 2285 a
1379 2249 1597 2297 coquente:
1682 2243 1839 2297 quievit
1866 2243 2078 2297 paululum

431 2306 575 2347 civitas
605 2319 629 2346 a
658 2304 940 2346 commistione
970 2303 1170 2351 fermenti,
1203 2304 1331 2344 donec
1359 2303 1676 2344 fermentaretur
1705 2308 1852 2344 totum.

187 2367 202 2389 ⁵
222 2365 316 2405 Dies
348 2365 449 2419 regis
480 2364 626 2405 nostri:
659 2368 872 2417 coeperunt
902 2362 1102 2416 principes
1132 2362 1264 2402 furere
1295 2375 1319 2402 a
1349 2361 1462 2403 vino:
1547 2361 1734 2402 extendit
1763 2374 1931 2402 manum
1962 2373 2078 2402 suam

431 2437 524 2464 cum
553 2422 794 2464 illusoribus.

187 2484 202 2506 ⁶
222 2482 327 2531 Quia
354 2482 640 2536 applicuerunt
669 2481 783 2536 quasi
812 2481 1019 2521 clibanum
1048 2493 1116 2521 cor
1143 2493 1274 2529 suum,
1358 2493 1451 2520 eum
1479 2479 1740 2520 insidiaretur
1768 2478 1841 2519 eis:

223 2546 313 2582 tota
342 2546 462 2582 nocte
493 2539 688 2582 dormivit
719 2553 895 2593 coquens
928 2552 1006 2587 eos,
1093 2551 1213 2579 mane
1245 2538 1329 2592 ipse
1361 2551 1576 2579 succensus
1610 2537 1725 2591 quasi
1756 2537 1857 2591 ignis
1890 2536 2075 2578 flammae.

188 2602 201 2624 ⁷
223 2599 372 2641 Omnes
401 2599 588 2640 calefacti
616 2603 713 2640 sunt
742 2598 857 2652 quasi
886 2598 1080 2647 olibanus,
1164 2602 1205 2638 et
1233 2598 1537 2638 devoraverunt
1563 2596 1714 2637 iudices
1743 2609 1853 2637 suos:

223 2672 360 2699 omnes
387 2671 497 2711 reges
524 2671 662 2700 eorum
689 2657 939 2699 ceciderunt:
1020 2670 1100 2697 non
1127 2660 1188 2697 est
1215 2656 1283 2709 qui
1310 2655 1458 2696 clamet
1483 2655 1524 2696 in
1550 2655 1604 2696 eis
1632 2655 1683 2696 ad
1709 2667 1785 2695 me.

184 2762 413 2815 ⁸Eph1aim
447 2761 488 2802 in
522 2760 681 2815 populis
716 2760 800 2814 ipse
835 2760 1192 2802 commiscebatur:
1282 2759 1479 2813 Ephraim
1514 2759 1648 2801 factus
1684 2763 1745 2799 est
1778 2757 2068 2799 subcinericius
2162 2760 2191 2784 1¹¹

423 2820 550 2874 panis
583 2820 651 2875 qui
680 2833 762 2860 non
791 2824 1031 2860 reversatur.
2081 2795 2274 2860 ffiffisstr'ffin

184 2882 200 2905 ⁹
219 2879 489 2921 Comederunt
517 2878 635 2920 alieni
664 2879 787 2920 robur
816 2878 910 2925 eius,
995 2884 1036 2918 et
1065 2878 1149 2931 ipse
1178 2877 1369 2918 nescivit:
2111 2865 2269 2925 {Ossonssffio

219 2939 288 2980 sed
317 2944 357 2979 et
386 2937 475 2978 cani
504 2937 619 2978 effusi
648 2942 745 2978 sunt
773 2937 813 2978 in
843 2950 900 2985 eo,
985 2942 1026 2977 et
1056 2936 1139 2989 ipse
1168 2935 1383 2990 ignoravit.
2097 2936 2259 2966 capientur·

170 3000 204 3022 ¹⁰
220 2997 274 3038 Et
302 2996 583 3038 humiliabitur
611 2995 800 3048 superbia
831 2995 953 3036 Israel
982 2995 1023 3036 in
1051 2994 1153 3036 facie
1184 2994 1285 3035 eius:

221 3069 292 3097 nec
306 3055 454 3096 reversi
468 3059 564 3095 sunt
578 3055 627 3095 ad
644 3054 868 3095 Dominum
880 3054 1014 3095 Deum
1029 3067 1159 3102 suum,
1218 3058 1259 3094 et
1273 3066 1354 3094 non
1371 3052 1617 3106 quaesierunt
1632 3064 1724 3092 eum
1738 3051 1780 3092 in
1795 3050 1983 3093 omnibus
1998 3050 2074 3092 his.

170 3117 200 3139 ¹¹
221 3115 277 3156 Et
304 3115 437 3155 factus
468 3118 528 3153 est
557 3112 755 3166 Ephraim
786 3112 900 3166 quasi
930 3112 1120 3154 columba
1192 3112 1362 3152 seducta
1390 3124 1472 3152 non
1500 3110 1654 3151 habens
1685 3123 1769 3151 cor:

222 3173 446 3227 AEgyptum
474 3171 736 3217 invocabant,
822 3172 874 3212 ad
902 3171 1088 3224 Assyrios
1119 3170 1320 3211 abierunt.

170 3234 201 3256 ¹2
221 3231 276 3273 Et
305 3245 397 3273 cum
426 3229 597 3285 profecti
625 3230 788 3278 fuerint,
873 3230 1106 3283 expandam
1135 3242 1256 3283 super
1285 3241 1350 3269 eos
1379 3233 1465 3269 rete
1494 3241 1649 3269 meum:

222 3290 337 3374 quasi
350 3290 556 3332 volucrem
570 3288 653 3329 00011
666 3289 882 3330 detraham
896 3302 974 3337 005
1024 3288 1177 3329 caedam
1193 3301 1258 3328 eos
1275 3287 1499 3327 secundum
1514 3286 1767 3327 auditionem
1780 3289 1910 3327 coetus
1924 3295 2075 3325 eorum.

301 3403 332 3444 6,
358 3403 598 3444 3aicor15‚
620 3405 650 3437 4.
676 3403 977 3443 —6blsm15,
999 3404 1056 3444 2-2;
1081 3403 1193 3443 Ecl4,
1217 3404 1273 3443 17;
1297 3402 1400 3442 Mte,
1425 3403 1480 3442 13;
1504 3403 1556 3442 12,
1579 3403 1609 3435 7.
