2356 3760
359 658 883 749 PRIMUS
953 538 2110 747 MffggKBAEORUM.

947 883 1297 934 Prolegomena‚
1327 883 1366 932 1,
1387 883 1534 923 1-10.

89 958 249 983 Ah‘fflffl
380 954 416 997 1.
472 956 486 979 1
524 953 580 996 Et
616 955 773 995 factum
811 960 883 998 est..
924 960 1145 1008 postquam
1184 953 1382 1007 percussit
1419 953 1654 994 Alexander
1688 951 1867 1005 Philippi
1904 950 2085 999 Macedo,
2126 950 2195 1004 qui

107 997 231 1054 ἶιίἷῖἑῖᾞῖ
274 1013 428 1067 primus
461 1013 647 1067 regnavit
680 1014 719 1054 in
751 1013 918 1057 Graecia,
952 1026 1133 1067 egressus
1166 1014 1215 1054 de
1247 1018 1356 1053 terra
1387 1012 1559 1057 Cethim,
1594 1011 1766 1052 Darium
1798 1023 1931 1064 regem
1963 1010 2193 1058 Persarum,

271 1078 311 1113 et
337 1072 568 1113 Medorum:
622 1074 636 1096 '-'
662 1072 877 1113 constituit
903 1071 1041 1124 praelia
1065 1072 1209 1121 multa,
1237 1077 1278 1112 et
1303 1071 1484 1113 obtinuit
1510 1070 1693 1112 omnium
1719 1069 1979 1113 munitiones,
2007 1074 2048 1109 et
2072 1068 2196 1109 inter-

271 1130 367 1171 fecit
386 1144 496 1182 reges
517 1136 644 1174 terrae,
692 1133 706 1155 ³
726 1136 765 1171 et
785 1131 1022 1183 pertransiit
1042 1143 1169 1184 usque
1189 1131 1241 1171 ad
1260 1130 1358 1171 fines
1378 1135 1513 1170 terrae:
1534 1135 1575 1170 et
1594 1128 1752 1181 accepit
1770 1127 1900 1181 spolia
1918 1127 2196 1168 multitudinis

271 1189 485 1230 Gentium:
508 1195 549 1230 et
570 1189 681 1230 siluit
702 1195 810 1229 terra
830 1189 870 1230 in
891 1194 1114 1242 conspectu
1135 1189 1230 1230 eius.
1281 1191 1295 1213 ⁴
1316 1189 1371 1230 Et
1392 1188 1655 1242 congregavit
1675 1187 1887 1232 virtutem,
1911 1192 1951 1227 et
1971 1185 2196 1227 exercitum

271 1248 420 1288 fortem
437 1247 575 1288 nimis:
594 1253 634 1289 et
650 1248 882 1289 exaltatum
899 1254 971 1293 est,
991 1253 1031 1289 et
1047 1248 1255 1289 elevatum
1272 1261 1340 1289 cor
1355 1248 1458 1288 eius:
1502 1249 1517 1271 5
1533 1253 1575 1287 et
1590 1246 1771 1288 obtinuit
1787 1245 1968 1299 regiones
1985 1245 2195 1294 Gentium,

273 1312 312 1347 et
342 1313 558 1360 tyrannos:
590 1311 631 1347 et
659 1307 759 1348 facti
787 1312 883 1348 sunt
912 1306 967 1347 illi
996 1307 1037 1347 in
1067 1307 1283 1348 tributum.

102 1367 222 1427 Iffffig‘i'ffiss
381 1367 396 1389 ὃ
425 1365 479 1406 Et
508 1371 600 1419 post
629 1366 713 1407 haec
743 1365 895 1407 decidit
923 1366 963 1406 in
992 1366 1156 1412 lectum,
1188 1371 1229 1407 et
1257 1365 1451 1419 cognovit
1481 1364 1577 1419 quia
1604 1368 1841 1405 moreretur.
1902 1364 1915 1386 ⁷
1945 1362 2001 1403 Et
2028 1362 2197 1403 vocavit

226 1422 230 1431 ’
273 1437 418 1477 pueros
448 1438 541 1465 suos
572 1425 738 1470 nobiles,
772 1424 841 1478 qui
870 1438 1007 1465 secum
1038 1430 1155 1465 erant
1184 1424 1331 1466 nutriti
1361 1437 1384 1465 a
1413 1424 1648 1465 iuventute:
1681 1427 1722 1463 et
1751 1422 1891 1463 divisit
1920 1421 1996 1462 illis
2026 1434 2196 1475 regnum

271 1496 402 1528 suum,
424 1496 516 1524 cum
536 1484 669 1524 adhuc
688 1484 857 1524 viveret.
908 1485 923 1507 ⁸
942 1483 996 1524 Et
1014 1484 1203 1537 regnavit
1220 1483 1453 1524 Alexander
1471 1482 1587 1523 annis
1607 1481 1835 1530 duodecim,
1856 1485 1897 1522 et
1914 1484 2102 1522 mortuus
2120 1485 2193 1521 est.

79 1548 253 1602 ⁵³¹¹⁹2¹sljj⁰sffi
381 1544 395 1566 ⁹
413 1542 467 1582 Et
485 1542 753 1583 obtinuerunt
770 1542 884 1596 pueri
901 1543 985 1583 eius
1002 1556 1184 1596 regnum,
1204 1542 1485 1596 unusquisque
1502 1541 1543 1582 in
1559 1541 1647 1582 loco
1664 1554 1755 1581 suo:
1802 1541 1837 1564 ¹⁰
1853 1544 1894 1580 et
1910 1539 2195 1593 imposuerunt

179 1596 199 1601 ”
273 1614 411 1642 omnes
441 1601 516 1642 sibi
546 1601 783 1642 diademata
811 1607 906 1655 post
934 1608 1109 1642 mortem
1140 1601 1236 1649 eius,
1268 1606 1309 1642 et
1338 1600 1407 1641 filii
1437 1613 1577 1641 eorum
1606 1605 1700 1653 post
1729 1612 1795 1640 eos
1825 1597 1941 1639 annis
1970 1597 2122 1647 multis,
2154 1603 2196 1638 et

270 1660 546 1713 multiplicata
575 1666 671 1702 sunt
701 1660 811 1701 mala
839 1660 880 1701 in
911 1665 1031 1702 terra.

949 1775 1169 1829 PARS
1211 1775 1514 1829 PRIMA.

536 1864 926 1931 Epiphanes
966 1865 1035 1916 et
1071 1862 1510 1926 Mathathias‚
1550 1862 1594 1926 1,
1623 1860 1815 1925 11—2‚
1844 1859 1945 1913 70.

273 2001 314 2052 Ι.
355 2001 686 2052 Antiochus
726 2000 820 2053 IV.
860 2001 1194 2068 Epiphanes
1234 2001 1465 2052 Iudaeos
1506 2014 1882 2066 persequenS,
1918 1999 2195 2061 1‚11-n67.

808 2092 846 2132 1.
878 2091 1031 2144 lmpiis
1062 2091 1225 2133 ludaeis
1255 2091 1395 2143 favet,
1427 2091 1661 2142 1,11-16.

131 2168 207 2192 Patri
238 2211 243 2214 q
380 2164 409 2187 ¹1
443 2162 499 2203 Et
531 2162 631 2204 exiit
663 2175 712 2203 ex
745 2162 799 2203 eis
832 2162 950 2203 radix
982 2162 1201 2216 peccatriX‚
1236 2162 1465 2204 Antiochus
1498 2161 1678 2211 illustris,
1713 2160 1818 2202 filius
1851 2160 2046 2202 Antiochi
2078 2160 2193 2215 regis,

91 2204 244 2229 suoeeden*
275 2221 344 2275 qui
373 2221 508 2262 fuerat
541 2222 684 2263 Romae
714 2221 848 2262 obses:
882 2226 923 2262 et
954 2221 1142 2275 regnavit
1172 2221 1212 2262 in
1245 2234 1352 2262 anno
1385 2222 1606 2263 centesimo
1639 2220 1845 2274 trigesimo
1877 2220 2052 2274 septimo
2083 2220 2195 2275 regni

272 2280 519 2321 Graeeorum.

98 2342 238 2402 iulssss‘ffgfflssn
381 2341 411 2363 ¹2
441 2339 487 2380 In
515 2339 657 2380 diebus
684 2338 760 2381 illis
789 2339 975 2380 exierunt
1002 2352 1051 2380 ex
1081 2338 1205 2380 Israel
1231 2338 1301 2379 filii
1328 2339 1469 2393 iniqui,
1500 2344 1541 2380 et
1567 2343 1785 2380 suaserunt
1811 2338 1963 2385 multis,
1994 2338 2193 2379 dicentes:

105 2386 232 2453 ςεὲῃηῖῗψ
276 2398 441 2443 Eamus,
479 2404 520 2439 et
555 2398 820 2452 disponamus
857 2403 1154 2439 testamentum
1190 2411 1283 2439 cum
1318 2397 1532 2446 Gentibus,
1572 2410 1662 2452 quae
1697 2397 1802 2438 circa
1837 2410 1909 2438 nos
1945 2402 2060 2438 sunt:
2099 2397 2196 2450 quia

99 2449 237 2477 “⁴'¹¹⁰‘³‘¹¹¹‘
274 2470 323 2497 ex
346 2470 425 2510 quo
448 2457 684 2498 recessimus
707 2457 758 2497 ab
782 2457 848 2502 eis,
873 2457 1119 2498 invenerunt
1141 2470 1213 2498 nos
1236 2456 1368 2498 multa
1389 2457 1509 2498 mala.
1562 2459 1593 2481 1³
1615 2457 1670 2498 Et
1693 2456 1823 2497 bonus
1846 2455 1956 2496 Visus
1979 2460 2040 2496 est
2061 2468 2193 2497 sermo

271 2516 312 2557 in
341 2515 464 2557 oculis
493 2529 644 2557 eorum.
702 2518 733 2540 ¹⁴
760 2515 815 2557 Et
842 2516 1155 2557 destinaverunt
1182 2515 1308 2570 aliqui
1335 2516 1384 2557 de
1411 2516 1575 2570 populo,
1606 2521 1647 2557 et
1674 2515 1864 2556 abierunt
1891 2515 1943 2556 ad
1969 2527 2123 2568 regem:
2153 2521 2194 2555 et

271 2575 385 2615 dedit
415 2574 490 2615 illis
521 2580 773 2628 potestatem
804 2580 850 2616 ut
879 2575 1061 2616 facerent
1090 2574 1292 2616 iustitiam
1323 2575 1531 2616 Gentium.

94 2634 247 2692 Insfflm
383 2635 413 2658 15
448 2633 503 2675 Et
538 2634 845 2675 aedificaverunt
878 2634 1139 2687 gymnasium
1174 2634 1215 2675 in
1252 2633 1510 2687 lerosolymis
1545 2634 1770 2675 secundum
1804 2633 1909 2687 leges
1946 2632 2192 2674 Nationum:

89 2704 250 2733 protanam.
279 2694 310 2716 ¹⁶
342 2699 382 2733 et
413 2692 598 2734 fecerunt
629 2692 705 2734 sibi
736 2693 949 2746 praeputia,
984 2698 1025 2734 et
1056 2698 1308 2734 recesserunt
1339 2706 1363 2734 a
1394 2698 1644 2734 testamento
1677 2698 1831 2741 sancto,
1866 2696 1907 2732 et
1937 2690 2067 2733 iuncti
2097 2696 2194 2732 sunt

277 2751 533 2797 Nationibus,
565 2758 607 2793 et
634 2752 863 2793 venundati
892 2757 989 2793 sunt
1017 2758 1064 2793 ut
1092 2752 1273 2793 facerent
1302 2752 1468 2794 malum.

775 2846 813 2885 2.
844 2844 1089 2885 Ierusalem
1120 2844 1190 2885 bis
1221 2844 1429 2896 percutit,
1458 2844 1498 2894 1,
1518 2843 1696 2885 17—42.

108 2917 234 2976 {5332}
381 2916 413 2938 ¹⁷
444 2914 497 2955 Et
527 2920 719 2968 paratum
749 2920 810 2955 est
839 2927 1007 2968 regnum
1039 2914 1078 2955 in
1108 2920 1329 2968 conspectu
1359 2914 1564 2962 Antiochi,
1596 2919 1637 2955 et
1666 2913 1791 2967 coepit
1820 2926 1987 2967 regnare
2014 2913 2056 2954 in
2085 2918 2194 2954 terra

105 2959 134 2982 ι’
191 2972 193 2974 ’
220 2969 223 2975 ‘
277 2972 442 3025 *Egypti
470 2979 514 3014 ut
541 2979 728 3027 regnaret
753 2986 875 3027 super
900 2974 980 3014 duo
1008 2986 1141 3027 regna.
1198 2975 1232 2998 ¹⁸
1258 2973 1314 3014 Et
1340 2974 1513 3014 intravit
1538 2973 1579 3014 in
1606 2973 1834 3027 AEgyptum
1859 2972 1901 3013 in
1926 2971 2192 3013 multitudine

270 3031 395 3083 gravi,
433 3032 472 3072 in
507 3032 702 3076 curribus,
740 3037 781 3073 et
815 3032 1054 3085 elephantis,
1092 3038 1131 3073 et
1167 3032 1386 3086 equitibus,
1424 3038 1465 3073 et
1500 3032 1663 3086 copiosa
1697 3031 1867 3072 navium
1902 3030 2188 3073 multitudine:

274 3091 306 3113 ¹⁹
324 3096 362 3129 et
381 3091 595 3131 constituit
615 3091 764 3131 bellum
783 3091 977 3132 adversus
996 3090 1265 3131 Ptolemaeum
1282 3104 1416 3145 regem
1435 3091 1616 3145 AEgypti,
1637 3096 1678 3131 et
1695 3090 1849 3131 veritus
1868 3095 1929 3130 est
1946 3089 2191 3131 Ptolemaeus

273 3162 295 3187 a
320 3147 421 3187 facie
448 3148 542 3191 cius.
571 3156 611 3190 et
636 3150 752 3203 fugit.
781 3155 821 3191 et
847 3150 1081 3190 ceciderunt
1107 3149 1311 3190 vulnerati
1337 3149 1468 3191 multi.
1522 3151 1559 3173 ²⁰
1584 3149 1639 3190 Et
1664 3148 1975 3202 comprehendit
2000 3148 2190 3189 civitates

273 3206 451 3246 munitas
482 3207 521 3247 in
554 3208 673 3248 Terra
705 3208 891 3262 AElgypti:
925 3215 964 3249 et
995 3208 1152 3261 accepit
1183 3208 1311 3261 spolia
1343 3209 1474 3249 Terrae
1504 3208 1685 3262 AEgypti.

93 3266 238 3331 gjgssffsissff
380 3267 409 3288 ²¹
448 3265 502 3305 Et
540 3267 741 3308 convertit
778 3267 1017 3313 Antiochus,
1057 3273 1277 3320 postquam
1316 3267 1514 3320 percussit
1551 3266 1777 3321 AEgyptum
1816 3267 1854 3307 in
1892 3266 2112 3307 centesimo
2151 3270 2191 3306 et

130 3322 133 3325 “
238 3322 242 3328 ’
276 3324 586 3377 quadragesimo
618 3326 737 3365 tertio
768 3339 892 3367 anno:
925 3332 964 3367 et
994 3325 1177 3366 ascendit
1207 3326 1257 3365 ad
1292 3325 1425 3370 Israel.
1484 3327 1515 3349 ²²
1544 3330 1585 3366 et
1615 3325 1798 3366 ascendit
1830 3324 2121 3377 lerosolymam
2151 3324 2191 3365 in

275 3382 539 3422 multitudine
572 3384 697 3435 gravi.
760 3386 791 3408 ²³
826 3385 879 3425 Et
914 3385 1084 3425 intravit
1120 3384 1158 3424 in
1193 3384 1561 3425 sanctificationem
1595 3397 1687 3425 cum
1721 3383 1923 3437 superbia,
1959 3389 1999 3423 et
2033 3382 2191 3436 accepit

273 3441 400 3481 altare
429 3454 608 3485 aureum,
639 3448 678 3481 et
706 3443 996 3483 candelabrum
1023 3442 1198 3487 luminis,
1229 3449 1268 3483 et
1297 3443 1486 3483 universa
1513 3456 1613 3483 vasa
1639 3442 1735 3489 eius,
1765 3447 1805 3483 et
1832 3454 2015 3482 mensam
2042 3454 2190 3495 propo·

271 3499 440 3543 sitionis.
467 3505 506 3540 et
529 3499 730 3543 libatoria,
757 3506 796 3540 et
822 3501 989 3555 phialas.
1015 3507 1056 3542 et
1078 3501 1317 3542 mortariola
1339 3514 1473 3547 aurea,
1499 3507 1539 3542 et
1564 3500 1711 3545 velum.
1737 3506 1777 3541 et
1801 3513 1982 3545 coronas,
2009 3505 2049 3540 et
2072 3513 2189 3541 orna-

272 3564 456 3599 mentum
487 3572 666 3605 aureum.
699 3560 807 3613 quod
836 3560 876 3600 in
904 3561 1005 3601 facie
1035 3560 1177 3613 templi
1205 3566 1309 3601 erat:
1341 3566 1381 3601 et
1409 3560 1652 3602 comminuit
1680 3559 1827 3601 omnia.
1885 3561 1918 3583 ²⁴
1946 3559 2000 3600 Et
2029 3559 2188 3612 accepit
