2356 3760
125 455 518 543 LIBER
592 453 1278 545 SECUNDUS
1357 456 2028 572 SAMUELIS‚

288 589 511 654 QUEM
548 588 702 642 NOS
741 587 1171 643 SECUNDUM
1210 590 1492 644 REGUM
1531 591 1869 647 DICIMUS.

974 692 1175 700 mm

810 767 1030 821 PARS
1071 766 1354 821 PRIOR.

555 857 773 910 David
809 869 932 909 rex
967 856 1206 920 iustUS,
1244 856 1287 920 1,
1314 855 1502 920 1—10‚
1528 855 1616 908 19.

974 947 1118 963 W

413 1002 455 1053 Ι.
493 1002 635 1053 Pius
674 1002 734 1052 in
774 1001 1006 1053 Saulem
1046 1003 1105 1053 et
1142 1001 1462 1063 Ionatham,
1501 1000 1751 1062 1,1—27.

578 1088 617 1128 1.
647 1087 857 1128 Nuntium
890 1087 1154 1128 mendacem
1186 1087 1362 1137 occidit,
1390 1088 1429 1137 1,
1449 1086 1595 1126 1—16.

233 1152 271 1195 1.
326 1155 338 1176 ¹
367 1153 541 1194 Factum
569 1159 630 1195 est
657 1158 808 1201 autem,
838 1159 1059 1208 postquam
1086 1160 1272 1194 mortuus
1300 1158 1362 1193 est
1388 1152 1496 1198 Saul,
1527 1158 1573 1194 ut
1600 1153 1736 1194 David
1763 1160 2033 1197 reverteretur
2058 1165 2090 1189 In
2113 1164 2218 1192 Sicesta

129 1223 153 1251 a
178 1211 285 1252 caede
311 1211 490 1261 Amalec,
519 1217 560 1254 et
586 1218 770 1253 maneret
795 1212 837 1253 in
863 1212 1016 1265 Siceleg
1041 1213 1142 1253 duos
1170 1212 1265 1253 dies.
1321 1214 1335 1235 ²
1365 1211 1411 1252 In
1438 1211 1501 1252 die
1529 1218 1667 1253 autem
1694 1213 1816 1254 tertia
1842 1216 2034 1268 apparuit
2047 1208 2239 1266 ¹¹}Z'523ffi‘2'niff'

128 1270 250 1312 homo
279 1270 443 1312 veniens
472 1271 521 1312 de
549 1271 691 1312 castris
720 1271 815 1313 Saul
844 1278 956 1313 veste
984 1270 1197 1319 conscissa,
1228 1276 1269 1311 et
1296 1270 1461 1324 pulvere
1489 1284 1725 1324 conspersus
1755 1280 1890 1326 caput.
1920 1280 1961 1315 et
1988 1280 2034 1315 ut

128 1328 243 1370 venit
263 1330 315 1370 ad
334 1329 484 1379 David,
507 1330 653 1372 cecidit
672 1344 793 1385 super
811 1330 955 1372 faciem
977 1344 1105 1379 suam,
1128 1335 1169 1371 et
1189 1329 1390 1372 adoravit.
1439 1332 1454 1354 ³
1474 1329 1672 1384 Dixitque
1693 1332 1744 1372 ad
1765 1345 1855 1372 eum
1876 1333 2031 1374 David:

130 1388 247 1429 Unde
266 1388 405 1430 Venis?
426 1389 504 1438 Qui
523 1389 581 1430 ait
600 1391 651 1430 ad
671 1403 781 1431 eum:
801 1390 862 1430 De
882 1389 1025 1429 castris
1046 1388 1169 1429 Israel
1186 1389 1283 1439 fugi.
1330 1391 1345 1413 ⁴
1364 1389 1418 1430 Et
1436 1388 1542 1430 dixit
1560 1390 1610 1429 ad
1631 1403 1721 1430 eum
1741 1390 1894 1432 David:
1916 1392 2035 1440 Quod

128 1452 190 1488 est
219 1448 390 1489 verbum
421 1449 529 1502 quod
558 1449 715 1490 factum
745 1448 830 1489 est?
861 1448 996 1489 indica
1026 1447 1135 1488 mihi.
1168 1448 1246 1497 Qui
1276 1447 1351 1488 ait:
1382 1447 1505 1501 Fugit
1534 1448 1707 1502 populus
1738 1462 1786 1489 ex
1815 1449 1963 1503 przelio,
1995 1456 2035 1492 et

129 1505 247 1547 multi
265 1513 497 1548 corruentes
515 1521 535 1548 e
552 1507 703 1561 populo
721 1507 872 1549 mortui
889 1515 1003 1548 sunt:
1023 1508 1091 1548 sed
1110 1513 1151 1548 et
1167 1507 1263 1548 Saul
1281 1512 1322 1547 et
1342 1507 1536 1548 Ionathas
1555 1507 1658 1548 filius
1677 1507 1759 1549 eius
1778 1508 2031 1550 interierunt.

232 1567 247 1590 ⁵
270 1565 468 1620 Dixitque
492 1566 629 1608 David
653 1567 705 1608 ad
729 1566 1040 1611 adolescentem,
1068 1566 1137 1620 qui
1160 1566 1385 1607 nunciabat
1408 1566 1460 1606 ei:
1488 1567 1605 1607 Unde
1629 1566 1704 1608 scis
1730 1567 1826 1621 quia
1848 1573 2032 1610 mortuus
2075 1578 2103 1596 ³⁸
2125 1571 2203 1596 Sami

2024 1627 2031 1633 .
2082 1606 2197 1637 plagam

128 1629 190 1665 est
212 1624 321 1674 Saul,
347 1630 388 1666 et
413 1626 608 1667 Ionathas
633 1625 736 1666 filius
762 1625 870 1666 eius?
925 1628 940 1649 ‘⁵
963 1626 1018 1666 Et
1042 1625 1100 1666 ait
1124 1625 1368 1670 adolescens,
1396 1625 1464 1679 qui
1488 1625 1711 1667 nunciabat
1736 1626 1787 1666 ei:
1814 1627 1917 1668 Casu
1942 1641 2034 1668 vem
2060 1644 2219 1667 extremam

62 1729 70 1735 θ
128 1683 169 1724 111
188 1689 372 1725 montem
392 1684 555 1733 Gelboe,
578 1690 619 1726 et
637 1685 734 1726 Saul
753 1685 1019 1726 incumbebat
1039 1698 1160 1738 super
1178 1684 1340 1725 hastam
1361 1698 1496 1725 suam:
1518 1698 1636 1738 porro
1658 1698 1796 1726 currus
1817 1691 1858 1727 et
1877 1686 2033 1740 equites
2066 1678 2213 1708 infl*⁸³s⁵*³’

129 1743 520 1797 appropinquabant
551 1743 597 1790 ei,
660 1746 673 1767 ⁷
705 1750 744 1785 et
777 1757 994 1785 conversus
1027 1750 1119 1797 post
1151 1750 1309 1797 tergum
1342 1758 1472 1789 suum,
1507 1743 1729 1798 vidensque
1761 1758 1824 1785 me
1856 1745 2033 1786 vocavit.

129 1801 201 1843 Cui
231 1816 323 1843 cum
353 1803 668 1856 respondissem:
700 1804 875 1844 Adsum:
936 1805 951 1826 ⁸
981 1802 1085 1843 dixit
1114 1802 1232 1843 mihi:
1264 1802 1462 1852 Quisnam
1492 1816 1531 1843 es
1562 1803 1632 1844 tu?
1666 1803 1718 1844 Et
1749 1803 1811 1845 aio
1842 1805 1893 1845 ad
1923 1818 2033 1845 eum:

129 1861 373 1902 Amalecitcs
394 1875 465 1915 ego
485 1876 587 1903 sum.
639 1865 653 1887 ‘³
674 1863 728 1903 Et
747 1862 906 1904 locutus
927 1868 988 1903 est
1008 1861 1125 1902 mihi:
1146 1862 1220 1904 Sta
1239 1875 1360 1915 super
1378 1875 1454 1909 me,
1476 1867 1517 1902 et
1535 1861 1717 1903 interfice
1736 1876 1818 1903 me:
1841 1863 2034 1916 quoniam

129 1925 272 1961 tenent
294 1934 359 1962 me
382 1921 591 1975 angustiae,
618 1927 659 1963 et
681 1922 814 1963 adhuc
838 1926 929 1963 tota
952 1921 1089 1961 anima
1111 1934 1203 1962 mea
1225 1920 1265 1961 in
1290 1935 1353 1962 me
1377 1926 1449 1961 est.
1503 1922 1538 1945 ¹⁰
1559 1921 1762 1975 Stansque
1785 1935 1906 1975 super
1928 1936 2032 1970 eum,

129 1979 256 2021 occidi
280 1979 412 2020 illum:
438 1980 615 2021 sciebam
640 1980 747 2022 enim
774 1981 883 2034 quod
908 1980 1044 2021 vivere
1068 1993 1149 2021 non
1174 1985 1337 2033 poterat
1360 1986 1456 2034 post
1478 1979 1656 2020 ruinam:
1683 1985 1724 2021 et
1748 1980 1823 2021 tuli
1847 1980 2037 2022 diadema

130 2039 240 2092 quod
256 2045 344 2080 erat
360 2039 401 2079 111
418 2039 551 2093 capite
569 2039 665 2088 eius,
684 2045 726 2081 et
742 2039 944 2080 arnullam
961 2040 1010 2080 de
1028 2039 1192 2080 brachio
1210 2039 1328 2083 illius,
1348 2044 1389 2080 et
1405 2038 1527 2080 attuli
1544 2040 1596 2080 ad
1613 2044 1652 2079 te
1669 2039 1882 2080 dominum
1900 2053 2033 2081 meum

129 2098 219 2138 huc.
281 2099 311 2121 ¹¹
344 2098 664 2153 Apprehendens
698 2104 836 2140 autem
870 2097 1007 2139 David
1040 2098 1288 2139 vestimenta
1319 2111 1391 2138 sua
1425 2097 1555 2145 scidit,
1591 2111 1811 2152 omnesque
1845 2098 1932 2148 viri,
1968 2098 2037 2152 qui

130 2162 246 2197 erant
271 2170 363 2198 cum
389 2171 446 2203 eo,
501 2159 533 2181 ¹2
558 2164 598 2199 et
623 2157 882 2211 planxerunt.
911 2162 951 2197 et
978 2156 1192 2206 fleverunt,
1219 2162 1259 2197 et
1284 2156 1570 2198 ieiunaverunt
1596 2170 1723 2211 usque
1749 2158 1801 2198 ad
1826 2171 2036 2212 vesperam

130 2229 250 2270 super
272 2216 380 2265 Saul,
407 2221 449 2257 et
471 2230 593 2270 super
619 2217 822 2258 Ionathan
848 2216 975 2257 filium
1000 2215 1096 2265 eius,
1123 2221 1165 2257 et
1188 2229 1309 2269 super
1332 2215 1529 2270 populum
1554 2215 1733 2265 Domini,
1760 2222 1801 2257 et
1825 2230 1945 2270 super
1968 2217 2038 2258 do-

129 2289 241 2316 mum
275 2275 409 2324 Israel,
442 2289 487 2317 eo
518 2277 627 2330 quod
657 2276 903 2317 corruissent
931 2274 1077 2329 gladio.

234 2335 267 2358 ¹³
288 2334 486 2389 Dixitque
508 2334 645 2376 David
667 2335 720 2376 ad
740 2334 929 2376 iuvenem
953 2334 1021 2388 qui
1043 2333 1311 2375 nunciaverat
1332 2334 1384 2374 ei:
1411 2334 1527 2375 Unde
1550 2348 1589 2374 es
1612 2334 1682 2375 tu?
1707 2334 1785 2383 Qui
1806 2335 2034 2388 respondit:
2050 2341 2234 2396 “{ffifflsssstffi

129 2392 254 2435 Filius
279 2393 454 2435 hominis
478 2394 648 2435 advenae
671 2394 908 2435 Amalecitae
932 2406 1003 2447 ego
1028 2407 1129 2434 sum.
1183 2395 1215 2417 ¹⁴
1240 2393 1294 2434 Et
1318 2393 1377 2434 ait
1401 2393 1453 2434 ad
1477 2406 1569 2433 eum
1593 2392 1748 2433 David:
1779 2393 1932 2441 aQuare
1955 2407 2036 2434 non
2212 2389 2217 2394 ’

130 2452 306 2493 timuisti
326 2452 490 2494 mittere
511 2467 680 2494 manum
701 2458 817 2494 tuam
838 2459 886 2494 ut
907 2451 1105 2494 occideres
1128 2452 1326 2493 christum
1347 2451 1539 2493 Domini?
1588 2453 1620 2476 ¹⁵
1641 2451 1881 2505 Vocansque
1902 2452 2039 2493 David

130 2525 258 2553 unum
284 2512 333 2552 de
357 2512 492 2566 pueris
518 2512 613 2562 suis,
641 2512 717 2553 ait:
745 2512 950 2553 Aecedens
977 2511 1082 2552 irrue
1108 2511 1149 2552 in
1175 2525 1279 2552 eum.
1308 2510 1386 2560 Qui
1411 2510 1610 2564 percussit
1635 2509 1761 2559 illum,
1789 2516 1830 2551 et
1854 2516 2039 2553 mortuus

131 2576 204 2612 est.
249 2572 285 2595 ¹⁶
300 2570 356 2611 Et
372 2570 432 2612 ait
447 2571 500 2612 ad
516 2584 609 2613 eum
625 2571 781 2613 David:
799 2571 972 2625 Sanguis
991 2576 1084 2610 tuus
1102 2583 1223 2624 super
1239 2575 1364 2624 caput
1380 2575 1516 2610 tuum:
1536 2583 1578 2610 os
1596 2569 1703 2610 enim
1721 2575 1839 2610 tuum
1855 2569 2038 2611 locutum

131 2635 193 2671 est
220 2631 437 2671 adversum
465 2635 518 2679 te,
548 2630 703 2671 dicens:
732 2630 819 2684 Ego
847 2629 1031 2671 interfeci
1060 2629 1258 2670 christum
1285 2628 1464 2670 Domini.

549 2735 590 2775 2.
622 2733 805 2775 Saulem
836 2734 880 2775 et
909 2734 1145 2775 Ionatham
1175 2734 1368 2786 plangit,
1395 2734 1436 2784 1,
1455 2733 1633 2773 17—-27,

237 2808 270 2830 ¹⁷
294 2805 461 2847 Planxit
484 2811 623 2847 autem
647 2805 784 2847 David
807 2805 1021 2859 planctum
1044 2805 1324 2847 huiuscemodi
1348 2818 1469 2858 super
1492 2804 1599 2845 Saul.
1626 2808 1667 2845 et
1690 2815 1811 2856 super
1835 2802 2039 2844 Ionathan

132 2867 259 2908 filium
288 2864 384 2914 eius,
441 2866 494 2917 (¹⁸
521 2870 563 2906 et
590 2865 783 2919 praecepit
810 2870 858 2906 ut
885 2865 1078 2906 docerent
1106 2864 1209 2905 filios
1242 2865 1344 2905 Iuda
1372 2876 1523 2912 arcum,
1553 2863 1658 2903 sicut
1685 2860 1883 2915 scriptum
1912 2866 1973 2902 est
2000 2860 2042 2901 in

132 2925 254 2967 Libro
274 2924 507 2977 iustorum.)
528 2924 584 2965 Et
603 2924 680 2964 ait:
702 2923 922 2965 Considera
943 2923 1067 2965 Israel
1085 2937 1157 2977 pro
1178 2923 1253 2971 his,
1277 2923 1346 2978 qui
1366 2922 1518 2964 mortui
1537 2927 1633 2963 sunt
1653 2933 1773 2975 super
1792 2919 1950 2961 excelsa
1969 2924 2043 2961 tua

131 2983 346 3026 vulnerati.

419 3043 455 3066 ¹⁹
484 3041 645 3095 Inclyti,
678 3041 813 3090 Israel,
843 3054 964 3094 super
990 3046 1150 3083 montes
1178 3046 1271 3083 tuos
1299 3039 1505 3082 interfecti
1532 3044 1646 3081 sunt:
2058 3043 2239 3103 Efffgffiffgio

420 3114 500 3155 quo
529 3101 652 3141 modo
682 3100 915 3142 ceciderunt
943 3100 1093 3141 fortes?

418 3207 455 3230 2⁰
483 3205 619 3247 Nolite
649 3204 896 3246 annunciare
925 3205 966 3246 in
996 3205 1116 3255 Geth,
2059 3207 2134 3260 ’Ἐξ
2149 3200 2236 3259 113131·

417 3278 548 3320 neque
578 3263 833 3305 annuncietis
862 3263 904 3304 in
934 3263 1123 3318 compitis
1152 3263 1382 3306 Ascalonis:
2060 3269 2230 3297 nuntianda.

417 3337 468 3366 ne
495 3324 601 3365 forte
629 3322 820 3364 laetentur
848 3322 939 3364 filiae
967 3322 1230 3372 Philisthiim‚

417 3397 466 3424 ne
496 3381 683 3424 exultent
711 3381 802 3422 filiae
830 3381 1217 3423 incircumcisorum.

224 3458 361 3525 wifu
377 3486 439 3519 ars
465 3486 539 3527 104,
565 3487 617 3520 15.
