2356 3760
260 239 336 280 906
1114 235 1259 269 LIBER
1284 235 1311 269 Ι.
1927 240 1957 279 2,
1984 240 2103 281 69-3,
2129 239 2172 274 28

127 332 167 356 01³
361 331 397 354 ⁶⁹
419 330 475 370 Et
496 328 706 371 benedixit
729 341 807 374 eos,
833 332 873 368 et
896 327 1108 381 appositus
1131 334 1192 370 est
1214 330 1266 370 ad
1288 333 1425 383 patres
1447 341 1551 370 suos
1606 330 1642 353 ⁷⁰
1663 329 1719 370 Et
1740 330 1959 373 defunctus
1981 338 2042 374 est
2064 346 2171 375 anno

63 367 231 392 benedicens

82 403 210 428 moritur·
253 389 474 431 centesimo
499 393 540 429 et
566 387 876 442 quadragesimo
902 391 1037 427 sexto:
1064 392 1106 427 et
1129 387 1313 441 sepultus
1339 392 1401 429 est
1425 401 1448 428 a
1472 387 1561 429 filiis
1587 388 1668 429 suis
1693 388 1733 429 in
1759 389 1980 443 sepulchris
2005 397 2171 445 patrum

251 461 418 490 suorum
447 448 488 489 in
518 447 670 492 Modin,
703 453 745 487 et
774 444 1023 499 planxerunt
1054 458 1146 487 eum
1177 446 1308 487 omnis
1340 445 1464 487 Israel
1493 446 1662 500 planctu
1692 461 1853 502 magno.

882 570 1102 625 PARS
1144 571 1555 627 SECUNDA.

660 659 863 713 Iudas
902 659 1353 726 Machabaeu8‚
1393 660 1450 725 3,
1478 661 1635 726 1—9‚
1661 662 1769 714 22.

435 800 476 851 I.
515 799 804 851 Antiocho
845 799 938 851 IV.
978 800 1280 866 Epiphane
1320 803 1622 867 regnante,
1661 803 1709 863 3,
1738 803 1886 857 1—6.
1914 803 1992 854 16.

661 893 700 932 1.
730 891 1021 943 Apollonium
1055 891 1099 931 et
1129 889 1352 931 Seronem
1384 892 1538 943 vincit,
1568 893 1607 941 3,
1628 892 1773 933 1-26,

104 970 189 994 Iudas
359 962 395 1006 3.
452 965 465 987 ¹
497 962 553 1003 Et
583 962 758 1004 surrexit
792 962 926 1009 Iudas,
961 962 1030 1015 qui
1062 961 1291 1003 vocabatur
1320 961 1580 1004 Machabaeus
1611 961 1715 1003 filius
1747 963 1830 1004 eius
1861 976 1933 1017 pro
1965 977 2029 1007 eo:
2088 967 2103 990 ²
2133 970 2175 1007 et

116 1005 174 1029 dux

85 1041 207 1065 munus
254 1022 511 1063 adiuvabant
542 1035 634 1063 eum
666 1033 804 1063 omnes
835 1021 980 1061 fratres
1011 1020 1113 1061 eius:
1146 1025 1187 1061 et
1218 1021 1407 1070 universi,
1441 1022 1510 1075 qui
1539 1034 1580 1062 se
1610 1021 1908 1063 coniunxerant
1937 1024 2045 1077 patri
2075 1025 2171 1075 eius,

251 1086 293 1122 et
322 1081 616 1134 praeliabantur
643 1079 826 1133 praelium
859 1079 983 1120 Israel
1013 1093 1105 1120 cum
1134 1079 1289 1121 laetitia.

267 1165 283 1188 ³
304 1162 358 1203 Et
388 1162 581 1203 dilatavit
607 1161 777 1215 gloriam
806 1160 957 1214 populo
987 1174 1071 1209 suo,
1156 1166 1197 1202 et
1225 1161 1360 1203 induit
1388 1175 1429 1203 se
1456 1161 1623 1204 loricam
1652 1162 1758 1203 sicut
1784 1163 1907 1217 gigas,

303 1226 343 1261 et
374 1220 577 1262 succinxit
606 1233 646 1261 se
677 1233 791 1260 arma
822 1219 965 1260 bellica
994 1233 1068 1261 sua
1097 1220 1137 1261 in
1168 1220 1327 1274 praeliis,
1413 1226 1454 1262 et
1482 1222 1728 1275 protegebat
1758 1227 1893 1263 castra
1920 1222 2055 1277 gladio
2086 1237 2171 1266 suo.

267 1283 283 1305 ⁴¹
303 1279 453 1321 Similis
466 1280 600 1321 factus
613 1284 673 1320 est
686 1278 790 1320 leoni
803 1279 843 1319 in
857 1279 1046 1332 operibus
1059 1279 1152 1325 suis,
1221 1284 1261 1319 et
1273 1279 1379 1320 sicut
1391 1279 1551 1321 catulus
1566 1279 1692 1321 leonis
1707 1281 1867 1333 rugiens
1882 1281 1923 1322 in
1939 1282 2171 1325 venatione.

267 1341 283 1364 5
304 1339 358 1380 Et
392 1343 664 1393 persequutus
698 1343 760 1379 est
793 1338 953 1391 iniquos
987 1343 1248 1391 perscrutans
1282 1351 1367 1381 eos:
1456 1344 1498 1380 et
1532 1340 1601 1393 qui
1634 1340 1942 1381 conturbabant
1974 1341 2174 1395 populum

515 1411 646 1445 suum,
679 1410 745 1439 eos
775 1397 987 1438 succendit
1016 1396 1210 1438 flammis:

268 1459 284 1482 ⁶
304 1461 345 1498 et
378 1456 526 1510 repulsi
560 1462 656 1498 sunt
691 1455 841 1497 inimici
876 1455 959 1496 eius
994 1469 1075 1509 prae
1109 1456 1255 1498 timore
1288 1456 1384 1504 eius,
1489 1461 1531 1498 et
1563 1470 1703 1499 omnes
1737 1458 1909 1511 operarii
1943 1458 2174 1513 iniquitatis

516 1515 752 1557 conturbati
782 1520 896 1555 sunt:

304 1579 344 1615 et
374 1575 531 1616 directa
559 1580 620 1615 est
649 1574 756 1616 salus
787 1574 826 1614 in
857 1587 981 1614 manu
1012 1574 1108 1616 eius.
1196 1576 1210 1598 ⁷
1240 1575 1296 1615 Et
1325 1575 1601 1616 exacerbabat
1629 1588 1740 1629 reges
1770 1575 1934 1625 multos,

305 1639 344 1674 et
361 1633 599 1675 laetificabat
616 1633 739 1675 Iacob
756 1633 795 1673 in
813 1633 1002 1685 operibus
1019 1633 1112 1679 suis,
1184 1637 1225 1674 et
1241 1633 1280 1674 in
1298 1633 1490 1675 saeculum
1506 1634 1703 1675 memoria
1719 1634 1802 1675 eius
1818 1634 1859 1675 in
1876 1635 2172 1678 benedictione.

268 1695 283 1717 8
304 1692 358 1733 Ε1
386 1692 691 1746 perambulavit
717 1692 906 1732 civitates
935 1691 1050 1735 Iuda,
1079 1696 1120 1732 et
1146 1692 1326 1745 perdidit
1351 1692 1497 1746 impios
1524 1705 1573 1733 ex
1599 1692 1666 1742 eis,
1748 1698 1790 1734 et
1815 1693 1968 1735 avertit
1993 1694 2095 1736 iram
2123 1696 2174 1736 ab

517 1751 651 1793 Israel.

268 1813 283 1835 ⁹
304 1811 359 1851 Et
396 1810 632 1852 nominatus
670 1814 732 1851 est
768 1823 897 1863 usque
934 1810 986 1850 ad
1023 1809 1292 1851 novissimum
1330 1815 1458 1857 terrae,
1552 1815 1593 1852 et
1629 1811 1893 1865 congregavit
1928 1817 2157 1866 pereuntes

56 1903 238 1942 Apollonium
360 1897 394 1919 ¹⁰
412 1895 467 1935 Et
485 1892 748 1946 congregavit
765 1891 1005 1945 Apollonius
1024 1892 1187 1939 Gentes,
1209 1897 1250 1933 et
1268 1906 1292 1933 a
1309 1892 1494 1934 Samaria
1512 1893 1711 1934 virtutem
1728 1892 1903 1933 multam
1923 1897 1965 1934 et
1981 1906 2175 1947 magnam

90 1939 203 1964 ⁰¹³⁰¹⁴¹¹¹'
255 1955 306 1996 ad
327 1953 563 1995 bellandum
579 1956 723 1993 contra
738 1950 872 1991 lsrael.
916 1952 946 1975 ¹¹
960 1951 1016 1991 Et
1029 1951 1223 2004 cognovit
1245 1951 1380 1999 Iudas,
1397 1956 1438 1992 et
1451 1952 1550 1993 exiit
1564 1951 1729 1994 obviarn
1750 1951 1824 1992 illi:
1847 1957 1888 1993 et
1906 1952 2118 2006 percussit,
2134 1957 2176 1994 et

253 2013 402 2055 occidit
425 2012 556 2053 illum:
582 2016 623 2051 et
647 2010 882 2051 ceciderunt
899 2009 1105 2051 vulnerati
1128 2009 1260 2058 multi,
1281 2016 1322 2051 et
1343 2010 1488 2065 reliqui
1510 2011 1716 2065 fugerunt.
1749 2012 1781 2034 ¹2
1799 2015 1840 2051 et
1863 2011 2023 2064 accepit
2045 2011 2176 2065 spolia

255 2086 412 2114 eorum:
440 2077 481 2112 et
505 2070 685 2124 gladium
705 2068 909 2123 Apollonii
935 2069 1108 2110 abstulit
1135 2069 1270 2113 Iudas,
1292 2074 1333 2110 et
1358 2075 1446 2111 erat
1469 2083 1658 2124 pugnans
1681 2070 1722 2110 in
1744 2083 1789 2111 eo
1809 2069 1998 2111 omnibus
2017 2070 2172 2112 diebus.

82 2154 215 2179 vanfflss
361 2151 392 2173 ¹3
424 2148 480 2188 Et
511 2146 672 2188 audivit
703 2146 828 2187 Seron
860 2144 1047 2198 princeps
1080 2145 1281 2186 exercitus
1313 2145 1451 2199 Syriae,
1487 2146 1597 2198 quod
1629 2145 1894 2200 congregavit
1926 2145 2049 2188 Iudas
2082 2160 2175 2188 con-

77 2190 222 2249 mnDffi‘Jilns
255 2207 533 2262 gregationem
557 2204 749 2247 fidelium.
776 2209 817 2244 et
840 2203 1049 2244 ecclesiam
1073 2217 1222 2248 secum,
1275 2206 1306 2228 ¹⁴
1329 2210 1371 2245 et
1393 2204 1469 2245 ait:
1495 2204 1661 2245 Faciam
1685 2204 1785 2245 mihi
1808 2218 1969 2254 nomen,
1995 2210 2036 2246 et
2057 2205 2175 2260 glori-

84 2261 215 2289 ⁰⁴³¹¹t⁸s³³⁵
256 2260 409 2308 ficabor
437 2266 477 2306 in
505 2278 640 2318 regno,
671 2268 712 2304 et
740 2261 952 2304 debellabo
984 2262 1143 2311 ludam,
1175 2268 1215 2303 et
1244 2276 1321 2310 eos,
1354 2263 1424 2317 qui
1452 2277 1544 2304 cum
1573 2263 1660 2317 ipso
1689 2269 1797 2313 sunt,
1830 2264 1899 2318 qui
1927 2265 2176 2318 spernebant

254 2326 425 2366 verbum
449 2324 563 2378 regis.
617 2324 647 2347 ¹5
670 2322 726 2362 Et
748 2321 998 2376 praeparavit
1020 2334 1078 2362 se:
1105 2326 1145 2362 et
1168 2322 1441 2363 ascenderunt
1464 2335 1556 2363 011111
1580 2335 1625 2364 00
1650 2327 1784 2363 castra
1806 2322 2026 2376 impiorum
2048 2324 2175 2365 fortes

255 2384 457 2425 auxiliarii
487 2388 533 2424 ut
562 2382 743 2423 facerent
774 2380 1001 2421 vindictam
1030 2380 1071 2422 in
1101 2380 1203 2422 filios
1235 2380 1370 2422 Israel.
1430 2382 1464 2405 ¹⁶
1493 2381 1549 2422 Et
1578 2381 2018 2435 appropinquaverunt
2046 2395 2175 2436 usque

256 2444 307 2485 ad
325 2443 550 2483 Bethoron:
568 2446 609 2482 et
624 2440 753 2481 exivit
769 2439 892 2481 Iudas
908 2439 1073 2480 obviam
1088 2439 1144 2480 illi
1160 2452 1252 2480 cum
1267 2440 1419 2493 paucis.
1464 2441 1497 2464 ¹⁷
1514 2440 1572 2481 Ut
1587 2446 1725 2481 autem
1742 2440 1935 2481 viderunt
1950 2441 2174 2483 exercitum

255 2502 487 2543 venientem
513 2501 589 2541 sibi
614 2499 791 2543 obviam,
818 2498 1012 2539 dixerunt
1037 2498 1166 2540 Iudae:
1194 2499 1409 2547 Quomodo
1434 2499 1658 2553 poterimus
1682 2500 1803 2553 pauci
1826 2513 2008 2554 pugnare
2032 2505 2176 2542 contra

255 2560 564 2602 multitudinem
592 2563 767 2605 tantam,
796 2562 837 2598 et
863 2562 949 2598 tam
975 2557 1136 2606 fortem,
1165 2563 1207 2599 et
1232 2571 1304 2600 nos
1330 2558 1494 2612 fatigati
1520 2572 1660 2599 sumus
1686 2558 1834 2600 ieiunio
1860 2558 2005 2600 hodie?
2060 2561 2094 2583 18
2119 2559 2176 2600 Et

255 2620 314 2661 ait
338 2619 479 2660 Iudas:
504 2618 638 2659 Facile
662 2622 723 2658 est
745 2615 932 2658 concludi
954 2615 1106 2658 multos
1128 2616 1169 2658 in
1192 2630 1338 2658 manus
1361 2631 1604 2671 paucorum:
1630 2622 1671 2658 et
1692 2631 1774 2659 non
1797 2622 1859 2658 est
1881 2617 2112 2659 differentia
2134 2618 2175 2659 in

255 2684 476 2732 conspectu
500 2677 575 2718 Dei
598 2676 681 2717 oaeli
702 2676 872 2716 liberare
894 2675 935 2716 in
957 2675 1109 2722 multis,
1134 2681 1175 2717 et
1196 2676 1236 2717 in
1259 2676 1417 2730 paucis:
1470 2679 1503 2701 ¹⁹
1526 2677 1720 2731 quoniam
1742 2689 1824 2717 non
1846 2676 1887 2717 in
1908 2676 2175 2718 multitudine

255 2738 456 2779 exercitus
476 2736 649 2777 victoria
668 2734 772 2779 belli.
793 2735 863 2775 sed
883 2735 931 2775 de
951 2734 1045 2775 caelo
1065 2735 1266 2776 fortitudo
1286 2741 1358 2777 est.
1407 2738 1442 2759 2⁰
1462 2735 1544 2789 Ipsi
1563 2736 1735 2776 veniunt
1754 2736 1804 2777 ad
1828 2749 1900 2777 nos
1924 2735 1966 2776 in
1987 2735 2175 2778 multitu-

256 2797 349 2837 dine
374 2795 619 2842 contumaci,
647 2799 688 2836 et
712 2793 902 2847 superbia
926 2799 973 2834 ut
997 2794 1237 2847 disperdant
1262 2808 1345 2840 nos,
1373 2799 1414 2835 et
1439 2807 1583 2836 uxores
1608 2801 1781 2844 nostras,
1809 2800 1849 2835 et
1873 2794 1974 2836 filios
1999 2800 2172 2844 nostros,

257 2861 296 2895 et
316 2861 363 2895 111.
381 2855 556 2908 spolient
575 2867 665 2895 nos:
714 2856 743 2877 2¹
764 2866 836 2893 nos
857 2865 951 2893 vero
970 2853 1244 2906 pugnabimus
1264 2867 1336 2907 pro
1356 2853 1571 2894 animabus
1591 2853 1751 2901 nostris,
1773 2858 1814 2894 et
1831 2854 1986 2908 legibus
2005 2854 2172 2895 nostris:

257 2916 288 2937 22
312 2921 350 2953 et
376 2915 459 2967 ipso
482 2913 683 2954 Dominus
707 2916 891 2953 conteret
914 2924 980 2952 eos
1005 2917 1100 2952 ante
1123 2912 1267 2954 faciem
1292 2918 1494 2954 nostram:
1520 2926 1592 2954 vos
1615 2919 1754 2954 autem
1778 2926 1828 2954 ne
1850 2912 2069 2954 timueritis
2093 2926 2171 2955 eos.

258 2974 289 2996 2³
311 2972 366 3011 Ut
388 2973 562 3013 cessavit
583 2977 721 3013 autem
741 2971 864 3024 loqui,
888 2970 1044 3011 insiluit
1063 2971 1103 3011 in
1125 2984 1190 3012 003
1211 2972 1366 3013 subito:
1389 2977 1430 3013 et
1450 2972 1651 3013 contritus
1672 2976 1734 3013 est
1752 2972 1889 3021 seron,
1913 2976 1954 3012 et
1973 2972 2174 3013 exercitus

258 3031 341 3071 eius
367 3031 405 3070 in
433 3036 653 3084 conspectu
678 3030 821 3084 ipsius:
875 3031 906 3054 2¹
931 3035 973 3070 et
996 3036 1232 3083 persecutus
1258 3036 1319 3071 est
1343 3044 1435 3072 eum
1461 3031 1501 3072 in
1527 3031 1721 3072 descensu
1748 3030 1957 3072 Bethoron
1982 3044 2110 3085 usque
2134 3031 2175 3072 in

259 3102 461 3141 campum.
496 3095 537 3130 et
569 3090 800 3131 ceciderunt
833 3101 882 3129 ex
914 3088 969 3129 eis
1002 3088 1226 3142 octingenti
1259 3090 1345 3137 viri,
1380 3090 1522 3144 reliqui
1555 3095 1694 3131 autem
1726 3090 1919 3144 fugerunt
1950 3090 1992 3131 in
2024 3094 2175 3130 terram

263 3147 517 3189 philisthiim.

108 3226 146 3249 Μ
170 3227 199 3248 ¹¹¹
366 3225 397 3247 ²5
427 3223 479 3263 Et
508 3223 650 3263 cecidit
681 3224 801 3265 timor
831 3224 953 3271 Iudae,
984 3238 1030 3264 ac
1056 3224 1228 3265 fratrum
1259 3225 1355 3272 eius,
1385 3230 1427 3266 et
1452 3225 1627 3267 formido
1655 3238 1775 3278 super
1802 3238 1941 3266 omnes
1967 3229 2107 3278 gentes
2135 3224 2176 3265 in

105 3268 204 3284 1111111”“”

83 3298 214 3354 Ῐῳ-ιιιι-ι,
262 3282 431 3322 circuitu
457 3294 607 3322 eorum.
659 3285 692 3306 2⁶⁵
715 3288 756 3323 et
779 3283 965 3336 pervenit
988 3283 1040 3323 ad
1062 3296 1195 3337 regem
1219 3297 1367 3325 nomen
1391 3284 1487 3333 eius,
1512 3289 1554 3325 et
1575 3284 1624 3325 de
1646 3284 1792 3338 praeliis
1817 3284 1929 3325 ludae
1951 3283 2177 3324 narrabant

98 3339 226 3355 ¹¹¹¹‘'¹*''¹¹‘
263 3354 400 3382 omnes
430 3346 581 3391 gentes.

655 3433 693 3471 2.
725 3432 980 3485 Epiphanes
1012 3434 1189 3475 ludaeos
1221 3434 1372 3475 delere
1401 3434 1514 3486 vult,
1543 3436 1582 3485 3,
1601 3435 1782 3475 27—37.

75 3505 239 3544 ¹³N·¹s‘·¹¹,¹¹¹¹'
368 3505 401 3527 2⁷
428 3503 484 3544 Ut
510 3503 668 3543 audivit
694 3510 829 3543 autem
859 3519 926 3545 rex
951 3505 1177 3547 Antiochus
1203 3519 1406 3546 sermones
1432 3506 1541 3551 istos,
1570 3505 1696 3546 iratus
1722 3509 1782 3545 est
1807 3504 1961 3545 animo:
1988 3508 2029 3545 et
2052 3503 2174 3544 misit.

119 3547 193 3566 rvi-'111

76 3578 237 3605 ‹··m‹„rr⁶›«„r:=t,
264 3568 303 3603 01
337 3562 597 3617 congregavit
633 3562 852 3603 exercitum
891 3564 1065 3604 universi
1100 3565 1209 3618 regni
1242 3565 1315 3611 sui,
1352 3570 1486 3606 castra
1518 3564 1641 3605 fortia
1675 3563 1810 3604 valde:
1877 3565 1912 3587 ²⁸
1944 3567 1986 3605 et
2018 3562 2175 3616 aperuit
