2356 3760
147 919 172 942 in
197 918 263 942 Sion

120 954 288 978 narrabitur

165 996 239 1019 opus

141 1025 265 1051 Domini.

176 1920 224 1951 qui

112 1955 290 1986 Babylonem

176 1998 225 2021 per

151 2026 249 2066 Medos

150 2064 249 2092 puniet

146 2812 180 2833 prs
189 2808 259 2835 »pter

165 2841 237 2865 mala

145 2877 170 2900 in
193 2877 258 2900 Sion

116 2914 288 2941 pwrpvxrata.

309 182 382 222 772
1122 178 1397 212 PROPHETIA
1933 180 1986 221 50,
2015 181 2057 214 42
2063 183 2160 222 —51‚
2187 182 2227 215 27

309 279 436 315 tersae.
495 275 526 296 ⁴²
555 273 706 313 Arcum
736 276 775 312 et
805 276 967 312 scutum
997 271 1325 325 apprehendent:
1356 271 1535 312 crudeles
1564 275 1662 312 sunt
1690 276 1734 312 et
1762 272 2116 316 immisericordes:
2146 288 2229 317 vox

310 345 448 374 eorum
481 331 596 385 quasi
626 344 736 371 marc
767 330 942 374 sonabit,
974 335 1016 371 et
1045 343 1165 383 super
1194 343 1319 384 equos
1349 331 1589 371 ascendent:
1621 331 1726 371 sicut
1755 330 1818 371 vir
1846 337 2015 384 paratus
2046 334 2099 374 ad
2127 347 2227 388 prae-

306 391 405 432 lium
436 395 580 431 contra
609 396 648 431 te
678 389 760 430 filia
789 388 989 442 Babylon.
1048 390 1080 413 ⁴³
1109 389 1283 430 Audivit
1311 402 1381 429 rex
1411 389 1634 442 Babylonis
1664 389 1819 430 famam
1849 403 2000 439 eorum,
2033 397 2074 433 et
2103 393 2228 434 disso-

307 449 404 491 lutae
424 455 520 490 sunt
540 461 685 489 manus
705 448 808 488 eius:
832 448 1022 501 angustia
1037 448 1309 501 apprehendit
1329 461 1434 490 euni.
1453 447 1567 488 dolor
1588 448 1702 501 quasi
1723 449 2032 501 parturientem.
2077 453 2109 475 ²¹4
2124 452 2229 493 Ecce

309 508 424 562 quasi
448 508 509 550 leo
536 507 728 548 ascendet
754 506 802 547 de
828 507 1021 560 superbia
1048 506 1233 548 Iordanis
1259 507 1311 548 ad
1337 506 1685 560 pulchritudinem
1711 507 1943 548 robustam:
1972 509 2068 562 quia
2092 511 2228 551 subito

309 580 466 608 currere
488 567 635 607 faciam
657 578 748 606 eum
771 566 823 606 ad
844 565 973 605 illam:
997 570 1036 605 et
1059 566 1147 619 quis
1169 566 1241 606 erit
1264 565 1427 613 electus,
1452 578 1569 619 quem
1593 578 1828 619 praeponam
1850 566 1909 607 ei?
1932 567 2020 621 quis
2041 574 2103 609 est
2122 569 2229 610 enirn

308 626 447 667 similis
470 624 572 665 mei?
597 630 635 665 et
660 624 748 678 quis
770 624 990 664 sustinebit
1012 624 1100 665 me?
1128 631 1188 665 aet
1211 625 1299 678 quis
1322 629 1383 665 est
1404 624 1480 664 iste
1501 629 1654 677 pastor,
1679 624 1747 678 qui
1770 625 1934 666 resistat
1955 626 2089 667 vultui
2112 628 2226 670 meo?

308 687 339 709 ¹⁵
361 685 585 738 Propterea
608 683 747 724 audite
770 683 983 724 consilium
1006 683 1185 726 Domini.
1212 684 1321 736 quod
1343 687 1480 736 mente
1503 683 1690 736 concepit
1713 684 1930 725 adversum
1954 684 2228 739 Babylonem:

307 748 349 784 et
382 743 650 796 cogitationes
684 741 780 785 eius.
817 755 917 795 quas
951 742 1150 790 cogitavit
1182 755 1303 795 super
1335 746 1485 782 terram
1520 742 1822 783 Chaldaeorum:
1858 743 1943 783 Nisi
1977 744 2229 787 detraxerint

310 815 377 843 eos
398 801 559 855 parvuli
579 814 759 855 gregum.
782 801 857 841 nisi
879 800 1123 854 dissipatum
1145 801 1267 842 fuerit
1289 814 1380 842 cum
1402 801 1497 854 ipsis
1517 800 1801 842 habitaculum
1822 815 1973 844 eorum.
2022 805 2058 827 4⁶
2076 804 2113 844 A
2132 817 2230 846 voce

310 861 570 914 captivitatis
608 860 831 913 Babylonis
868 865 1075 900 commota
1111 866 1169 901 est
1208 865 1327 903 terra.
1365 864 1407 900 et
1441 859 1594 900 clamor
1628 859 1734 900 inter
1768 860 1919 901 Gentes
1955 862 2120 903 auditus
2156 869 2228 905 est.

419 920 484 963 51.
542 922 549 943 ¹
589 919 686 960 Haec
721 919 819 959 dicit
853 918 1072 959 Dominus:
1109 919 1214 959 Ecce
1248 932 1320 971 ego
1354 918 1560 960 suscitabo
1595 932 1716 972 super
1750 919 2004 973 Babylonem
2038 926 2079 961 et
2112 934 2232 975 super

312 978 566 1019 habitatores
595 978 691 1024 eius.
724 978 792 1030 qui
821 990 889 1017 eor
916 990 1035 1018 suum
1064 978 1307 1019 levaverunt
1335 982 1479 1019 contra
1506 990 1582 1023 me.
1614 978 1729 1031 quasi
1758 983 1928 1020 ventum
1957 979 2228 1032 pestilentem.

311 1039 325 1061 ²
348 1038 402 1078 Et
426 1037 591 1078 mittam
614 1036 655 1077 in
679 1036 935 1090 Babylonem
958 1037 1236 1085 ventilatores,
1261 1042 1303 1078 et
1324 1036 1585 1077 ventilabunt
1610 1049 1699 1076 eam
1723 1042 1763 1077 et
1785 1037 2058 1079 demolientur
2079 1044 2230 1080 terrain

308 1096 411 1137 eius:
441 1096 635 1149 quoniam
662 1101 863 1136 venerunt
889 1108 1010 1150 super
1035 1109 1124 1137 cani
1151 1096 1331 1149 undique
1358 1096 1398 1136 in
1425 1095 1488 1136 die
1515 1095 1748 1137 afflictionis
1775 1096 1870 1138 eius.
1925 1099 1940 1121 ³
1967 1097 2059 1138 Non
2085 1099 2231 1140 tendat

306 1155 375 1209 qui
403 1155 537 1196 tendit
567 1168 708 1195 arcum
737 1168 869 1197 suuni.
901 1160 942 1195 et
970 1167 1051 1195 non
1081 1155 1277 1196 ascendat
1303 1154 1509 1199 loricatus.
1540 1154 1666 1195 nolite
1694 1168 1858 1208 parcere
1886 1156 2103 1198 iuvenibus
2131 1158 2228 1207 eius,

307 1214 524 1255 interficite
554 1226 715 1255 omnem
745 1213 935 1254 militiam
965 1213 1060 1255 eius.
1118 1216 1132 1238 ¹
1162 1214 1217 1255 Et
1246 1214 1395 1254 cadent
1423 1213 1629 1254 interfecti
1657 1213 1697 1254 in
1727 1219 1836 1254 terra
1863 1214 2158 1261 Chaldaeorurn,
2190 1221 2232 1257 et

305 1272 511 1313 vulnerati
538 1273 579 1313 in
606 1272 838 1326 regionibus
867 1272 962 1313 eius.
1019 1274 1033 1295 5
1063 1273 1266 1322 Quoniam
1295 1286 1376 1314 non
1405 1272 1485 1313 fuit
1513 1272 1708 1314 viduatus
1739 1273 1862 1314 lsrael
1890 1279 1931 1314 et
1961 1274 2065 1315 Iuda
2093 1288 2116 1315 a
2142 1275 2230 1317 Deo

305 1345 377 1373 suo
408 1331 586 1373 Domino
618 1332 890 1372 exercituum:
924 1337 1032 1372 terra
1062 1337 1201 1373 autem
1233 1345 1372 1373 eorum
1402 1331 1560 1385 repleta
1589 1336 1651 1372 est
1681 1331 1828 1373 delicto
1861 1345 1885 1372 a
1914 1338 2057 1374 sancto
2091 1334 2227 1375 Israel.

308 1392 323 1415 ⁶
349 1391 495 1444 Fugite
523 1391 572 1431 de
600 1390 732 1431 medio
763 1390 999 1443 Babylonis,
1030 1396 1071 1431 et
1098 1391 1231 1432 salvet
1258 1390 1539 1444 unusquisque
1567 1390 1748 1431 animam
1775 1403 1911 1431 suam:
1940 1391 2066 1432 nolite
2095 1398 2230 1434 tacere

304 1463 425 1503 super
458 1449 720 1503 iniquitatem
755 1449 858 1490 eius:
896 1449 1089 1503 quoniam
1124 1455 1287 1504 tempus
1321 1449 1488 1491 ultionis
1523 1454 1584 1490 est
1618 1462 1643 1489 a
1674 1449 1865 1498 Domino,
1902 1450 2229 1493 vicissitudinem

304 1509 389 1562 ipse
405 1509 604 1550 retribuet
622 1508 668 1549 ei.
717 1510 730 1532 ⁷
749 1508 863 1549 Calix
881 1522 1025 1549 aureus
1045 1509 1233 1562 Babylon
1250 1509 1291 1549 in
1308 1521 1434 1549 manu
1452 1508 1630 1554 Domini,
1650 1508 1856 1549 inebrians
1874 1521 2037 1550 omnem
2055 1514 2227 1551 terram:

305 1567 354 1608 de
380 1567 475 1609 vino
502 1568 585 1609 eius
613 1567 805 1608 biberunt
830 1567 993 1611 Gentes,
1022 1573 1063 1608 et
1087 1568 1177 1609 ideo
1204 1573 1421 1608 commotae
1446 1572 1554 1608 sunt.
1612 1568 1627 1591 8
1656 1567 1822 1608 bSubito
1849 1567 1997 1609 cecidit
2024 1568 2227 1622 Babylon,

304 1631 346 1667 et
367 1627 546 1667 contrita
567 1632 646 1667 est:
670 1626 824 1666 ululate
847 1639 967 1679 super
988 1639 1090 1675 eam,
1114 1626 1246 1667 tollite
1267 1627 1443 1667 resinam
1466 1626 1519 1666 ad
1540 1625 1721 1667 dolorem
1743 1626 1840 1675 eius,
1864 1626 1897 1666 si
1917 1627 2023 1668 forte
2047 1633 2227 1670 sanetur.

307 1687 321 1709 ¹³
349 1685 591 1726 (juravimus
621 1685 887 1738 Babylonem,
918 1691 959 1725 et
985 1698 1067 1726 non
1095 1690 1156 1726 est
1183 1690 1348 1726 sanata:
1377 1684 1707 1738 derelinquamus
1736 1698 1838 1734 eam,
1868 1690 1909 1727 et
1936 1699 2077 1727 eamus
2104 1700 2228 1728 unus-

305 1744 477 1798 quisque
492 1744 533 1785 in
550 1750 701 1785 terram
717 1756 852 1784 suam:
872 1744 1066 1797 quoniam
1083 1744 1271 1798 pervenit
1286 1757 1415 1798 usque
1432 1744 1484 1785 ad
1501 1743 1616 1785 eaelos
1633 1743 1829 1785 iudicium
1846 1744 1942 1794 eius,
1962 1749 2003 1786 et
2019 1745 2227 1786 elevatum

304 1808 365 1845 est
395 1817 524 1857 usque
555 1803 607 1844 ad
636 1803 776 1844 nubes,
836 1804 872 1827 ¹⁰
900 1803 1080 1844 Protulit
1109 1803 1310 1844 Dominus
1341 1802 1519 1844 iustitias
1550 1808 1729 1844 nostras:
1765 1803 1911 1850 venite,
1945 1808 1987 1845 et
2016 1817 2229 1846 narremus

303 1861 344 1904 in
374 1863 470 1904 Sion
501 1876 602 1916 opus
631 1862 798 1904 Domini
828 1862 904 1903 Dei
934 1862 1074 1904 nostri.

415 1924 443 1946 ¹¹
482 1921 628 1963 Acuite
666 1921 850 1975 sagittas,
890 1921 1057 1975 implete
1095 1922 1327 1975 pharetras:
1367 1921 1584 1962 suscitavit
1621 1920 1823 1962 Dominus
1861 1921 2051 1975 spiritum
2089 1935 2229 1976 regum

307 1980 539 2022 Medorum:
561 1986 601 2021 et
619 1985 764 2022 contra
782 1980 1038 2034 Babylonem
1057 1994 1171 2021 mens
1190 1980 1274 2021 eius
1293 1985 1355 2021 est
1374 1984 1419 2021 ut
1437 1980 1585 2034 perdat
1602 1993 1704 2025 eam.
1728 1980 1921 2033 quoniam
1940 1980 2042 2022 ultio
2062 1981 2228 2022 Domini

308 2045 381 2089 est,
408 2039 509 2081 ultio
535 2039 678 2093 templi
701 2039 774 2080 sui.
828 2041 859 2063 ¹²
883 2039 1014 2093 Super
1036 2052 1173 2081 muros
1200 2039 1422 2093 Babylonis
1447 2039 1582 2080 levate
1606 2038 1779 2092 signum,
1807 2044 1952 2093 augete
1977 2040 2227 2081 custodiam:

304 2100 439 2141 levate
468 2099 669 2143 custodes.
700 2103 928 2152 praeparate
956 2098 1141 2140 insidias:
1173 2098 1269 2152 quia
1296 2098 1495 2152 cogitavit
1522 2097 1736 2143 Dominus,
1767 2102 1808 2138 et
1834 2098 1932 2139 fecit
1960 2111 2229 2153 quaecumque

303 2159 464 2200 locutus
498 2163 559 2198 est
591 2163 735 2199 contra
766 2157 1021 2199 habitatores
1056 2157 1291 2211 Babylonis.
1354 2159 1386 2182 ¹3
1418 2157 1518 2206 Quae
1549 2157 1713 2198 habitas
1747 2170 1868 2210 super
1900 2170 2028 2211 aquas
2061 2157 2226 2207 multas,

303 2217 482 2270 locuples
504 2217 544 2257 in
567 2216 786 2257 thesauris:
810 2216 924 2257 venit
946 2216 1036 2257 finis
1058 2221 1154 2258 tuus
1176 2216 1331 2270 pedalis
1353 2216 1599 2270 praecisionis
1621 2220 1714 2257 tuae.
1767 2218 1798 2240 ¹⁴¹
1827 2216 2005 2257 eIuravit
2026 2216 2229 2258 Dominus

306 2275 561 2318 exercituum
591 2288 663 2329 per
693 2275 874 2316 animam
905 2288 1040 2316 suam:
1073 2275 1277 2324 Quoniam
1308 2275 1471 2329 replebo
1503 2279 1543 2315 te
1575 2274 1809 2315 hominibus
1841 2275 1956 2328 quasi
1989 2275 2154 2325 brucho,
2188 2281 2230 2317 et

305 2348 426 2389 super
452 2341 492 2375 te
520 2335 699 2375 celeuma
728 2334 976 2376 cantabitur.
1034 2337 1064 2359 ¹⁵
1094 2334 1194 2383 dQui
1221 2334 1319 2375 fecit
1345 2339 1497 2374 terram
1524 2333 1566 2374 in
1592 2333 1835 2374 fortitudine
1864 2347 1948 2377 sua.
1979 2335 2229 2388 praeparavit

306 2395 445 2435 orbem
465 2394 505 2434 in
526 2393 726 2446 sapientia
748 2406 831 2439 sua.
855 2398 896 2434 et
916 2393 1136 2447 prudentia
1155 2406 1229 2434 sua
1248 2393 1435 2434 extendit
1456 2392 1584 2434 caelos.
1634 2393 1668 2417 ¹⁶
1687 2392 1825 2433 Dante
1846 2405 1891 2434 eo
1913 2406 2068 2442 vocem,
2090 2393 2229 2434 multi-

305 2453 511 2507 plicantur
542 2465 658 2506 aquae
689 2452 729 2493 in
762 2452 875 2493 caelo:
911 2452 980 2506 qui
1010 2452 1123 2493 levat
1154 2452 1282 2493 nubes
1315 2452 1366 2493 ab
1398 2456 1581 2492 extremo
1615 2457 1743 2492 terrae.
1778 2451 1940 2505 fulgura
1970 2451 2011 2492 in
2043 2451 2228 2506 pluviam

304 2512 419 2553 fecit:
454 2518 494 2552 et
525 2511 721 2565 produxit
753 2516 924 2552 ventum
956 2511 1005 2552 de
1037 2511 1238 2552 thesauris
1271 2511 1363 2552 suis.
1426 2512 1458 2534 ¹⁷
1491 2510 1651 2552 Stultus
1683 2510 1818 2551 factus
1849 2516 1910 2551 est
1942 2511 2073 2552 omnis
2104 2511 2226 2552 homo

306 2585 329 2611 a
362 2570 549 2611 scientia:
585 2571 776 2611 confusus
810 2575 871 2611 est
904 2571 1034 2612 omnis
1069 2570 1268 2611 conflator
1299 2570 1340 2611 in
1373 2569 1563 2623 sculptili.
1601 2569 1698 2622 quia
1729 2569 1908 2610 mendax
1941 2574 2003 2610 est
2035 2569 2227 2611 conflatio

306 2643 457 2677 eorum,
487 2643 560 2670 nec
587 2635 648 2670 est
674 2629 840 2682 spiritus
866 2629 907 2669 in
935 2629 1001 2670 eis.
1058 2631 1092 2653 ¹⁸
1119 2629 1237 2670 Vana
1263 2634 1359 2670 sunt
1385 2641 1520 2682 opera.
1549 2633 1590 2669 et
1616 2628 1698 2669 risu
1726 2628 1860 2682 digna,
1889 2628 1931 2669 in
1957 2633 2142 2682 tempore
2168 2629 2227 2669 vi-

306 2688 510 2730 sitationis
538 2701 620 2729 suae
647 2688 851 2741 peribunt.
909 2690 943 2712 ¹⁹
973 2689 1063 2729 Non
1092 2688 1197 2729 sicut
1224 2688 1308 2729 haec
1336 2701 1429 2742 pars
1460 2688 1600 2728 Iacob:
1632 2687 1728 2741 quia
1756 2687 1825 2740 qui
1852 2687 1949 2728 fecit
1977 2687 2116 2728 omnia
2141 2687 2227 2741 ipse

307 2754 380 2796 est,
413 2752 453 2788 et
484 2747 607 2788 Israel
636 2752 842 2801 sceptrum
872 2747 1112 2788 hereditatis
1141 2747 1244 2788 eius:
1274 2747 1476 2788 Dominus
1506 2746 1761 2787 exercituum
1790 2759 1939 2787 nomen
1969 2746 2065 2787 eius.

414 2808 449 2831 ²⁰
477 2806 640 2847 Collidis
668 2811 714 2847 tu
743 2806 842 2847 mihi
871 2819 971 2847 vasa
1000 2806 1103 2851 belli.
1135 2811 1176 2847 et
1204 2819 1276 2860 ego
1306 2805 1494 2847 collidam
1522 2805 1564 2846 in
1592 2810 1632 2846 te
1661 2804 1824 2851 Gentes,
1856 2810 1897 2846 et
1924 2805 2157 2858 disperdam
2185 2805 2226 2845 in

310 2872 349 2906 te
375 2878 515 2918 regna:
570 2867 600 2889 2¹
627 2870 668 2906 et
693 2865 881 2906 collidam
908 2865 947 2905 in
974 2871 1014 2906 te
1040 2878 1203 2919 equum,
1232 2870 1273 2906 et
1298 2865 1478 2918 equitem
1504 2864 1607 2904 eius:
1635 2869 1676 2904 et
1701 2863 1891 2905 collidam
1916 2863 1957 2904 in
1983 2869 2023 2905 te
2049 2876 2224 2913 currum,

307 2930 348 2965 et
368 2938 621 2965 ascensorem
641 2925 743 2965 eius:
792 2926 823 2948 ²²
843 2929 883 2965 et
903 2924 1092 2965 collidam
1112 2924 1152 2964 in
1173 2929 1213 2965 te
1233 2924 1367 2964 virum
1388 2928 1429 2964 et
1448 2923 1676 2964 mulierem:
1698 2928 1739 2963 et
1759 2922 1947 2963 collidam
1968 2922 2009 2962 in
2029 2928 2069 2963 te
2089 2935 2226 2963 senem

306 2989 345 3024 et
371 2996 561 3037 puerum:
589 2989 630 3024 et
655 2983 842 3024 collidam
869 2983 909 3024 in
934 2989 974 3024 te
999 2983 1188 3023 iuvenem
1215 2988 1255 3024 ct
1280 2983 1497 3036 virginem:
1550 2984 1582 3006 ²3
1606 2986 1648 3022 et
1672 2980 1862 3022 collidam
1886 2981 1927 3021 in
1953 2986 1993 3022 te
2018 2986 2225 3035 pastorem

305 3050 338 3083 et
367 3055 526 3096 gregem
552 3042 654 3082 eius:
680 3048 721 3083 et
744 3042 933 3083 collidam
956 3042 996 3082 in
1020 3047 1061 3082 te
1085 3042 1303 3091 agricolam
1327 3047 1368 3082 et
1391 3041 1542 3095 iugales
1567 3041 1669 3081 eius:
1695 3045 1735 3080 et
1759 3040 1949 3081 collidam
1972 3040 2013 3081 in
2036 3045 2077 3081 te
2101 3041 2223 3081 duces

305 3108 345 3142 ct
372 3102 648 3154 magistratus
707 3104 737 3125 ²⁴
767 3102 821 3142 Et
848 3101 1017 3142 reddam
1052 3101 1261 3154 Babyloni,
1292 3106 1333 3142 et
1360 3100 1517 3141 cunctis
1545 3099 1849 3141 habitatoribus
1877 3098 2078 3140 Chaldaeae
2105 3111 2224 3140 omne

307 3160 458 3200 malum
485 3174 616 3202 suum.
647 3161 756 3214 quod
783 3160 968 3201 fecerunt
994 3160 1033 3200 in
1061 3159 1168 3204 Sion.
1198 3160 1238 3200 in
1266 3159 1390 3201 oculis
1419 3159 1575 3205 vestris.
1605 3158 1664 3199 ait
1693 3158 1903 3199 Dominus.
1959 3159 1991 3182 ²⁵
2018 3158 2123 3198 Ecce
2151 3170 2222 3211 ego

306 3220 355 3258 ad
384 3226 423 3258 te
452 3233 566 3260 mons
594 3219 770 3272 pestifer.
800 3220 857 3260 ait
884 3219 1096 3263 Dominus,
1128 3219 1196 3271 qui
1223 3218 1447 3272 corrumpis
1475 3217 1707 3258 universam
1735 3221 1904 3257 terram:
1934 3220 1975 3257 et
2000 3216 2223 3257 extendam

306 3291 474 3318 manum
495 3291 627 3318 meam
650 3291 770 3332 super
790 3284 841 3323 te.
860 3283 901 3319 et
922 3278 1111 3319 evolvam
1133 3283 1172 3317 te
1192 3278 1241 3318 de
1261 3278 1398 3331 petris,
1417 3282 1457 3317 et
1478 3277 1585 3317 dabo
1602 3282 1642 3317 te
1658 3276 1698 3316 in
1715 3280 1897 3316 montem
1914 3274 2222 3316 combustionis.

306 3337 341 3360 ²⁶
362 3336 415 3376 Et
437 3349 516 3376 non
539 3337 682 3377 tollent
704 3338 752 3378 de
774 3342 813 3377 te
834 3337 1007 3390 lapidem
1032 3337 1071 3377 in
1093 3336 1300 3387 angulum.
1323 3342 1363 3377 et
1384 3336 1562 3389 lapidem
1583 3336 1623 3376 in
1643 3334 1927 3381 fundamenta,
1950 3333 2021 3374 sed
2042 3333 2225 3387 perditus

306 3395 345 3435 in
378 3401 575 3435 aeternum
608 3396 694 3438 eris.
730 3396 787 3437 ait
819 3396 1031 3437 Dominus.
1093 3396 1127 3419 2⁷
1161 3395 1315 3436 Levatc
1347 3395 1507 3449 signum
1539 3394 1579 3435 in
1612 3399 1738 3435 terra:
1773 3392 1948 3446 clangite
1981 3392 2154 3433 buccina
2185 3392 2225 3432 in

438 3521 480 3553 44
506 3521 586 3554 arob
613 3523 664 3561 41,
690 3523 717 3554 1.
777 3543 784 3545 ⁴
810 3523 863 3563 51,
887 3526 906 3555 :s
929 3523 981 3555 bls
1005 3524 1057 3562 21,
1081 3524 1116 3562 s);
1142 3523 1214 3566 Apo
1240 3522 1288 3562 14,
1312 3524 1342 3555 s.
1397 3542 1409 3545 -
1440 3521 1477 3555 14
1503 3522 1585 3554 eAm
1608 3521 1639 3560 c,
1663 3521 1692 3554 8.
1721 3540 1762 3544 —
1788 3520 1828 3554 15
1854 3520 1927 3553 den
1955 3520 1986 3558 1,
2014 3519 2042 3552 1.
