<?xml version="1.0" encoding="UTF-8"?>
<!DOCTYPE html PUBLIC "-//W3C//DTD XHTML 1.0 Transitional//EN"
    "http://www.w3.org/TR/xhtml1/DTD/xhtml1-transitional.dtd">
<html xmlns="http://www.w3.org/1999/xhtml" xml:lang="en" lang="en">
 <head>
  <title>
</title>
<meta http-equiv="Content-Type" content="text/html;charset=utf-8" />
  <meta name='ocr-system' content='tesseract 3.04.00' />
  <meta name='ocr-capabilities' content='ocr_page ocr_carea ocr_par ocr_line ocrx_word'/>
</head>
<body>
  <div class='ocr_page' id='page_1' title='image "./bibliasacravulga00helzuoft_0391.png"; bbox 0 0 2356 3760; ppageno 0'>
   <div class='ocr_carea' id='block_1_1' title="bbox 130 82 2023 133">
    <p class='ocr_par' dir='ltr' id='par_1_1' title="bbox 130 82 2023 133">
     <span class='ocr_line' id='line_1_1' title="bbox 130 82 2023 133; baseline 0 -16"><span class='ocrx_word' id='word_1_1' title='bbox 130 84 182 124; x_wconf 81' lang='lat'>29,</span> <span class='ocrx_word' id='word_1_2' title='bbox 208 83 348 123; x_wconf 80' lang='lat'>23-29‚</span> <span class='ocrx_word' id='word_1_3' title='bbox 373 83 415 116; x_wconf 82' lang='lat'>30</span> <span class='ocrx_word' id='word_1_4' title='bbox 882 82 1287 117; x_wconf 80' lang='lat' dir='ltr'><strong>PARALIPOMENON</strong></span> <span class='ocrx_word' id='word_1_5' title='bbox 1950 93 2023 133; x_wconf 71' lang='lat'>367</span> 
     </span>
    </p>
   </div>
   <div class='ocr_carea' id='block_1_2' title="bbox 129 174 2031 524">
    <p class='ocr_par' dir='ltr' id='par_1_2' title="bbox 129 174 2031 524">
     <span class='ocr_line' id='line_1_2' title="bbox 129 174 2028 233; baseline 0.004 -15"><span class='ocrx_word' id='word_1_6' title='bbox 129 176 387 218; x_wconf 77' lang='lat' dir='ltr'>Salomonem</span> <span class='ocrx_word' id='word_1_7' title='bbox 417 175 543 216; x_wconf 90' lang='lat' dir='ltr'>filium</span> <span class='ocrx_word' id='word_1_8' title='bbox 573 175 720 216; x_wconf 91' lang='lat' dir='ltr'>David.</span> <span class='ocrx_word' id='word_1_9' title='bbox 754 174 971 214; x_wconf 82' lang='lat' dir='ltr'>Unxerunt</span> <span class='ocrx_word' id='word_1_10' title='bbox 1000 180 1139 215; x_wconf 90' lang='lat' dir='ltr'>autem</span> <span class='ocrx_word' id='word_1_11' title='bbox 1169 189 1260 215; x_wconf 90' lang='lat' dir='ltr'>eum</span> <span class='ocrx_word' id='word_1_12' title='bbox 1289 176 1465 217; x_wconf 89' lang='lat' dir='ltr'>Domino</span> <span class='ocrx_word' id='word_1_13' title='bbox 1497 178 1535 217; x_wconf 85' lang='lat' dir='ltr'>in</span> <span class='ocrx_word' id='word_1_14' title='bbox 1566 180 1798 233; x_wconf 76' lang='lat' dir='ltr'>prinoipem,</span> <span class='ocrx_word' id='word_1_15' title='bbox 1830 193 1866 223; x_wconf 76' lang='grc'>61</span> <span class='ocrx_word' id='word_1_16' title='bbox 1898 185 2028 225; x_wconf 75' lang='lat' dir='ltr'>Sadoo</span> 
     </span>
     <span class='ocr_line' id='line_1_3' title="bbox 131 231 2029 294; baseline 0.004 -19"><span class='ocrx_word' id='word_1_17' title='bbox 131 235 172 275; x_wconf 90' lang='lat' dir='ltr'>in</span> <span class='ocrx_word' id='word_1_18' title='bbox 191 234 438 288; x_wconf 79' lang='lat' dir='ltr'>pontifieem.</span> <span class='ocrx_word' id='word_1_19' title='bbox 488 236 520 259; x_wconf 80' lang='lat'>23</span> <span class='ocrx_word' id='word_1_20' title='bbox 539 234 732 285; x_wconf 79' lang='lat' dir='ltr'>Seditque</span> <span class='ocrx_word' id='word_1_21' title='bbox 753 231 944 273; x_wconf 77' lang='lat' dir='ltr'>Salomon</span> <span class='ocrx_word' id='word_1_22' title='bbox 965 246 1085 286; x_wconf 84' lang='lat' dir='ltr'>super</span> <span class='ocrx_word' id='word_1_23' title='bbox 1104 233 1248 274; x_wconf 90' lang='lat' dir='ltr'>solium</span> <span class='ocrx_word' id='word_1_24' title='bbox 1268 234 1433 275; x_wconf 87' lang='lat' dir='ltr'>Domini</span> <span class='ocrx_word' id='word_1_25' title='bbox 1454 235 1493 275; x_wconf 93' lang='lat' dir='ltr'>in</span> <span class='ocrx_word' id='word_1_26' title='bbox 1514 249 1647 289; x_wconf 79' lang='lat' dir='ltr'>regem</span> <span class='ocrx_word' id='word_1_27' title='bbox 1668 251 1738 290; x_wconf 85' lang='lat' dir='ltr'>pro</span> <span class='ocrx_word' id='word_1_28' title='bbox 1758 240 1893 281; x_wconf 86' lang='lat' dir='ltr'>David</span> <span class='ocrx_word' id='word_1_29' title='bbox 1914 248 2029 294; x_wconf 89' lang='lat' dir='ltr'>patre</span> 
     </span>
     <span class='ocr_line' id='line_1_4' title="bbox 131 290 2030 351; baseline 0.004 -17"><span class='ocrx_word' id='word_1_30' title='bbox 131 307 215 340; x_wconf 78' lang='lat' dir='ltr'>suo,</span> <span class='ocrx_word' id='word_1_31' title='bbox 242 298 283 335; x_wconf 88' lang='lat' dir='ltr'>et</span> <span class='ocrx_word' id='word_1_32' title='bbox 308 294 462 334; x_wconf 78' lang='lat' dir='ltr'>eunetis</span> <span class='ocrx_word' id='word_1_33' title='bbox 486 291 658 345; x_wconf 78' lang='lat' dir='ltr'>placuit:</span> <span class='ocrx_word' id='word_1_34' title='bbox 684 295 725 330; x_wconf 91' lang='lat' dir='ltr'>et</span> <span class='ocrx_word' id='word_1_35' title='bbox 748 290 886 343; x_wconf 80' lang='lat' dir='ltr'>paruit</span> <span class='ocrx_word' id='word_1_36' title='bbox 910 291 965 331; x_wconf 89' lang='lat' dir='ltr'>illi</span> <span class='ocrx_word' id='word_1_37' title='bbox 990 292 1119 332; x_wconf 89' lang='lat' dir='ltr'>omnis</span> <span class='ocrx_word' id='word_1_38' title='bbox 1146 292 1279 333; x_wconf 80' lang='lat' dir='ltr'>Israel.</span> <span class='ocrx_word' id='word_1_39' title='bbox 1333 295 1364 317; x_wconf 81' lang='lat'>²⁴</span> <span class='ocrx_word' id='word_1_40' title='bbox 1387 294 1465 333; x_wconf 91' lang='lat' dir='ltr'>Sed</span> <span class='ocrx_word' id='word_1_41' title='bbox 1490 298 1531 334; x_wconf 92' lang='lat' dir='ltr'>et</span> <span class='ocrx_word' id='word_1_42' title='bbox 1554 295 1730 336; x_wconf 89' lang='lat' dir='ltr'>universi</span> <span class='ocrx_word' id='word_1_43' title='bbox 1753 298 1963 351; x_wconf 75' lang='lat' dir='ltr'>principes,</span> <span class='ocrx_word' id='word_1_44' title='bbox 1990 305 2030 341; x_wconf 88' lang='lat' dir='ltr'>et</span> 
     </span>
     <span class='ocr_line' id='line_1_5' title="bbox 130 348 2028 405; baseline 0.002 -11"><span class='ocrx_word' id='word_1_45' title='bbox 130 357 332 405; x_wconf 81' lang='lat' dir='ltr'>potentes,</span> <span class='ocrx_word' id='word_1_46' title='bbox 358 358 398 393; x_wconf 85' lang='lat' dir='ltr'>et</span> <span class='ocrx_word' id='word_1_47' title='bbox 420 349 555 391; x_wconf 75' lang='lat' dir='ltr'>cuncti</span> <span class='ocrx_word' id='word_1_48' title='bbox 578 348 648 390; x_wconf 82' lang='lat' dir='ltr'>filii</span> <span class='ocrx_word' id='word_1_49' title='bbox 669 349 772 402; x_wconf 84' lang='lat' dir='ltr'>regis</span> <span class='ocrx_word' id='word_1_50' title='bbox 794 349 932 390; x_wconf 88' lang='lat' dir='ltr'>David</span> <span class='ocrx_word' id='word_1_51' title='bbox 955 350 1155 390; x_wconf 87' lang='lat' dir='ltr'>dederunt</span> <span class='ocrx_word' id='word_1_52' title='bbox 1178 364 1358 398; x_wconf 76' lang='lat' dir='ltr'>manum,</span> <span class='ocrx_word' id='word_1_53' title='bbox 1384 357 1425 391; x_wconf 92' lang='lat' dir='ltr'>et</span> <span class='ocrx_word' id='word_1_54' title='bbox 1447 352 1617 393; x_wconf 76' lang='lat' dir='ltr'>subiecti</span> <span class='ocrx_word' id='word_1_55' title='bbox 1639 354 1803 395; x_wconf 78' lang='lat' dir='ltr'>fuerunt</span> <span class='ocrx_word' id='word_1_56' title='bbox 1827 356 2028 398; x_wconf 72' lang='lat' dir='ltr'>Salomoni</span> 
     </span>
     <span class='ocr_line' id='line_1_6' title="bbox 131 408 2031 464; baseline 0.004 -16"><span class='ocrx_word' id='word_1_57' title='bbox 131 411 224 464; x_wconf 79' lang='lat' dir='ltr'>regi.</span> <span class='ocrx_word' id='word_1_58' title='bbox 288 413 319 435; x_wconf 83' lang='lat'>2⁵</span> <span class='ocrx_word' id='word_1_59' title='bbox 352 408 631 462; x_wconf 84' lang='lat' dir='ltr'>Magnifieavit</span> <span class='ocrx_word' id='word_1_60' title='bbox 665 420 756 461; x_wconf 83' lang='lat' dir='ltr'>ergo</span> <span class='ocrx_word' id='word_1_61' title='bbox 791 408 992 449; x_wconf 88' lang='lat' dir='ltr'>Dominus</span> <span class='ocrx_word' id='word_1_62' title='bbox 1026 408 1284 449; x_wconf 77' lang='lat' dir='ltr'>Salomonem</span> <span class='ocrx_word' id='word_1_63' title='bbox 1319 423 1438 462; x_wconf 87' lang='lat' dir='ltr'>super</span> <span class='ocrx_word' id='word_1_64' title='bbox 1472 424 1632 451; x_wconf 89' lang='grc'><strong>0111116111</strong></span> <span class='ocrx_word' id='word_1_65' title='bbox 1670 413 1809 453; x_wconf 87' lang='lat' dir='ltr'>Israel:</span> <span class='ocrx_word' id='word_1_66' title='bbox 1847 420 1887 455; x_wconf 90' lang='lat' dir='ltr'>et</span> <span class='ocrx_word' id='word_1_67' title='bbox 1921 415 2031 456; x_wconf 80' lang='lat' dir='ltr'>dedit</span> 
     </span>
     <span class='ocr_line' id='line_1_7' title="bbox 132 466 1561 524; baseline -0.001 -14"><span class='ocrx_word' id='word_1_68' title='bbox 132 469 187 510; x_wconf 90' lang='lat' dir='ltr'>illi</span> <span class='ocrx_word' id='word_1_69' title='bbox 213 469 381 524; x_wconf 83' lang='lat' dir='ltr'>gloriam</span> <span class='ocrx_word' id='word_1_70' title='bbox 410 466 531 520; x_wconf 83' lang='lat' dir='ltr'>regni,</span> <span class='ocrx_word' id='word_1_71' title='bbox 563 466 724 520; x_wconf 89' lang='lat' dir='ltr'>qualem</span> <span class='ocrx_word' id='word_1_72' title='bbox 752 466 885 507; x_wconf 89' lang='lat' dir='ltr'>nullus</span> <span class='ocrx_word' id='word_1_73' title='bbox 913 466 1058 507; x_wconf 78' lang='lat' dir='ltr'>habuit</span> <span class='ocrx_word' id='word_1_74' title='bbox 1087 472 1182 507; x_wconf 86' lang='lat' dir='ltr'>ante</span> <span class='ocrx_word' id='word_1_75' title='bbox 1210 480 1302 508; x_wconf 91' lang='lat' dir='ltr'>eum</span> <span class='ocrx_word' id='word_1_76' title='bbox 1330 481 1399 508; x_wconf 81' lang='lat' dir='ltr'>rex</span> <span class='ocrx_word' id='word_1_77' title='bbox 1429 468 1561 509; x_wconf 87' lang='lat' dir='ltr'>Israel.</span> 
     </span>
    </p>
   </div>
   <div class='ocr_carea' id='block_1_3' title="bbox 476 570 1699 623">
    <p class='ocr_par' dir='ltr' id='par_1_3' title="bbox 476 570 1699 623">
     <span class='ocr_line' id='line_1_8' title="bbox 476 570 1699 623; baseline 0.002 -12"><span class='ocrx_word' id='word_1_78' title='bbox 476 571 514 611; x_wconf 89' lang='lat'>9.</span> <span class='ocrx_word' id='word_1_79' title='bbox 546 570 691 621; x_wconf 83' lang='lat' dir='ltr'>Regni</span> <span class='ocrx_word' id='word_1_80' title='bbox 722 570 923 612; x_wconf 83' lang='lat' dir='ltr'>Davidici</span> <span class='ocrx_word' id='word_1_81' title='bbox 954 570 1137 623; x_wconf 87' lang='lat' dir='ltr'>tempus</span> <span class='ocrx_word' id='word_1_82' title='bbox 1168 582 1219 610; x_wconf 85' lang='lat' dir='ltr'>ac</span> <span class='ocrx_word' id='word_1_83' title='bbox 1248 570 1416 622; x_wconf 84' lang='lat' dir='ltr'>fontes,</span> <span class='ocrx_word' id='word_1_84' title='bbox 1444 572 1510 623; x_wconf 85' lang='lat'>29,</span> <span class='ocrx_word' id='word_1_85' title='bbox 1529 573 1699 614; x_wconf 85' lang='lat'><strong>26—30.</strong></span> 
     </span>
    </p>
   </div>
   <div class='ocr_carea' id='block_1_4' title="bbox 131 641 2238 1050">
    <p class='ocr_par' dir='ltr' id='par_1_4' title="bbox 131 641 2198 872">
     <span class='ocr_line' id='line_1_9' title="bbox 236 641 2198 699; baseline 0 -15"><span class='ocrx_word' id='word_1_86' title='bbox 236 645 271 667; x_wconf 75' lang='lat'>²⁶</span> <span class='ocrx_word' id='word_1_87' title='bbox 294 643 423 697; x_wconf 81' lang='lat' dir='ltr'>Igitur</span> <span class='ocrx_word' id='word_1_88' title='bbox 441 642 577 683; x_wconf 88' lang='lat' dir='ltr'>David</span> <span class='ocrx_word' id='word_1_89' title='bbox 599 641 703 682; x_wconf 87' lang='lat' dir='ltr'>filius</span> <span class='ocrx_word' id='word_1_90' title='bbox 725 642 805 683; x_wconf 89' lang='lat' dir='ltr'>Isai</span> <span class='ocrx_word' id='word_1_91' title='bbox 825 642 1012 697; x_wconf 81' lang='lat' dir='ltr'>regnavit</span> <span class='ocrx_word' id='word_1_92' title='bbox 1032 655 1152 695; x_wconf 85' lang='lat' dir='ltr'>super</span> <span class='ocrx_word' id='word_1_93' title='bbox 1172 642 1405 683; x_wconf 90' lang='lat' dir='ltr'>universum</span> <span class='ocrx_word' id='word_1_94' title='bbox 1430 643 1563 684; x_wconf 89' lang='lat' dir='ltr'>Israel.</span> <span class='ocrx_word' id='word_1_95' title='bbox 1614 645 1648 667; x_wconf 86' lang='lat'>²⁷</span> <span class='ocrx_word' id='word_1_96' title='bbox 1674 644 1747 684; x_wconf 73' lang='lat' dir='ltr'>aEt</span> <span class='ocrx_word' id='word_1_97' title='bbox 1768 645 1862 693; x_wconf 75' lang='lat' dir='ltr'>dies,</span> <span class='ocrx_word' id='word_1_98' title='bbox 1886 647 2032 699; x_wconf 88' lang='lat' dir='ltr'>quibus</span> <span class='ocrx_word' id='word_1_99' title='bbox 2076 654 2198 699; x_wconf 46' lang='lat' dir='ltr'>sssvuipqs</span> 
     </span>
     <span class='ocr_line' id='line_1_10' title="bbox 131 696 2197 756; baseline 0.001 -13"><span class='ocrx_word' id='word_1_100' title='bbox 131 702 318 756; x_wconf 83' lang='lat' dir='ltr'>regnavit</span> <span class='ocrx_word' id='word_1_101' title='bbox 340 715 460 755; x_wconf 87' lang='lat' dir='ltr'>super</span> <span class='ocrx_word' id='word_1_102' title='bbox 483 700 618 749; x_wconf 78' lang='lat' dir='ltr'>Israel,</span> <span class='ocrx_word' id='word_1_103' title='bbox 643 701 809 742; x_wconf 83' lang='lat' dir='ltr'>fuerunt</span> <span class='ocrx_word' id='word_1_104' title='bbox 833 701 1106 755; x_wconf 82' lang='lat' dir='ltr'>quadraginta</span> <span class='ocrx_word' id='word_1_105' title='bbox 1127 701 1241 741; x_wconf 86' lang='lat' dir='ltr'>anni:</span> <span class='ocrx_word' id='word_1_106' title='bbox 1265 701 1306 741; x_wconf 90' lang='lat' dir='ltr'>in</span> <span class='ocrx_word' id='word_1_107' title='bbox 1330 701 1495 742; x_wconf 88' lang='lat' dir='ltr'>Hebron</span> <span class='ocrx_word' id='word_1_108' title='bbox 1518 702 1704 755; x_wconf 84' lang='lat' dir='ltr'>regnavit</span> <span class='ocrx_word' id='word_1_109' title='bbox 1725 708 1880 756; x_wconf 85' lang='lat' dir='ltr'>septem</span> <span class='ocrx_word' id='word_1_110' title='bbox 1903 705 2029 750; x_wconf 77' lang='lat' dir='ltr'>annis.</span> <span class='ocrx_word' id='word_1_111' title='bbox 2077 696 2197 719; x_wconf 59' lang='lat'>&#39;&#39;¹¹¹&#39;‘&#39;‘¹¹&#39;</span> 
     </span>
     <span class='ocr_line' id='line_1_11' title="bbox 132 760 2033 815; baseline 0.001 -13"><span class='ocrx_word' id='word_1_112' title='bbox 132 766 173 802; x_wconf 88' lang='lat' dir='ltr'>et</span> <span class='ocrx_word' id='word_1_113' title='bbox 197 762 238 802; x_wconf 89' lang='lat' dir='ltr'>in</span> <span class='ocrx_word' id='word_1_114' title='bbox 265 760 482 801; x_wconf 80' lang='lat' dir='ltr'>Ierusalem</span> <span class='ocrx_word' id='word_1_115' title='bbox 508 760 623 800; x_wconf 90' lang='lat' dir='ltr'>annis</span> <span class='ocrx_word' id='word_1_116' title='bbox 649 760 963 813; x_wconf 84' lang='lat' dir='ltr'>trigintatribus.</span> <span class='ocrx_word' id='word_1_117' title='bbox 1017 761 1052 784; x_wconf 76' lang='lat'>²⁸</span> <span class='ocrx_word' id='word_1_118' title='bbox 1077 760 1132 800; x_wconf 89' lang='lat' dir='ltr'>Et</span> <span class='ocrx_word' id='word_1_119' title='bbox 1155 765 1341 801; x_wconf 87' lang='lat' dir='ltr'>mortuus</span> <span class='ocrx_word' id='word_1_120' title='bbox 1366 765 1428 801; x_wconf 86' lang='lat' dir='ltr'>est</span> <span class='ocrx_word' id='word_1_121' title='bbox 1451 761 1491 800; x_wconf 94' lang='lat' dir='ltr'>in</span> <span class='ocrx_word' id='word_1_122' title='bbox 1516 765 1723 801; x_wconf 79' lang='lat' dir='ltr'>senectute</span> <span class='ocrx_word' id='word_1_123' title='bbox 1748 762 1866 807; x_wconf 79' lang='lat' dir='ltr'>bona,</span> <span class='ocrx_word' id='word_1_124' title='bbox 1893 762 2033 815; x_wconf 87' lang='lat' dir='ltr'>plenus</span> 
     </span>
     <span class='ocr_line' id='line_1_12' title="bbox 133 818 1746 872; baseline -0.001 -11"><span class='ocrx_word' id='word_1_125' title='bbox 133 821 300 868; x_wconf 86' lang='lat' dir='ltr'>dierum,</span> <span class='ocrx_word' id='word_1_126' title='bbox 332 824 373 860; x_wconf 88' lang='lat' dir='ltr'>et</span> <span class='ocrx_word' id='word_1_127' title='bbox 402 818 566 867; x_wconf 80' lang='lat' dir='ltr'>divitiis,</span> <span class='ocrx_word' id='word_1_128' title='bbox 599 824 640 859; x_wconf 89' lang='lat' dir='ltr'>et</span> <span class='ocrx_word' id='word_1_129' title='bbox 667 818 806 872; x_wconf 83' lang='lat' dir='ltr'>gloria.</span> <span class='ocrx_word' id='word_1_130' title='bbox 837 823 878 859; x_wconf 90' lang='lat' dir='ltr'>et</span> <span class='ocrx_word' id='word_1_131' title='bbox 906 818 1094 872; x_wconf 81' lang='lat' dir='ltr'>regnavit</span> <span class='ocrx_word' id='word_1_132' title='bbox 1121 818 1314 860; x_wconf 86' lang='lat' dir='ltr'>Salomon</span> <span class='ocrx_word' id='word_1_133' title='bbox 1343 818 1446 859; x_wconf 89' lang='lat' dir='ltr'>filius</span> <span class='ocrx_word' id='word_1_134' title='bbox 1475 820 1559 860; x_wconf 87' lang='lat' dir='ltr'>eius</span> <span class='ocrx_word' id='word_1_135' title='bbox 1588 832 1659 872; x_wconf 91' lang='lat' dir='ltr'>pro</span> <span class='ocrx_word' id='word_1_136' title='bbox 1689 833 1746 860; x_wconf 90' lang='lat' dir='ltr'>eo.</span> 
     </span>
    </p>

    <p class='ocr_par' dir='ltr' id='par_1_5' title="bbox 132 877 2238 1050">
     <span class='ocr_line' id='line_1_13' title="bbox 237 877 2238 943; baseline 0.001 -24"><span class='ocrx_word' id='word_1_137' title='bbox 237 879 272 902; x_wconf 75' lang='lat'>2⁹</span> <span class='ocrx_word' id='word_1_138' title='bbox 292 878 418 919; x_wconf 84' lang='lat' dir='ltr'>Gesta</span> <span class='ocrx_word' id='word_1_139' title='bbox 438 882 576 918; x_wconf 89' lang='lat' dir='ltr'>autem</span> <span class='ocrx_word' id='word_1_140' title='bbox 596 877 735 918; x_wconf 87' lang='lat' dir='ltr'>David</span> <span class='ocrx_word' id='word_1_141' title='bbox 754 877 855 931; x_wconf 86' lang='lat' dir='ltr'>regis</span> <span class='ocrx_word' id='word_1_142' title='bbox 876 877 1022 931; x_wconf 86' lang='lat' dir='ltr'>priora,</span> <span class='ocrx_word' id='word_1_143' title='bbox 1045 883 1086 918; x_wconf 89' lang='lat' dir='ltr'>et</span> <span class='ocrx_word' id='word_1_144' title='bbox 1106 877 1328 919; x_wconf 85' lang='lat' dir='ltr'>novissima</span> <span class='ocrx_word' id='word_1_145' title='bbox 1347 878 1500 931; x_wconf 79' lang='lat' dir='ltr'>scripta</span> <span class='ocrx_word' id='word_1_146' title='bbox 1519 882 1615 918; x_wconf 89' lang='lat' dir='ltr'>sunt</span> <span class='ocrx_word' id='word_1_147' title='bbox 1634 878 1676 919; x_wconf 91' lang='lat' dir='ltr'>in</span> <span class='ocrx_word' id='word_1_148' title='bbox 1696 878 1816 919; x_wconf 88' lang='lat' dir='ltr'>Libro</span> <span class='ocrx_word' id='word_1_149' title='bbox 1837 879 2033 920; x_wconf 88' lang='lat' dir='ltr'>Samuelis</span> <span class='ocrx_word' id='word_1_150' title='bbox 2046 883 2238 943; x_wconf 46' lang='grc' dir='ltr'>ξέἣῑῑρδῖιξω-</span> 
     </span>
     <span class='ocr_line' id='line_1_14' title="bbox 133 922 2229 990; baseline 0.001 -13"><span class='ocrx_word' id='word_1_151' title='bbox 133 937 329 986; x_wconf 80' lang='lat' dir='ltr'>Videntis,</span> <span class='ocrx_word' id='word_1_152' title='bbox 356 941 397 978; x_wconf 87' lang='lat' dir='ltr'>et</span> <span class='ocrx_word' id='word_1_153' title='bbox 419 936 460 976; x_wconf 93' lang='lat' dir='ltr'>in</span> <span class='ocrx_word' id='word_1_154' title='bbox 483 936 605 977; x_wconf 89' lang='lat' dir='ltr'>Libro</span> <span class='ocrx_word' id='word_1_155' title='bbox 630 936 798 978; x_wconf 88' lang='lat' dir='ltr'>Nathan</span> <span class='ocrx_word' id='word_1_156' title='bbox 822 936 1042 990; x_wconf 85' lang='lat' dir='ltr'>prophetae,</span> <span class='ocrx_word' id='word_1_157' title='bbox 1069 941 1193 990; x_wconf 80' lang='lat' dir='ltr'>atque</span> <span class='ocrx_word' id='word_1_158' title='bbox 1216 937 1258 977; x_wconf 87' lang='lat' dir='ltr'>in</span> <span class='ocrx_word' id='word_1_159' title='bbox 1282 936 1487 978; x_wconf 87' lang='lat' dir='ltr'>volumine</span> <span class='ocrx_word' id='word_1_160' title='bbox 1511 937 1601 978; x_wconf 88' lang='lat' dir='ltr'>Gad</span> <span class='ocrx_word' id='word_1_161' title='bbox 1624 936 1827 978; x_wconf 85' lang='lat' dir='ltr'>Videntis:</span> <span class='ocrx_word' id='word_1_162' title='bbox 1878 939 1914 962; x_wconf 76' lang='lat'>³⁰</span> <span class='ocrx_word' id='word_1_163' title='bbox 1939 938 2034 979; x_wconf 85' lang='lat' dir='ltr'>Uni·</span> <span class='ocrx_word' id='word_1_164' title='bbox 2060 922 2229 979; x_wconf 44' lang='lat' dir='ltr'>”tififdn&#39;</span> 
     </span>
     <span class='ocr_line' id='line_1_15' title="bbox 132 995 2035 1050; baseline 0.001 -14"><span class='ocrx_word' id='word_1_165' title='bbox 132 996 318 1049; x_wconf 89' lang='lat' dir='ltr'>versique</span> <span class='ocrx_word' id='word_1_166' title='bbox 350 995 461 1049; x_wconf 86' lang='lat' dir='ltr'>regni</span> <span class='ocrx_word' id='word_1_167' title='bbox 494 995 590 1043; x_wconf 71' lang='grc'><strong>61118,</strong></span> <span class='ocrx_word' id='word_1_168' title='bbox 625 1000 666 1036; x_wconf 85' lang='lat' dir='ltr'>et</span> <span class='ocrx_word' id='word_1_169' title='bbox 697 995 963 1043; x_wconf 57' lang='lat' dir='ltr'>fortitudinis</span> <span class='ocrx_word' id='word_1_170' title='bbox 998 1000 1039 1036; x_wconf 89' lang='lat' dir='ltr'>et</span> <span class='ocrx_word' id='word_1_171' title='bbox 1070 1000 1314 1050; x_wconf 84' lang='lat' dir='ltr'>temporum,</span> <span class='ocrx_word' id='word_1_172' title='bbox 1351 1009 1440 1049; x_wconf 85' lang='lat' dir='ltr'>quae</span> <span class='ocrx_word' id='word_1_173' title='bbox 1472 996 1720 1037; x_wconf 85' lang='lat' dir='ltr'>transierunt</span> <span class='ocrx_word' id='word_1_174' title='bbox 1752 996 1826 1037; x_wconf 91' lang='lat' dir='ltr'>sub</span> <span class='ocrx_word' id='word_1_175' title='bbox 1859 1009 1917 1045; x_wconf 89' lang='lat' dir='ltr'>eo,</span> <span class='ocrx_word' id='word_1_176' title='bbox 1952 997 2035 1038; x_wconf 89' lang='lat' dir='ltr'>sive</span> 
     </span>
    </p>
   </div>
   <div class='ocr_carea' id='block_1_5' title="bbox 132 1054 1111 1108">
    <p class='ocr_par' dir='ltr' id='par_1_6' title="bbox 132 1054 1111 1108">
     <span class='ocr_line' id='line_1_16' title="bbox 132 1054 1111 1108; baseline 0.002 -13"><span class='ocrx_word' id='word_1_177' title='bbox 132 1055 174 1096; x_wconf 89' lang='lat' dir='ltr'>in</span> <span class='ocrx_word' id='word_1_178' title='bbox 204 1054 339 1104; x_wconf 85' lang='lat' dir='ltr'>Israel,</span> <span class='ocrx_word' id='word_1_179' title='bbox 370 1054 455 1095; x_wconf 89' lang='lat' dir='ltr'>sive</span> <span class='ocrx_word' id='word_1_180' title='bbox 483 1054 525 1094; x_wconf 93' lang='lat' dir='ltr'>in</span> <span class='ocrx_word' id='word_1_181' title='bbox 554 1054 711 1095; x_wconf 79' lang='lat' dir='ltr'>eunetis</span> <span class='ocrx_word' id='word_1_182' title='bbox 739 1054 871 1108; x_wconf 84' lang='lat' dir='ltr'>regnis</span> <span class='ocrx_word' id='word_1_183' title='bbox 900 1059 1111 1097; x_wconf 87' lang='lat' dir='ltr'>terrarum.</span> 
     </span>
    </p>
   </div>
   <div class='ocr_carea' id='block_1_6' title="bbox 134 1133 354 1135">
    <p class='ocr_par' dir='ltr' id='par_1_7' title="bbox 134 1133 354 1135">
     <span class='ocr_line' id='line_1_17' title="bbox 134 1133 354 1135; baseline 0 0"><span class='ocrx_word' id='word_1_184' title='bbox 134 1133 354 1135; x_wconf 95' lang='lat' dir='ltr'> </span> 
     </span>
    </p>
   </div>
   <div class='ocr_carea' id='block_1_7' title="bbox 264 1133 580 1202">
    <p class='ocr_par' dir='ltr' id='par_1_8' title="bbox 264 1133 580 1202">
     <span class='ocr_line' id='line_1_18' title="bbox 264 1133 580 1202; baseline 0.006 -11"><span class='ocrx_word' id='word_1_185' title='bbox 264 1158 306 1191; x_wconf 81' lang='lat'>27</span> <span class='ocrx_word' id='word_1_186' title='bbox 331 1133 379 1192; x_wconf 22' lang='lat'>³1*</span> <span class='ocrx_word' id='word_1_187' title='bbox 395 1157 448 1202; x_wconf 81' lang='lat' dir='ltr'>Rg</span> <span class='ocrx_word' id='word_1_188' title='bbox 472 1159 504 1200; x_wconf 82' lang='lat'>2,</span> <span class='ocrx_word' id='word_1_189' title='bbox 529 1159 580 1193; x_wconf 89' lang='lat'>11.</span> 
     </span>
    </p>
   </div>
  </div>
 </body>
</html>
