<?xml version="1.0" encoding="UTF-8"?>
<!DOCTYPE html PUBLIC "-//W3C//DTD XHTML 1.0 Transitional//EN"
    "http://www.w3.org/TR/xhtml1/DTD/xhtml1-transitional.dtd">
<html xmlns="http://www.w3.org/1999/xhtml" xml:lang="en" lang="en">
 <head>
  <title>
</title>
<meta http-equiv="Content-Type" content="text/html;charset=utf-8" />
  <meta name='ocr-system' content='tesseract 3.04.00' />
  <meta name='ocr-capabilities' content='ocr_page ocr_carea ocr_par ocr_line ocrx_word'/>
</head>
<body>
  <div class='ocr_page' id='page_1' title='image "./bibliasacravulga00helzuoft_0712.png"; bbox 0 0 2356 3760; ppageno 0'>
   <div class='ocr_carea' id='block_1_1' title="bbox 285 196 2196 240">
    <p class='ocr_par' dir='ltr' id='par_1_1' title="bbox 285 196 2196 240">
     <span class='ocr_line' id='line_1_1' title="bbox 285 196 2196 240; baseline 0.002 -13"><span class='ocrx_word' id='word_1_1' title='bbox 285 199 365 240; x_wconf 79' lang='lat'>688</span> <span class='ocrx_word' id='word_1_2' title='bbox 1101 196 1375 230; x_wconf 70' lang='lat' dir='ltr'><strong>PROPHETIA</strong></span> <span class='ocrx_word' id='word_1_3' title='bbox 1931 198 1984 238; x_wconf 76' lang='lat'>25,</span> <span class='ocrx_word' id='word_1_4' title='bbox 2011 197 2128 236; x_wconf 80' lang='lat'>1—26,</span> <span class='ocrx_word' id='word_1_5' title='bbox 2156 198 2196 231; x_wconf 88' lang='lat'>13</span> 
     </span>
    </p>
   </div>
   <div class='ocr_carea' id='block_1_2' title="bbox 76 289 2051 406">
    <p class='ocr_par' dir='ltr' id='par_1_2' title="bbox 76 289 2051 406">
     <span class='ocr_line' id='line_1_2' title="bbox 552 289 1925 340; baseline 0 -9"><span class='ocrx_word' id='word_1_6' title='bbox 552 290 590 331; x_wconf 89' lang='lat'>2.</span> <span class='ocrx_word' id='word_1_7' title='bbox 622 290 887 331; x_wconf 81' lang='lat' dir='ltr'><strong>Gratiarum</strong></span> <span class='ocrx_word' id='word_1_8' title='bbox 919 289 1037 330; x_wconf 84' lang='lat' dir='ltr'>actio</span> <span class='ocrx_word' id='word_1_9' title='bbox 1069 289 1112 330; x_wconf 84' lang='lat' dir='ltr'>et</span> <span class='ocrx_word' id='word_1_10' title='bbox 1141 289 1334 330; x_wconf 80' lang='lat' dir='ltr'><strong>felicitas</strong></span> <span class='ocrx_word' id='word_1_11' title='bbox 1365 289 1666 339; x_wconf 86' lang='lat' dir='ltr'>salvatorum,</span> <span class='ocrx_word' id='word_1_12' title='bbox 1694 290 1925 340; x_wconf 76' lang='lat'>25,-1—12.</span> 
     </span>
     <span class='ocr_line' id='line_1_3' title="bbox 76 360 2051 406; baseline 0 -3"><span class='ocrx_word' id='word_1_13' title='bbox 76 364 269 390; x_wconf 62' lang='lat'>1³0¹¹¹¹¹⁵²¹¹‘&#39;³·</span> <span class='ocrx_word' id='word_1_14' title='bbox 282 362 346 405; x_wconf 80' lang='lat'>25.</span> <span class='ocrx_word' id='word_1_15' title='bbox 402 364 413 386; x_wconf 87' lang='lat'>¹</span> <span class='ocrx_word' id='word_1_16' title='bbox 445 362 620 403; x_wconf 85' lang='lat' dir='ltr'>Domine</span> <span class='ocrx_word' id='word_1_17' title='bbox 650 363 759 402; x_wconf 74' lang='lat' dir='ltr'>Deus</span> <span class='ocrx_word' id='word_1_18' title='bbox 791 374 903 401; x_wconf 86' lang='lat' dir='ltr'>meus</span> <span class='ocrx_word' id='word_1_19' title='bbox 933 374 973 401; x_wconf 85' lang='lat' dir='ltr'>es</span> <span class='ocrx_word' id='word_1_20' title='bbox 1004 366 1061 404; x_wconf 84' lang='lat' dir='ltr'>tu.</span> <span class='ocrx_word' id='word_1_21' title='bbox 1146 361 1338 402; x_wconf 72' lang='lat' dir='ltr'>exaltabo</span> <span class='ocrx_word' id='word_1_22' title='bbox 1369 367 1421 406; x_wconf 84' lang='lat' dir='ltr'>te.</span> <span class='ocrx_word' id='word_1_23' title='bbox 1453 366 1493 402; x_wconf 91' lang='lat' dir='ltr'>et</span> <span class='ocrx_word' id='word_1_24' title='bbox 1523 360 1749 402; x_wconf 77' lang='lat' dir='ltr'>confitebor</span> <span class='ocrx_word' id='word_1_25' title='bbox 1776 361 1931 401; x_wconf 88' lang='lat' dir='ltr'>nomini</span> <span class='ocrx_word' id='word_1_26' title='bbox 1961 366 2051 403; x_wconf 89' lang='lat' dir='ltr'>tuo:</span> 
     </span>
    </p>
   </div>
   <div class='ocr_carea' id='block_1_3' title="bbox 90 400 2191 875">
    <p class='ocr_par' dir='ltr' id='par_1_3' title="bbox 90 400 2191 875">
     <span class='ocr_line' id='line_1_4' title="bbox 90 400 1848 475; baseline 0.001 -16"><span class='ocrx_word' id='word_1_27' title='bbox 90 400 260 465; x_wconf 50' lang='lat' dir='ltr'>torgffiltrau-</span> <span class='ocrx_word' id='word_1_28' title='bbox 336 421 530 475; x_wconf 87' lang='lat' dir='ltr'>quoniam</span> <span class='ocrx_word' id='word_1_29' title='bbox 560 421 688 461; x_wconf 72' lang='lat' dir='ltr'>fecisti</span> <span class='ocrx_word' id='word_1_30' title='bbox 721 419 932 462; x_wconf 87' lang='lat' dir='ltr'>mirabilia.</span> <span class='ocrx_word' id='word_1_31' title='bbox 1018 420 1285 473; x_wconf 70' lang='lat' dir='ltr'>cogitationes</span> <span class='ocrx_word' id='word_1_32' title='bbox 1316 420 1507 474; x_wconf 87' lang='lat' dir='ltr'>antiquas</span> <span class='ocrx_word' id='word_1_33' title='bbox 1538 419 1685 462; x_wconf 88' lang='lat' dir='ltr'>fideles.</span> <span class='ocrx_word' id='word_1_34' title='bbox 1719 433 1848 461; x_wconf 87' lang='lat' dir='ltr'>amen.</span> 
     </span>
     <span class='ocr_line' id='line_1_5' title="bbox 298 478 1877 534; baseline -0.001 -13"><span class='ocrx_word' id='word_1_35' title='bbox 298 482 313 505; x_wconf 76' lang='lat'>2</span> <span class='ocrx_word' id='word_1_36' title='bbox 334 480 440 529; x_wconf 83' lang='lat' dir='ltr'>Quia</span> <span class='ocrx_word' id='word_1_37' title='bbox 469 480 638 534; x_wconf 87' lang='lat' dir='ltr'>posuisti</span> <span class='ocrx_word' id='word_1_38' title='bbox 670 479 880 519; x_wconf 72' lang='lat' dir='ltr'>civitatem</span> <span class='ocrx_word' id='word_1_39' title='bbox 911 478 951 519; x_wconf 92' lang='lat' dir='ltr'>in</span> <span class='ocrx_word' id='word_1_40' title='bbox 983 479 1200 524; x_wconf 80' lang='lat' dir='ltr'>tumulum,</span> <span class='ocrx_word' id='word_1_41' title='bbox 1286 480 1428 520; x_wconf 91' lang='lat' dir='ltr'>urbem</span> <span class='ocrx_word' id='word_1_42' title='bbox 1457 479 1605 520; x_wconf 83' lang='lat' dir='ltr'>fortem</span> <span class='ocrx_word' id='word_1_43' title='bbox 1636 479 1674 519; x_wconf 91' lang='lat' dir='ltr'>in</span> <span class='ocrx_word' id='word_1_44' title='bbox 1705 478 1877 523; x_wconf 77' lang='lat' dir='ltr'>ruinam,</span> 
     </span>
     <span class='ocr_line' id='line_1_6' title="bbox 333 537 2113 591; baseline -0.001 -11"><span class='ocrx_word' id='word_1_45' title='bbox 333 540 500 580; x_wconf 88' lang='lat' dir='ltr'>domum</span> <span class='ocrx_word' id='word_1_46' title='bbox 531 538 772 579; x_wconf 85' lang='lat' dir='ltr'>alienorum:</span> <span class='ocrx_word' id='word_1_47' title='bbox 804 543 850 578; x_wconf 87' lang='lat' dir='ltr'>ut</span> <span class='ocrx_word' id='word_1_48' title='bbox 878 551 959 579; x_wconf 90' lang='lat' dir='ltr'>non</span> <span class='ocrx_word' id='word_1_49' title='bbox 988 537 1041 579; x_wconf 83' lang='lat' dir='ltr'>sit</span> <span class='ocrx_word' id='word_1_50' title='bbox 1069 538 1226 582; x_wconf 75' lang='lat' dir='ltr'>civitas,</span> <span class='ocrx_word' id='word_1_51' title='bbox 1310 543 1349 578; x_wconf 87' lang='lat' dir='ltr'>et</span> <span class='ocrx_word' id='word_1_52' title='bbox 1379 538 1419 578; x_wconf 92' lang='lat' dir='ltr'>in</span> <span class='ocrx_word' id='word_1_53' title='bbox 1448 538 1741 591; x_wconf 86' lang='lat' dir='ltr'>sempiternum</span> <span class='ocrx_word' id='word_1_54' title='bbox 1770 551 1850 579; x_wconf 89' lang='lat' dir='ltr'>non</span> <span class='ocrx_word' id='word_1_55' title='bbox 1881 538 2113 580; x_wconf 61' lang='lat' dir='ltr'>aedificetur.</span> 
     </span>
     <span class='ocr_line' id='line_1_7' title="bbox 296 596 2191 651; baseline 0 -12"><span class='ocrx_word' id='word_1_56' title='bbox 296 600 312 623; x_wconf 78' lang='lat'><strong>³</strong></span> <span class='ocrx_word' id='word_1_57' title='bbox 332 599 461 651; x_wconf 83' lang='lat' dir='ltr'>Super</span> <span class='ocrx_word' id='word_1_58' title='bbox 487 597 562 638; x_wconf 84' lang='lat' dir='ltr'>hoe</span> <span class='ocrx_word' id='word_1_59' title='bbox 588 597 774 637; x_wconf 80' lang='lat' dir='ltr'>laudabit</span> <span class='ocrx_word' id='word_1_60' title='bbox 801 601 842 637; x_wconf 88' lang='lat' dir='ltr'>te</span> <span class='ocrx_word' id='word_1_61' title='bbox 868 596 1042 650; x_wconf 87' lang='lat' dir='ltr'>populus</span> <span class='ocrx_word' id='word_1_62' title='bbox 1068 598 1197 640; x_wconf 81' lang='lat' dir='ltr'>fortis.</span> <span class='ocrx_word' id='word_1_63' title='bbox 1280 597 1425 638; x_wconf 70' lang='lat' dir='ltr'>civitas</span> <span class='ocrx_word' id='word_1_64' title='bbox 1451 597 1634 649; x_wconf 79' lang='lat' dir='ltr'>gentium</span> <span class='ocrx_word' id='word_1_65' title='bbox 1661 597 1923 637; x_wconf 88' lang='lat' dir='ltr'>robustarum</span> <span class='ocrx_word' id='word_1_66' title='bbox 1953 597 2114 638; x_wconf 82' lang='lat' dir='ltr'><strong>timebit</strong></span> <span class='ocrx_word' id='word_1_67' title='bbox 2140 603 2191 639; x_wconf 87' lang='lat' dir='ltr'>te.</span> 
     </span>
     <span class='ocr_line' id='line_1_8' title="bbox 296 655 2011 709; baseline 0 -12"><span class='ocrx_word' id='word_1_68' title='bbox 296 659 311 682; x_wconf 88' lang='lat'>‘¹</span> <span class='ocrx_word' id='word_1_69' title='bbox 333 657 437 705; x_wconf 85' lang='lat' dir='ltr'>Quia</span> <span class='ocrx_word' id='word_1_70' title='bbox 464 656 596 696; x_wconf 80' lang='lat' dir='ltr'>faetus</span> <span class='ocrx_word' id='word_1_71' title='bbox 624 669 664 696; x_wconf 88' lang='lat' dir='ltr'>es</span> <span class='ocrx_word' id='word_1_72' title='bbox 691 655 891 696; x_wconf 87' lang='lat' dir='ltr'>fortitudo</span> <span class='ocrx_word' id='word_1_73' title='bbox 918 656 1100 709; x_wconf 83' lang='lat' dir='ltr'>pauperi.</span> <span class='ocrx_word' id='word_1_74' title='bbox 1181 656 1382 697; x_wconf 82' lang='lat' dir='ltr'>fortitudo</span> <span class='ocrx_word' id='word_1_75' title='bbox 1410 669 1534 709; x_wconf 76' lang='lat' dir='ltr'>egeno</span> <span class='ocrx_word' id='word_1_76' title='bbox 1561 655 1602 696; x_wconf 91' lang='lat' dir='ltr'>in</span> <span class='ocrx_word' id='word_1_77' title='bbox 1629 655 1894 696; x_wconf 82' lang='lat' dir='ltr'>tribulatione</span> <span class='ocrx_word' id='word_1_78' title='bbox 1920 669 2011 697; x_wconf 85' lang='lat' dir='ltr'>sua:</span> 
     </span>
     <span class='ocr_line' id='line_1_9' title="bbox 332 714 1276 769; baseline 0.001 -14"><span class='ocrx_word' id='word_1_79' title='bbox 332 729 421 769; x_wconf 84' lang='lat' dir='ltr'>spes</span> <span class='ocrx_word' id='word_1_80' title='bbox 453 728 477 755; x_wconf 89' lang='lat' dir='ltr'>a</span> <span class='ocrx_word' id='word_1_81' title='bbox 505 714 679 757; x_wconf 86' lang='lat' dir='ltr'>turbine.</span> <span class='ocrx_word' id='word_1_82' title='bbox 766 714 1048 755; x_wconf 77' lang='lat' dir='ltr'>11111braeulum</span> <span class='ocrx_word' id='word_1_83' title='bbox 1081 715 1132 755; x_wconf 89' lang='lat' dir='ltr'>ab</span> <span class='ocrx_word' id='word_1_84' title='bbox 1163 720 1276 756; x_wconf 71' lang='lat' dir='ltr'>aestu.</span> 
     </span>
     <span class='ocr_line' id='line_1_10' title="bbox 332 773 1749 828; baseline 0.001 -14"><span class='ocrx_word' id='word_1_85' title='bbox 332 774 497 827; x_wconf 83' lang='lat' dir='ltr'>spiritus</span> <span class='ocrx_word' id='word_1_86' title='bbox 526 774 632 814; x_wconf 85' lang='lat' dir='ltr'>enim</span> <span class='ocrx_word' id='word_1_87' title='bbox 662 774 924 814; x_wconf 87' lang='lat' dir='ltr'>robustorum</span> <span class='ocrx_word' id='word_1_88' title='bbox 1007 774 1122 828; x_wconf 87' lang='lat' dir='ltr'>quasi</span> <span class='ocrx_word' id='word_1_89' title='bbox 1152 774 1272 815; x_wconf 87' lang='lat' dir='ltr'>turbo</span> <span class='ocrx_word' id='word_1_90' title='bbox 1302 773 1511 828; x_wconf 90' lang='lat' dir='ltr'>impellens</span> <span class='ocrx_word' id='word_1_91' title='bbox 1540 774 1749 827; x_wconf 85' lang='lat' dir='ltr'>parietem.</span> 
     </span>
     <span class='ocr_line' id='line_1_11' title="bbox 297 832 1620 875; baseline -0.001 -2"><span class='ocrx_word' id='word_1_92' title='bbox 297 835 312 858; x_wconf 76' lang='lat'><strong>⁶</strong></span> <span class='ocrx_word' id='word_1_93' title='bbox 332 833 447 874; x_wconf 76' lang='lat' dir='ltr'>Sicut</span> <span class='ocrx_word' id='word_1_94' title='bbox 476 839 598 874; x_wconf 82' lang='lat' dir='ltr'>aestus</span> <span class='ocrx_word' id='word_1_95' title='bbox 628 833 667 873; x_wconf 93' lang='lat' dir='ltr'>in</span> <span class='ocrx_word' id='word_1_96' title='bbox 698 833 776 875; x_wconf 85' lang='lat' dir='ltr'>siti.</span> <span class='ocrx_word' id='word_1_97' title='bbox 861 833 1086 873; x_wconf 87' lang='lat' dir='ltr'>tumultum</span> <span class='ocrx_word' id='word_1_98' title='bbox 1116 832 1339 874; x_wconf 86' lang='lat' dir='ltr'>alienorum</span> <span class='ocrx_word' id='word_1_99' title='bbox 1368 832 1620 873; x_wconf 82' lang='lat' dir='ltr'>humiliabis:</span> 
     </span>
    </p>
   </div>
   <div class='ocr_carea' id='block_1_4' title="bbox 333 892 2087 946">
    <p class='ocr_par' dir='ltr' id='par_1_4' title="bbox 333 892 2087 946">
     <span class='ocr_line' id='line_1_12' title="bbox 333 892 2087 946; baseline 0.001 -14"><span class='ocrx_word' id='word_1_100' title='bbox 333 898 373 933; x_wconf 89' lang='lat' dir='ltr'>et</span> <span class='ocrx_word' id='word_1_101' title='bbox 402 892 516 945; x_wconf 86' lang='lat' dir='ltr'>quasi</span> <span class='ocrx_word' id='word_1_102' title='bbox 544 892 674 933; x_wconf 78' lang='lat' dir='ltr'>calore</span> <span class='ocrx_word' id='word_1_103' title='bbox 700 892 775 932; x_wconf 76' lang='lat' dir='ltr'>sub</span> <span class='ocrx_word' id='word_1_104' title='bbox 802 892 910 932; x_wconf 86' lang='lat' dir='ltr'>nube</span> <span class='ocrx_word' id='word_1_105' title='bbox 937 897 1117 933; x_wconf 79' lang='lat' dir='ltr'>torrente</span> <span class='ocrx_word' id='word_1_106' title='bbox 1196 892 1460 946; x_wconf 76' lang='lat' dir='ltr'>propaginem</span> <span class='ocrx_word' id='word_1_107' title='bbox 1488 892 1657 933; x_wconf 82' lang='lat' dir='ltr'>fortium</span> <span class='ocrx_word' id='word_1_108' title='bbox 1683 905 1927 933; x_wconf 71' lang='lat' dir='ltr'>marcescere</span> <span class='ocrx_word' id='word_1_109' title='bbox 1954 892 2087 934; x_wconf 72' lang='lat' dir='ltr'>facies.</span> 
     </span>
    </p>
   </div>
   <div class='ocr_carea' id='block_1_5' title="bbox 85 996 2197 1395">
    <p class='ocr_par' dir='ltr' id='par_1_5' title="bbox 85 996 2197 1395">
     <span class='ocr_line' id='line_1_13' title="bbox 85 996 1854 1056; baseline 0.001 -19"><span class='ocrx_word' id='word_1_110' title='bbox 85 996 276 1056; x_wconf 52' lang='lat' dir='ltr'>bffissussuffiu·</span> <span class='ocrx_word' id='word_1_111' title='bbox 298 998 313 1021; x_wconf 74' lang='lat'><strong><em>⁶</em></strong></span> <span class='ocrx_word' id='word_1_112' title='bbox 334 997 389 1038; x_wconf 91' lang='lat' dir='ltr'>Et</span> <span class='ocrx_word' id='word_1_113' title='bbox 417 998 540 1038; x_wconf 70' lang='lat' dir='ltr'>faciet</span> <span class='ocrx_word' id='word_1_114' title='bbox 568 997 769 1038; x_wconf 80' lang='lat' dir='ltr'>Dominus</span> <span class='ocrx_word' id='word_1_115' title='bbox 798 997 1049 1038; x_wconf 72' lang='lat' dir='ltr'>exercituum</span> <span class='ocrx_word' id='word_1_116' title='bbox 1133 997 1322 1038; x_wconf 88' lang='lat' dir='ltr'>omnibus</span> <span class='ocrx_word' id='word_1_117' title='bbox 1351 997 1511 1051; x_wconf 90' lang='lat' dir='ltr'>populis</span> <span class='ocrx_word' id='word_1_118' title='bbox 1540 997 1581 1038; x_wconf 92' lang='lat' dir='ltr'>in</span> <span class='ocrx_word' id='word_1_119' title='bbox 1610 1002 1749 1038; x_wconf 89' lang='lat' dir='ltr'>monte</span> <span class='ocrx_word' id='word_1_120' title='bbox 1777 997 1854 1039; x_wconf 83' lang='lat' dir='ltr'>hoo</span> 
     </span>
     <span class='ocr_line' id='line_1_14' title="bbox 101 1056 1402 1110; baseline 0 -13"><span class='ocrx_word' id='word_1_121' title='bbox 101 1103 106 1107; x_wconf 49' lang='grc'>,</span> <span class='ocrx_word' id='word_1_122' title='bbox 135 1067 215 1091; x_wconf 75' lang='lat' dir='ltr'>malis</span> <span class='ocrx_word' id='word_1_123' title='bbox 334 1057 569 1097; x_wconf 67' lang='lat' dir='ltr'>eonviw&#39;um</span> <span class='ocrx_word' id='word_1_124' title='bbox 599 1057 823 1110; x_wconf 77' lang='lat' dir='ltr'>pinguium.</span> <span class='ocrx_word' id='word_1_125' title='bbox 909 1056 1144 1097; x_wconf 67' lang='lat' dir='ltr'>convivium</span> <span class='ocrx_word' id='word_1_126' title='bbox 1175 1056 1402 1105; x_wconf 73' lang='lat' dir='ltr'>vindemiae,</span> 
     </span>
     <span class='ocr_line' id='line_1_15' title="bbox 90 1102 1454 1169; baseline 0.001 -14"><span class='ocrx_word' id='word_1_127' title='bbox 90 1102 256 1132; x_wconf 54' lang='lat' dir='ltr'><strong>”bemmur’</strong></span> <span class='ocrx_word' id='word_1_128' title='bbox 332 1116 544 1169; x_wconf 80' lang='lat' dir='ltr'>pinguium</span> <span class='ocrx_word' id='word_1_129' title='bbox 575 1115 905 1159; x_wconf 81' lang='lat' dir='ltr'>medullatorum,</span> <span class='ocrx_word' id='word_1_130' title='bbox 991 1115 1207 1156; x_wconf 83' lang='lat' dir='ltr'>vindemiae</span> <span class='ocrx_word' id='word_1_131' title='bbox 1236 1116 1454 1157; x_wconf 79' lang='lat' dir='ltr'>defaeeatae.</span> 
     </span>
     <span class='ocr_line' id='line_1_16' title="bbox 295 1174 2197 1229; baseline -0.001 -14"><span class='ocrx_word' id='word_1_132' title='bbox 295 1176 309 1198; x_wconf 81' lang='lat'><strong>⁷</strong></span> <span class='ocrx_word' id='word_1_133' title='bbox 330 1175 384 1215; x_wconf 88' lang='lat' dir='ltr'>Et</span> <span class='ocrx_word' id='word_1_134' title='bbox 409 1174 683 1228; x_wconf 70' lang='lat' dir='ltr'>przeeipitabit</span> <span class='ocrx_word' id='word_1_135' title='bbox 707 1174 747 1214; x_wconf 90' lang='lat' dir='ltr'>in</span> <span class='ocrx_word' id='word_1_136' title='bbox 771 1179 911 1215; x_wconf 87' lang='lat' dir='ltr'>monte</span> <span class='ocrx_word' id='word_1_137' title='bbox 934 1174 1013 1215; x_wconf 87' lang='lat' dir='ltr'>isto</span> <span class='ocrx_word' id='word_1_138' title='bbox 1036 1174 1182 1215; x_wconf 83' lang='lat' dir='ltr'>faeiem</span> <span class='ocrx_word' id='word_1_139' title='bbox 1207 1174 1358 1215; x_wconf 74' lang='lat' dir='ltr'>vinculi</span> <span class='ocrx_word' id='word_1_140' title='bbox 1383 1174 1559 1228; x_wconf 73' lang='lat' dir='ltr'>colligati</span> <span class='ocrx_word' id='word_1_141' title='bbox 1584 1188 1704 1228; x_wconf 85' lang='lat' dir='ltr'>super</span> <span class='ocrx_word' id='word_1_142' title='bbox 1728 1188 1866 1216; x_wconf 87' lang='lat' dir='ltr'>omnes</span> <span class='ocrx_word' id='word_1_143' title='bbox 1890 1175 2074 1229; x_wconf 84' lang='lat' dir='ltr'>populos,</span> <span class='ocrx_word' id='word_1_144' title='bbox 2153 1181 2197 1216; x_wconf 85' lang='lat' dir='ltr'>et</span> 
     </span>
     <span class='ocr_line' id='line_1_17' title="bbox 540 1233 1645 1287; baseline 0 -13"><span class='ocrx_word' id='word_1_145' title='bbox 540 1233 665 1274; x_wconf 87' lang='lat' dir='ltr'>telam</span> <span class='ocrx_word' id='word_1_146' title='bbox 696 1246 820 1287; x_wconf 87' lang='lat' dir='ltr'>quam</span> <span class='ocrx_word' id='word_1_147' title='bbox 850 1233 1007 1274; x_wconf 86' lang='lat' dir='ltr'>orditus</span> <span class='ocrx_word' id='word_1_148' title='bbox 1037 1238 1099 1274; x_wconf 90' lang='lat' dir='ltr'>est</span> <span class='ocrx_word' id='word_1_149' title='bbox 1127 1246 1249 1287; x_wconf 89' lang='lat' dir='ltr'>super</span> <span class='ocrx_word' id='word_1_150' title='bbox 1278 1247 1416 1275; x_wconf 91' lang='lat' dir='ltr'>omnes</span> <span class='ocrx_word' id='word_1_151' title='bbox 1447 1233 1645 1275; x_wconf 86' lang='lat' dir='ltr'>nationes.</span> 
     </span>
     <span class='ocr_line' id='line_1_18' title="bbox 294 1292 2191 1348; baseline 0.001 -15"><span class='ocrx_word' id='word_1_152' title='bbox 294 1293 310 1316; x_wconf 81' lang='lat'>⁸</span> <span class='ocrx_word' id='word_1_153' title='bbox 329 1292 610 1346; x_wconf 58' lang='lat' dir='ltr'>Praecipitabit</span> <span class='ocrx_word' id='word_1_154' title='bbox 640 1298 814 1334; x_wconf 91' lang='lat' dir='ltr'>mortem</span> <span class='ocrx_word' id='word_1_155' title='bbox 845 1292 885 1333; x_wconf 90' lang='lat' dir='ltr'>in</span> <span class='ocrx_word' id='word_1_156' title='bbox 916 1292 1229 1346; x_wconf 86' lang='lat' dir='ltr'>sempiternum:</span> <span class='ocrx_word' id='word_1_157' title='bbox 1318 1298 1379 1333; x_wconf 74' lang='lat' dir='ltr'>aet</span> <span class='ocrx_word' id='word_1_158' title='bbox 1409 1293 1567 1334; x_wconf 77' lang='lat' dir='ltr'>auferet</span> <span class='ocrx_word' id='word_1_159' title='bbox 1595 1293 1797 1334; x_wconf 80' lang='lat' dir='ltr'>Dominus</span> <span class='ocrx_word' id='word_1_160' title='bbox 1827 1294 1938 1334; x_wconf 91' lang='lat' dir='ltr'>Deus</span> <span class='ocrx_word' id='word_1_161' title='bbox 1968 1293 2191 1348; x_wconf 78' lang='lat' dir='ltr'>lacrymam</span> 
     </span>
     <span class='ocr_line' id='line_1_19' title="bbox 541 1351 877 1395; baseline 0.003 -2"><span class='ocrx_word' id='word_1_162' title='bbox 541 1352 592 1393; x_wconf 88' lang='lat' dir='ltr'>ab</span> <span class='ocrx_word' id='word_1_163' title='bbox 623 1352 733 1393; x_wconf 91' lang='lat' dir='ltr'>omni</span> <span class='ocrx_word' id='word_1_164' title='bbox 762 1351 877 1395; x_wconf 80' lang='lat' dir='ltr'>faeie.</span> 
     </span>
    </p>
   </div>
   <div class='ocr_carea' id='block_1_6' title="bbox 331 1410 2192 1465">
    <p class='ocr_par' dir='ltr' id='par_1_6' title="bbox 331 1410 2192 1465">
     <span class='ocr_line' id='line_1_20' title="bbox 331 1410 2192 1465; baseline 0.001 -14"><span class='ocrx_word' id='word_1_165' title='bbox 331 1416 372 1452; x_wconf 89' lang='lat' dir='ltr'>et</span> <span class='ocrx_word' id='word_1_166' title='bbox 395 1411 659 1465; x_wconf 88' lang='lat' dir='ltr'>opprobrium</span> <span class='ocrx_word' id='word_1_167' title='bbox 682 1411 821 1465; x_wconf 83' lang='lat' dir='ltr'>populi</span> <span class='ocrx_word' id='word_1_168' title='bbox 844 1410 905 1451; x_wconf 89' lang='lat' dir='ltr'>sui</span> <span class='ocrx_word' id='word_1_169' title='bbox 928 1411 1085 1451; x_wconf 81' lang='lat' dir='ltr'>auferet</span> <span class='ocrx_word' id='word_1_170' title='bbox 1108 1411 1156 1452; x_wconf 91' lang='lat' dir='ltr'>de</span> <span class='ocrx_word' id='word_1_171' title='bbox 1180 1411 1370 1452; x_wconf 90' lang='lat' dir='ltr'>universa</span> <span class='ocrx_word' id='word_1_172' title='bbox 1392 1416 1517 1452; x_wconf 85' lang='lat' dir='ltr'>terra:</span> <span class='ocrx_word' id='word_1_173' title='bbox 1596 1411 1692 1465; x_wconf 88' lang='lat' dir='ltr'>quia</span> <span class='ocrx_word' id='word_1_174' title='bbox 1713 1411 1914 1452; x_wconf 85' lang='lat' dir='ltr'>Dominus</span> <span class='ocrx_word' id='word_1_175' title='bbox 1936 1411 2097 1453; x_wconf 82' lang='lat' dir='ltr'>loeutus</span> <span class='ocrx_word' id='word_1_176' title='bbox 2119 1417 2192 1453; x_wconf 90' lang='lat' dir='ltr'>est.</span> 
     </span>
    </p>
   </div>
   <div class='ocr_carea' id='block_1_7' title="bbox 83 1515 2195 1979">
    <p class='ocr_par' dir='ltr' id='par_1_7' title="bbox 83 1515 1791 1629">
     <span class='ocr_line' id='line_1_21' title="bbox 83 1515 802 1576; baseline -0.001 -20"><span class='ocrx_word' id='word_1_177' title='bbox 83 1515 262 1576; x_wconf 49' lang='grc' dir='ltr'>Ἒξζῆζῗξὲξ·</span> <span class='ocrx_word' id='word_1_178' title='bbox 297 1518 312 1539; x_wconf 73' lang='lat'>⁹</span> <span class='ocrx_word' id='word_1_179' title='bbox 332 1516 387 1556; x_wconf 85' lang='lat' dir='ltr'>Et</span> <span class='ocrx_word' id='word_1_180' title='bbox 417 1516 525 1557; x_wconf 78' lang='lat' dir='ltr'>dicet</span> <span class='ocrx_word' id='word_1_181' title='bbox 553 1515 595 1556; x_wconf 92' lang='lat' dir='ltr'>in</span> <span class='ocrx_word' id='word_1_182' title='bbox 624 1515 688 1556; x_wconf 91' lang='lat' dir='ltr'>die</span> <span class='ocrx_word' id='word_1_183' title='bbox 718 1515 802 1556; x_wconf 88' lang='lat' dir='ltr'>illa:</span> 
     </span>
     <span class='ocr_line' id='line_1_22' title="bbox 145 1575 1791 1629; baseline -0.001 -13"><span class='ocrx_word' id='word_1_184' title='bbox 145 1588 201 1611; x_wconf 76' lang='lat' dir='ltr'>tur.</span> <span class='ocrx_word' id='word_1_185' title='bbox 333 1575 438 1616; x_wconf 72' lang='lat' dir='ltr'>Ecce</span> <span class='ocrx_word' id='word_1_186' title='bbox 467 1576 577 1616; x_wconf 90' lang='lat' dir='ltr'>Deus</span> <span class='ocrx_word' id='word_1_187' title='bbox 607 1581 745 1616; x_wconf 88' lang='lat' dir='ltr'>noster</span> <span class='ocrx_word' id='word_1_188' title='bbox 774 1575 860 1618; x_wconf 83' lang='lat' dir='ltr'>iste.</span> <span class='ocrx_word' id='word_1_189' title='bbox 946 1576 1254 1629; x_wconf 68' lang='lat' dir='ltr'>expectavimus</span> <span class='ocrx_word' id='word_1_190' title='bbox 1285 1590 1390 1623; x_wconf 74' lang='lat' dir='ltr'>eum,</span> <span class='ocrx_word' id='word_1_191' title='bbox 1422 1581 1463 1617; x_wconf 88' lang='lat' dir='ltr'>et</span> <span class='ocrx_word' id='word_1_192' title='bbox 1492 1575 1669 1617; x_wconf 82' lang='lat' dir='ltr'>salvabit</span> <span class='ocrx_word' id='word_1_193' title='bbox 1700 1589 1791 1617; x_wconf 79' lang='lat' dir='ltr'>nos:</span> 
     </span>
    </p>

    <p class='ocr_par' dir='ltr' id='par_1_8' title="bbox 330 1634 2193 1684">
     <span class='ocr_line' id='line_1_23' title="bbox 330 1634 2193 1684; baseline 0.001 -10"><span class='ocrx_word' id='word_1_194' title='bbox 330 1634 406 1675; x_wconf 90' lang='lat' dir='ltr'>iste</span> <span class='ocrx_word' id='word_1_195' title='bbox 435 1634 648 1679; x_wconf 78' lang='lat' dir='ltr'>Dominus,</span> <span class='ocrx_word' id='word_1_196' title='bbox 682 1634 949 1675; x_wconf 83' lang='lat' dir='ltr'>sustinuimus</span> <span class='ocrx_word' id='word_1_197' title='bbox 980 1648 1085 1684; x_wconf 71' lang='lat' dir='ltr'>eum,</span> <span class='ocrx_word' id='word_1_198' title='bbox 1172 1635 1460 1680; x_wconf 78' lang='lat' dir='ltr'>exultabimus,</span> <span class='ocrx_word' id='word_1_199' title='bbox 1494 1640 1533 1675; x_wconf 91' lang='lat' dir='ltr'>et</span> <span class='ocrx_word' id='word_1_200' title='bbox 1564 1634 1795 1675; x_wconf 64' lang='lat' dir='ltr'>laetabimur</span> <span class='ocrx_word' id='word_1_201' title='bbox 1825 1635 1865 1675; x_wconf 90' lang='lat' dir='ltr'>in</span> <span class='ocrx_word' id='word_1_202' title='bbox 1896 1634 2065 1676; x_wconf 85' lang='lat' dir='ltr'>salutari</span> <span class='ocrx_word' id='word_1_203' title='bbox 2096 1634 2193 1676; x_wconf 91' lang='lat' dir='ltr'>eius.</span> 
     </span>
    </p>

    <p class='ocr_par' dir='ltr' id='par_1_9' title="bbox 278 1693 1882 1806">
     <span class='ocr_line' id='line_1_24' title="bbox 278 1693 1473 1747; baseline -0.001 -13"><span class='ocrx_word' id='word_1_204' title='bbox 278 1695 315 1718; x_wconf 84' lang='lat'>¹⁰</span> <span class='ocrx_word' id='word_1_205' title='bbox 332 1693 438 1742; x_wconf 85' lang='lat' dir='ltr'>Quia</span> <span class='ocrx_word' id='word_1_206' title='bbox 464 1693 689 1747; x_wconf 80' lang='lat' dir='ltr'>requiescet</span> <span class='ocrx_word' id='word_1_207' title='bbox 717 1706 863 1734; x_wconf 90' lang='lat' dir='ltr'>manus</span> <span class='ocrx_word' id='word_1_208' title='bbox 891 1693 1058 1734; x_wconf 88' lang='lat' dir='ltr'>Domini</span> <span class='ocrx_word' id='word_1_209' title='bbox 1138 1694 1179 1735; x_wconf 89' lang='lat' dir='ltr'>in</span> <span class='ocrx_word' id='word_1_210' title='bbox 1207 1699 1347 1734; x_wconf 88' lang='lat' dir='ltr'>monte</span> <span class='ocrx_word' id='word_1_211' title='bbox 1375 1693 1473 1735; x_wconf 89' lang='lat' dir='ltr'>isto:</span> 
     </span>
     <span class='ocr_line' id='line_1_25' title="bbox 329 1752 1882 1806; baseline 0.001 -14"><span class='ocrx_word' id='word_1_212' title='bbox 329 1758 370 1793; x_wconf 89' lang='lat' dir='ltr'>et</span> <span class='ocrx_word' id='word_1_213' title='bbox 399 1752 663 1793; x_wconf 86' lang='lat' dir='ltr'>triturabitur</span> <span class='ocrx_word' id='word_1_214' title='bbox 690 1752 812 1793; x_wconf 85' lang='lat' dir='ltr'>Moab</span> <span class='ocrx_word' id='word_1_215' title='bbox 843 1752 918 1793; x_wconf 92' lang='lat' dir='ltr'>sub</span> <span class='ocrx_word' id='word_1_216' title='bbox 949 1766 1006 1795; x_wconf 88' lang='lat' dir='ltr'>eo.</span> <span class='ocrx_word' id='word_1_217' title='bbox 1092 1752 1211 1793; x_wconf 86' lang='lat' dir='ltr'>sieuti</span> <span class='ocrx_word' id='word_1_218' title='bbox 1241 1758 1432 1794; x_wconf 88' lang='lat' dir='ltr'>teruntur</span> <span class='ocrx_word' id='word_1_219' title='bbox 1461 1752 1587 1806; x_wconf 86' lang='lat' dir='ltr'>paleae</span> <span class='ocrx_word' id='word_1_220' title='bbox 1616 1752 1657 1793; x_wconf 91' lang='lat' dir='ltr'>in</span> <span class='ocrx_word' id='word_1_221' title='bbox 1687 1752 1882 1806; x_wconf 87' lang='lat' dir='ltr'>plaustro.</span> 
     </span>
    </p>

    <p class='ocr_par' dir='ltr' id='par_1_10' title="bbox 276 1811 2047 1924">
     <span class='ocr_line' id='line_1_26' title="bbox 276 1811 2047 1861; baseline 0.001 -10"><span class='ocrx_word' id='word_1_222' title='bbox 276 1814 307 1836; x_wconf 72' lang='grc' dir='ltr'><strong>Π</strong></span> <span class='ocrx_word' id='word_1_223' title='bbox 329 1811 384 1852; x_wconf 88' lang='lat' dir='ltr'>Et</span> <span class='ocrx_word' id='word_1_224' title='bbox 413 1812 609 1852; x_wconf 83' lang='lat' dir='ltr'>extendet</span> <span class='ocrx_word' id='word_1_225' title='bbox 637 1824 783 1851; x_wconf 90' lang='lat' dir='ltr'>manus</span> <span class='ocrx_word' id='word_1_226' title='bbox 814 1824 906 1852; x_wconf 87' lang='lat' dir='ltr'>suas</span> <span class='ocrx_word' id='word_1_227' title='bbox 936 1812 1011 1852; x_wconf 86' lang='lat' dir='ltr'>sub</span> <span class='ocrx_word' id='word_1_228' title='bbox 1041 1825 1100 1861; x_wconf 85' lang='lat' dir='ltr'>eo,</span> <span class='ocrx_word' id='word_1_229' title='bbox 1186 1812 1291 1853; x_wconf 83' lang='lat' dir='ltr'>sieut</span> <span class='ocrx_word' id='word_1_230' title='bbox 1320 1812 1508 1853; x_wconf 84' lang='lat' dir='ltr'>extendit</span> <span class='ocrx_word' id='word_1_231' title='bbox 1536 1817 1686 1852; x_wconf 87' lang='lat' dir='ltr'>natans</span> <span class='ocrx_word' id='word_1_232' title='bbox 1717 1812 1768 1853; x_wconf 89' lang='lat' dir='ltr'>ad</span> <span class='ocrx_word' id='word_1_233' title='bbox 1798 1812 2047 1853; x_wconf 89' lang='lat' dir='ltr'>natandum:</span> 
     </span>
     <span class='ocr_line' id='line_1_27' title="bbox 330 1870 1688 1924; baseline 0 -13"><span class='ocrx_word' id='word_1_234' title='bbox 330 1876 371 1911; x_wconf 92' lang='lat' dir='ltr'>et</span> <span class='ocrx_word' id='word_1_235' title='bbox 400 1870 634 1911; x_wconf 86' lang='lat' dir='ltr'>humiliabit</span> <span class='ocrx_word' id='word_1_236' title='bbox 662 1870 832 1924; x_wconf 78' lang='lat' dir='ltr'>gloriam</span> <span class='ocrx_word' id='word_1_237' title='bbox 862 1871 946 1911; x_wconf 89' lang='lat' dir='ltr'>eius</span> <span class='ocrx_word' id='word_1_238' title='bbox 1029 1884 1122 1912; x_wconf 85' lang='lat' dir='ltr'>eum</span> <span class='ocrx_word' id='word_1_239' title='bbox 1152 1871 1333 1912; x_wconf 89' lang='lat' dir='ltr'>allisione</span> <span class='ocrx_word' id='word_1_240' title='bbox 1362 1884 1561 1911; x_wconf 87' lang='lat' dir='ltr'>manuum</span> <span class='ocrx_word' id='word_1_241' title='bbox 1592 1871 1688 1912; x_wconf 90' lang='lat' dir='ltr'>eius.</span> 
     </span>
    </p>

    <p class='ocr_par' dir='ltr' id='par_1_11' title="bbox 278 1929 2195 1979">
     <span class='ocr_line' id='line_1_28' title="bbox 278 1929 2195 1979; baseline 0 -9"><span class='ocrx_word' id='word_1_242' title='bbox 278 1931 310 1954; x_wconf 77' lang='lat'>12</span> <span class='ocrx_word' id='word_1_243' title='bbox 331 1929 387 1971; x_wconf 86' lang='lat' dir='ltr'>Et</span> <span class='ocrx_word' id='word_1_244' title='bbox 425 1930 684 1970; x_wconf 88' lang='lat' dir='ltr'>munimenta</span> <span class='ocrx_word' id='word_1_245' title='bbox 721 1929 957 1970; x_wconf 89' lang='lat' dir='ltr'>sublimium</span> <span class='ocrx_word' id='word_1_246' title='bbox 997 1943 1207 1971; x_wconf 88' lang='lat' dir='ltr'>murorum</span> <span class='ocrx_word' id='word_1_247' title='bbox 1247 1936 1413 1972; x_wconf 87' lang='lat' dir='ltr'>tuorum</span> <span class='ocrx_word' id='word_1_248' title='bbox 1453 1930 1680 1979; x_wconf 60' lang='lat' dir='ltr'>emundent,</span> <span class='ocrx_word' id='word_1_249' title='bbox 1776 1936 1817 1971; x_wconf 88' lang='lat' dir='ltr'>et</span> <span class='ocrx_word' id='word_1_250' title='bbox 1856 1930 2195 1978; x_wconf 76' lang='lat' dir='ltr'>humiliabuntur,</span> 
     </span>
    </p>
   </div>
   <div class='ocr_carea' id='block_1_8' title="bbox 541 1989 1625 2044">
    <p class='ocr_par' dir='ltr' id='par_1_12' title="bbox 541 1989 1625 2044">
     <span class='ocr_line' id='line_1_29' title="bbox 541 1989 1625 2044; baseline 0.001 -15"><span class='ocrx_word' id='word_1_251' title='bbox 541 1995 581 2030; x_wconf 88' lang='lat' dir='ltr'>et</span> <span class='ocrx_word' id='word_1_252' title='bbox 612 1989 882 2030; x_wconf 88' lang='lat' dir='ltr'>detrahentur</span> <span class='ocrx_word' id='word_1_253' title='bbox 910 1989 951 2030; x_wconf 90' lang='lat' dir='ltr'>in</span> <span class='ocrx_word' id='word_1_254' title='bbox 981 1994 1133 2030; x_wconf 86' lang='lat' dir='ltr'>terram</span> <span class='ocrx_word' id='word_1_255' title='bbox 1163 2003 1291 2044; x_wconf 90' lang='lat' dir='ltr'>usque</span> <span class='ocrx_word' id='word_1_256' title='bbox 1322 1990 1374 2030; x_wconf 85' lang='lat' dir='ltr'>ad</span> <span class='ocrx_word' id='word_1_257' title='bbox 1403 1989 1625 2043; x_wconf 88' lang='lat' dir='ltr'>pulverem.</span> 
     </span>
    </p>
   </div>
   <div class='ocr_carea' id='block_1_9' title="bbox 105 2099 1800 2215">
    <p class='ocr_par' dir='ltr' id='par_1_13' title="bbox 105 2099 1800 2215">
     <span class='ocr_line' id='line_1_30' title="bbox 679 2099 1800 2153; baseline -0.001 -13"><span class='ocrx_word' id='word_1_258' title='bbox 679 2101 718 2140; x_wconf 88' lang='grc'>3.</span> <span class='ocrx_word' id='word_1_259' title='bbox 750 2099 912 2141; x_wconf 85' lang='lat' dir='ltr'>Sortes</span> <span class='ocrx_word' id='word_1_260' title='bbox 941 2101 1170 2140; x_wconf 82' lang='lat' dir='ltr'>iustorum</span> <span class='ocrx_word' id='word_1_261' title='bbox 1201 2099 1246 2141; x_wconf 88' lang='lat' dir='ltr'>et</span> <span class='ocrx_word' id='word_1_262' title='bbox 1275 2099 1538 2153; x_wconf 78' lang='lat' dir='ltr'>impiorum,</span> <span class='ocrx_word' id='word_1_263' title='bbox 1567 2099 1633 2150; x_wconf 89' lang='lat'>26,</span> <span class='ocrx_word' id='word_1_264' title='bbox 1654 2099 1800 2139; x_wconf 82' lang='lat'>1—19.</span> 
     </span>
     <span class='ocr_line' id='line_1_31' title="bbox 105 2170 1688 2215; baseline -0.001 -3"><span class='ocrx_word' id='word_1_265' title='bbox 105 2177 243 2201; x_wconf 57' lang='lat' dir='ltr'>nonanus</span> <span class='ocrx_word' id='word_1_266' title='bbox 279 2172 343 2215; x_wconf 78' lang='lat'>26.</span> <span class='ocrx_word' id='word_1_267' title='bbox 399 2174 413 2196; x_wconf 77' lang='lat'>1</span> <span class='ocrx_word' id='word_1_268' title='bbox 446 2172 491 2212; x_wconf 88' lang='lat' dir='ltr'>In</span> <span class='ocrx_word' id='word_1_269' title='bbox 522 2172 586 2213; x_wconf 91' lang='lat' dir='ltr'>die</span> <span class='ocrx_word' id='word_1_270' title='bbox 614 2173 683 2213; x_wconf 90' lang='lat' dir='ltr'>illa</span> <span class='ocrx_word' id='word_1_271' title='bbox 712 2172 950 2213; x_wconf 82' lang='lat' dir='ltr'>cantabitur</span> <span class='ocrx_word' id='word_1_272' title='bbox 979 2171 1185 2212; x_wconf 76' lang='lat' dir='ltr'>canticum</span> <span class='ocrx_word' id='word_1_273' title='bbox 1216 2170 1327 2211; x_wconf 91' lang='lat' dir='ltr'>istud</span> <span class='ocrx_word' id='word_1_274' title='bbox 1356 2171 1397 2211; x_wconf 90' lang='lat' dir='ltr'>in</span> <span class='ocrx_word' id='word_1_275' title='bbox 1428 2176 1536 2212; x_wconf 87' lang='lat' dir='ltr'>terra</span> <span class='ocrx_word' id='word_1_276' title='bbox 1567 2171 1688 2212; x_wconf 87' lang='lat' dir='ltr'>Iuda:</span> 
     </span>
    </p>
   </div>
   <div class='ocr_carea' id='block_1_10' title="bbox 78 2212 2196 2592">
    <p class='ocr_par' dir='ltr' id='par_1_14' title="bbox 78 2212 2196 2592">
     <span class='ocr_line' id='line_1_32' title="bbox 139 2212 165 2235; baseline 0 -19"><span class='ocrx_word' id='word_1_277' title='bbox 139 2212 165 2235; x_wconf 72' lang='lat' dir='ltr'>s·</span> 
     </span>
     <span class='ocr_line' id='line_1_33' title="bbox 87 2219 2196 2307; baseline -0.001 -20"><span class='ocrx_word' id='word_1_278' title='bbox 87 2219 233 2307; x_wconf 39' lang='grc' dir='ltr'>,Ψῗὲἓξῒ</span> <span class='ocrx_word' id='word_1_279' title='bbox 334 2242 440 2283; x_wconf 90' lang='lat' dir='ltr'>Urbs</span> <span class='ocrx_word' id='word_1_280' title='bbox 469 2242 723 2283; x_wconf 82' lang='lat' dir='ltr'>fortitudinis</span> <span class='ocrx_word' id='word_1_281' title='bbox 754 2247 903 2283; x_wconf 83' lang='lat' dir='ltr'>nostrae</span> <span class='ocrx_word' id='word_1_282' title='bbox 931 2242 1028 2283; x_wconf 87' lang='lat' dir='ltr'>Sion</span> <span class='ocrx_word' id='word_1_283' title='bbox 1110 2241 1303 2287; x_wconf 79' lang='lat' dir='ltr'>salvator,</span> <span class='ocrx_word' id='word_1_284' title='bbox 1336 2247 1512 2295; x_wconf 88' lang='lat' dir='ltr'>ponetur</span> <span class='ocrx_word' id='word_1_285' title='bbox 1540 2242 1580 2282; x_wconf 93' lang='lat' dir='ltr'>in</span> <span class='ocrx_word' id='word_1_286' title='bbox 1612 2255 1656 2282; x_wconf 87' lang='lat' dir='ltr'>ea</span> <span class='ocrx_word' id='word_1_287' title='bbox 1687 2255 1827 2282; x_wconf 90' lang='lat' dir='ltr'>murus</span> <span class='ocrx_word' id='word_1_288' title='bbox 1859 2248 1900 2283; x_wconf 88' lang='lat' dir='ltr'>et</span> <span class='ocrx_word' id='word_1_289' title='bbox 1931 2242 2196 2285; x_wconf 82' lang='lat' dir='ltr'>antemurale.</span> 
     </span>
     <span class='ocr_line' id='line_1_34' title="bbox 78 2286 1903 2355; baseline -0.001 -12"><span class='ocrx_word' id='word_1_290' title='bbox 78 2286 267 2343; x_wconf 40' lang='lat' dir='ltr'>‘Esstllnssessff</span> <span class='ocrx_word' id='word_1_291' title='bbox 298 2304 312 2326; x_wconf 75' lang='lat'><strong>²</strong></span> <span class='ocrx_word' id='word_1_292' title='bbox 332 2302 499 2355; x_wconf 87' lang='lat' dir='ltr'>Aperite</span> <span class='ocrx_word' id='word_1_293' title='bbox 530 2307 682 2355; x_wconf 80' lang='lat' dir='ltr'>portas,</span> <span class='ocrx_word' id='word_1_294' title='bbox 770 2308 811 2342; x_wconf 91' lang='lat' dir='ltr'>et</span> <span class='ocrx_word' id='word_1_295' title='bbox 841 2300 1094 2354; x_wconf 82' lang='lat' dir='ltr'>ingrediatur</span> <span class='ocrx_word' id='word_1_296' title='bbox 1124 2314 1220 2354; x_wconf 81' lang='lat' dir='ltr'>gens</span> <span class='ocrx_word' id='word_1_297' title='bbox 1253 2300 1372 2349; x_wconf 75' lang='lat' dir='ltr'>iusta,</span> <span class='ocrx_word' id='word_1_298' title='bbox 1408 2301 1640 2341; x_wconf 74' lang='lat' dir='ltr'>custodiens</span> <span class='ocrx_word' id='word_1_299' title='bbox 1673 2301 1903 2342; x_wconf 87' lang='lat' dir='ltr'>veritatem.</span> 
     </span>
     <span class='ocr_line' id='line_1_35' title="bbox 100 2354 1955 2413; baseline 0 -12"><span class='ocrx_word' id='word_1_300' title='bbox 100 2354 244 2384; x_wconf 55' lang='lat' dir='ltr'>&#39;&#39;umi&#39;m‘</span> <span class='ocrx_word' id='word_1_301' title='bbox 296 2363 312 2385; x_wconf 84' lang='lat'>³</span> <span class='ocrx_word' id='word_1_302' title='bbox 332 2360 460 2401; x_wconf 87' lang='lat' dir='ltr'>Vetus</span> <span class='ocrx_word' id='word_1_303' title='bbox 491 2374 599 2402; x_wconf 89' lang='lat' dir='ltr'>error</span> <span class='ocrx_word' id='word_1_304' title='bbox 629 2361 747 2401; x_wconf 90' lang='lat' dir='ltr'>abiit:</span> <span class='ocrx_word' id='word_1_305' title='bbox 832 2360 1013 2401; x_wconf 87' lang='lat' dir='ltr'>servabis</span> <span class='ocrx_word' id='word_1_306' title='bbox 1043 2373 1204 2413; x_wconf 81' lang='lat' dir='ltr'>paoem:</span> <span class='ocrx_word' id='word_1_307' title='bbox 1236 2372 1391 2413; x_wconf 73' lang='lat' dir='ltr'>pacem,</span> <span class='ocrx_word' id='word_1_308' title='bbox 1425 2360 1521 2413; x_wconf 91' lang='lat' dir='ltr'>quia</span> <span class='ocrx_word' id='word_1_309' title='bbox 1549 2360 1589 2400; x_wconf 90' lang='lat' dir='ltr'>in</span> <span class='ocrx_word' id='word_1_310' title='bbox 1620 2365 1660 2401; x_wconf 87' lang='lat' dir='ltr'>te</span> <span class='ocrx_word' id='word_1_311' title='bbox 1690 2360 1955 2413; x_wconf 81' lang='lat' dir='ltr'>speravimus.</span> 
     </span>
     <span class='ocr_line' id='line_1_36' title="bbox 295 2418 2195 2473; baseline 0.001 -13"><span class='ocrx_word' id='word_1_312' title='bbox 295 2422 309 2444; x_wconf 73' lang='lat'><strong>⁴</strong></span> <span class='ocrx_word' id='word_1_313' title='bbox 330 2420 531 2473; x_wconf 83' lang='lat' dir='ltr'>Sperastis</span> <span class='ocrx_word' id='word_1_314' title='bbox 560 2420 600 2460; x_wconf 90' lang='lat' dir='ltr'>in</span> <span class='ocrx_word' id='word_1_315' title='bbox 630 2420 807 2461; x_wconf 89' lang='lat' dir='ltr'>Domino</span> <span class='ocrx_word' id='word_1_316' title='bbox 837 2419 878 2459; x_wconf 89' lang='lat' dir='ltr'>in</span> <span class='ocrx_word' id='word_1_317' title='bbox 908 2419 1061 2460; x_wconf 85' lang='lat' dir='ltr'>saeeulis</span> <span class='ocrx_word' id='word_1_318' title='bbox 1091 2418 1264 2465; x_wconf 69' lang='lat' dir='ltr'>aeternis,</span> <span class='ocrx_word' id='word_1_319' title='bbox 1348 2418 1389 2459; x_wconf 91' lang='lat' dir='ltr'>in</span> <span class='ocrx_word' id='word_1_320' title='bbox 1418 2419 1595 2460; x_wconf 90' lang='lat' dir='ltr'>Domino</span> <span class='ocrx_word' id='word_1_321' title='bbox 1625 2419 1712 2460; x_wconf 93' lang='lat' dir='ltr'>Deo</span> <span class='ocrx_word' id='word_1_322' title='bbox 1742 2419 1839 2460; x_wconf 87' lang='lat' dir='ltr'>forti</span> <span class='ocrx_word' id='word_1_323' title='bbox 1867 2419 1907 2459; x_wconf 90' lang='lat' dir='ltr'>in</span> <span class='ocrx_word' id='word_1_324' title='bbox 1937 2425 2195 2473; x_wconf 86' lang='lat' dir='ltr'>perpetuum.</span> 
     </span>
     <span class='ocr_line' id='line_1_37' title="bbox 294 2477 2037 2528; baseline 0 -9"><span class='ocrx_word' id='word_1_325' title='bbox 294 2481 310 2504; x_wconf 77' lang='lat'>⁵</span> <span class='ocrx_word' id='word_1_326' title='bbox 331 2479 437 2528; x_wconf 87' lang='lat' dir='ltr'>Quia</span> <span class='ocrx_word' id='word_1_327' title='bbox 462 2479 697 2520; x_wconf 80' lang='lat' dir='ltr'>incurva-bit</span> <span class='ocrx_word' id='word_1_328' title='bbox 722 2479 960 2520; x_wconf 87' lang='lat' dir='ltr'>habitantes</span> <span class='ocrx_word' id='word_1_329' title='bbox 988 2478 1029 2519; x_wconf 91' lang='lat' dir='ltr'>in</span> <span class='ocrx_word' id='word_1_330' title='bbox 1056 2477 1225 2523; x_wconf 78' lang='lat' dir='ltr'>excelso,</span> <span class='ocrx_word' id='word_1_331' title='bbox 1309 2477 1521 2519; x_wconf 74' lang='lat' dir='ltr'>civitatem</span> <span class='ocrx_word' id='word_1_332' title='bbox 1549 2478 1765 2519; x_wconf 91' lang='lat' dir='ltr'>sublimem</span> <span class='ocrx_word' id='word_1_333' title='bbox 1792 2478 2037 2520; x_wconf 87' lang='lat' dir='ltr'>humiliabit.</span> 
     </span>
     <span class='ocr_line' id='line_1_38' title="bbox 332 2536 2020 2592; baseline 0 -13"><span class='ocrx_word' id='word_1_334' title='bbox 332 2538 580 2579; x_wconf 83' lang='lat' dir='ltr'>Humiliabit</span> <span class='ocrx_word' id='word_1_335' title='bbox 609 2551 698 2579; x_wconf 85' lang='lat' dir='ltr'>eam</span> <span class='ocrx_word' id='word_1_336' title='bbox 728 2551 857 2592; x_wconf 88' lang='lat' dir='ltr'>usque</span> <span class='ocrx_word' id='word_1_337' title='bbox 887 2538 940 2579; x_wconf 88' lang='lat' dir='ltr'>ad</span> <span class='ocrx_word' id='word_1_338' title='bbox 969 2542 1132 2583; x_wconf 81' lang='lat' dir='ltr'>terram,</span> <span class='ocrx_word' id='word_1_339' title='bbox 1218 2537 1409 2578; x_wconf 84' lang='lat' dir='ltr'>detrahet</span> <span class='ocrx_word' id='word_1_340' title='bbox 1438 2550 1528 2578; x_wconf 83' lang='lat' dir='ltr'>eam</span> <span class='ocrx_word' id='word_1_341' title='bbox 1558 2550 1686 2591; x_wconf 89' lang='lat' dir='ltr'>usque</span> <span class='ocrx_word' id='word_1_342' title='bbox 1717 2538 1769 2578; x_wconf 89' lang='lat' dir='ltr'>ad</span> <span class='ocrx_word' id='word_1_343' title='bbox 1798 2536 2020 2590; x_wconf 86' lang='lat' dir='ltr'>pulverem.</span> 
     </span>
    </p>
   </div>
   <div class='ocr_carea' id='block_1_11' title="bbox 295 2596 1719 2651">
    <p class='ocr_par' dir='ltr' id='par_1_15' title="bbox 295 2596 1719 2651">
     <span class='ocr_line' id='line_1_39' title="bbox 295 2596 1719 2651; baseline 0 -13"><span class='ocrx_word' id='word_1_344' title='bbox 295 2599 310 2621; x_wconf 79' lang='lat'><strong>⁶</strong></span> <span class='ocrx_word' id='word_1_345' title='bbox 331 2597 596 2639; x_wconf 83' lang='lat' dir='ltr'>Coneuleabit</span> <span class='ocrx_word' id='word_1_346' title='bbox 627 2611 716 2638; x_wconf 85' lang='lat' dir='ltr'>eam</span> <span class='ocrx_word' id='word_1_347' title='bbox 746 2611 828 2651; x_wconf 72' lang='lat' dir='ltr'>pes,</span> <span class='ocrx_word' id='word_1_348' title='bbox 912 2597 1035 2651; x_wconf 88' lang='lat' dir='ltr'>pedes</span> <span class='ocrx_word' id='word_1_349' title='bbox 1065 2596 1267 2650; x_wconf 74' lang='lat' dir='ltr'>pauperis,</span> <span class='ocrx_word' id='word_1_350' title='bbox 1299 2609 1458 2650; x_wconf 81' lang='lat' dir='ltr'>gressus</span> <span class='ocrx_word' id='word_1_351' title='bbox 1488 2610 1719 2650; x_wconf 80' lang='lat' dir='ltr'>egenorum.</span> 
     </span>
    </p>
   </div>
   <div class='ocr_carea' id='block_1_12' title="bbox 84 2702 2199 3111">
    <p class='ocr_par' dir='ltr' id='par_1_16' title="bbox 84 2702 2199 3111">
     <span class='ocr_line' id='line_1_40' title="bbox 84 2702 1763 2764; baseline -0.001 -21"><span class='ocrx_word' id='word_1_352' title='bbox 84 2704 264 2764; x_wconf 46' lang='lat' dir='ltr'>iffijssuffiajt</span> <span class='ocrx_word' id='word_1_353' title='bbox 298 2705 311 2726; x_wconf 79' lang='lat'><strong>⁷</strong></span> <span class='ocrx_word' id='word_1_354' title='bbox 333 2703 489 2744; x_wconf 85' lang='lat' dir='ltr'>Semita</span> <span class='ocrx_word' id='word_1_355' title='bbox 517 2703 612 2743; x_wconf 86' lang='lat' dir='ltr'>iusti</span> <span class='ocrx_word' id='word_1_356' title='bbox 643 2708 752 2743; x_wconf 82' lang='lat' dir='ltr'>reeta</span> <span class='ocrx_word' id='word_1_357' title='bbox 784 2708 856 2747; x_wconf 79' lang='lat' dir='ltr'>est,</span> <span class='ocrx_word' id='word_1_358' title='bbox 940 2708 1074 2743; x_wconf 73' lang='lat' dir='ltr'>rectus</span> <span class='ocrx_word' id='word_1_359' title='bbox 1105 2702 1215 2743; x_wconf 76' lang='lat' dir='ltr'>callis</span> <span class='ocrx_word' id='word_1_360' title='bbox 1245 2702 1341 2743; x_wconf 85' lang='lat' dir='ltr'>iusti</span> <span class='ocrx_word' id='word_1_361' title='bbox 1372 2702 1424 2742; x_wconf 89' lang='lat' dir='ltr'>ad</span> <span class='ocrx_word' id='word_1_362' title='bbox 1454 2702 1763 2743; x_wconf 87' lang='lat' dir='ltr'>ambulandum.</span> 
     </span>
     <span class='ocr_line' id='line_1_41' title="bbox 100 2759 2198 2804; baseline 0.002 -6"><span class='ocrx_word' id='word_1_363' title='bbox 100 2759 251 2804; x_wconf 58' lang='lat' dir='ltr'>mmmmm</span> <span class='ocrx_word' id='word_1_364' title='bbox 298 2766 313 2785; x_wconf 59' lang='grc' dir='ltr'>ὅ</span> <span class='ocrx_word' id='word_1_365' title='bbox 334 2762 388 2803; x_wconf 83' lang='grc' dir='ltr'>Ε1</span> <span class='ocrx_word' id='word_1_366' title='bbox 421 2762 462 2802; x_wconf 92' lang='lat' dir='ltr'>in</span> <span class='ocrx_word' id='word_1_367' title='bbox 496 2762 643 2802; x_wconf 80' lang='lat' dir='ltr'>semita</span> <span class='ocrx_word' id='word_1_368' title='bbox 675 2762 916 2803; x_wconf 74' lang='lat' dir='ltr'>iudiciorum</span> <span class='ocrx_word' id='word_1_369' title='bbox 951 2768 1116 2803; x_wconf 89' lang='lat' dir='ltr'>tuorum</span> <span class='ocrx_word' id='word_1_370' title='bbox 1150 2761 1325 2802; x_wconf 90' lang='lat' dir='ltr'>Domine</span> <span class='ocrx_word' id='word_1_371' title='bbox 1359 2761 1627 2802; x_wconf 87' lang='lat' dir='ltr'>sustinuimus</span> <span class='ocrx_word' id='word_1_372' title='bbox 1661 2766 1719 2802; x_wconf 88' lang='lat' dir='ltr'>te:</span> <span class='ocrx_word' id='word_1_373' title='bbox 1808 2774 1955 2802; x_wconf 88' lang='lat' dir='ltr'>nomen</span> <span class='ocrx_word' id='word_1_374' title='bbox 1990 2766 2121 2804; x_wconf 82' lang='lat' dir='ltr'>tuum.</span> <span class='ocrx_word' id='word_1_375' title='bbox 2158 2767 2198 2802; x_wconf 85' lang='lat' dir='ltr'>et</span> 
     </span>
     <span class='ocr_line' id='line_1_42' title="bbox 542 2820 1410 2862; baseline -0.001 -1"><span class='ocrx_word' id='word_1_376' title='bbox 542 2821 776 2862; x_wconf 88' lang='lat' dir='ltr'>memoriale</span> <span class='ocrx_word' id='word_1_377' title='bbox 805 2826 923 2862; x_wconf 92' lang='lat' dir='ltr'>tuum</span> <span class='ocrx_word' id='word_1_378' title='bbox 954 2821 995 2861; x_wconf 91' lang='lat' dir='ltr'>in</span> <span class='ocrx_word' id='word_1_379' title='bbox 1025 2821 1222 2862; x_wconf 89' lang='lat' dir='ltr'>desiderio</span> <span class='ocrx_word' id='word_1_380' title='bbox 1253 2820 1410 2861; x_wconf 84' lang='lat' dir='ltr'>animae.</span> 
     </span>
     <span class='ocr_line' id='line_1_43' title="bbox 296 2878 2199 2933; baseline 0 -13"><span class='ocrx_word' id='word_1_381' title='bbox 296 2881 312 2904; x_wconf 81' lang='lat'>⁹</span> <span class='ocrx_word' id='word_1_382' title='bbox 332 2880 481 2920; x_wconf 77' lang='lat' dir='ltr'>Anima</span> <span class='ocrx_word' id='word_1_383' title='bbox 511 2894 601 2921; x_wconf 87' lang='lat' dir='ltr'>mea</span> <span class='ocrx_word' id='word_1_384' title='bbox 634 2880 882 2921; x_wconf 85' lang='lat' dir='ltr'>desideravit</span> <span class='ocrx_word' id='word_1_385' title='bbox 913 2887 953 2921; x_wconf 84' lang='lat' dir='ltr'>te</span> <span class='ocrx_word' id='word_1_386' title='bbox 986 2880 1025 2920; x_wconf 91' lang='lat' dir='ltr'>in</span> <span class='ocrx_word' id='word_1_387' title='bbox 1058 2886 1194 2921; x_wconf 77' lang='lat' dir='ltr'>noete:</span> <span class='ocrx_word' id='word_1_388' title='bbox 1281 2880 1352 2920; x_wconf 90' lang='lat' dir='ltr'>sed</span> <span class='ocrx_word' id='word_1_389' title='bbox 1383 2886 1424 2920; x_wconf 85' lang='lat' dir='ltr'>et</span> <span class='ocrx_word' id='word_1_390' title='bbox 1455 2879 1600 2933; x_wconf 87' lang='lat' dir='ltr'>spiritu</span> <span class='ocrx_word' id='word_1_391' title='bbox 1634 2893 1724 2920; x_wconf 88' lang='lat' dir='ltr'>meo</span> <span class='ocrx_word' id='word_1_392' title='bbox 1756 2879 1986 2932; x_wconf 83' lang='lat' dir='ltr'>praeoordiis</span> <span class='ocrx_word' id='word_1_393' title='bbox 2018 2878 2117 2920; x_wconf 88' lang='lat' dir='ltr'>meis</span> <span class='ocrx_word' id='word_1_394' title='bbox 2149 2880 2199 2920; x_wconf 89' lang='lat' dir='ltr'>de</span> 
     </span>
     <span class='ocr_line' id='line_1_44' title="bbox 542 2939 1033 2992; baseline 0.002 -13"><span class='ocrx_word' id='word_1_395' title='bbox 542 2953 661 2980; x_wconf 90' lang='lat' dir='ltr'>mane</span> <span class='ocrx_word' id='word_1_396' title='bbox 692 2939 869 2992; x_wconf 71' lang='lat' dir='ltr'>vigilabo</span> <span class='ocrx_word' id='word_1_397' title='bbox 899 2940 953 2980; x_wconf 85' lang='lat' dir='ltr'>ad</span> <span class='ocrx_word' id='word_1_398' title='bbox 982 2945 1033 2980; x_wconf 82' lang='lat' dir='ltr'>te.</span> 
     </span>
     <span class='ocr_line' id='line_1_45' title="bbox 333 2997 2012 3042; baseline 0.002 -6"><span class='ocrx_word' id='word_1_399' title='bbox 333 2998 433 3037; x_wconf 67' lang='lat' dir='ltr'>s‘um</span> <span class='ocrx_word' id='word_1_400' title='bbox 466 2999 602 3039; x_wconf 79' lang='lat' dir='ltr'>feceris</span> <span class='ocrx_word' id='word_1_401' title='bbox 633 2999 782 3039; x_wconf 74' lang='lat' dir='ltr'>iudicia</span> <span class='ocrx_word' id='word_1_402' title='bbox 811 3003 884 3039; x_wconf 87' lang='lat' dir='ltr'>tua</span> <span class='ocrx_word' id='word_1_403' title='bbox 914 2999 954 3039; x_wconf 93' lang='lat' dir='ltr'>in</span> <span class='ocrx_word' id='word_1_404' title='bbox 984 3004 1103 3042; x_wconf 80' lang='lat' dir='ltr'>terra,</span> <span class='ocrx_word' id='word_1_405' title='bbox 1188 2998 1390 3039; x_wconf 84' lang='lat' dir='ltr'>iustitiam</span> <span class='ocrx_word' id='word_1_406' title='bbox 1421 2998 1579 3038; x_wconf 70' lang='lat' dir='ltr'>discent</span> <span class='ocrx_word' id='word_1_407' title='bbox 1608 2998 1862 3038; x_wconf 87' lang='lat' dir='ltr'>habitatores</span> <span class='ocrx_word' id='word_1_408' title='bbox 1893 2997 2012 3039; x_wconf 90' lang='lat' dir='ltr'>orbis.</span> 
     </span>
     <span class='ocr_line' id='line_1_46' title="bbox 282 3056 1405 3111; baseline 0.002 -16"><span class='ocrx_word' id='word_1_409' title='bbox 282 3056 595 3097; x_wconf 70' lang='lat' dir='ltr'>¹0Misereanmr</span> <span class='ocrx_word' id='word_1_410' title='bbox 624 3058 760 3111; x_wconf 83' lang='lat' dir='ltr'>impio,</span> <span class='ocrx_word' id='word_1_411' title='bbox 846 3063 885 3098; x_wconf 89' lang='lat' dir='ltr'>et</span> <span class='ocrx_word' id='word_1_412' title='bbox 916 3071 996 3099; x_wconf 91' lang='lat' dir='ltr'>non</span> <span class='ocrx_word' id='word_1_413' title='bbox 1027 3058 1156 3098; x_wconf 79' lang='lat' dir='ltr'>discet</span> <span class='ocrx_word' id='word_1_414' title='bbox 1185 3057 1405 3098; x_wconf 88' lang='lat' dir='ltr'>iustitiam:</span> 
     </span>
    </p>
   </div>
   <div class='ocr_carea' id='block_1_13' title="bbox 337 3115 1918 3170">
    <p class='ocr_par' dir='ltr' id='par_1_17' title="bbox 337 3115 1918 3170">
     <span class='ocr_line' id='line_1_47' title="bbox 337 3115 1918 3170; baseline 0.001 -15"><span class='ocrx_word' id='word_1_415' title='bbox 337 3115 374 3155; x_wconf 90' lang='lat' dir='ltr'>in</span> <span class='ocrx_word' id='word_1_416' title='bbox 405 3121 509 3155; x_wconf 84' lang='lat' dir='ltr'>terra</span> <span class='ocrx_word' id='word_1_417' title='bbox 537 3122 771 3157; x_wconf 72' lang='lat' dir='ltr'>sant-torum</span> <span class='ocrx_word' id='word_1_418' title='bbox 800 3116 940 3170; x_wconf 88' lang='lat' dir='ltr'>iniqua</span> <span class='ocrx_word' id='word_1_419' title='bbox 966 3116 1100 3169; x_wconf 77' lang='lat' dir='ltr'>gessit.</span> <span class='ocrx_word' id='word_1_420' title='bbox 1183 3122 1224 3157; x_wconf 88' lang='lat' dir='ltr'>et</span> <span class='ocrx_word' id='word_1_421' title='bbox 1251 3129 1331 3157; x_wconf 91' lang='lat' dir='ltr'>non</span> <span class='ocrx_word' id='word_1_422' title='bbox 1359 3115 1518 3157; x_wconf 88' lang='lat' dir='ltr'>videbit</span> <span class='ocrx_word' id='word_1_423' title='bbox 1543 3115 1710 3169; x_wconf 80' lang='lat' dir='ltr'>gloriam</span> <span class='ocrx_word' id='word_1_424' title='bbox 1740 3115 1918 3157; x_wconf 89' lang='lat' dir='ltr'>Domini.</span> 
     </span>
    </p>
   </div>
   <div class='ocr_carea' id='block_1_14' title="bbox 89 3220 2199 3498">
    <p class='ocr_par' dir='ltr' id='par_1_18' title="bbox 89 3220 2199 3498">
     <span class='ocr_line' id='line_1_48' title="bbox 89 3220 1471 3283; baseline 0.001 -25"><span class='ocrx_word' id='word_1_425' title='bbox 89 3224 267 3283; x_wconf 34' lang='lat' dir='ltr'>³¹11rssi‘13rflnvsffl-</span> <span class='ocrx_word' id='word_1_426' title='bbox 288 3221 312 3243; x_wconf 93' lang='lat'>¹¹</span> <span class='ocrx_word' id='word_1_427' title='bbox 336 3220 511 3260; x_wconf 86' lang='lat' dir='ltr'>Domine</span> <span class='ocrx_word' id='word_1_428' title='bbox 538 3221 742 3262; x_wconf 84' lang='lat' dir='ltr'>exaltetur</span> <span class='ocrx_word' id='word_1_429' title='bbox 769 3235 913 3262; x_wconf 82' lang='lat' dir='ltr'>manus</span> <span class='ocrx_word' id='word_1_430' title='bbox 941 3227 1025 3266; x_wconf 79' lang='lat' dir='ltr'>tua,</span> <span class='ocrx_word' id='word_1_431' title='bbox 1108 3227 1149 3261; x_wconf 90' lang='lat' dir='ltr'>et</span> <span class='ocrx_word' id='word_1_432' title='bbox 1175 3235 1254 3262; x_wconf 89' lang='lat' dir='ltr'>non</span> <span class='ocrx_word' id='word_1_433' title='bbox 1283 3222 1471 3262; x_wconf 82' lang='lat' dir='ltr'>videant:</span> 
     </span>
     <span class='ocr_line' id='line_1_49' title="bbox 161 3279 2064 3334; baseline 0.001 -17"><span class='ocrx_word' id='word_1_434' title='bbox 161 3281 165 3283; x_wconf 77' lang='grc'><em>“</em></span> <span class='ocrx_word' id='word_1_435' title='bbox 211 3280 214 3284; x_wconf 83' lang='grc'><strong>“</strong></span> <span class='ocrx_word' id='word_1_436' title='bbox 337 3279 517 3321; x_wconf 76' lang='lat' dir='ltr'>videant.</span> <span class='ocrx_word' id='word_1_437' title='bbox 549 3287 589 3319; x_wconf 85' lang='lat' dir='ltr'>et</span> <span class='ocrx_word' id='word_1_438' title='bbox 618 3281 924 3322; x_wconf 74' lang='lat' dir='ltr'>eonfundantur</span> <span class='ocrx_word' id='word_1_439' title='bbox 952 3280 1128 3321; x_wconf 87' lang='lat' dir='ltr'>zelantes</span> <span class='ocrx_word' id='word_1_440' title='bbox 1158 3280 1315 3334; x_wconf 85' lang='lat' dir='ltr'>populi:</span> <span class='ocrx_word' id='word_1_441' title='bbox 1399 3285 1440 3320; x_wconf 89' lang='lat' dir='ltr'>et</span> <span class='ocrx_word' id='word_1_442' title='bbox 1467 3280 1569 3333; x_wconf 79' lang='lat' dir='ltr'>ignis</span> <span class='ocrx_word' id='word_1_443' title='bbox 1597 3280 1734 3321; x_wconf 84' lang='lat' dir='ltr'>hostes</span> <span class='ocrx_word' id='word_1_444' title='bbox 1764 3285 1855 3321; x_wconf 89' lang='lat' dir='ltr'>tuos</span> <span class='ocrx_word' id='word_1_445' title='bbox 1884 3279 2064 3320; x_wconf 85' lang='lat' dir='ltr'>devoret.</span> 
     </span>
     <span class='ocr_line' id='line_1_50' title="bbox 282 3337 2143 3393; baseline 0.001 -16"><span class='ocrx_word' id='word_1_446' title='bbox 282 3339 313 3361; x_wconf 77' lang='lat'>¹²</span> <span class='ocrx_word' id='word_1_447' title='bbox 334 3338 507 3377; x_wconf 81' lang='lat' dir='ltr'>Domine</span> <span class='ocrx_word' id='word_1_448' title='bbox 540 3338 654 3378; x_wconf 77' lang='lat' dir='ltr'>dabis</span> <span class='ocrx_word' id='word_1_449' title='bbox 689 3353 828 3391; x_wconf 74' lang='lat' dir='ltr'>pacem</span> <span class='ocrx_word' id='word_1_450' title='bbox 861 3339 995 3381; x_wconf 83' lang='lat' dir='ltr'>nobis:</span> <span class='ocrx_word' id='word_1_451' title='bbox 1083 3339 1221 3380; x_wconf 87' lang='lat' dir='ltr'>omnia</span> <span class='ocrx_word' id='word_1_452' title='bbox 1252 3340 1358 3379; x_wconf 89' lang='lat' dir='ltr'>enim</span> <span class='ocrx_word' id='word_1_453' title='bbox 1392 3352 1515 3393; x_wconf 87' lang='lat' dir='ltr'>opera</span> <span class='ocrx_word' id='word_1_454' title='bbox 1545 3344 1687 3380; x_wconf 88' lang='lat' dir='ltr'>nostra</span> <span class='ocrx_word' id='word_1_455' title='bbox 1718 3343 1910 3392; x_wconf 86' lang='lat' dir='ltr'>operatus</span> <span class='ocrx_word' id='word_1_456' title='bbox 1942 3351 1982 3378; x_wconf 92' lang='lat' dir='ltr'>es</span> <span class='ocrx_word' id='word_1_457' title='bbox 2014 3337 2143 3379; x_wconf 90' lang='lat' dir='ltr'>nobis.</span> 
     </span>
     <span class='ocr_line' id='line_1_51' title="bbox 282 3396 2199 3452; baseline 0 -16"><span class='ocrx_word' id='word_1_458' title='bbox 282 3398 313 3420; x_wconf 78' lang='lat'>¹³</span> <span class='ocrx_word' id='word_1_459' title='bbox 328 3396 502 3436; x_wconf 87' lang='lat' dir='ltr'>Domine</span> <span class='ocrx_word' id='word_1_460' title='bbox 518 3397 627 3437; x_wconf 79' lang='lat' dir='ltr'>Deus</span> <span class='ocrx_word' id='word_1_461' title='bbox 644 3404 790 3440; x_wconf 82' lang='lat' dir='ltr'>noster.</span> <span class='ocrx_word' id='word_1_462' title='bbox 810 3399 1077 3451; x_wconf 88' lang='lat' dir='ltr'>possederunt</span> <span class='ocrx_word' id='word_1_463' title='bbox 1094 3412 1166 3439; x_wconf 89' lang='lat' dir='ltr'>nos</span> <span class='ocrx_word' id='word_1_464' title='bbox 1182 3398 1334 3439; x_wconf 88' lang='lat' dir='ltr'>domini</span> <span class='ocrx_word' id='word_1_465' title='bbox 1352 3398 1506 3452; x_wconf 88' lang='lat' dir='ltr'>absque</span> <span class='ocrx_word' id='word_1_466' title='bbox 1522 3403 1574 3447; x_wconf 84' lang='lat' dir='ltr'>te,</span> <span class='ocrx_word' id='word_1_467' title='bbox 1646 3402 1811 3438; x_wconf 85' lang='lat' dir='ltr'>tantum</span> <span class='ocrx_word' id='word_1_468' title='bbox 1827 3397 1867 3437; x_wconf 92' lang='lat' dir='ltr'>in</span> <span class='ocrx_word' id='word_1_469' title='bbox 1884 3402 1924 3437; x_wconf 89' lang='lat' dir='ltr'>te</span> <span class='ocrx_word' id='word_1_470' title='bbox 1939 3397 2199 3438; x_wconf 81' lang='lat' dir='ltr'>recordemur</span> 
     </span>
     <span class='ocr_line' id='line_1_52' title="bbox 543 3458 820 3498; baseline 0.007 -3"><span class='ocrx_word' id='word_1_471' title='bbox 543 3469 717 3496; x_wconf 81' lang='lat' dir='ltr'>nomims</span> <span class='ocrx_word' id='word_1_472' title='bbox 749 3458 820 3498; x_wconf 87' lang='lat' dir='ltr'>tui.</span> 
     </span>
    </p>
   </div>
   <div class='ocr_carea' id='block_1_15' title="bbox 411 3559 898 3603">
    <p class='ocr_par' dir='ltr' id='par_1_19' title="bbox 411 3559 898 3603">
     <span class='ocr_line' id='line_1_53' title="bbox 411 3559 898 3603; baseline 0.004 -10"><span class='ocrx_word' id='word_1_473' title='bbox 411 3559 463 3599; x_wconf 76' lang='lat'>25,</span> <span class='ocrx_word' id='word_1_474' title='bbox 488 3562 508 3593; x_wconf 72' lang='grc' dir='ltr'>ὅ</span> <span class='ocrx_word' id='word_1_475' title='bbox 534 3560 626 3603; x_wconf 75' lang='lat' dir='ltr'>aApc</span> <span class='ocrx_word' id='word_1_476' title='bbox 652 3561 681 3599; x_wconf 76' lang='grc' dir='ltr'>Ῑ,</span> <span class='ocrx_word' id='word_1_477' title='bbox 709 3561 764 3601; x_wconf 75' lang='grc' dir='ltr'>1ῖ;</span> <span class='ocrx_word' id='word_1_478' title='bbox 790 3562 842 3601; x_wconf 68' lang='grc'><strong>21.,</strong></span> <span class='ocrx_word' id='word_1_479' title='bbox 868 3562 898 3595; x_wconf 80' lang='lat'>4.</span> 
     </span>
    </p>
   </div>
  </div>
 </body>
</html>
