2356 3760
294 170 370 211 306
1142 166 1288 200 LIBER
1314 167 1340 201 I.
1915 169 1967 210 18,
1992 170 2135 211 33—19‚
2162 171 2202 204 13

295 262 457 303 nomine
490 261 675 303 Domini:
710 261 887 314 fecitque
921 260 1223 314 aquaeductum,
1260 260 1375 314 quasi
1408 273 1480 314 per
1512 261 1613 302 duas
1647 261 1923 304 aratiunculas
1956 262 1997 303 in
2030 263 2202 304 circuitu

295 320 446 369 altaris,
494 322 527 345 ³³
547 326 586 361 et
608 319 837 373 composuit
856 318 982 372 ligna:
1005 318 1226 372 divisitque
1246 331 1318 372 per
1336 319 1520 360 membra
1541 320 1700 369 bovem,
1723 325 1763 361 et
1782 321 1920 374 posuit
1939 334 2059 375 super
2077 321 2199 376 ligna,

294 382 327 403 ³⁴
353 384 394 420 et
420 379 496 420 ait:
528 378 699 431 implete
726 382 924 431 quattuor
949 377 1115 430 hydrias
1142 390 1261 430 aqua,
1290 382 1331 418 et
1356 377 1518 418 fundite
1544 391 1664 432 super
1690 379 1987 427 holocaustum,
2017 385 2058 421 et
2083 393 2204 434 super

293 437 413 491 ligna.
450 438 710 490 Rursumque
742 436 865 477 dixit:
899 436 1037 476 Etiam
1070 436 1247 477 secundo
1279 436 1355 477 hoc
1387 436 1521 478 facite.
1555 437 1633 485 Qui
1665 451 1757 478 cum
1790 438 1980 479 fecissent
2011 440 2200 482 secundo.

294 497 370 537 ait:
398 497 531 537 Etiam
558 495 678 537 tertio
701 495 878 548 idipsum
902 494 1035 535 facite.
1062 494 1345 548 Feceruntque
1368 495 1501 539 tertio.
1553 497 1586 520 ³⁵
1609 500 1650 537 et
1672 497 1891 538 currebant
1913 510 2030 551 aquae
2052 497 2202 538 circum

293 555 432 599 altare,
464 560 505 595 et
534 555 642 595 fossa
671 555 938 608 aquaeductus
968 553 1123 606 repleta
1152 559 1224 594 est.

104 628 270 688 ‘¹.-ffi⁰l¹‹¹‡‡¹?
398 627 433 648 ²³⁶
461 625 645 677 Cumque
685 624 765 664 iam
807 631 968 677 tempus
1011 629 1115 663 esset
1159 629 1205 664 ut
1250 623 1463 664 offerretur
1505 623 1810 669 holocaustum,
1857 625 2051 666 accedens
2095 625 2204 666 Elias

108 671 266 739 '150121131224
294 684 506 737 propheta,
539 683 614 723 ait:
651 683 825 724 Domine
855 682 965 723 Deus
996 682 1218 731 Abraham,
1258 687 1299 723 et
1330 682 1456 731 Isaac,
1498 688 1539 723 et
1570 682 1705 732 lsrael,
1746 683 1915 724 ostende
1952 683 2071 725 hodie
2110 683 2206 738 quia

127 735 244 761 ‘'⁰⁰¹d't·
292 749 338 783 tu
370 756 409 781 es
440 742 550 782 Deus
582 741 717 787 Israel,
761 747 802 782 et
840 754 912 795 ego
950 754 1089 781 servus
1127 746 1235 787 tuus,
1277 746 1318 782 et
1354 741 1472 782 iuxta
1510 747 1759 796 praeceptum
1798 747 1917 783 tuum
1954 742 2028 783 feci
2069 742 2206 784 omnia

291 801 417 842 verba
453 801 549 842 haec.
616 802 650 825 ³⁷
681 800 843 841 Exaudi
882 813 946 840 me
982 799 1169 847 Domine,
1209 800 1357 841 exaudi
1393 813 1475 840 me:
1519 805 1568 841 ut
1602 800 1734 841 discat
1768 800 1943 855 populus
1978 801 2066 850 iste,
2110 801 2206 855 quia

290 865 336 901 tu
372 873 412 900 es
447 859 648 901 Dominus
684 860 806 907 Deus,
845 864 886 899 et
925 864 970 900 tu
1010 858 1249 900 convertisti
1294 871 1362 900 cor
1401 872 1540 900 eorum
1585 859 1744 901 iterum.
1805 862 1840 884 ³⁸
1871 859 2026 902 Cecidit
2066 866 2204 901 autem

291 918 391 972 ignis
424 918 602 963 Domini,
646 923 687 959 et
719 917 876 959 voravit
921 917 1218 967 holocaustum,
1263 923 1304 959 et
1332 918 1453 972 ligna,
1494 923 1536 959 et
1572 917 1739 972 lapides,
1780 918 1990 972 pulverem
2029 932 2203 973 quoque,

291 983 331 1018 et
376 990 539 1031 aquam.
587 990 676 1031 quae
720 983 808 1018 erat
850 977 889 1017 in
931 977 1177 1030 aquaeductu
1224 976 1418 1018 lambens.
1490 979 1525 1001 ³⁹
1564 977 1683 1026 Quod
1727 991 1819 1018 cum
1861 977 2032 1019 vidisset
2074 977 2205 1019 omnis

291 1036 477 1090 populus,
519 1036 664 1077 cecidit
694 1036 734 1076 in
767 1036 911 1077 faciem
943 1049 1071 1083 suam,
1105 1040 1147 1076 et
1177 1035 1253 1077 ait:
1295 1035 1496 1077 Dominus
1528 1036 1612 1090 ipse
1642 1041 1703 1077 est
1735 1036 1857 1086 Deus,
1890 1036 2091 1078 Dominus
2121 1036 2206 1090 ipse

289 1100 351 1136 est
378 1095 501 1136 Deus.
561 1097 596 1118 ’¹⁰
625 1095 823 1148 Dixitque
856 1094 966 1135 Elias
997 1095 1049 1135 ad
1077 1108 1162 1136 eos:
1203 1095 1510 1149 Apprehendite
1540 1095 1761 1149 prophotas
1793 1095 1906 1144 Baal,
1949 1101 1991 1137 et
2020 1109 2070 1136 ne
2100 1109 2204 1136 unus

292 1154 456 1208 quidem
488 1153 658 1208 effugiat
687 1167 736 1194 ex
766 1153 833 1195 eis,
887 1154 996 1202 Quos
1027 1167 1119 1194 cum
1148 1153 1525 1207 apprehendissent,
1569 1154 1689 1195 duxit
1717 1168 1782 1195 eos
1812 1154 1922 1195 Elias
1955 1154 2008 1195 ad
2037 1155 2204 1195 Torren-

290 1218 373 1254 tem
403 1213 525 1258 cison,
558 1218 599 1254 et
629 1213 833 1253 interfecit
861 1226 927 1253 eos
958 1212 1023 1253 ibi.

108 1283 257 1344 “‘fffiiafflu-
393 1285 424 1307 ⁴1
441 1283 497 1324 Et
513 1283 571 1323 ait
587 1282 696 1323 Elias
713 1283 765 1324 ad
781 1282 942 1323 Achab:
960 1283 1156 1331 Ascende,
1175 1283 1353 1332 comede,
1372 1288 1413 1323 et
1429 1282 1539 1324 bibe:
1559 1283 1654 1337 quia
1669 1296 1791 1324 sonus
1807 1282 1948 1324 multae
1964 1283 2114 1337 pluviae
2129 1288 2202 1324 est.

113 1355 251 1415 ffirffliigp
289 1344 319 1366 ⁴²
335 1342 531 1383 Ascendit
547 1342 689 1383 Achab
706 1347 753 1383 ut
768 1342 999 1383 comederet
1015 1346 1055 1382 et
1071 1341 1247 1382 biberet:
1266 1341 1376 1382 Elias
1393 1347 1532 1383 autem
1549 1342 1733 1383 ascendit
1748 1342 1789 1382 in
1805 1342 2000 1383 verticem
2017 1341 2202 1389 Carmeli,

287 1408 327 1442 et
355 1414 505 1455 pronus
534 1401 574 1441 in
602 1406 752 1442 terram
780 1400 918 1454 posuit
944 1400 1089 1441 faciem
1117 1413 1233 1441 suam
1261 1400 1368 1441 inter
1393 1414 1527 1454 genua
1553 1414 1637 1450 sua,
1693 1402 1726 1425 4³
1753 1405 1794 1441 et
1821 1400 1926 1442 dixit
1953 1401 2006 1442 ad
2032 1414 2204 1454 puerum

287 1474 425 1501 suum:
458 1460 654 1508 Ascende,
688 1464 728 1500 et
758 1459 942 1513 prospice
974 1464 1118 1500 contra
1147 1472 1269 1501 mare.
1303 1459 1381 1508 Qui
1413 1473 1505 1500 cum
1537 1460 1796 1509 ascendisset,
1830 1464 1871 1501 et
1901 1459 2204 1513 contemplatus

288 1525 404 1567 esset,
431 1519 506 1559 ait:
535 1519 625 1559 Non
651 1524 712 1559 est
737 1518 974 1572 quidquam.
1002 1518 1058 1559 Et
1080 1531 1242 1558 rursum
1267 1518 1325 1559 ait
1348 1518 1422 1558 illi:
1451 1519 1670 1560 Revertere
1694 1523 1851 1573 septem
1875 1518 2044 1560 vicibus.
2098 1521 2131 1543 44
2157 1519 2204 1559 In

287 1578 462 1632 septima
497 1583 636 1618 autem
671 1577 769 1627 vice,
806 1577 911 1618 Ecce
945 1576 1149 1618 nubecula
1181 1590 1310 1631 parva
1345 1577 1460 1631 quasi
1494 1578 1713 1631 vestigium
1746 1577 1922 1619 hominis
1957 1578 2205 1619 ascendebat

288 1637 337 1678 de
354 1637 467 1678 mari.
488 1636 566 1686 Qui
584 1636 660 1677 ait:
679 1636 875 1685 Ascende,
895 1641 936 1677 et
953 1636 1017 1677 dic
1033 1636 1195 1677 Achab:
1217 1636 1343 1690 Iunge
1360 1649 1523 1677 currum
1541 1641 1660 1678 tuum
1677 1642 1718 1678 et
1735 1637 1945 1686 descende,
1965 1650 2015 1678 ne
2032 1642 2204 1690 occupet

287 1701 327 1737 te
354 1695 505 1750 pluvia.
560 1698 592 1719 ⁴¹5
618 1695 802 1749 Cumque
828 1709 868 1736 se
895 1700 1073 1737 verteret
1098 1695 1178 1736 huc
1204 1700 1329 1749 atque
1355 1695 1462 1743 illuc,
1491 1709 1581 1737 ecce
1607 1696 1691 1737 eaeli
1718 1695 2000 1737 contenebrati
2026 1700 2134 1744 sunt,
2163 1700 2203 1736 et

287 1755 427 1803 nubes,
462 1761 502 1796 et
534 1760 694 1799 ventus,
729 1759 769 1795 et
800 1755 912 1796 facta
943 1760 1005 1795 est
1036 1754 1177 1808 pluvia
1207 1754 1383 1808 grandis.
1417 1755 1651 1796 Ascendens
1683 1755 1823 1809 itaque
1853 1754 1997 1796 Achab
2029 1754 2133 1795 abiit
2163 1754 2204 1794 in

288 1814 485 1855 Iezrahel:
536 1815 572 1839 ⁴²⁶
594 1820 635 1855 et
656 1827 802 1855 manus
824 1813 991 1855 Domini
1013 1814 1126 1854 facta
1148 1819 1209 1854 est
1231 1826 1352 1867 super
1373 1813 1519 1860 Eliam,
1544 1814 1819 1868 accinctisque
1840 1813 1990 1855 lumbis
2013 1813 2204 1855 currebat

286 1878 382 1914 ante
411 1873 565 1917 Achab,
598 1873 726 1914 donec
755 1873 914 1914 veniret
941 1872 982 1913 in
1014 1872 1204 1914 Iezrahel.

623 1989 661 2029 4.
692 1988 810 2029 Elias
841 1988 900 2028 ad
930 1988 1081 2029 Horeb
1112 1988 1234 2040 fugit
1263 1999 1316 2029 ac
1346 1988 1605 2039 revertitur,
1633 1988 1700 2039 19,
1719 1989 1865 2029 1-21.

111 2068 250 2098 Resinam
391 2061 454 2103 19.
512 2063 523 2085 ¹
549 2060 774 2101 Nunciavit
797 2065 937 2101 autem
960 2060 1103 2101 Achab
1130 2060 1289 2101 Iezabel
1312 2060 1450 2102 omnia
1474 2073 1565 2114 quae
1587 2061 1740 2101 fecerat
1763 2058 1885 2108 Elias,
1912 2064 1954 2100 et
1977 2071 2057 2112 quo
2080 2058 2202 2099 modo

123 2102 234 2128 lezabel
359 2119 366 2126 .
403 2119 409 2125 .
595 2120 602 2126 .
1140 2119 1146 2125 .
1350 2119 1356 2125 .
1386 2119 1392 2125 .
1844 2117 1851 2124 .
2109 2117 2115 2123 .

123 2138 234 2169 fugiens
284 2120 498 2161 occidisset
535 2132 744 2161 universos
782 2119 1003 2173 prophetas
1039 2119 1186 2173 glad1o.
1253 2121 1267 2143 2
1303 2120 1497 2173 M1s1tque
1536 2118 1694 2160 Iezabel
1731 2131 1927 2159 nuncium
1964 2118 2017 2159 ad
2053 2116 2200 2165 Ellam,

284 2179 439 2219 dicens:
470 2179 567 2219 Haec
594 2178 693 2219 mihi
719 2178 876 2219 faciant
902 2178 969 2226 dii,
999 2183 1040 2219 et
1066 2178 1151 2219 haec
1179 2178 1347 2225 addant,
1377 2178 1453 2218 nisi
1479 2178 1556 2219 hac
1582 2178 1682 2219 hora
1709 2189 1795 2217 cras
1822 2190 1994 2230 posuero
2022 2176 2202 2217 animam

284 2243 399 2278 tuam
421 2237 526 2278 sicut
548 2237 727 2278 animam
748 2237 867 2278 unius
890 2251 939 2278 ex
959 2237 1048 2278 illis.
1098 2239 1114 2261 ³
1135 2236 1289 2278 Timuit
1310 2250 1402 2291 ergo
1424 2237 1546 2286 Elias,
1570 2242 1611 2278 et
1631 2248 1798 2290 surgens
1819 2235 1922 2277 abiit
1943 2248 2203 2289 quocumque

284 2310 376 2337 eum
408 2296 566 2338 ferebat
597 2296 807 2338 voluntas:
840 2296 1035 2349 venitque
1066 2296 1107 2336 in
1140 2296 1340 2337 Bersabee
1374 2296 1488 2344 Iuda,
1522 2300 1563 2337 et
1594 2295 1749 2336 dimisit
1778 2294 1835 2335 ibi
1865 2307 2038 2348 puerum
2069 2307 2200 2343 suum,

284 2358 298 2380 ⁴
319 2361 359 2396 et
379 2356 557 2409 perrexit
576 2356 617 2396 in
638 2355 856 2403 desertum,
879 2355 989 2395 viam
1010 2355 1129 2396 unius
1150 2354 1240 2396 diei.
1262 2354 1447 2409 Cumque
1466 2354 1657 2403 venisset,
1680 2360 1721 2396 et
1741 2353 1899 2395 sederet
1918 2354 2059 2395 subter
2078 2366 2203 2394 unam

284 2414 526 2468 iuniperum,
560 2414 710 2469 petivit
741 2414 887 2455 animae
918 2427 1001 2455 suae
1031 2420 1078 2455 ut
1108 2419 1345 2462 moreretur,
1379 2419 1421 2455 et
1451 2414 1528 2455 ait:
1560 2413 1722 2455 Sufficit
1752 2412 1853 2454 mihi
1884 2412 2072 2461 Domine,
2105 2411 2202 2453 tolle

285 2474 464 2514 animam
495 2487 649 2514 meam:
680 2487 811 2527 neque
842 2473 949 2514 enim
980 2472 1122 2514 melior
1151 2486 1252 2519 sum,
1286 2486 1410 2527 quam
1441 2478 1577 2527 patres
1608 2473 1698 2514 mei.

117 2551 189 2574 ΜΘ
210 2547 239 2569 “t
387 2546 402 2568 5
433 2544 690 2597 Proiecitque
721 2557 773 2589 se,
807 2549 848 2584 et
879 2543 1129 2585 obdormivit
1160 2543 1201 2584 in
1232 2544 1379 2584 umbra
1409 2543 1600 2597 iuniperi:
1633 2548 1674 2584 et
1705 2555 1795 2584 ecce
1826 2541 2003 2596 Angelus
2034 2542 2201 2583 Domini

87 2587 269 2641 r-cn‘ssljssisstur
284 2603 421 2657 tetigit
450 2616 554 2649 eum,
586 2608 628 2643 et
656 2602 761 2643 dixit
789 2602 864 2643 illi:
895 2603 1032 2656 Surge.
1064 2608 1105 2644 et
1133 2603 1311 2644 comede.
1372 2603 1387 2626 ⁶
1417 2602 1626 2656 Respexit,
1658 2607 1699 2643 et
1728 2615 1817 2642 ecce
1846 2601 1900 2642 ad
1928 2606 2053 2655 caput
2082 2614 2200 2641 suum

284 2661 571 2703 subcinericius
602 2661 731 2715 panis,
765 2667 805 2703 et
835 2675 907 2702 vas
939 2675 1073 2715 aquae:
1106 2661 1285 2702 comedit
1315 2674 1419 2715 ergo,
1453 2666 1494 2702 et
1525 2661 1640 2709 bibit,
1674 2666 1714 2702 et
1744 2673 1905 2701 rursum
1936 2659 2198 2701 obdormivit.

287 2722 300 2744 ⁷
333 2722 616 2774 Reversusque
647 2726 708 2761 est
737 2720 914 2774 Angelus
944 2720 1111 2762 Domini
1141 2720 1331 2769 secundo,
1363 2726 1405 2761 et
1434 2720 1571 2774 tetigit
1601 2733 1706 2768 eum,
1739 2719 1925 2773 dixitque
1954 2718 2028 2759 illi:
2059 2719 2198 2772 Surge,

284 2780 467 2821 comede:
499 2779 663 2833 grandis
695 2779 802 2820 enim
834 2779 909 2820 tibi
938 2784 1068 2820 restat
1098 2779 1176 2821 via.
1239 2781 1254 2802 8
1285 2779 1362 2828 Qui
1393 2792 1486 2820 cum
1517 2778 1768 2827 surrexisset,
1802 2777 1980 2820 comedit
2010 2782 2052 2818 et
2081 2777 2197 2826 bibit,

284 2844 324 2879 et
347 2838 577 2880 ambulavit
600 2839 640 2879 in
662 2838 905 2879 fortitudine
929 2838 1006 2879 cibi
1028 2838 1135 2879 illius
1159 2838 1434 2892 quadraginta
1456 2838 1610 2886 diebus,
1636 2842 1677 2879 et
1700 2836 1973 2891 quadraginta
1996 2835 2197 2879 noctibus.

285 2911 411 2951 usque
438 2898 489 2938 ad
516 2903 699 2939 montem
725 2897 800 2938 Dei
829 2897 978 2939 Horeb.

74 2970 269 3031 '214¹mlgffffffl>
390 2970 405 2991 ⁹
433 2968 616 3021 Cumque
644 2968 823 3008 venisset
851 2967 955 3015 illuc,
986 2967 1137 3008 mansit
1166 2967 1206 3008 in
1234 2967 1444 3021 spelunca:
1474 2973 1515 3008 et
1542 2980 1632 3008 ecce
1659 2979 1789 3007 sermo
1817 2965 1985 3007 Domini
2012 2966 2065 3006 ad
2092 2978 2196 3008 eum.

85 3023 91 3029 ‘
201 3030 204 3031 ⁷
263 3026 470 3080 ’dixitque
490 3027 564 3067 illi:
587 3027 694 3075 Quid
714 3026 778 3067 hic
799 3026 882 3080 agis
904 3026 1018 3067 Elia?
1068 3028 1102 3050 ¹⁰
1121 3026 1177 3067 At
1196 3025 1260 3067 ille
1280 3025 1509 3079 respondit:
1532 3025 1623 3067 Zelo
1645 3025 1798 3066 zelatus
1818 3038 1908 3066 sum
1928 3037 2000 3078 pro
2021 3024 2198 3066 Domino

283 3086 369 3126 Deo
419 3086 684 3131 exercituum,
737 3085 833 3139 quia
881 3085 1185 3139 dereliquerunt
1233 3090 1401 3138 pactum
1450 3090 1570 3126 tuum
1620 3084 1689 3125 filii
1740 3083 1881 3125 Israel:
1932 3082 2078 3124 altaria
2127 3088 2200 3123 tua

283 3145 586 3189 destruxerunt,
615 3145 836 3198 prophetas
863 3150 955 3185 tuos
982 3144 1219 3185 occiderunt
1242 3143 1390 3198 gladio,
1419 3143 1635 3184 derelictus
1662 3156 1751 3184 sum
1778 3156 1850 3196 ego
1876 3142 1996 3191 solus,
2025 3146 2065 3183 et
2092 3154 2198 3195 quae-

284 3210 379 3244 runt
400 3203 578 3243 animam
600 3216 733 3243 meam
755 3208 801 3244 ut
821 3203 1010 3243 auferant
1030 3216 1131 3244 eam.
1182 3204 1212 3227 ¹¹
1232 3202 1289 3244 Et
1307 3202 1366 3243 ait
1386 3202 1438 3243 ei:
1460 3202 1673 3256 Egredere,
1697 3206 1737 3242 et
1757 3206 1822 3242 sta
1840 3201 1881 3242 in
1902 3205 2041 3242 monte
2061 3213 2196 3241 coram

284 3263 479 3304 Domino:
507 3267 548 3303 et
573 3275 662 3303 ecce
688 3262 888 3302 Dominus
914 3261 1074 3309 transit,
1103 3266 1143 3302 et
1168 3261 1334 3315 spiritus
1359 3261 1523 3315 grandis
1549 3266 1590 3302 et
1614 3261 1731 3302 fortis
1756 3260 1997 3301 subvertens
2023 3264 2195 3304 montes,

284 3326 325 3361 et
357 3327 568 3361 conterens
602 3327 737 3374 petras
772 3327 866 3361 ante
900 3321 1142 3361 Dominum:
1193 3333 1273 3361 non
1306 3320 1347 3360 in
1380 3320 1526 3374 spiritu
1559 3319 1772 3366 Dominus,
1808 3323 1849 3360 et
1881 3324 1974 3372 post
2007 3317 2196 3372 spiritum

284 3380 522 3420 commotio:
560 3393 639 3421 non
676 3380 714 3419 in
751 3380 1023 3420 commotione
1058 3379 1271 3421 Dominus.
1336 3381 1367 3403 ¹2
1402 3384 1443 3420 et
1477 3384 1570 3432 post
1605 3377 1921 3419 commotionem
1956 3376 2078 3431 ignis:
2114 3389 2196 3418 non

284 3438 324 3478 in
349 3437 439 3491 igne
465 3438 676 3487 Dominus,
705 3444 746 3479 et
771 3444 864 3491 post
889 3438 1022 3492 ignem
1048 3437 1187 3479 sibilus
1213 3450 1321 3478 aurae
1346 3437 1491 3479 tenuis.
1548 3439 1579 3462 ¹³
1603 3437 1722 3486 Quod
1748 3449 1839 3477 cum
1866 3435 2048 3477 audisset
2072 3435 2194 3479 Elias.

284 3496 443 3550 operuit
473 3496 633 3537 vultum
664 3510 779 3537 suum
812 3497 945 3550 pallio.
977 3502 1017 3537 et
1046 3509 1225 3550 egressus
1255 3496 1371 3537 stetit
1399 3496 1438 3536 in
1469 3496 1572 3537 ostio
1602 3495 1814 3549 speluncae,
1846 3500 1887 3536 et
1916 3507 2005 3536 ecce
2034 3508 2116 3536 vox
2145 3494 2196 3534 ad
