2356 3760
133 100 185 139 26,
212 102 352 139 112273
380 100 420 133 19
916 101 1260 138 ECCLESIASTICI
1947 116 2022 158 645

132 197 163 219 ¹¹
185 194 330 236 Mulier
362 195 520 237 ebriosa
550 194 610 236 ira
641 207 807 247 magna:
895 200 936 235 et
969 197 1224 238 contumelia.
1261 203 1302 239 et
1333 198 1546 252 turpitudo
1579 200 1682 242 illius
1714 217 1794 245 non
1826 211 1993 250 tegetur.

133 257 164 278 ¹2
185 253 419 296 Fornicatio
445 253 623 295 mulieris
648 252 689 293 in
717 252 955 293 extollentia
981 254 1200 303 oculorum,
1282 262 1322 297 et
1347 256 1388 296 in
1414 257 1617 311 palpebris
1643 260 1746 301 illius
1773 242 2019 315 agnosseetur.

134 316 165 338 ¹³
189 313 258 354 ³In
285 313 367 355 filia
394 327 475 355 non
503 316 714 353 avertente
741 323 793 359 se,
823 310 941 352 firma
967 313 1212 354 custodiam:
1293 329 1342 356 ne
1368 315 1538 357 inventa
1571 319 1777 360 occasione
1804 326 1944 363 utatur
1970 338 2020 366 se.

133 375 164 397 ¹⁴
185 373 249 414 Ab
277 372 387 414 omni
412 369 675 412 irreverentia
701 369 909 410 oculorum
937 370 1019 411 eius
1047 384 1157 421 cave.
1238 380 1279 413 et
1305 387 1354 414 ne
1381 374 1532 415 mireris
1560 375 1591 416 si
1617 381 1658 417 te
1684 378 1913 431 neglexerit.

133 434 164 456 ¹⁵
185 432 290 473 sicut
318 431 453 471 viator
481 429 631 477 sitiens,
665 428 717 469 ad
745 428 901 469 fontem
933 443 975 470 os
1005 430 1169 483 aperiet.
1254 437 1295 472 et
1324 433 1374 473 ab
1405 434 1514 474 omni
1552 447 1659 487 aqua
1686 437 1872 489 proxima
1900 439 2022 489 bibet,

185 496 226 532 et
252 494 395 531 contra
414 501 576 530 ornnem
595 486 736 541 palum
753 487 921 535 sedebit,
1003 494 1045 529 et
1066 494 1208 530 contra
1223 503 1384 531 omnem
1402 491 1593 544 sagittam
1616 494 1767 547 aperiet
1792 496 2024 549 pharetram

392 548 520 588 (101100
548 545 722 587 deficiat.

132 611 167 633 ¹⁶
184 606 328 649 Gratia
360 605 537 647 mulieris
571 604 719 646 sedulae
753 605 974 647 delectabit
1007 606 1140 647 virum
1175 620 1305 653 suum.
1408 614 1449 648 et
1483 622 1573 650 ossa
1605 610 1707 651 illius
1741 612 2022 666 impinguabit.

132 668 165 690 ¹⁷
182 665 408 719 Disciplina
429 664 533 705 illius
558 664 703 705 datum
721 664 796 704 Dei
821 670 892 706 est.
966 666 1001 689 ¹⁸
1024 665 1167 706 Mulier
1190 671 1353 706 sensata
1376 672 1416 707 et
1445 667 1583 715 tacita,
1607 682 1687 710 non
1712 675 1771 710 est
1794 665 2024 715 immutatio

392 723 560 764 erudjtae
589 722 745 764 animae.

130 785 165 808 ¹⁹
182 784 326 825 Gratia
349 795 469 836 super
492 781 667 835 gratiam
690 782 834 823 mulier
862 788 1016 829 sancta,
1044 788 1085 824 et
1107 784 1323 837 pudorata.
1402 786 1438 808 2⁰
1461 784 1602 826 Omnis
1627 792 1764 827 autem
1788 789 2025 841 ponderatio

390 855 472 882 non
501 846 563 881 est
591 841 715 894 djgna
743 841 988 882 continentis
1018 841 1174 883 anirnae.

130 904 160 926 ²¹
182 901 296 943 Sicut
324 901 382 942 sol
411 900 540 941 oriens
568 900 723 941 mundo
751 900 793 941 in
823 900 1027 941 altissimis
1064 901 1152 950 Dei,
1236 901 1290 942 sic
1318 901 1494 942 mulieris
1524 903 1639 944 bonae
1667 904 1815 957 species
1844 905 1884 945 in
1913 919 2027 947 orna-

390 964 575 1000 mentum
606 959 750 1000 domus
780 959 875 1000 eius.

129 1021 162 1044 ²²
181 1019 346 1060 lucerna
369 1018 584 1072 splendens
608 1031 728 1071 super
752 1018 1041 1059 candelabrum
1066 1024 1265 1068 sanctum,
1345 1024 1386 1060 et
1409 1020 1558 1073 species
1581 1020 1696 1061 faciei
1721 1035 1840 1075 super
1862 1028 2025 1063 aetatem

391 1076 591 1118 stabilem.

129 1139 162 1162 ²³
181 1137 388 1179 Columnae
417 1149 548 1177 aureae
576 1149 696 1189 super
725 1137 839 1177 bases
869 1140 1092 1190 argenteas,
1184 1141 1225 1177 et
1252 1137 1374 1190 pedes
1403 1137 1507 1177 firmi
1536 1150 1655 1191 super
1682 1138 1843 1191 plantas
1872 1140 2026 1181 stabilis

390 1194 579 1236 mulieris.

128 1257 161 1280 ²⁴¹
180 1255 471 1296 Fundamenta
494 1259 646 1295 aeterna
669 1266 793 1307 supra
815 1258 974 1308 petram
999 1253 1181 1303 solidam,
1262 1259 1303 1294 et
1326 1255 1525 1294 mandata
1547 1254 1622 1295 Dei
1646 1255 1686 1295 in
1711 1257 1828 1296 corde
1852 1257 2026 1297 mulieris

391 1318 554 1354 sancta).

127 1422 160 1444 ²⁵
182 1420 229 1460 In
259 1419 418 1460 duobus
449 1417 738 1459 contristatum
768 1422 829 1456 est
862 1429 929 1457 cor
956 1429 1104 1460 meum.
1189 1422 1228 1457 et
1257 1416 1297 1457 in
1327 1417 1447 1458 tertio
1476 1417 1686 1459 iracundia
1713 1419 1811 1459 mihi
1841 1420 2025 1461 advenit:
2061 1421 2201 1450 0¹¹1³¹<¹st³³

127 1480 163 1503 ²⁶
180 1478 251 1519 Vir
280 1477 452 1519 beHator
481 1475 668 1517 deficiens
698 1488 769 1529 per
798 1475 996 1528 inopiam:
1080 1481 1121 1515 et
1149 1476 1211 1515 vir
1239 1481 1424 1516 sensatus
1454 1482 1732 1530 contemptus:
2063 1456 2196 1485 tollenda,

126 1539 161 1561 '²⁷
182 1543 224 1577 et
247 1536 315 1590 qui
338 1534 637 1589 transgreditur
659 1548 683 1575 a
703 1534 862 1575 iustitia
884 1535 936 1575 ad
957 1540 1185 1587 peccatum.
1257 1535 1368 1575 Deus
1390 1535 1553 1588 paravit
1575 1549 1666 1576 eum
1690 1537 1742 1577 ad
1763 1538 2023 1591 romphaearn.

126 1597 161 1620 ²3
178 1596 281 1636 Duae
309 1595 460 1649 species
490 1593 672 1635 difficiles
754 1598 795 1634 et
822 1592 1055 1646 periculosae
1083 1593 1181 1634 mihi
1211 1599 1500 1647 apparuerunt,

179 1654 343 1696 difficile
367 1654 534 1694 exuitur
554 1653 767 1706 negotians
791 1666 814 1693 a
837 1652 1101 1705 negligentia:
1179 1658 1220 1693 et
1239 1666 1321 1694 non
1345 1653 1631 1694 iustificabitur
1653 1666 1781 1707 caupo
1805 1667 1828 1694 a
1850 1655 2027 1708 peccatis

386 1711 599 1753 labiorum.

125 1772 189 1816 27.
243 1774 258 1797 ¹
293 1773 466 1826 Propter
500 1771 680 1824 inopiam
716 1770 832 1810 multi
870 1769 1145 1823 deliquerunt:
1235 1775 1276 1811 et
1310 1771 1379 1824 qui
1415 1771 1558 1824 quaerit
1591 1771 1839 1825 locupletari,
1877 1772 2027 1813 avertit

387 1830 549 1872 oculum
579 1843 709 1871 suum.

146 1893 160 1916 ²
178 1891 291 1933 Sicut
336 1890 376 1930 in
420 1889 553 1930 medio
602 1888 851 1942 compaginis
899 1888 1081 1941 lapidum
1130 1888 1246 1941 palus
1292 1889 1438 1942 figitur.
1521 1888 1576 1929 sic
1615 1893 1656 1929 et
1699 1889 1804 1929 inter
1846 1890 2024 1931 medium

387 1947 633 1989 venditionis
665 1953 707 1988 et
734 1946 951 2000 emptionis
979 1947 1280 2000 angustiabitur
1307 1953 1532 2001 peccatum.
1619 1950 1635 1972 ³
1661 1948 1902 1989 Conteretur
1934 1962 2025 1989 011111

386 2007 647 2060 delinquente
676 2006 881 2047 delictum.

145 2067 218 2110 ⁴Si
247 2081 329 2109 non
359 2067 400 2107 in
430 2066 575 2106 timore
604 2065 771 2106 Domini
800 2065 977 2105 tenueris
1008 2069 1048 2105 te
1078 2065 1289 2109 instanter,
1365 2065 1444 2105 cito
1475 2065 1736 2105 subvertetur
1765 2066 1908 2106 domus
1938 2071 2022 2107 tua.

144 2176 159 2198 ⁵
176 2173 290 2215 Sicut
309 2172 349 2212 in
370 2184 610 2225 percussura
629 2170 747 2211 cribri
767 2169 994 2210 remanebit
1014 2169 1158 2223 pulvis,
1231 2170 1285 2210 sic
1301 2169 1441 2223 aporia
1459 2170 1632 2211 hominis
1648 2170 1689 2210 in
1707 2170 1888 2224 cogitatu
1905 2170 2019 2212 illius.
2084 2173 2169 2231 ‘grba
2181 2208 2199 2232 d

144 2234 159 2257 ⁶
176 2233 285 2273 Vasa
312 2231 423 2285 figuli
450 2231 601 2284 probat
628 2230 786 2277 fornax.
870 2235 911 2269 et
939 2228 1121 2270 homines
1148 2228 1276 2270 iustos
1305 2228 1480 2270 tentatio
1509 2228 1794 2270 tribulationis.
2034 2213 2090 2237 pou
2112 2215 2178 2233 eran
2201 2215 2226 2238 θ’

144 2293 158 2315 ⁷
176 2291 290 2333 Sicut
312 2290 524 2331 rusticatio
549 2290 599 2330 de
622 2289 729 2342 ligno
754 2288 934 2329 ostendit
957 2288 1136 2328 fructum
1159 2287 1275 2336 illius,
1343 2287 1398 2327 sic
1421 2288 1591 2328 verbum
1615 2301 1664 2328 ex
1688 2288 1868 2341 cogitatu
1893 2288 2022 2329 cordis

384 2349 570 2390 hominis.

144 2412 159 2434 Β
176 2410 284 2450 Ante
313 2421 539 2449 sermonem
568 2421 650 2448 11011
678 2407 818 2447 laudes
848 2406 999 2446 virum:
1082 2406 1166 2446 haec
1195 2405 1301 2445 enini
1331 2405 1505 2446 tentatio
1536 2410 1595 2445 est
1624 2405 1846 2446 hominurn.

144 2468 217 2509 ⁹Si
249 2467 430 2521 sequaris
462 2466 675 2513 iustitiam,
711 2465 989 2519 apprehendes
1021 2464 1149 2505 illam:
1230 2469 1272 2505 et
1302 2464 1445 2505 indues
1478 2464 1592 2517 quasi
1624 2464 1813 2517 poderem
1844 2464 2018 2513 honoris,

176 2533 218 2568 et
265 2526 515 2567 inhabitabis
559 2539 651 2566 curn
701 2538 758 2570 ea.
810 2529 851 2565 et
883 2528 1069 2578 proteget
1107 2528 1148 2564 te
1180 2523 1221 2563 in
1257 2523 1561 2576 sempiternum.
1645 2528 1686 2563 et
1723 2523 1764 2563 in
1804 2522 1868 2564 die
1912 2522 2021 2576 agni-

385 2585 506 2627 tionis
533 2584 714 2625 invenies
744 2584 1060 2624 firmamentum.

124 2648 160 2670 ¹⁰
179 2644 369 2686 Volatilia
397 2645 449 2685 ad
478 2643 553 2685 sibi
582 2643 727 2683 similia
755 2642 1023 2684 conveniunt:
1116 2647 1157 2682 et
1185 2641 1334 2681 veritas
1364 2642 1415 2681 ad
1444 2654 1521 2687 eos.
1553 2641 1621 2694 qui
1651 2645 1869 2694 operantur
1895 2639 2017 2688 illam,

383 2707 622 2744 revertetur.

123 2766 153 2788 ¹¹
174 2764 255 2804 Leo
286 2762 496 2803 venationi
524 2761 741 2803 insidiatur
770 2774 944 2814 semper:
1029 2760 1083 2801 sic
1112 2764 1282 2813 peccata
1312 2758 1572 2812 operantibus
1602 2758 1848 2810 iniquitates.

123 2824 155 2846 ¹2
177 2822 312 2863 Homo
338 2826 504 2862 sanctus
528 2821 570 2862 in
596 2820 798 2874 sapientia
822 2825 962 2860 manet
988 2819 1092 2860 sicut
1117 2818 1192 2860 sol:
1276 2831 1369 2858 nam
1398 2817 1546 2858 stultus
1572 2816 1676 2857 sicut
1699 2815 1797 2856 luna
1820 2820 2016 2856 mutatur.

122 2883 154 2906 ¹³
176 2881 223 2921 In
250 2880 383 2921 medio
410 2880 710 2921 insensatorum
737 2891 855 2919 serva
881 2879 1051 2919 verbum
1079 2877 1270 2931 tempori:
1360 2877 1400 2917 in
1428 2876 1559 2916 medio
1587 2880 1724 2915 autem
1752 2874 2018 2928 cogitantium

383 2939 567 2980 assiduus
597 2944 694 2980 esto.

122 3001 154 3023 ¹¹¹
177 2998 365 3040 Narratio
395 2998 653 3052 peccantium
685 2997 834 3043 odiosa,
919 3001 960 3037 et
988 2996 1089 3036 risus
1119 2995 1276 3037 illorum
1306 2995 1347 3034 in
1377 2993 1524 3034 deliciis
1554 2992 1721 3046 peccati.

122 3060 153 3082 ¹⁵
173 3057 355 3111 Loquela
378 3057 556 3098 multum
582 3057 730 3105 iurans‚
759 3054 1107 3108 horripilationem
1134 3054 1257 3107 capiti
1291 3057 1463 3093 statuet:
1544 3056 1585 3091 et
1609 3051 1871 3091 irreverentia
1894 3051 2017 3104 ipsius

382 3116 590 3157 obturatio
620 3115 791 3156 aurium.

121 3177 156 3200 ¹⁶
174 3175 329 3216 Effusio
359 3174 565 3228 sanguinis
595 3175 635 3215 in
665 3174 754 3214 rixa
782 3174 1067 3227 superborum:
1162 3176 1202 3212 et
1230 3169 1460 3211 maledictio
1489 3168 1647 3210 illorum
1678 3169 1842 3209 auditus
1870 3167 2014 3222 gravis.

120 3236 154 3258 ¹⁷
173 3234 251 3283 Qui
264 3234 448 3275 denudat
460 3247 609 3274 arcana
621 3233 751 3282 amici,
766 3232 888 3273 fidem
901 3231 1046 3285 perdit,
1097 3236 1138 3271 et
1150 3244 1231 3271 non
1244 3228 1423 3270 inveniet
1436 3228 1611 3268 amicum
1625 3228 1677 3269 ad
1691 3227 1872 3268 animum
1885 3239 2012 3267 suum.

120 3295 155 3317 18
172 3292 302 3346 Dilige
323 3292 568 3346 proximum,
592 3298 633 3333 et
654 3291 895 3344 coniungere
916 3290 994 3331 fide
1017 3303 1109 3330 cum
1129 3289 1208 3330 illo.
1284 3290 1319 3312 ¹⁹
1340 3287 1457 3335 Quod
1479 3286 1510 3327 si
1532 3285 1799 3327 denudaveris
1821 3286 2014 3326 absconsa

379 3351 495 3401 illius,
526 3365 608 3393 non
637 3349 887 3404 persequeris
916 3354 1010 3402 post
1039 3362 1142 3389 eum.

221 3431 229 3432 -
251 3456 304 3498 26,
328 3456 371 3490 13
395 3456 470 3489 ains
494 3456 547 3496 42,
572 3457 624 3490 11.
