2356 3760
145 1017 274 1041 volllpro-

155 1047 205 1071 bat
226 1048 266 1071 in·

159 1086 261 1107 tusani.

132 2439 294 2464 Salomonis

143 2481 285 2505 prinoipes

153 2798 183 2821 et
207 2802 274 2825 pm·-

176 2832 253 2859 fecti,

313 155 391 195 286
1182 154 1326 188 LIBER
1354 156 1379 189 1.
1984 158 2015 197 3
2041 159 2161 199 10—4,
2185 159 2227 192 15

316 254 358 290 et
384 248 608 289 discernere
637 247 743 288 inter
771 249 922 289 bonum
953 254 993 288 et
1022 248 1186 289 malum.
1219 249 1308 302 quis
1337 249 1444 290 enim
1473 250 1626 303 poterit
1652 249 1831 291 iudicare
1859 251 2057 305 populum
2085 252 2223 301 istum,

316 306 513 360 populum
541 312 659 348 tuum
685 307 794 347 hunc
821 306 1022 347 multum?
1077 309 1112 331 ¹⁰
1136 306 1298 349 Placuit
1323 321 1415 361 ergo
1442 321 1571 349 sermo
1598 322 1735 350 coram
1761 309 1952 357 Domino,
1982 312 2092 365 quod
2117 311 2227 354 Salo-

316 380 411 407 mon
435 366 681 420 postulasset
704 365 983 406 huiuscemodi
1005 379 1100 407 rem.
1154 368 1183 390 ¹¹
1206 367 1262 407 Et
1282 366 1388 408 dixit
1409 367 1609 408 Dominus
1631 367 1857 410 Salomoni:
1883 368 1988 417 Quia
2008 370 2227 423 postulasti

317 426 487 466 verbum
515 426 601 469 hoc,
631 431 671 465 ct
698 438 779 465 non
807 424 947 478 petisti
974 424 1049 465 tibi
1076 424 1159 466 dies
1187 425 1350 474 multos,
1380 439 1452 466 nec
1479 425 1657 476 divitias,
1687 432 1760 468 aut
1786 427 1943 468 animas
1971 428 2227 471 inimicorum

317 490 493 528 tuorum,
528 484 597 524 sed
629 483 847 537 postulasti
881 483 955 524 tibi
987 483 1230 536 sapientiam
1263 485 1315 525 ad
1348 485 1659 526 discernendum
1692 484 1905 527 iudicium:
1966 489 1997 512 ¹2
2029 501 2118 529 ecce
2150 489 2226 529 feci

319 543 390 584 tibi
417 543 640 583 seeundum
666 556 869 583 sermones
895 548 1000 591 tuos,
1029 548 1070 584 et
1094 543 1185 584 dedi
1212 543 1287 584 tibi
1312 557 1380 585 cor
1404 544 1564 598 sapiens
1590 549 1631 585 et
1655 543 1895 597 intelligens,
1922 546 1963 587 in
1990 552 2155 588 tantum
2180 552 2228 589 ut

317 602 448 642 nullus
475 608 570 642 ante
597 607 636 642 te
662 601 802 642 similis
830 601 889 642 tui
914 601 1048 647 fuerit,
1077 616 1150 643 nec
1176 608 1269 655 post
1294 607 1334 644 te
1360 608 1613 644 surrecturus
1639 603 1703 644 sit.
1759 605 1790 628 ¹³
1820 604 1917 645 aSed
1944 610 1985 646 et
2010 606 2107 652 liaec,
2138 619 2228 660 quae

317 674 396 702 11011
428 660 657 713 postulasti,
691 660 783 701 dedi
814 661 907 701 tibi:
940 660 1105 701 divitias
1136 660 1300 710 scilicet,
1333 668 1373 702 et
1402 661 1584 711 gloriam,
1618 668 1664 703 ut
1694 675 1812 703 nemo
1843 662 1966 704 fuerit
1995 664 2135 705 similis
2167 665 2227 706 tui

317 720 356 760 in
379 719 539 771 regibus
563 719 720 760 cunctis
744 725 851 761 retro
875 719 1028 761 diebus.
1082 722 1113 744 ¹⁴
1135 719 1177 761 Si
1200 726 1338 762 autem
1363 720 1637 762 ambulaveris
1661 721 1702 762 in
1726 721 1801 761 viis
1825 721 1937 771 meis,
1963 728 2004 764 et
2027 724 2227 766 custodie-

317 779 367 819 ris
402 783 604 832 praecepta
638 792 738 824 mea.
774 784 815 820 ct
847 780 1044 820 mandata
1077 792 1178 824 mea,
1214 779 1320 821 sicut
1352 780 1582 821 ambulavit
1614 786 1732 834 pater
1764 785 1871 829 tuus,
1905 780 2046 835 longos
2078 782 2226 824 faciam

316 838 399 878 dies
425 844 527 879 tuos.
583 840 611 862 ¹5
638 837 767 891 Igitur
789 837 1001 889 evigilavit
1023 837 1227 887 Salomon,
1254 844 1295 880 ct
1317 838 1519 880 intellexit
1543 839 1654 893 quod
1677 844 1782 881 esset
1805 840 2027 881 somnium:
2053 854 2227 895 cumque

316 896 493 938 venisset
534 896 759 943 ierusalem,
794 897 910 938 stetit
943 910 1078 938 coram
1111 910 1205 938 arca
1235 898 1398 939 foederis
1435 898 1610 947 Domini,
1645 904 1686 940 et
1718 898 1869 940 obtulit
1900 899 2152 950 holocausta,
2186 907 2228 942 et

317 956 411 997 fecit
440 956 628 997 victimas
656 956 858 1010 pacificas,
889 962 929 997 et
955 957 1107 1010 grande
1136 957 1371 998 convivium
1400 957 1598 998 universis
1626 957 1789 998 famulis
1817 957 1911 999 suis.

423 1018 456 1039 111
482 1016 595 1056 Tunc
622 1022 824 1056 venerunt
851 1016 941 1056 (11110
967 1015 1152 1056 mulieres
1180 1016 1410 1057 meretrices
1437 1018 1490 1058 ad
1515 1030 1662 1070 regem,
1691 1022 1976 1070 steteruntque
2003 1031 2138 1059 coram
2166 1032 2224 1066 eo,

318 1076 349 1099 ¹⁷
372 1088 545 1128 quarum
571 1088 650 1115 una
676 1074 752 1115 ait:
778 1075 968 1120 Obsecro,
991 1075 1045 1114 mi
1070 1074 1263 1116 Domine:
1290 1089 1362 1125 ego
1387 1081 1428 1117 et
1452 1075 1595 1116 mulier
1618 1076 1703 1117 haec
1727 1075 2018 1117 habitabamus
2042 1076 2083 1118 in
2105 1078 2226 1119 domo

316 1148 409 1178 una,
439 1140 480 1175 et
506 1133 641 1187 peperi
669 1134 779 1187 apud
807 1146 896 1174 eam
923 1133 964 1174 in
992 1133 1189 1175 cubiculo.
1246 1136 1280 1158 18
1308 1134 1444 1176 Tertia
1470 1141 1609 1176 autem
1637 1135 1700 1176 die
1727 1140 1948 1189 postquam
1976 1149 2047 1189 ego
2073 1136 2225 1190 peperi,

316 1192 474 1247 peperit
496 1198 538 1234 et
560 1193 661 1234 haec:
686 1198 728 1233 et
749 1205 908 1233 eramus
931 1192 1062 1238 simul,
1088 1192 1303 1247 nullusque
1326 1193 1427 1235 alius
1450 1194 1662 1236 nobiscum
1685 1194 1725 1235 in
1749 1195 1882 1239 domo,
1908 1194 2088 1248 exceptis
2110 1195 2227 1236 nobis

316 1253 487 1293 duabus.
545 1254 579 1276 ¹⁹
605 1252 792 1293 Mortuus
820 1257 882 1293 est
909 1258 1047 1293 autem
1076 1252 1179 1293 filius
1208 1252 1385 1293 mulieris
1413 1253 1532 1295 huius
1560 1258 1691 1295 nocte.
1748 1253 1951 1294 dormiens
1980 1253 2130 1308 quippe
2158 1268 2228 1308 op-

317 1311 462 1365 pressit
491 1325 595 1353 eum.
653 1313 690 1335 2⁰
717 1311 773 1352 Et
802 1324 1046 1365 consurgens
1077 1311 1334 1366 intempestae
1363 1312 1494 1353 noctis
1524 1311 1697 1361 silentio,
1730 1312 1826 1353 tulit
1854 1311 1981 1353 filium
2011 1326 2149 1354 meum
2178 1313 2227 1354 de

315 1370 440 1411 latere
468 1384 556 1412 meo
585 1370 740 1411 1111011110
767 1376 848 1411 11110
875 1370 1126 1419 dormientis,
1156 1376 1197 1412 et
1223 1371 1439 1413 collocavit
1465 1371 1507 1413 in
1534 1371 1624 1412 sinu
1651 1385 1742 1412 suo:
1772 1384 1891 1412 suum
1918 1376 2057 1413 autem
2084 1371 2225 1421 filium,

317 1430 385 1483 qui
410 1436 497 1471 erat
520 1435 718 1476 mortuus,
744 1429 882 1484 posuit
905 1429 946 1470 in
970 1429 1060 1470 sinu
1085 1444 1186 1471 meo.
1239 1432 1271 1455 2¹
1295 1431 1478 1485 Cumque
1502 1430 1765 1472 surrexissem
1789 1443 1908 1471 mane
1934 1436 1980 1471 ut
2003 1430 2141 1471 darem
2165 1431 2226 1472 lac

316 1489 396 1530 filio
424 1503 525 1534 meo,
555 1489 748 1543 apparuit
775 1494 979 1530 mortuus:
1009 1502 1130 1543 quem
1157 1488 1390 1543 diligentius
1417 1490 1581 1531 intuens
1609 1489 1717 1531 clara
1742 1489 1842 1535 11100,
1871 1489 2120 1543 deprehendi
2146 1503 2227 1532 non

316 1562 399 1590 esse
426 1562 561 1589 meum
588 1562 708 1602 quem
733 1561 964 1601 genueram.
1019 1550 1051 1572 2²
1078 1548 1388 1602 Responditque
1414 1549 1542 1590 altera
1566 1548 1727 1590 mulier:
1756 1549 1846 1590 Non
1872 1554 1935 1589 est
1958 1548 2017 1589 ita
2042 1554 2089 1590 ut
2112 1548 2224 1595 dicis,

315 1608 385 1649 sed
416 1607 518 1648 filius
549 1613 643 1649 tuus
673 1612 859 1649 mortuus
889 1613 962 1656 est,
991 1621 1103 1648 meus
1134 1612 1273 1648 autem
1299 1607 1416 1649 vivit.
1448 1607 1689 1649 Econtrario
1718 1607 1788 1648 illa
1811 1608 1992 1649 dicebat:
2023 1607 2225 1649 Mentiris:

316 1667 419 1707 filius
450 1666 600 1721 quippe
628 1680 742 1707 meus
771 1666 888 1714 vivit,
920 1672 960 1707 et
988 1666 1092 1707 filius
1122 1672 1217 1707 tuus
1245 1672 1432 1708 mortuus
1462 1672 1534 1708 est.
1565 1667 1702 1721 Atque
1730 1666 1772 1708 in
1800 1667 1908 1708 1111110
1936 1667 2106 1708 modum
2134 1681 2226 1709 con-

316 1727 544 1768 tendebant
565 1739 701 1767 coram
723 1739 826 1780 rege.
877 1728 909 1751 23
931 1726 1045 1767 Tunc
1065 1739 1136 1766 rex
1159 1726 1234 1767 ait:
1260 1726 1358 1767 Haec
1380 1726 1490 1775 dicit,
1515 1725 1641 1767 Filius
1663 1739 1776 1767 meus
1798 1725 1915 1775 vivit,
1940 1731 1981 1767 et
2002 1725 2106 1767 filius
2129 1732 2225 1767 tuus

316 1792 501 1827 mortuus
524 1790 596 1827 est.
621 1786 675 1826 Et
696 1785 776 1826 ista
796 1785 1018 1839 respondit,
1044 1786 1148 1834 Non,
1172 1785 1242 1826 sed
1263 1785 1367 1826 filius
1390 1791 1485 1827 tuus
1506 1791 1692 1827 mortuus
1715 1792 1787 1833 est,
1811 1798 1924 1826 meus
1946 1790 2085 1826 autem
2106 1785 2224 1827 vivit.

316 1847 348 1870 ‘2⁴
373 1845 491 1886 Dixit
517 1858 609 1899 ergo
635 1858 723 1885 rex:
750 1845 905 1886 Afferte
932 1843 1031 1885 mihi
1056 1844 1249 1898 gladium.
1278 1844 1462 1899 Cumque
1488 1844 1725 1886 attulissent
1749 1844 1930 1898 gladium
1957 1857 2093 1885 coram
2120 1857 2224 1898 rege,

316 1906 348 1929 ²5
372 1904 567 1951 Dividite,
595 1903 741 1958 inquit,
769 1904 970 1945 infantem
995 1903 1137 1944 vivum
1162 1903 1204 1944 in
1229 1904 1330 1945 duas
1355 1909 1504 1958 partes,
1532 1909 1573 1945 et
1597 1904 1693 1945 date
1718 1903 1930 1944 dimidiam
1956 1909 2116 1956 partem
2142 1903 2224 1951 uni,

317 1970 357 2005 et
376 1963 588 2004 dimidiam
607 1968 766 2017 partem
787 1963 914 2005 alteri.
962 1965 997 1987 2⁶
1015 1963 1133 2004 Dixit
1151 1968 1290 2004 autem
1310 1963 1464 2010 mulier,
1486 1963 1599 2004 cuius
1618 1962 1722 2004 filius
1743 1968 1830 2004 erat
1848 1962 1979 2011 vivus,
2001 1963 2053 2003 ad
2072 1975 2224 2016 regem:

316 2024 542 2076 (commota
557 2027 654 2064 sunt
671 2022 821 2076 quippe
838 2022 994 2063 viscera
1010 2022 1094 2063 eius
1111 2035 1232 2076 super
1247 2022 1328 2064 filio
1345 2023 1436 2075 suo)
1453 2023 1630 2063 Obsecro
1647 2022 1823 2071 domine,
1842 2022 1937 2063 date
1954 2020 2011 2062 illi
2026 2021 2227 2062 infantem

318 2082 471 2126 vivum.
504 2088 545 2123 et
572 2081 698 2123 nolite
727 2081 951 2122 interficere
981 2095 1085 2122 eum.
1117 2081 1358 2123 Econtrario
1388 2081 1456 2122 illa
1485 2081 1666 2123 dicebat:
1699 2081 1782 2122 Nec
1810 2080 1921 2129 mihi,
1953 2094 2026 2121 nec
2055 2080 2131 2122 tibi
2159 2080 2224 2125 sit.

317 2142 387 2182 sed
403 2141 624 2182 dividatur.
669 2143 704 2166 2⁷
722 2140 951 2195 Respondit
967 2154 1049 2186 rex,
1068 2146 1109 2181 et
1125 2140 1200 2181 ait:
1218 2141 1326 2181 Date
1342 2140 1436 2181 huic
1451 2140 1653 2181 infantem
1669 2140 1824 2189 vivum,
1844 2145 1884 2181 et
1900 2153 1981 2181 non
1998 2139 2225 2181 occidatur:

317 2201 401 2241 11100
425 2207 485 2241 est
508 2200 615 2241 enim
638 2205 770 2241 mater
792 2200 887 2242 eius.
940 2202 974 2224 ²⁸
995 2199 1170 2241 Audivit
1191 2199 1331 2253 itaque
1354 2199 1485 2241 omnis
1510 2198 1633 2240 Israel
1656 2199 1850 2240 iudicium
1875 2199 1984 2253 quod
2006 2198 2226 2240 iudicasset

317 2273 399 2306 rex,
422 2265 463 2301 et
481 2259 709 2301 timuerunt
727 2272 873 2313 regem,
896 2259 1081 2300 videntes
1102 2258 1345 2312 sapientiam
1366 2258 1441 2299 Dei
1461 2272 1545 2299 esse
1564 2258 1605 2299 in
1625 2272 1671 2299 eo
1691 2259 1743 2299 ad
1762 2258 1995 2299 faciendum
2016 2257 2222 2299 iudicium.

707 2366 746 2404 2.
775 2363 1122 2405 Administratio
1153 2375 1205 2404 ac
1235 2363 1428 2404 felicitas
1458 2364 1606 2415 regni,
1636 2364 1675 2414 4,
1694 2363 1840 2404 1—-34,

423 2436 461 2479 4.
518 2438 531 2460 ¹
554 2436 657 2477 Erat
679 2442 817 2476 autem
840 2449 910 2476 rex
932 2434 1125 2477 Salomon
1146 2448 1319 2489 regnans
1342 2449 1463 2489 super
1484 2449 1646 2476 omnem
1672 2434 1812 2477 Israel:
1863 2437 1878 2459 ²
1900 2440 1941 2476 et
1962 2434 2003 2475 hi
2025 2434 2226 2489 principes

321 2510 419 2550 quos
440 2496 638 2536 habebat:
658 2495 824 2535 Azarias
844 2494 947 2535 filius
967 2495 1098 2536 Sadoc
1116 2494 1357 2536 sacerdotis:
1402 2497 1418 2519 3
1436 2494 1669 2549 Elihoreph,
1690 2499 1731 2536 et
1748 2494 1853 2534 Ahia
1872 2493 1941 2534 filii
1960 2493 2049 2535 Sisa
2067 2493 2225 2535 scribae:

326 2555 517 2609 [osaphat
544 2554 647 2596 filius
675 2554 826 2595 Ahilud
855 2568 877 2594 a
905 2553 1226 2595 commentariis:
1281 2556 1297 2578 ⁴
1325 2553 1500 2594 Banaias
1528 2553 1632 2595 filius
1662 2554 1811 2596 Ioiadae
1838 2566 1959 2607 super
1985 2552 2226 2594 exercitum:

319 2615 450 2655 Sadoc
471 2620 622 2659 autem,
646 2620 685 2655 et
705 2613 907 2654 Abiathar
927 2614 1168 2654 sacerdotes.
1217 2615 1231 2637 ⁵
1251 2612 1417 2654 Azarias
1438 2612 1541 2654 filius
1564 2613 1731 2654 Nathan
1751 2626 1871 2666 super
1891 2626 1956 2654 eos
1978 2611 2047 2666 qui
2067 2611 2227 2653 assiste-

322 2675 421 2715 bant
453 2673 551 2725 regi:
585 2673 726 2713 Zabud
758 2672 861 2713 filius
894 2672 1061 2713 Nathan
1093 2672 1290 2720 sacerdos,
1324 2671 1476 2713 amicus
1508 2672 1629 2726 regis:
1691 2675 1707 2697 ⁶
1737 2677 1777 2713 et
1807 2671 1956 2712 Ahisar
1984 2670 2226 2725 praepositus

320 2734 483 2774 domus:
516 2738 556 2773 et
585 2732 807 2773 Adoniram
839 2731 942 2773 filius
972 2731 1093 2773 Abda
1121 2744 1242 2785 super
1270 2731 1438 2772 tributa.

428 2794 441 2816 ⁷
482 2792 674 2832 Habebat
711 2797 849 2832 autem
886 2790 1078 2832 Salomon
1115 2790 1329 2831 duodecim
1367 2791 1577 2844 praefectos
1614 2804 1735 2845 super
1770 2803 1932 2832 omnem
1970 2788 2105 2839 Israel,
2159 2788 2227 2843 qui

323 2852 559 2905 praaebebant
588 2864 793 2892 annonam
823 2850 903 2904 regi
932 2856 973 2891 et
1001 2850 1141 2891 domui
1170 2849 1272 2891 eius:
1302 2863 1373 2903 per
1400 2849 1577 2903 singulos
1607 2849 1713 2890 enim
1742 2863 1899 2891 menses
1927 2848 1970 2889 in
1999 2862 2117 2896 anno,
2149 2847 2227 2888 sin-

320 2911 401 2964 guli
422 2910 646 2951 necessaria
665 2909 968 2951 ministrabant.
1020 2912 1035 2933 8
1054 2909 1109 2950 Et
1128 2909 1212 2950 haec
1232 2909 1399 2950 nomina
1418 2922 1575 2950 eorum:
1598 2909 1774 2955 Benhur,
1796 2909 1836 2949 111
1856 2914 1996 2949 monte
2016 2906 2225 2961 Ephraim.

323 2972 338 2994 ⁹
366 2970 581 3015 ssendecar,
606 2969 645 3009 in
668 2969 837 3012 Maeces,
863 2974 901 3009 et
925 2969 963 3009 111
987 2968 1176 3015 Salebim,
1201 2974 1242 3009 et
1262 2968 1303 3009 in
1328 2968 1579 3015 Bethsames,
1603 2973 1645 3009 et
1666 2968 1706 3008 in
1730 2967 1844 3012 Elon,
1869 2973 1910 3008 et
1931 2966 1972 3007 in
1996 2966 2224 3008 Bethanan.

321 3031 357 3054 ¹⁰
380 3029 588 3069 Benhesed
611 3028 650 3068 in
671 3028 879 3069 Aruboth:
903 3027 1025 3081 ipsius
1048 3033 1135 3069 erat
1155 3027 1298 3075 Socho,
1322 3032 1362 3068 et
1384 3027 1513 3068 omnis
1536 3033 1643 3068 terra
1664 3027 1811 3081 Epher.
1863 3028 1893 3051 ¹¹
1916 3025 2223 3067 Benabinadab.

321 3088 433 3129 euius
464 3087 592 3128 omnis
626 3087 816 3140 Nephath
847 3087 942 3131 Dor,
974 3087 1162 3140 Tapheth
1192 3086 1315 3127 filiam
1345 3086 1571 3127 Salomonis
1601 3086 1781 3128 habebat
1810 3098 1990 3127 uxorem.
2049 3086 2080 3109 ¹²
2112 3084 2228 3124 Bana

324 3147 425 3188 filius
456 3146 607 3187 Ahilud
638 3147 803 3196 regebat
834 3146 999 3186 Thanac
1029 3152 1068 3186 et
1099 3146 1310 3199 Mageddo,
1343 3151 1383 3186 et
1414 3145 1644 3186 universam
1678 3145 1869 3189 Bethsan,
1903 3157 1992 3198 quae
2021 3148 2082 3184 est
2110 3142 2228 3183 iuxta

321 3207 526 3247 Sarthana
543 3206 683 3246 subter
703 3205 862 3250 lezraeL
883 3219 906 3245 a
925 3205 1105 3246 Bethsan
1126 3219 1251 3259 usque
1270 3204 1537 3246 Abelmehula
1555 3219 1574 3244 e
1593 3204 1752 3257 regione
1774 3205 1973 3245 Iecmaan.
2021 3204 2052 3227 ¹³
2071 3202 2226 3255 Benga-

325 3267 392 3305 ber
422 3266 459 3305 111
495 3264 671 3305 Ramoth
701 3264 875 3305 Galaad:
906 3265 1085 3305 habebat
1116 3263 1331 3305 Avothiair
1360 3263 1428 3304 filii
1458 3264 1643 3303 Manasse
1673 3263 1713 3304 in
1743 3262 1911 3309 Galaad,
1941 3261 2026 3315 ipse
2055 3267 2226 3315 praeerat

323 3324 361 3364 in
379 3324 486 3365 0111111
505 3324 662 3375 regione
679 3324 826 3373 Argob.
846 3337 935 3376 qua=
950 3330 1009 3364 est
1027 3323 1065 3363 in
1085 3324 1229 3368 Basan,
1248 3322 1458 3373 sexaginta
1475 3321 1712 3363 civitatibus
1729 3321 1884 3374 magnis
1901 3328 2025 3374 atque
2041 3319 2224 3362 muratis.

323 3397 412 3436 (11110
437 3383 645 3423 habebant
668 3395 774 3423 seras
798 3396 931 3423 areas.
986 3384 1015 3407 ¹²
1038 3382 1256 3423 Aliinadab
1282 3381 1383 3422 tilius
1408 3382 1525 3422 Addo
1551 3387 1721 3434 praeerat
1744 3381 1784 3422 in
1808 3379 1998 3421 Manaim.
2055 3381 2083 3403 ¹5
2107 3378 2226 3419 Achi-

455 3509 486 3551 3,
520 3511 558 3542 l-‘J'
582 3511 667 3553 2⁵Sap
694 3510 723 3549 T,
748 3512 803 3551 ]1;
827 3509 880 3542 Mt
903 3511 933 3549 ὕ,
959 3510 1010 3543 29.
