2356 3760
128 154 182 193 19,
208 153 350 193 11-20,
376 152 417 186 13
969 150 1200 184 SAMUELls
1952 157 2029 198 243

232 248 263 270 11
294 245 406 286 Misit
437 258 529 299 ergo
560 244 657 286 Saul
687 243 881 284 satellites
912 256 1005 284 suos
1036 243 1077 283 in
1108 245 1276 284 domum
1306 244 1456 291 David,
1490 249 1536 284 ut
1568 246 1819 288 custodirent
1850 263 1954 293 eum,
1988 254 2028 290 et

127 304 424 346 interficeretur
447 317 579 344 mane.
608 303 727 351 Quod
752 315 844 343 cum
871 302 1160 343 annunciasset
1184 303 1322 343 David
1346 302 1496 343 Michol
1522 315 1624 343 uxor
1648 316 1732 349 sua,
1761 305 1914 347 dicens:
1944 307 2030 348 Nisi

128 363 349 404 salvaveris
376 370 416 404 te
442 367 561 403 nocte
587 362 675 404 hac.
704 373 790 402 cras
817 360 1017 402 morieris:
1072 363 1103 385 12
1130 361 1320 414 deposuit
1346 375 1437 402 eum
1464 374 1535 415 per
1560 361 1791 403 fenestram.
1822 377 1938 416 porro
1965 365 2030 406 ille

129 422 232 463 abiit
253 428 295 463 et
316 421 487 475 aufugit.
512 425 636 473 atque
658 419 841 460 salvatus
863 425 936 460 est.
988 422 1018 444 ¹3
1041 419 1151 460 Tulit
1173 425 1311 460 autem
1332 419 1483 461 Michol
1503 424 1698 469 statuam,
1722 426 1763 461 et
1784 422 1921 474 posuit
1942 436 2030 463 eam

129 494 250 535 super
276 480 440 524 lectum.
471 483 512 520 et
540 478 684 532 pellem
713 478 886 531 pilosam
916 491 1130 532 caprarum
1158 479 1297 531 posuit
1326 479 1378 519 ad
1406 483 1531 532 caput
1559 478 1654 523 eius,
1686 485 1727 519 et
1755 480 1915 533 operuit
1943 494 2031 521 eam

129 539 397 581 vestimentis.
453 540 485 562 1⁴¹
510 537 623 578 Misit
649 542 788 578 autem
815 536 912 578 Saul
939 536 1203 591 apparitores,
1234 537 1303 590 qui
1328 542 1519 590 raperent
1543 537 1698 577 David:
1728 542 1768 578 et
1795 551 2031 592 responsum

130 603 192 639 est
216 597 325 652 quod
350 600 576 651 aegrotaret.
629 597 661 620 ¹5
687 596 948 649 Rursumque
971 595 1084 636 misit
1107 595 1204 636 Saul
1228 595 1396 637 nuncios
1421 601 1467 637 ut
1492 595 1678 636 viderent
1701 596 1849 646 David,
1877 597 2031 638 dicens:

130 657 284 698 Afferte
309 670 402 697 eum
426 656 479 696 ad
502 669 566 696 me
590 655 632 695 in
654 654 772 703 lecto,
799 660 847 696 ut
871 654 1090 696 occidatur.
1144 655 1179 678 ¹⁶
1203 654 1386 707 Cumque
1411 654 1619 695 venissent
1642 655 1791 702 nuncii,
1818 655 2033 696 inventum

131 721 193 757 est
216 715 478 756 simulacrum
502 727 624 768 super
645 713 809 760 lectum,
837 719 878 754 et
901 713 1015 767 pellis
1041 726 1255 767 caprarum
1282 713 1333 753 ad
1358 718 1483 766 caput
1508 712 1603 754 eius.
1657 714 1690 737 1⁷
1715 713 1913 767 Dixitque
1937 714 2033 755 Saul

131 774 183 816 ad
212 774 379 816 Michol:
412 774 544 822 Quare
574 772 629 813 sic
659 772 821 813 illusisti
850 772 960 821 mihi,
994 776 1035 813 et
1064 771 1254 813 dimisisti
1284 771 1494 812 inimicum
1524 785 1660 812 meum
1690 776 1737 812 ut
1766 772 1947 821 fugeret?
1980 773 2034 812 Et

130 833 341 887 respondit
364 831 513 873 Michol
537 831 589 872 ad
613 831 727 873 Saul:
755 830 860 880 Quia
882 830 967 884 ipse
991 829 1151 872 locutus
1176 835 1238 871 est
1261 829 1379 870 mihi:
1405 829 1579 871 Dimitte
1604 843 1680 871 me.
1708 829 1887 884 alioquin
1912 830 2034 871 inter-

131 892 265 933 ficiam
294 898 346 933 te.

238 957 273 981 18
293 955 431 997 David
453 960 592 996 autem
612 954 782 1008 fugiens,
806 953 989 995 salvatus
1011 959 1083 998 est.
1108 960 1149 995 et
1170 954 1285 995 venit
1306 954 1358 995 ad
1379 953 1542 994 Samuel
1562 953 1603 993 in
1627 953 1846 1001 Ramatha,
1871 958 1911 995 et
1932 967 2033 994 nun-

133 1015 259 1057 ciavit
283 1015 318 1056 ei
344 1013 482 1056 omnia
508 1026 597 1067 quae
621 1014 773 1054 fecerat
798 1013 874 1054 sibi
899 1012 1013 1054 Saul:
1041 1018 1082 1054 et
1107 1013 1296 1054 abierunt
1320 1012 1405 1066 ipse
1431 1018 1471 1053 et
1496 1012 1671 1057 Samuel,
1699 1017 1740 1053 et
1765 1012 1913 1054 morati
1938 1018 2033 1053 sunt

131 1075 174 1115 in
200 1074 364 1115 Naioth.
418 1074 453 1097 1⁹
479 1071 730 1113 Nunciatum
755 1077 817 1113 est
842 1077 979 1112 autern
1005 1071 1115 1113 Sauli
1140 1085 1164 1112 a
1188 1071 1435 1113 dicentibus:
1462 1071 1566 1112 Ecce
1590 1070 1726 1111 David
1751 1070 1791 1111 in
1818 1070 1971 1112 Naioth
1995 1070 2036 1111 in

135 1133 355 1174 Ramatha.
401 1133 438 1156 ²⁰
454 1132 566 1172 Misit
585 1144 677 1185 ergo
696 1131 792 1172 Saul
809 1131 981 1179 lictores,
1002 1136 1049 1172 ut
1066 1136 1256 1184 raperent
1272 1130 1428 1171 David:
1450 1130 1517 1183 qui
1536 1143 1628 1170 cum
1646 1129 1845 1171 vidissent
1863 1143 2036 1171 cuneum

132 1192 428 1247 prophetarum
462 1190 791 1239 vaticinantium,
828 1196 870 1231 et
903 1188 1131 1231 Samuelem
1167 1194 1347 1230 stantem
1381 1201 1502 1242 super
1534 1201 1613 1236 eos,
1649 1187 1782 1229 factus
1817 1193 1879 1229 est
1912 1189 2035 1230 etiam

133 1251 308 1306 Spiritus
325 1249 492 1291 Domini
509 1249 550 1290 in
568 1249 656 1293 illis.
677 1254 717 1290 et
734 1249 978 1303 prophetare
996 1254 1208 1302 coeperunt
1225 1248 1349 1289 etiam
1367 1247 1454 1301 ipsi.
1501 1249 1531 1271 21
1551 1247 1669 1295 Quod
1687 1260 1779 1287 cum
1796 1248 2037 1288 nunciatum

133 1316 240 1352 esset
264 1309 387 1357 Sauli,
414 1308 527 1349 misit
551 1314 593 1349 et
618 1308 716 1349 alios
742 1308 929 1349 nuncios:
957 1308 1310 1361 prophetaverunt
1335 1311 1474 1347 autem
1500 1311 1540 1347 et
1565 1305 1632 1346 illi.
1661 1305 1715 1346 Et
1742 1318 1901 1346 rursum
1926 1306 2039 1346 misit

134 1368 231 1411 Saul
252 1368 394 1410 tertios
416 1367 604 1409 nuncios:
630 1367 698 1420 qui
720 1372 761 1408 et
781 1366 858 1420 ipsi
878 1367 1242 1421 prophetaverunt.
1268 1365 1322 1406 Et
1343 1365 1471 1405 iratus
1495 1364 1705 1405 iracundia
1726 1364 1833 1411 Saul,
1883 1366 1916 1388 22
1937 1364 2040 1405 abiit

134 1428 259 1470 etiam
284 1427 369 1481 ipse
394 1426 437 1467 in
464 1426 683 1471 Ramatha,
712 1430 753 1466 et
777 1425 892 1466 venit
916 1439 1044 1479 usque
1071 1425 1123 1466 ad
1148 1424 1366 1465 cisternam
1393 1437 1597 1477 magnam,
1626 1436 1716 1477 quae
1741 1428 1802 1464 est
1826 1423 1868 1463 in
1894 1423 2036 1467 Socho.

135 1492 176 1529 et
203 1485 484 1539 interrogavit,
515 1490 557 1526 et
584 1484 707 1525 dixit:
740 1483 787 1525 In
817 1498 896 1538 quo
924 1483 1012 1526 loco
1041 1489 1137 1525 sunt
1165 1483 1328 1525 Samuel
1357 1488 1398 1523 et
1425 1482 1586 1523 David?
1616 1482 1867 1535 Dictumque
1896 1487 1958 1523 est
1985 1482 2037 1522 ei:

134 1546 239 1587 Ecce
261 1545 302 1586 in
326 1544 479 1585 Naioth
501 1549 598 1584 sunt
619 1543 661 1584 in
685 1544 904 1585 Raniatha.
955 1545 987 1568 23
1009 1543 1065 1584 Εῖ
1087 1542 1189 1584 abiit
1210 1542 1251 1583 in
1275 1542 1428 1583 Naioth
1450 1542 1491 1582 in
1516 1541 1736 1590 Ramatha,
1761 1546 1802 1581 et
1823 1541 1956 1581 factus
1979 1545 2041 1581 est

135 1605 259 1646 etiam
282 1617 403 1658 super
425 1617 516 1644 eum
539 1602 714 1656 Spiritus
736 1602 916 1647 Domini.
941 1607 983 1643 et
1005 1601 1246 1643 ambulabat
1268 1601 1508 1654 ingrediens,
1533 1606 1574 1641 et
1596 1600 1873 1654 prophetabat
1896 1613 2041 1653 usque-

135 1665 234 1706 dum
262 1662 421 1704 veniret
449 1662 490 1703 in
521 1661 673 1703 Naioth
702 1661 743 1702 in
774 1661 993 1703 Ramatha.
1051 1662 1083 1685 ²⁴
1112 1661 1167 1702 Et
1196 1660 1421 1714 expoliavit
1449 1659 1574 1701 etiam
1602 1659 1686 1713 ipse
1715 1672 1755 1699 se
1785 1658 2041 1699 vestimentis

135 1723 229 1772 suis,
258 1726 300 1763 et
325 1720 592 1776 prophetavit
618 1734 711 1761 cum
738 1720 880 1762 ceteris
908 1733 1044 1762 coram
1071 1719 1270 1769 Samuele,
1299 1724 1341 1760 et
1367 1719 1513 1760 cecidit
1538 1718 1672 1759 nudus
1698 1722 1790 1759 tota
1816 1718 1879 1758 die
1905 1717 1975 1758 illa
2001 1721 2042 1758 et

135 1787 267 1824 nocte.
297 1781 416 1822 Unde
443 1785 484 1821 et
511 1779 638 1820 exivit
664 1779 944 1833 proverbium:
979 1779 1107 1820 aNum
1135 1784 1177 1820 et
1201 1778 1298 1820 Saul
1324 1778 1431 1819 inter
1456 1777 1701 1831 prophetas?

598 1884 637 1924 7.
667 1882 835 1924 Malitia
864 1882 1017 1924 Saulis
1048 1883 1315 1936 completur,
1344 1884 1410 1933 20,
1429 1882 1580 1922 1—43.

241 1957 306 2000 20.
361 1959 375 1981 1
395 1955 519 2009 Fugit
539 1960 678 1996 autem
698 1954 836 1996 David
856 1955 905 1995 de
927 1954 1092 2001 Naioth,
1117 1968 1206 2008 quae
1226 1960 1288 1996 est
1307 1954 1349 1994 in
1372 1953 1591 2002 Ramatha,
1614 1952 1861 2005 veniensque
1881 1949 2040 1992 locutus

137 2022 200 2059 est
227 2029 364 2058 coram
394 2014 589 2056 Ionatha:
620 2013 727 2062 Quid
756 2012 856 2054 feci?
888 2026 978 2067 quae
1006 2019 1067 2055 est
1094 2012 1290 2067 iniquitas
1319 2025 1421 2061 mea,
1453 2017 1494 2053 et
1523 2011 1632 2066 quod
1660 2015 1876 2065 peccatum
1905 2022 2041 2050 meum

136 2077 179 2118 in
200 2081 361 2130 patrem
383 2078 515 2121 tuum,
541 2072 637 2127 quia
659 2072 804 2126 quaerit
827 2072 1005 2113 animam
1029 2072 1187 2113 meam?
1238 2074 1252 2096 2
1276 2071 1354 2121 Qui
1376 2070 1482 2112 dixit
1503 2070 1555 2111 ei:
1579 2070 1710 2118 Absit,
1735 2083 1817 2110 non
1840 2067 2039 2109 morieris:

137 2148 269 2189 neque
293 2133 400 2174 enim
422 2131 545 2173 faciet
567 2136 686 2185 pater
707 2144 820 2172 meus
846 2131 1071 2185 quidquam
1093 2131 1246 2185 grande
1269 2130 1333 2172 vel
1356 2143 1542 2184 parvum,
1569 2129 1644 2170 nisi
1667 2128 1777 2182 prius
1801 2126 2043 2168 indicaverit

138 2193 256 2235 mihi:
283 2193 393 2233 hunc
419 2204 511 2245 ergo
538 2190 687 2232 celavit
712 2204 776 2231 me
801 2195 919 2244 pater
944 2204 1057 2231 meus
1084 2203 1311 2231 sermonem
1337 2188 1652 2230 tantummodo?
1680 2199 1942 2241 nequaquam
1969 2185 2045 2226 erit

138 2253 262 2294 istud.
311 2254 327 2276 3
348 2251 404 2292 Et
423 2249 576 2291 iuravit
596 2262 757 2290 rursum
777 2249 940 2290 Davidi.
964 2249 1020 2290 Et
1040 2248 1105 2290 ille
1127 2249 1202 2290 ait:
1225 2248 1312 2290 Scit
1331 2248 1514 2302 profecto
1535 2252 1653 2301 pater
1673 2252 1767 2287 tuus
1791 2245 1886 2300 quia
1906 2244 2044 2285 inveni

139 2311 314 2367 gratiam
344 2309 387 2350 in
417 2309 542 2351 oculis
572 2308 666 2357 tuis,
699 2314 741 2350 et
770 2308 896 2349 dicet:
930 2308 1095 2349 Nesciat
1124 2308 1199 2349 hoc
1232 2307 1440 2355 Ionathas,
1472 2319 1522 2347 ne
1552 2306 1657 2347 forte
1687 2305 1885 2346 tristetur.
1920 2303 2044 2352 Quin-

139 2372 264 2412 immo
290 2368 396 2410 vivit
419 2367 634 2417 Dominus,
662 2372 703 2408 et
728 2367 833 2408 vivit
859 2367 996 2408 anima
1020 2373 1104 2415 tua,
1134 2366 1230 2421 quia
1254 2380 1334 2407 uno
1360 2370 1527 2407 tantum
1552 2366 1617 2417 (ut
1640 2364 1700 2405 ita
1725 2363 1876 2416 dicam)
1900 2362 2040 2416 gradu,

141 2443 213 2484 ego
240 2441 430 2482 morsque
457 2426 690 2468 dividimur.
746 2428 761 2450 ⁴
789 2426 844 2468 Et
871 2426 929 2468 ait
959 2426 1153 2467 Ionathas
1182 2426 1234 2467 ad
1260 2425 1416 2466 David:
1447 2425 1742 2477 Quodcumque
1769 2421 1918 2463 dixerit
1945 2420 2044 2461 mihi

142 2488 280 2530 anima
308 2493 392 2535 tua,
423 2485 572 2527 faciam
601 2485 688 2526 tibi.
746 2487 761 2510 ⁵
789 2485 907 2526 Dixit
936 2491 1075 2526 autem
1104 2485 1241 2526 David
1271 2485 1323 2525 ad
1354 2484 1576 2525 Ionathan:
1608 2482 1712 2524 Ecce
1742 2481 1920 2522 calendae
1948 2484 2045 2520 sunt

142 2547 332 2591 crastino,
358 2550 400 2587 et
422 2558 494 2599 ego
518 2557 568 2585 ex
591 2557 701 2585 more
725 2544 861 2585 sedere
884 2543 991 2585 soleo
1014 2544 1133 2585 iuxta
1154 2557 1288 2598 regem
1313 2543 1364 2584 ad
1388 2543 1652 2584 vescendum:
1679 2540 1841 2582 dimitte
1864 2552 1956 2593 ergo
1980 2551 2043 2578 me

142 2612 191 2648 ut
219 2605 447 2647 abscondar
473 2603 516 2644 in
546 2616 640 2656 agro
670 2616 797 2657 usque
828 2603 879 2644 ad
908 2616 1120 2657 vesperam
1150 2602 1229 2644 diei
1257 2602 1400 2644 tertiae.
1460 2603 1476 2626 ⁶
1504 2601 1545 2643 Si
1573 2599 1787 2654 respiciens
1817 2596 2045 2652 requisierit

142 2680 207 2707 me
233 2670 351 2719 pater
375 2668 484 2712 tuus,
512 2662 773 2716 respondebis
801 2661 854 2703 ei:
884 2662 1063 2716 Rogavit
1088 2675 1152 2702 me
1177 2661 1327 2710 David,
1356 2666 1404 2702 ut
1429 2660 1506 2701 iret
1532 2659 1712 2701 celeriter
1736 2658 1778 2698 in
1806 2656 2045 2698 Bethlehem

144 2724 356 2766 civitatem
391 2734 528 2763 suam:
566 2720 661 2775 quia
697 2721 875 2762 victimae
910 2720 1121 2763 sollemnes
1157 2720 1214 2762 ibi
1250 2725 1346 2761 sunt
1382 2719 1579 2761 universis
1618 2716 1912 2760 contribulibus
1949 2714 2043 2755 suis.

146 2785 161 2808 ⁷
185 2783 227 2825 Si
252 2780 413 2830 dixerit,
441 2780 569 2821 Bene:
595 2793 678 2834 pax
703 2780 780 2821 erit
804 2793 919 2821 servo
945 2785 1029 2822 tuo.
1057 2780 1089 2821 si
1114 2785 1253 2821 autem
1278 2779 1401 2820 fuerit
1426 2778 1566 2827 iratus,
1594 2776 1695 2818 scito
1722 2775 1818 2829 quia
1842 2772 2046 2828 completa

143 2848 206 2884 est
230 2839 389 2882 malitia
414 2839 509 2881 eius.
567 2840 582 2863 ⁸
607 2839 690 2880 Fac
715 2851 807 2892 ergo
833 2838 1151 2880 misericordiam
1176 2838 1218 2879 in
1245 2851 1407 2879 servum
1433 2842 1570 2878 tuum:
1600 2834 1696 2889 quia
1719 2834 1853 2875 foedus
1879 2831 2046 2874 Domini

143 2914 208 2942 me
231 2898 433 2941 famulum
456 2903 576 2939 tuum
600 2903 737 2939 tecum
761 2897 861 2939 inire
885 2898 1028 2939 fecisti.
1056 2898 1088 2938 si
1113 2903 1252 2939 autem
1276 2903 1338 2938 est
1362 2896 1556 2950 iniquitas
1582 2894 1719 2947 aliqua
1741 2892 1784 2933 in
1808 2906 1884 2941 me,
1910 2896 1957 2933 tu
1982 2904 2045 2931 me

142 2959 336 3008 interfice,
360 2962 402 2999 et
423 2957 475 2998 ad
495 2958 655 3011 patrem
676 2961 796 2997 tuum
816 2970 866 2998 ne
886 2956 1123 2999 introducas
1145 2970 1220 2998 me.
1273 2958 1288 2980 ⁹
1309 2956 1365 2997 Et
1386 2955 1444 2996 ait
1467 2953 1680 2996 Ionathas:
1703 2951 1824 2993 Absit
1843 2951 1920 2992 hoc
1941 2963 1966 2991 a
1985 2954 2044 2991 te:

143 3032 275 3073 neque
299 3016 406 3059 enim
428 3015 514 3057 fieri
535 3020 685 3070 potest,
709 3020 758 3056 ut
780 3015 813 3056 si
835 3021 942 3057 certe
965 3028 1191 3070 cognovero
1215 3014 1462 3069 completam
1485 3026 1569 3055 esse
1592 3010 1720 3066 patris
1744 3010 1823 3051 mei
1845 3008 2046 3051 malitiam

144 3082 288 3119 contra
309 3081 362 3125 te,
387 3087 470 3116 non
494 3073 737 3115 annunciem
760 3073 848 3115 tibi.
901 3076 937 3099 1⁰
960 3074 1269 3129 Responditque
1292 3073 1430 3114 David
1454 3072 1506 3113 ad
1530 3070 1753 3113 Ionathan:
1779 3068 1877 3118 Quis
1900 3080 2046 3109 renun-

145 3136 271 3178 ciabit
286 3133 400 3184 mihi,
421 3132 453 3174 si
472 3133 571 3187 quid
587 3133 693 3174 forte
711 3133 966 3187 responderit
984 3133 1060 3175 tibi
1078 3138 1196 3188 pater
1212 3138 1308 3174 tuus
1328 3133 1426 3173 dure
1445 3132 1494 3172 de
1512 3129 1600 3171 me?
1647 3130 1679 3154 11
1697 3128 1754 3170 Εῖ
1771 3127 1830 3169 ait
1850 3126 2046 3168 Ionathas

145 3195 197 3237 ad
219 3194 376 3236 David:
402 3192 516 3240 Veni,
544 3197 585 3233 et
609 3191 863 3246 egrediamur
885 3193 993 3234 foras
1018 3192 1060 3233 in
1085 3205 1239 3246 agrum.
1267 3191 1449 3244 Cumque
1475 3189 1654 3230 exissent
1678 3187 1798 3228 ambo
1823 3186 1865 3227 in
1890 3197 2044 3239 agrum,

144 3256 177 3278 ¹²
201 3253 261 3295 ait
286 3251 482 3295 Ionathas
508 3250 560 3291 ad
584 3250 740 3291 David:
764 3250 942 3292 Domine
965 3252 1076 3292 Deus
1103 3250 1238 3300 Israel,
1265 3250 1298 3291 si
1321 3248 1621 3302 investigavero
1647 3245 1894 3288 sententiam
1918 3242 2046 3298 patris

144 3312 224 3354 mei
245 3312 422 3354 crastino
444 3309 509 3351 vel
529 3309 737 3364 perendie:
760 3314 802 3351 et
823 3309 977 3364 aliquid
998 3309 1095 3352 boni
1115 3309 1239 3351 fuerit
1260 3321 1380 3362 super
1399 3307 1549 3357 David,
1573 3311 1614 3348 et
1634 3319 1716 3347 non
1738 3303 1879 3345 statim
1900 3302 2045 3343 misero

146 3372 198 3413 ad
216 3376 269 3421 te,
289 3375 331 3412 et
346 3375 492 3412 notum
511 3367 588 3409 tibi
605 3368 748 3417 fecero,
795 3370 828 3393 1³
844 3369 929 3410 haec
946 3369 1073 3410 faciat
1089 3368 1291 3410 Dominus
1312 3366 1508 3416 Ionathae,
1529 3370 1570 3407 et
1586 3365 1672 3406 haec
1690 3363 1828 3405 addat.
1849 3361 1889 3403 Si
1908 3365 2045 3401 autem

279 3496 331 3538 19,
356 3495 399 3529 24
415 3494 505 3540 aSup
530 3495 584 3535 10,
610 3495 661 3528 12.

1764 3545 1837 3586 16*

2074 248 2103 272 in
2124 247 2199 273 lecto

2065 282 2202 312 occidere,

2076 949 2201 975 Samueli

2081 992 2196 1016 eripere.

2078 1951 2216 1976 Ionathas

2056 1993 2121 2012 culn
2138 1985 2249 2011 Davide

2100 2021 2194 2046 soedus

2082 2058 2211 2086 renovat,
