2356 3760
154 77 205 116 14,
232 76 371 114 14-14,
398 74 439 106 42
998 68 1221 102 DANOELis
1981 66 2058 107 853

152 171 183 193 ¹⁴
216 168 455 209 Sacerdotes
490 171 629 207 autem
663 163 829 217 ingressi
863 168 961 203 sunt
994 167 1113 203 nocte
1148 162 1266 203 iuxta
1300 160 1637 202 consuetudinem
1672 173 1800 207 suam,
1838 165 1877 201 et
1912 173 2057 202 uxores

151 232 192 268 01
220 226 291 267 filii
320 239 478 267 eorum:
509 229 550 265 et
579 223 843 264 comederunt
872 221 1020 266 omnia,
1053 226 1094 262 et
1123 221 1326 261 biberunt.
1385 222 1416 244 ¹5
1446 218 1629 261 Surrexit
1659 223 1797 258 autem
1828 232 1898 258 rex
1927 219 2057 272 primo

151 284 340 329 diluculo,
364 290 405 325 et
425 281 571 324 Daniel
591 294 682 321 cum
704 293 761 321 eo.
813 281 847 303 1⁶
868 279 923 320 Et
944 280 1002 320 ait
1022 293 1110 320 rex:
1133 279 1308 320 Sa-lvane
1329 283 1425 319 sunt
1446 276 1665 331 signacula.
1688 276 1858 317 Daniel?
1902 277 1980 325 Qui
1999 291 2058 318 re-

152 343 335 398 spondit:
367 342 500 385 Salva,
533 353 614 380 rex,
675 340 708 363 ¹⁷
738 338 972 391 Statimque
999 352 1090 378 cum
1116 338 1339 391 aperuisset
1362 336 1524 385 ostium,
1556 335 1730 376 intuitus
1762 348 1832 375 rex
1862 349 2056 379 mensam.

151 401 400 443 exclamavit
419 412 518 441 voce
538 410 705 451 magna:
729 397 900 450 Magnus
921 409 961 437 es
986 396 1067 440 Bel,
1092 401 1132 436 et
1153 409 1235 436 non
1256 400 1317 436 est
1338 395 1448 448 apud
1469 400 1510 435 te
1531 394 1646 436 dolus
1670 394 1899 448 quisquam.
1950 396 1983 418 ¹⁸
2005 394 2054 434 Et

151 461 240 502 risit
267 458 431 500 Daniel:
463 463 504 498 01
532 456 666 497 10111111
695 468 828 508 regem
858 468 909 495 ne
937 455 1215 508 ingrederetur
1243 454 1370 494 intro:
1402 458 1443 494 et
1472 453 1594 494 dixit:
1626 453 1730 493 Ecce
1760 452 2057 506 pavimentum,

152 519 434 560 animadverte
461 516 573 557 0111110
599 514 772 567 vestigia
797 513 879 554 sint
904 513 1000 555 haec.
1057 516 1091 537 1⁹
1118 513 1172 553 Et
1199 513 1304 553 dixit
1329 525 1417 552 rex:
1447 511 1573 552 Video
1600 512 1773 565 vestigia
1799 511 1991 559 virorum,
2020 516 2060 551 et

150 576 378 623 mulierum,
412 580 453 616 et
483 573 716 614 infantium.
750 573 806 613 Et
836 572 964 613 iratus
996 578 1057 613 est
1088 585 1170 613 rex
1230 573 1267 595 ²⁰
1298 571 1410 611 Tunc
1442 570 1711 623 apprehendit
1743 570 1985 614 sacerdotes,
2020 576 2060 610 et

152 648 308 679 uxores,
329 640 370 675 et
387 633 488 674 filios
506 644 664 673 eorum:
684 637 723 671 et
742 632 1010 672 ostenderunt
1028 630 1062 671 ei
1081 630 1324 671 abscondita
1341 629 1498 673 ostiola,
1518 641 1589 682 per
1607 641 1696 682 quae
1714 628 2058 681 ingrediebantur,

151 699 192 735 01
221 693 517 735 consumebant
547 703 637 744 quae
666 695 783 731 erant
812 703 932 743 super
961 702 1155 730 mensam.
1214 691 1245 712 '2¹
1276 688 1436 730 Occidit
1466 700 1558 741 ergo
1588 686 1674 727 11100
1706 700 1785 729 rex,
1819 692 1858 727 et
1888 687 2059 728 tradidit

152 753 225 794 Bel
251 753 292 793 in
320 754 570 805 potestatem
598 748 798 789 Danielis:
830 748 899 802 qui
927 748 1130 789 subvertit
1160 761 1265 791 eum,
1297 752 1337 788 et
1366 745 1567 799 templum
1596 745 1691 786 01110.

254 812 286 834 22
311 809 367 850 Et
392 813 480 849 erat
504 809 625 849 draco
650 820 822 861 magnus
848 807 888 846 in
912 806 1000 848 1000
1026 806 1105 853 illo,
1134 811 1175 846 et
1200 805 1390 847 colebant
1415 818 1507 845 eum
1534 803 1762 858 Babylonii.
1818 806 1849 828 ²3
1875 804 1929 844 Et
1955 804 2059 845 dixit
2090 806 2242 865 drgfgffim

150 883 221 910 rex
242 867 420 910 Danieli:
446 867 550 908 Ecce
572 879 681 907 nunc
703 879 785 907 non
808 870 924 919 potes
948 865 1078 906 dicere
1103 865 1199 918 quia
1220 864 1296 905 iste
1320 877 1401 905 non
1424 863 1477 904 sit
1498 863 1609 903 Deus
1633 863 1794 903 vivens:
1820 863 1943 904 adora
1968 876 2059 916 ergo
2093 876 2238 903 interficit:

150 941 255 969 eum.
316 928 349 951 2⁴
381 926 580 979 Dixitque
612 924 776 965 Daniel:
811 924 1036 965 Dominum
1068 923 1202 964 Deum
1235 936 1373 963 meum
1407 923 1549 963 adoro:
1613 921 1706 975 quia
1740 922 1824 975 ipse
1857 926 1919 962 est
1951 922 2061 962 Deus

150 987 311 1028 vivens:
337 985 412 1026 iste
437 989 576 1025 autem
600 997 682 1025 non
706 987 766 1023 est
790 983 901 1023 Deus
925 983 1079 1023 vivens.
1133 984 1165 1007 ‘25
1190 982 1250 1022 Tu
1275 986 1413 1022 autem
1437 993 1508 1021 rex
1533 981 1585 1021 da
1608 980 1706 1021 mihi
1732 985 1994 1034 potestatem,
2022 986 2061 1021 et

150 1044 390 1087 interficiam
420 1044 637 1084 draconem
666 1042 820 1095 absque
847 1041 994 1095 gladio,
1025 1047 1066 1082 et
1092 1041 1212 1082 fuste.
1244 1041 1298 1081 Et
1328 1040 1386 1081 ait
1412 1053 1501 1080 rex:
1530 1040 1594 1081 Do
1623 1038 1710 1080 tibi.
1767 1041 1802 1063 ‘2⁶
1831 1039 1940 1079 Tulit
1969 1052 2060 1092 ergo

150 1103 296 1145 Daniel
319 1103 462 1156 picem,
489 1107 530 1142 et
554 1101 728 1155 adipem,
756 1105 797 1141 et
820 1100 934 1154 pilos,
961 1106 1001 1141 et
1026 1100 1136 1141 coxit
1160 1099 1330 1153 pariter:
1356 1098 1534 1152 fecitque
1558 1111 1724 1142 massas,
1752 1103 1792 1138 et
1817 1098 1930 1139 dedit
1953 1097 1994 1138 in
2019 1111 2062 1139 os

150 1162 348 1207 draconis,
381 1166 422 1202 et
452 1160 640 1214 diruptus
672 1165 733 1200 est
763 1159 896 1201 draco.
929 1159 985 1200 Et
1015 1158 1137 1199 dixit:
1170 1158 1275 1199 Ecce
1306 1171 1427 1211 quem
1458 1157 1664 1198 colebatis.

253 1222 288 1245 2⁷
319 1220 437 1269 Quod
467 1233 559 1260 011111
590 1218 798 1259 audissent
830 1217 1058 1271 Babylonii,
1090 1216 1291 1270 indignati
1320 1221 1416 1256 sunt
1446 1215 1726 1256 vehementer:
1758 1220 1798 1255 01
1828 1215 2060 1268 congregati
2099 1215 2235 1275 issgffiff

150 1281 368 1322 adversum
384 1291 530 1332 regem,
548 1278 758 1318 dixerunt:
778 1277 938 1317 Iudaeus
954 1277 1087 1317 factus
1104 1281 1164 1316 est
1180 1288 1268 1315 rex:
1288 1274 1358 1315 Bel
1374 1274 1590 1319 destruxit,
1608 1274 1825 1314 draconem
1843 1273 2058 1319 interfecit,
2117 1286 2218 1311 missus

151 1344 192 1380 et
206 1338 436 1380 sacerdotes
453 1336 612 1377 occidit.
658 1337 692 1360 ‘²⁸
709 1336 762 1375 Et
779 1335 971 1375 dixerunt
987 1347 1079 1375 011111
1095 1334 1302 1374 venissent
1319 1334 1370 1374 ad
1386 1346 1538 1386 regem:
1557 1333 1687 1373 Trade
1704 1332 1819 1373 nobis
1836 1331 2060 1378 Danielem,

150 1396 330 1450 alioquin
360 1394 648 1436 interficiemus
678 1399 730 1438 te,
771 1398 811 1434 et
841 1394 1008 1434 domum
1039 1398 1167 1433 tuam.
1225 1394 1260 1416 '2⁹
1290 1391 1403 1432 Vidit
1433 1404 1525 1445 ergo
1555 1404 1625 1432 rex
1656 1391 1765 1445 quod
1794 1391 1992 1431 irruerent
2022 1391 2061 1431 in

150 1468 243 1496 eum
266 1454 546 1495 vehementer:
572 1458 612 1493 et
635 1452 876 1493 necessitate
900 1451 1132 1505 compulsus
1156 1451 1328 1492 tradidit
1351 1451 1405 1491 eis
1429 1450 1653 1491 Danielem.
1705 1452 1742 1474 ³0
1764 1449 1841 1498 Qui
1864 1450 2062 1490 miserunt

150 1527 243 1554 eum
264 1513 305 1554 in
325 1513 459 1554 lacum
480 1511 656 1556 leonum,
680 1516 721 1551 et
742 1516 830 1551 erat
850 1510 906 1552 ibi
928 1510 1069 1551 diebus
1092 1524 1172 1551 sex,
1223 1511 1254 1534 31
1277 1510 1402 1551 Ρο1·10
1423 1509 1464 1549 111
1485 1508 1576 1550 lacu
1598 1514 1715 1549 erant
1735 1508 1869 1550 leones
1891 1513 2060 1562 septem,

150 1578 191 1614 et
215 1573 424 1613 dabantur
449 1571 502 1611 eis
529 1571 610 1612 duo
636 1583 805 1623 corpora
831 1569 1025 1623 quotidie,
1054 1574 1095 1610 et
1120 1569 1210 1610 duae
1236 1581 1349 1610 oves:
1378 1573 1419 1609 et
1443 1573 1542 1609 tunc
1567 1581 1649 1609 non
1675 1568 1773 1608 data
1799 1573 1896 1608 sunt
1921 1567 1988 1613 eis,
2017 1572 2064 1608 ut

150 1632 396 1673 devorarent
423 1628 647 1670 Danielem.

254 1692 286 1715 32
316 1689 419 1730 Erat
449 1693 587 1729 autem
621 1688 816 1728 Habacuc
847 1687 1046 1741 propheta
1080 1687 1118 1727 in
1152 1687 1301 1730 Iudaea,
1335 1691 1375 1727 et
1406 1686 1490 1740 ipse
1521 1690 1686 1727 coxerat
1717 1685 1989 1739 pulmentum,
2022 1689 2061 1725 et
2075 1682 2262 1748 ¹¹¹},rflossssssffc

149 1748 366 1790 intriverat
391 1760 515 1802 panes
541 1746 582 1787 in
609 1746 783 1788 alveolo:
811 1752 853 1787 et
877 1746 965 1787 ibat
991 1746 1031 1786 in
1057 1759 1249 1799 campum
1275 1750 1321 1786 ut
1347 1745 1470 1786 ferret
1496 1744 1752 1786 messoribus.
1807 1746 1839 1768 ³3
1864 1743 2062 1797 Dixitque
2099 1753 2237 1783 pascitur:

149 1807 327 1861 Angelus
353 1806 520 1848 Domini
547 1806 599 1846 ad
627 1805 842 1847 Habacuc:
871 1805 948 1845 Fer
974 1804 1204 1858 prandium,
1235 1804 1344 1858 quod
1371 1803 1509 1850 habes,
1537 1804 1578 1844 in
1608 1803 1861 1857 Babylonem
1887 1801 2061 1847 Danieli,

151 1867 220 1920 qui
248 1870 310 1907 est
337 1865 378 1906 in
405 1865 497 1906 lacu
524 1863 700 1906 leonum.
757 1866 790 1889 3⁴
818 1864 875 1904 Et
902 1864 1007 1905 dixit
1038 1864 1252 1904 Habacuc:
1282 1863 1470 1911 Domine,
1503 1861 1756 1916 Babylonem
1785 1875 1866 1903 non
1895 1861 1992 1905 vidi,
2023 1865 2063 1902 et

149 1925 283 1966 lacum
306 1924 452 1965 1100010.
503 1925 535 1947 35
564 1923 638 1963 aEt
660 1922 931 1977 apprehendit
954 1936 1045 1962 eum
1069 1921 1247 1975 Angelus
1269 1921 1435 1962 Domini
1458 1920 1499 1961 in
1522 1921 1673 1962 vertice
1696 1920 1791 1964 eius.
1817 1925 1857 1961 et
1880 1919 2063 1974 portavit

150 1997 243 2024 eum
270 1982 415 2036 capillo
443 1981 587 2035 capitis
614 1981 687 2028 sui,
717 1981 935 2035 posuitque
963 1994 1054 2021 eum
1082 1980 1122 2021 in
1152 1980 1362 2034 Babylone
1389 1993 1513 2033 supra
1537 1979 1672 2020 lacum
1700 1979 1739 2020 in
1767 1979 1923 2032 impetu
1951 1979 2064 2032 spiri-

150 2047 216 2083 tus
241 2041 315 2082 sui.
368 2043 403 2066 3⁶
429 2041 485 2081 Et
509 2040 704 2080 clamavit
730 2040 938 2084 Habacue,
966 2040 1121 2080 dicens:
1148 2039 1295 2079 Daniel
1320 2052 1433 2079 serve
1458 2038 1546 2083 Dei,
1574 2038 1669 2079 tolle
1694 2038 1925 2092 prandium,
1954 2038 2063 2091 quod

150 2100 263 2143 misit
291 2100 367 2141 tibi
396 2100 519 2140 Deus.
577 2100 612 2123 ³⁷
643 2098 697 2139 Et
729 2098 787 2139 ait
815 2098 979 2139 Daniel:
1014 2098 1268 2139 Recordatus
1299 2110 1338 2138 es
1368 2097 1447 2138 mei
1476 2097 1599 2143 Deus,
1632 2102 1673 2137 et
1701 2110 1783 2138 non
1813 2096 2064 2150 dereliquisti

151 2159 362 2213 diligentes
400 2163 452 2199 te.
519 2159 554 2182 3⁸
591 2158 848 2211 Surgensque
886 2156 1032 2198 Daniel
1071 2156 1259 2198 comedit.
1300 2156 1424 2197 Porro
1463 2155 1640 2209 Angelus
1679 2155 1845 2197 Domini
1882 2155 2064 2196 restituit

153 2218 349 2259 Habacuc
378 2216 593 2258 confestim
622 2216 662 2257 in
692 2216 778 2257 loco
808 2229 893 2257 suo.

254 2279 290 2302 3⁹
309 2276 432 2317 Venit
451 2288 543 2330 ergo
563 2289 633 2316 rex
652 2275 716 2316 die
735 2275 909 2328 septimo
930 2280 976 2315 ut
994 2274 1150 2328 lugeret
1168 2273 1400 2314 Danielem:
1429 2279 1470 2314 et
1489 2274 1603 2314 venit
1622 2274 1674 2314 ad
1693 2273 1839 2316 lacum,
1877 2278 1917 2313 01
1936 2273 2061 2314 intro·
2124 2274 2213 2304 Cym

151 2336 297 2389 spexit,
324 2340 365 2377 et
389 2347 479 2375 ecce
494 2333 642 2375 Daniel
665 2334 807 2374 sedens
831 2333 873 2374 in
890 2333 1023 2375 medio
1048 2333 1223 2374 leonum.
1277 2335 1313 2356 ⁴0
1337 2333 1391 2373 Et
1415 2332 1663 2373 exclamavit
1682 2345 1780 2373 voce
1804 2344 1955 2385 magna
1977 2344 2059 2375 rex,
2093 2309 2243 2369 ‹Biauffiless

151 2394 306 2437 dicens:
325 2394 497 2448 Magnus
515 2406 555 2433 es
573 2393 748 2434 Domine
766 2393 876 2433 Deus
894 2392 1086 2433 Danielis.
1108 2392 1162 2432 Et
1180 2391 1361 2432 extraxit
1379 2404 1471 2431 eum
1490 2391 1539 2432 de
1556 2390 1647 2432 lacu
1664 2390 1840 2432 leonum.
1887 2392 1918 2414 41
1936 2390 2060 2431 Porro
2078 2379 2269 2441 Dfissffifffflffl

151 2452 250 2499 illos,
282 2453 351 2507 qui
379 2451 617 2506 perditionis
647 2451 729 2492 eius
759 2464 880 2492 causa
909 2451 1084 2494 fuerant.
1116 2450 1337 2492 intromisit
1366 2450 1406 2490 in
1435 2449 1581 2499 lacum,
1613 2454 1654 2490 et
1681 2449 1868 2491 devorati
1896 2454 1994 2490 sunt
2021 2448 2062 2489 in

151 2517 359 2553 momento
384 2524 520 2552 coram
545 2524 602 2552 eo.
655 2513 687 2534 ⁴²
711 2510 825 2551 Tunc
847 2523 918 2551 rex
942 2510 1018 2550 ait:
1045 2510 1231 2550 Paveant
1255 2522 1394 2550 omnes
1418 2508 1654 2550 habitantes
1679 2508 1719 2548 in
1744 2508 1934 2549 universa
1957 2512 2065 2548 terra

151 2571 284 2611 Deum
302 2569 502 2616 Danielis:
522 2569 618 2623 quia
635 2569 719 2623 ipse
737 2574 798 2610 est
814 2568 1017 2618 Salvator,
1037 2568 1189 2609 faciens
1206 2567 1333 2622 signa,
1353 2573 1395 2609 et
1411 2567 1614 2608 mirabilia
1630 2567 1671 2608 in
1689 2572 1815 2608 terra:
1836 2566 1904 2620 qui
1921 2566 2064 2607 libera-

152 2629 214 2670 vit
240 2628 453 2670 Danielem
482 2628 532 2670 de
560 2627 651 2669 lacu
679 2627 854 2669 leonum.

286 2732 337 2771 14,
355 2706 407 2764 *235
432 2707 500 2765 {a}
524 2730 556 2772 8,
581 2732 612 2765 3.
