2356 3760
291 197 368 237 874
1111 194 1383 228 PROPHETlA
2011 198 2040 236 1,
2069 197 2164 233 1—2‚
2190 197 2211 229 e

345 294 386 329 et
416 288 685 342 possidebunt
716 289 921 341 regionem
952 287 1163 340 Ephraim.
1197 292 1238 328 et
1268 287 1473 341 regionem
1504 286 1715 329 Samariae:
1801 291 1843 328 et
1874 287 2087 328 Beniamin
2118 301 2209 341 pos-

554 347 703 388 sidebit
734 347 902 387 Galaad.

290 407 327 430 2⁰
344 405 398 446 Et
433 406 738 457 transmigratio
773 404 974 445 exercitus
1010 404 1126 444 huius
1161 404 1334 445 filiorum
1373 404 1507 449 Israel,
1596 403 1733 446 onmia
1764 403 1853 445 loca
1886 404 2209 447 Chananaeorum

555 458 681 517 usone
712 464 763 504 ad
793 464 1028 516 Sareptam:

343 531 383 564 et
412 522 715 573 transmigratio
745 521 978 565 Ierusalem,
1008 534 1098 574 quae
1124 521 1164 562 in
1194 521 1405 575 Bosphoro
1433 528 1506 565 est,
1587 520 1814 575 possidebit
1839 521 2029 563 civitates
2055 522 2207 563 Austri.

289 583 321 606 ²¹
343 582 397 623 Et
431 582 651 622 ascendent
685 580 910 620 salvatores
945 580 983 620 in
1018 586 1201 621 montem
1234 580 1331 621 Sion
1417 580 1594 621 iudicare
1628 585 1811 621 montem
1845 580 1974 621 Esau:
2061 588 2103 621 et
2135 582 2209 622 erit

551 639 728 680 Domino
760 652 941 692 regnum.

498 799 1458 888 PROPHETIA
1544 800 1994 889 IONAE.

646 1027 687 1077 I.
726 1026 897 1077 Prior
935 1026 1137 1078 missio
1177 1026 1494 1092 prophetae,
1535 1027 1749 1089 l,1——2‚
1776 1028 1846 1082 11.

910 1116 949 1156 1.
981 1116 1114 1157 lonas
1145 1118 1188 1157 in
1220 1119 1341 1168 navi,
1371 1118 1411 1168 1,
1431 1117 1583 1158 1-16,

95 1192 125 1216 1¹¹
146 1192 267 1217 Nifflvffl
390 1188 427 1230 1.
486 1190 494 1211 ¹
513 1187 567 1228 Et
584 1186 741 1227 factum
757 1193 817 1227 est
835 1187 1006 1227 verbum
1022 1187 1190 1228 Domini
1206 1188 1258 1228 ad
1276 1187 1420 1229 Ionam
1437 1188 1565 1229 filium
1580 1188 1763 1238 Amathi,
1782 1188 1938 1229 dicens:
1983 1190 1997 1213 ²
2011 1188 2150 1243 Surge,
2169 1196 2209 1231 ct

95 1235 203 1287 1¹13}ssssss
219 1235 264 1287 „if-
287 1247 388 1287 vade
417 1246 457 1286 iu
487 1246 662 1286 Niniven
691 1245 903 1287 civitatem
931 1246 1140 1299 grandem,
1165 1252 1205 1288 et
1233 1247 1411 1300 praedica
1437 1247 1477 1287 in
1505 1260 1570 1288 ea:
1601 1247 1697 1301 quia
1724 1248 1909 1289 ascendit
1936 1248 2096 1289 malitia
2125 1248 2209 1290 eius

119 1299 238 1325 ⁵¹‘⁴‘¹¹⁴¹³*·
285 1318 420 1346 coram
445 1318 519 1346 me.
572 1307 587 1329 ³
611 1304 666 1345 Et
690 1305 865 1346 surrexit
892 1305 1024 1353 Ionas,
1051 1311 1097 1346 ut
1120 1305 1279 1359 fugeret
1303 1306 1344 1346 in
1369 1305 1532 1347 Tharsis
1557 1319 1580 1346 a
1602 1306 1705 1346 facie
1728 1306 1907 1354 Domini,
1934 1311 1976 1348 et
1998 1307 2210 1349 descendit

284 1364 323 1404 in
350 1364 516 1417 Ioppen,
543 1369 583 1405 et
606 1364 763 1405 invenit
786 1377 935 1404 navem
959 1369 1124 1405 euntem
1149 1365 1189 1405 in
1214 1365 1395 1406 Tharsis:
1420 1370 1462 1405 et
1484 1365 1599 1406 dedit
1620 1365 1790 1405 naulum
1813 1365 1909 1409 eius,
1935 1371 1977 1407 et
1998 1366 2209 1407 descendit

284 1423 324 1463 in
351 1436 440 1463 eam
468 1429 513 1463 ut
539 1423 615 1464 iret
641 1436 732 1463 cum
759 1423 813 1463 eis
840 1423 879 1463 in
907 1423 1070 1463 Tliarsis
1096 1436 1120 1463 a
1144 1423 1246 1464 facie
1271 1423 1451 1465 Domini.

122 1487 238 1545 pggjfjss‘vs
390 1484 404 1505 ⁴
422 1481 624 1523 Dominus
643 1486 782 1522 autem
802 1482 911 1522 misit
931 1487 1103 1523 ventum
1121 1496 1317 1536 magnum
1337 1483 1377 1523 in
1396 1495 1526 1523 mare:
1547 1487 1588 1524 et
1605 1482 1718 1524 facta
1736 1487 1797 1524 est
1817 1487 2040 1537 tempestas
2059 1497 2209 1538 magna

138 1558 211 1589 fmn
285 1540 326 1580 in
355 1541 469 1585 mari,
503 1546 543 1581 et
572 1541 689 1581 navis
719 1540 1031 1594 periclitabatur
1060 1542 1226 1582 conteri.
1285 1543 1299 1566 ⁵
1329 1541 1385 1582 Et
1415 1542 1643 1582 timuerunt
1672 1547 1821 1590 nautae,
1854 1547 1895 1583 et
1925 1541 2208 1584 clamaverunt

87 1586 271 1615 Des¹⁰¹¹³⁸⁸¹¹³
285 1599 360 1639 viri
385 1600 437 1640 ad
462 1600 583 1640 deum
609 1613 747 1639 suum:
774 1604 814 1639 et
839 1600 1037 1640 miserunt
1064 1613 1174 1643 vasa.
1203 1613 1293 1653 quae
1318 1605 1435 1641 erant
1459 1600 1499 1640 in
1526 1601 1633 1644 navi,
1660 1601 1702 1641 in
1726 1614 1849 1647 mare,
1876 1606 1923 1642 ut
1949 1601 2210 1643 alleviaretur

283 1657 334 1697 ab
351 1658 425 1698 eis:
444 1662 483 1698 et
503 1658 623 1699 Ionas
641 1658 850 1698 descendit
868 1658 919 1698 ad
936 1658 1132 1699 interiora
1146 1659 1276 1707 navis,
1296 1664 1337 1700 et
1353 1658 1585 1700 dormiebat
1601 1672 1745 1712 sopore
1760 1659 1887 1713 gravi.
1935 1661 1951 1683 ⁶
1966 1659 2023 1701 Et
2038 1661 2209 1701 accessit

282 1717 333 1757 ad
362 1730 454 1756 eum
482 1717 744 1770 gubernator,
776 1723 815 1757 et
845 1717 949 1757 dixit
979 1717 1031 1757 ei:
1063 1717 1169 1765 Quid
1199 1722 1245 1758 tu
1273 1731 1417 1772 sopore
1446 1718 1708 1771 deprimeris?
1738 1731 1866 1772 surge,
1898 1719 2046 1760 invoca
2073 1720 2208 1760 Deum

283 1783 412 1819 tuum.
435 1775 467 1815 si
486 1776 592 1816 forte
612 1776 809 1829 recogitet
828 1776 940 1816 Deus
961 1776 1009 1817 de
1030 1775 1158 1821 nobis,
1182 1781 1221 1817 et
1242 1790 1323 1818 non
1344 1790 1570 1830 pereamus.
1622 1779 1635 1800 ⁷
1656 1777 1711 1818 Et
1732 1777 1838 1818 dixit
1857 1777 1920 1818 vir
1938 1778 1991 1818 ad
2011 1778 2207 1832 collegam

281 1847 419 1874 suum:
454 1834 610 1876 Venite.
646 1839 687 1875 et
718 1834 934 1875 mittamus
967 1840 1108 1883 sortes,
1143 1840 1185 1876 et
1216 1835 1391 1877 sciamus
1426 1848 1550 1889 quare
1582 1836 1658 1877 hoc
1690 1836 1845 1877 malum
1877 1837 1930 1877 sit
1961 1836 2091 1878 nobis.
2151 1837 2210 1878 Et

282 1893 481 1933 miserunt
505 1900 651 1934 sortes:
677 1898 717 1934 et
741 1893 887 1934 cecidit
910 1907 995 1934 sors
1019 1907 1140 1947 super
1165 1894 1321 1936 Ionam.
1377 1896 1392 1918 Β
1414 1894 1470 1935 Et
1494 1895 1687 1935 dixerunt
1710 1895 1763 1936 ad
1786 1908 1898 1936 eum:
1926 1895 2068 1937 Indica
2089 1896 2206 1937 nobis

280 1952 392 1992 cuius
411 1965 533 1992 causa
548 1952 702 1992 malum
720 1952 829 1992 istud
847 1952 900 1993 sit
916 1953 1050 1993 nobis:
1070 1953 1181 2006 quod
1197 1959 1258 1994 est
1275 1967 1376 2006 opus
1394 1953 1539 1994 tuum?
1558 1966 1648 2007 quae
1665 1959 1774 1994 terra
1790 1953 1888 1995 tua?
1906 1959 1947 1995 et
1964 1968 2043 2008 quo
2062 1955 2204 1996 Vadis?

282 2010 344 2050 vel
365 2024 414 2051 ex
437 2024 516 2064 quo
538 2011 689 2064 populo
712 2025 751 2051 es
775 2011 845 2051 tu?
897 2013 911 2035 ⁹
932 2011 988 2052 Et
1010 2012 1114 2052 dixit
1136 2012 1189 2052 ad
1210 2025 1295 2053 eos:
1321 2012 1518 2053 Hebraeus
1541 2026 1613 2066 ego
1635 2026 1738 2060 sum,
1762 2018 1803 2054 et
1823 2013 2050 2054 Dominum
2070 2014 2206 2055 Deum

281 2069 365 2109 caeli
391 2083 462 2123 ego
490 2070 626 2115 timeo,
657 2070 725 2123 qui
750 2070 847 2110 fecit
873 2083 984 2111 mare
1011 2077 1051 2111 et
1077 2071 1247 2112 aridam.
1304 2073 1339 2095 ¹⁰
1363 2071 1420 2112 Et
1446 2071 1674 2112 timuerunt
1700 2072 1777 2112 viri
1803 2072 1948 2113 timore
1975 2086 2137 2126 magno,
2165 2078 2206 2113 et

281 2128 473 2169 dixerunt
501 2129 553 2169 ad
580 2142 691 2169 eum:
722 2129 829 2177 Quid
856 2129 932 2170 hoc
959 2129 1116 2170 fecisti?
1147 2130 1454 2183 (Cognoverunt
1481 2130 1589 2171 enim
1616 2130 1693 2171 viri
1721 2131 1831 2185 quod
1858 2144 1882 2171 a
1908 2131 2011 2172 facie
2037 2131 2205 2173 Domini

280 2187 449 2240 fugeret.
478 2187 573 2240 quia
598 2187 853 2228 indicaverat
878 2188 963 2237 eis.)
1018 2190 1047 2212 ¹¹
1073 2188 1127 2228 Et
1154 2188 1348 2229 dixerunt
1372 2189 1425 2229 ad
1449 2202 1560 2230 euni:
1588 2189 1696 2238 Quid
1720 2189 1917 2231 faciemus
1943 2190 2030 2235 tibi,
2058 2196 2099 2231 et
2124 2203 2206 2232 ces-

281 2245 389 2285 sabit
414 2259 524 2286 mare
552 2259 575 2286 a
601 2245 742 2286 nobis?
771 2246 867 2299 quia
891 2260 1002 2286 mare
1029 2246 1128 2293 ibat,
1157 2253 1198 2288 et
1224 2247 1538 2289 intumescebat.
1594 2250 1626 2272 ¹2
1652 2248 1707 2289 Et
1734 2248 1839 2289 dixit
1866 2249 1918 2290 ad
1944 2262 2029 2290 eos:
2059 2249 2205 2291 Tollite

279 2318 355 2351 me,
385 2310 424 2344 et
452 2304 605 2345 mittite
633 2305 672 2345 in
699 2318 821 2347 mare.
852 2311 892 2345 et
918 2305 1094 2346 cessabit
1121 2319 1231 2346 mare
1258 2319 1282 2346 a
1308 2306 1442 2347 vobis:
1471 2306 1551 2348 scio
1579 2306 1686 2347 enim
1714 2320 1786 2360 ego
1815 2307 2010 2361 quoniam
2036 2314 2206 2361 propter

280 2376 342 2403 me
374 2369 596 2416 tempestas
628 2363 711 2404 haec
740 2364 904 2417 grandis
936 2364 1049 2405 venit
1079 2378 1201 2418 super
1230 2378 1314 2406 vos.

74 2421 268 2481 Μῖζζίξξίξζζῗῐθ
389 2424 418 2446 ¹³
441 2422 496 2462 Et
519 2422 776 2471 remigabant
801 2422 874 2463 viri
899 2428 946 2463 ut
968 2428 1272 2464 reverterentur
1294 2424 1346 2464 ad
1370 2424 1539 2469 aridam,
1565 2430 1606 2465 et
1628 2438 1710 2465 non
1734 2425 1949 2466 valebant:
1975 2424 2072 2478 quia
2093 2438 2205 2466 mare

238 2476 242 2480 ’
280 2480 378 2525 ibat,
412 2486 452 2521 et
483 2481 784 2522 intumescebat
814 2495 935 2535 super
965 2495 1043 2523 eos.
1104 2484 1135 2506 ¹⁴
1164 2482 1220 2523 Et
1251 2482 1535 2524 clamaverunt
1566 2483 1618 2523 ad
1647 2483 1886 2531 Dominum,
1919 2488 1960 2524 et
1991 2483 2202 2525 dixerunt:

276 2540 517 2587 Quaesumus
541 2540 724 2585 Domine,
747 2554 795 2581 ne
815 2554 1028 2594 pereamus
1047 2540 1088 2581 in
1108 2541 1247 2582 anima
1266 2541 1340 2582 viri
1361 2542 1489 2591 istius,
1512 2547 1551 2583 et
1572 2555 1620 2583 ne
1641 2542 1709 2583 des
1729 2555 1851 2596 super
1869 2555 1942 2583 nos
1961 2542 2203 2596 sanguinem

275 2598 553 2639 innocentem:
605 2599 701 2652 quia
734 2605 778 2639 tu
814 2599 1000 2642 Domine.
1036 2600 1140 2640 sicut
1175 2600 1353 2644 voluisti.
1390 2601 1533 2642 fecisti.
1597 2602 1627 2625 ¹5
1660 2601 1716 2642 Et
1750 2601 1934 2642 tulerunt
1969 2601 2127 2649 Ionam,
2163 2607 2203 2642 et

276 2657 472 2698 miserunt
495 2658 534 2698 in
557 2671 685 2698 mare:
709 2664 749 2698 et
771 2659 887 2698 stetit
909 2672 1020 2699 mare
1042 2672 1066 2698 a
1085 2658 1244 2700 fervore
1266 2673 1350 2701 suo.
1403 2661 1437 2683 ¹⁶
1458 2660 1513 2700 Et
1535 2660 1764 2701 timuerunt
1786 2660 1863 2700 viri
1884 2660 2030 2701 timore
2052 2673 2201 2714 magno

274 2716 510 2759 Dominum.
541 2722 581 2757 et
610 2717 931 2758 immolaverunt
958 2718 1113 2758 hostias
1141 2718 1333 2761 Domino.
1364 2724 1405 2759 et
1433 2725 1638 2760 voverunt
1667 2725 1777 2760 vota.

800 2811 838 2850 2.
870 2810 1003 2850 lonas
1033 2811 1076 2850 in
1107 2811 1268 2851 ventre
1297 2812 1453 2863 piscis,
1482 2812 1522 2861 2,
1540 2811 1687 2852 1—11.

117 2883 248 2941 }i›1¹'i⁵{'‘2
382 2878 418 2921 2.
476 2882 487 2903 ¹
520 2879 571 2919 Et
598 2879 848 2932 praeparavit.
873 2878 1075 2919 Dominus
1104 2879 1255 2932 piscem
1282 2881 1479 2934 grandem
1508 2886 1554 2921 ut
1581 2880 1801 2934 deglutiret
1830 2881 1994 2922 Ionam:
2028 2887 2087 2922 aet
2113 2887 2202 2923 erat

99 2924 113 2940 ³
138 2924 202 2946 ''s‘'
220 2925 250 2941 ‘¹‘
287 2936 399 2975 [onas
422 2938 460 2977 in
484 2944 625 2978 ventre
647 2939 766 2991 piscis
789 2938 919 2979 tribus
942 2937 1097 2982 diebus,
1121 2944 1161 2980 et
1185 2939 1315 2980 tribus
1337 2939 1539 2981 noctibus.
1572 2942 1587 2964 2
1608 2940 1663 2981 Et
1685 2940 1819 2981 oravit
1842 2939 1963 2981 Ionas
1986 2940 2039 2982 ad
2058 2940 2200 2982 Domi-

281 3008 374 3034 num
409 2996 535 3036 Deum
567 3011 685 3037 suum
715 2997 764 3038 de
793 3002 936 3037 ventre
966 2997 1097 3049 piscis.
1154 3000 1169 3021 3
1198 2998 1253 3039 Et
1282 2998 1406 3039 dixit:

101 3090 254 3148 „ruffinum
339 3087 538 3128 ¹›('lamavi
568 3090 616 3129 de
648 3090 911 3130 tribulatione
942 3103 1034 3131 mea
1063 3091 1115 3131 ad
1144 3091 1381 3136 Dominum,
1467 3096 1507 3131 et
1537 3091 1751 3131 exaudivit
1780 3103 1864 3131 me:

121 3160 234 3184 numm.
337 3146 384 3185 de
417 3153 555 3186 ventre
587 3148 700 3188 inferi
732 3148 918 3193 clamavi,
1003 3154 1043 3189 et
1073 3150 1278 3190 exaudisti
1308 3163 1450 3191 vocem
1480 3162 1627 3190 meam.

302 3203 384 3243 ‘Et
419 3205 619 3256 proiecisti
654 3220 715 3247 me
748 3207 787 3247 in
821 3207 1071 3260 profundum
1105 3208 1146 3248 in
1179 3208 1298 3249 corde
1330 3208 1466 3257 maris,
1554 3213 1595 3249 et
1627 3207 1780 3249 flumen
1812 3207 2082 3249 circumdedit
2115 3220 2198 3248 me:

334 3276 471 3301 omnes
501 3264 676 3311 gurgites
707 3266 777 3307 tui.
809 3271 849 3306 et
878 3266 1026 3307 flnctus
1056 3267 1114 3307 tui
1199 3280 1320 3320 super
1347 3281 1411 3308 me
1441 3267 1704 3308 transierunt.

298 3322 312 3344 5
334 3320 384 3360 Et
418 3334 488 3370 ego
520 3322 620 3361 (lixit
654 3322 845 3363 Abiectus
876 3338 965 3365 sum
1050 3338 1072 3365 a
1103 3332 1324 3378 conspectu
1355 3326 1565 3367 oculorum
1596 3331 1782 3366 tuorum:

333 3385 617 3419 verumtamen
650 3393 782 3420 rursus
813 3383 960 3423 videbo
1044 3384 1244 3437 templum
1276 3390 1466 3425 sanctum
1497 3389 1628 3426 tuum.

297 3438 313 3459 ⁶
341 3438 719 3479 ‹stircurndodoruut
749 3453 812 3480 me
841 3454 957 3494 aquae
1039 3456 1165 3496 usque
1195 3443 1246 3483 ad
1276 3443 1476 3484 animam:

287 3508 327 3512 ”
412 3528 443 3571 2,
471 3531 485 3563 1
513 3530 581 3563 ant
611 3531 659 3569 12,
685 3532 741 3569 4o;
773 3533 821 3569 ιω,
848 3534 881 3566 4:
915 3533 954 3565 1,‹-
985 3535 1033 3567 11.
1062 3534 1118 3573 5-30;
1147 3535 1162 3567 1
1192 3534 1257 3567 cor
1284 3535 1334 3573 15,
1361 3537 1391 3569 4.
1416 3555 1458 3560 —
1482 3536 1502 3569 3
1526 3535 1589 3569 bes
1615 3535 1688 3575 119,
1714 3536 1742 3568 1.
1769 3555 1811 3559 —
1834 3535 1854 3569 6
1882 3535 1941 3569 ces
1965 3534 2018 3574 68,
2043 3535 2073 3568 ⁶2.
