2356 3760
261 91 363 132 1228
1093 87 1239 121 LIBER
1264 86 1323 120 IV·
1602 124 1612 133 ,
1882 89 1937 130 10,
1964 89 2107 130 31—11,
2134 90 2177 124 34

260 182 387 217 statuit
406 192 460 215 me
480 192 581 226 super
601 181 703 226 pedes
723 191 828 219 meos,
849 183 884 214 et
903 179 992 213 dixit
1011 179 1106 219 mihi,
1150 182 1175 199 ³¹
1197 179 1286 223 Quid
1307 179 1371 213 tibi
1391 179 1462 214 est?
1485 181 1519 213 et
1539 189 1644 222 quare
1664 180 1892 215 conturbatus
1913 185 1965 216 est
1983 182 2177 217 intellectus

260 234 352 269 tuus,
378 233 413 263 et
435 240 554 262 sensus
579 229 688 262 cordis
713 228 782 262 tui?
810 231 844 261 et
868 237 974 271 quare
998 226 1234 260 conturbaris?
1273 226 1321 260 Et
1344 226 1426 267 dixi,
1474 228 1501 246 ³²
1525 226 1696 269 Quoniam
1721 227 1933 272 dereliquisti
1955 239 2021 269 me,
2058 233 2093 264 et
2116 241 2177 275 ego

260 277 400 322 quidem
419 276 483 310 feci
501 276 689 310 secundum
708 284 879 307 sermones
898 277 987 313 tuos,
1007 276 1042 307 et
1059 273 1150 307 exivi
1168 273 1203 306 in
1222 284 1398 318 campum:
1419 277 1455 308 et-
1471 284 1547 307 ecce
1566 273 1648 314 vidi,
1668 277 1703 308 et
1720 274 1820 308 video
1839 274 1933 319 quod
1950 287 2021 310 non
2038 288 2177 321 possum

260 335 428 358 enarrare.
454 323 500 358 Et
523 323 611 356 dixit
635 322 677 355 ad
701 332 766 356 me.
813 323 840 340 ³³
862 321 925 354 Sta
947 324 987 354 ut
1010 320 1072 360 vir,
1096 324 1131 354 et
1154 321 1380 354 commonebo
1403 324 1448 356 te.
1473 320 1521 354 Et
1542 320 1625 360 dixi,
1684 323 1711 341 ³⁴
1733 321 1888 366 Loquere
1910 322 2058 357 Domine
2082 335 2178 358 meus

260 375 299 406 tu
316 371 352 405 in
369 381 435 409 me,
454 370 521 404 noli
541 381 593 403 me
612 368 856 412 derelinquere,
875 370 916 401 ut
932 378 1000 401 non
1018 369 1147 402 frustra
1164 367 1304 402 moriar:
1348 369 1374 387 ³⁵
1392 367 1557 412 quoniam
1574 368 1646 401 vidi
1663 379 1739 412 quae
1756 380 1826 403 non
1843 370 2005 410 sciebam,
2023 373 2059 404 et
2075 371 2178 405 audio

260 429 336 462 quae
352 429 421 452 non
437 418 515 452 scio.
556 419 584 435 ³⁶
600 418 671 449 Aut
687 414 856 459 numquid
872 425 990 448 sensus
1006 425 1101 448 meus
1117 415 1260 455 fallitur,
1277 419 1312 449 et
1327 415 1443 449 anima
1458 425 1535 448 mea
1549 416 1719 450 somniat?
1761 417 1788 435 ³⁷
1804 416 1907 450 Nunc
1922 428 2000 462 ergo
2016 417 2179 462 deprecor

260 470 305 505 te,
325 469 365 500 ut
383 465 595 498 demonstres
614 473 711 496 servo
730 465 791 495 tuo
810 462 852 495 de
870 472 1010 495 excessu
1029 462 1103 496 hoc.
1124 462 1171 496 Et
1189 462 1367 507 respondit
1385 462 1429 495 ad
1447 472 1512 501 me,
1532 465 1567 496 et
1585 462 1684 502 dixit,
1727 464 1755 483 ³⁸
1780 463 1872 497 Audi
1896 474 1950 497 me
1975 466 2010 498 et
2034 464 2177 499 doceam

260 518 304 553 te,
331 516 365 546 et
391 513 502 546 dicam
528 510 591 544 tibi
616 509 657 543 de
683 509 807 553 quibus
832 509 948 543 times:
975 509 1140 553 quoniam
1165 509 1362 543 Altissimus
1388 508 1556 543 revelavit
1578 509 1643 543 tibi
1667 510 1834 553 mysteria
1857 510 1979 546 multa.
2029 513 2058 531 ³⁹
2083 511 2179 546 Vidit

259 564 389 593 rectam
416 559 507 591 viam
532 561 642 595 tuam,
668 556 833 600 quoniam
857 556 929 589 sine
953 556 1205 590 intermissione
1231 555 1490 590 contristabaris
1516 566 1577 600 pro
1603 556 1730 601 populo
1754 560 1827 597 tuo,
1853 560 1888 592 et
1912 558 2013 592 valde
2037 558 2178 604 lugebas

260 611 399 651 propter
420 605 511 639 Sion.
557 606 586 624 ⁴⁰
609 604 674 637 Hic
695 614 772 648 ergo
794 603 990 637 intellectus
1012 603 1151 637 visionis
1174 614 1249 648 quae
1270 603 1335 637 tibi
1356 603 1520 648 apparuit
1540 607 1621 637 ante
1643 604 1832 648 paululum.
1878 607 1904 625 ⁴¹
1927 605 2039 649 Quam
2060 606 2178 640 vidisti

258 654 444 697 lugentem,
466 651 636 685 inchoasti
658 650 824 684 consolari
845 661 932 685 eam.
977 652 1004 670 ⁴2
1025 650 1127 684 Nunc
1148 654 1265 685 autem
1286 650 1355 684 iam
1376 650 1524 694 speciem
1545 650 1695 685 mulieris
1716 662 1785 685 non
1806 651 1913 691 vides,
1935 652 1995 686 sed
2015 653 2179 697 appamit

258 701 321 734 tibi
346 700 469 733 civitas
492 698 667 733 aedificari:
715 700 742 717 ⁴³
765 702 799 731 et
823 698 987 742 quoniam
1011 698 1197 732 enarrabat
1218 697 1283 731 tibi
1306 697 1348 731 de
1372 708 1452 732 casu
1477 697 1535 730 filii
1558 697 1621 738 sui,
1645 698 1717 733 haec
1740 698 1912 733 absolutio
1935 702 1997 734 est.
2045 701 2072 720 ⁴⁴
2095 700 2179 734 Haec

258 747 380 781 mulier
402 757 506 791 quam
530 745 659 780 vidisti.
682 745 754 779 haec
777 750 829 779 est
851 745 946 779 Sion:
972 748 1007 779 et
1029 745 1194 789 quoniam
1217 745 1306 779 dixit
1327 744 1392 779 tibi
1415 755 1520 788 quam
1543 747 1578 778 et
1598 755 1691 778 nunc
1714 746 1911 790 conspicies,
1934 749 1975 781 ut
1997 746 2178 781 civitatem

257 794 475 829 aedificatam.
524 795 550 813 ⁴⁵
575 793 621 826 Et
645 793 809 837 quoniam
833 792 922 826 dixit
946 792 1020 831 tibi,
1046 792 1127 836 quia
1150 792 1273 826 sterilis
1297 792 1364 826 fuit
1387 792 1531 836 triginta
1554 792 1667 826 annis:
1693 796 1834 837 propter
1858 793 1952 838 quod
1975 798 2073 828 erant
2097 794 2179 828 anni

257 841 385 875 scilicet
402 841 556 885 triginta,
575 840 714 885 quando
732 850 800 873 non
819 843 893 873 erat
910 840 944 873 in
962 850 1000 873 ea
1019 839 1132 873 adhuc
1150 839 1279 873 oblatio
1298 839 1426 874 oblata.
1468 841 1498 858 ⁴⁸
1516 839 1563 873 Et
1579 839 1713 874 factum
1730 844 1782 874 est
1800 843 1878 885 post
1895 851 2003 875 annos
2020 840 2175 886 triginta,

256 889 441 923 aedificavit
461 888 623 922 Salomon
643 887 832 926 civitatem,
853 891 888 920 et
906 887 1035 920 obtulit
1053 886 1260 921 oblationes:
1281 890 1365 920 tunc
1383 887 1449 921 fuit
1469 887 1608 931 quando
1629 887 1761 931 peperit
1779 888 1902 922 sterilis
1921 888 2041 923 filium.
2083 890 2112 908 ⁴⁷
2132 888 2179 922 Et

257 936 350 980 quod
372 935 436 970 tibi
458 935 557 974 dixit,
581 934 745 978 quoniam
766 934 915 968 nutrivit
937 944 1015 967 eum
1032 945 1110 967 cum
1132 934 1259 974 labore,
1282 934 1346 968 hoc
1366 937 1450 973 erat,
1473 933 1646 968 habitatio
1667 934 1703 968 in
1722 934 1918 970 Ierusalem.
1958 937 1986 955 ⁴⁸
2006 935 2053 970 Et
2071 945 2178 980 quon-

256 984 325 1017 iam
345 983 433 1017 dixit
452 982 525 1021 tibi.
546 982 639 1026 quod
658 981 745 1015 filius
764 992 860 1014 meus
879 981 1019 1015 veniens
1046 981 1081 1015 in
1106 992 1167 1015 suo
1198 981 1353 1015 thalamo
1372 984 1529 1015 mortuus
1548 984 1647 1021 esset,
1667 985 1702 1016 et
1721 981 1920 1027 contigisset
1937 982 1967 1016 ei
1985 993 2095 1022 casus,
2114 983 2180 1016 hoc

257 1035 341 1069 erat,
369 1040 444 1074 quae
470 1030 563 1063 facta
589 1033 640 1062 est
665 1028 763 1062 ruina
791 1028 986 1063 Ierusalem.
1036 1030 1065 1048 ¹⁹
1091 1028 1138 1062 Et
1162 1039 1249 1069 6666,
1276 1028 1394 1062 vidisti
1419 1028 1681 1062 similitudinem
1706 1029 1792 1063 eius:
1820 1032 1855 1063 et
1879 1029 2045 1073 quoniam
2069 1029 2178 1063 filium

256 1078 398 1122 lugeret,
418 1076 588 1110 inchoasti
608 1076 775 1109 consolari
794 1086 885 1109 eam:
907 1079 941 1109 et
961 1075 1002 1109 de
1021 1076 1073 1109 his
1093 1086 1169 1119 quae
1189 1076 1419 1120 contigerunt,
1440 1076 1512 1110 haec
1531 1079 1630 1110 erant
1649 1076 1712 1110 tibi
1732 1076 1928 1120 aperienda.
1971 1078 2000 1097 ⁵⁰
2020 1077 2067 1111 Et
2085 1087 2178 1111 nunc

256 1125 352 1158 videt
377 1124 585 1164 Altissimus,
611 1123 776 1167 quoniam
802 1134 843 1156 ex
868 1123 983 1156 animo
1009 1123 1235 1157 contristatus
1260 1134 1305 1164 es,
1344 1126 1379 1157 et
1403 1123 1568 1167 quoniam
1593 1134 1635 1156 ex
1659 1127 1735 1157 toto
1761 1124 1862 1157 corde
1886 1124 2014 1168 pateris
2040 1135 2100 1168 pro
2126 1135 2177 1164 ea,

257 1172 410 1206 ostendit
434 1171 498 1205 tibi
521 1171 714 1205 claritatem
738 1170 852 1215 gloriae
876 1170 957 1205 eius,
983 1174 1018 1204 et
1041 1170 1333 1215 pulchritudinem
1357 1170 1488 1204 decoris
1511 1170 1593 1205 eius.
1642 1172 1667 1190 5¹
1693 1171 1880 1215 Propterea
1903 1171 1994 1204 enim
2017 1171 2090 1204 dixi
2113 1170 2178 1205 tibi

257 1222 297 1253 ut
320 1229 475 1253 maneres
500 1218 536 1252 in
561 1229 683 1262 campo
708 1217 768 1251 ubi
792 1217 915 1251 domus
940 1228 1009 1251 non
1034 1221 1086 1251 est
1110 1217 1291 1252 aedificata.
1341 1219 1367 1237 ⁵²
1392 1217 1550 1252 Sciebam
1575 1217 1666 1251 enim
1691 1229 1763 1262 ego,
1790 1218 1955 1262 quoniam
1979 1218 2177 1252 Altissimus

255 1266 444 1311 incipiebat
465 1265 529 1299 tibi
551 1265 729 1300 ostendere
750 1265 836 1299 haec:
883 1266 910 1284 5³
932 1268 1115 1309 propterea
1135 1265 1207 1298 dixi
1228 1265 1292 1298 tibi
1314 1268 1354 1299 ut
1374 1265 1507 1298 venires
1528 1265 1564 1298 in
1585 1276 1706 1310 agrum
1728 1265 1787 1299 ubi
1808 1276 1877 1299 non
1899 1269 1952 1299 est
1972 1265 2177 1299 fundamen-

255 1317 332 1347 tum
353 1313 496 1348 aedificii.
544 1315 571 1333 ⁵⁴
592 1312 664 1346 Nec
686 1312 776 1346 enim
799 1315 938 1357 poterat
959 1323 1045 1357 opus
1067 1312 1201 1346 aedificii
1222 1312 1370 1346 hominis
1392 1312 1554 1347 sustineri
1574 1312 1610 1346 in
1631 1312 1717 1352 loco,
1740 1312 1800 1346 ubi
1821 1312 2052 1357 incipiebatur
2073 1312 2178 1347 Altis-

256 1361 333 1394 simi
359 1361 481 1395 civit-as
507 1360 652 1394 ostendi.

73 1411 102 1436 in
123 1411 227 1437 eodem
369 1410 395 1427 ⁵⁵
421 1408 472 1442 Tu
497 1419 574 1452 ergo
599 1407 669 1440 noli
693 1407 824 1446 timere,
850 1417 961 1450 neque
986 1410 1196 1451 expavescat
1221 1417 1278 1440 cor
1301 1410 1417 1440 tuum:
1443 1407 1503 1440 sed
1527 1407 1713 1451 ingredere,
1740 1410 1775 1442 et
1798 1406 1877 1441 vide
1902 1407 2119 1452 splendorem
2143 1410 2179 1441 et

93 1446 191 1508 nigri}
255 1455 531 1499 magnitudinem
556 1454 700 1493 aedificii,
727 1458 898 1498 quantum
925 1464 1035 1498 capax
1060 1457 1113 1488 est
1138 1453 1202 1487 tibi
1227 1454 1320 1487 visus
1346 1453 1523 1487 oculorum
1549 1453 1679 1488 videre:
1730 1456 1759 1474 ⁵⁶
1784 1457 1819 1488 et
1852 1457 1931 1499 post
1963 1454 2036 1489 haec
2060 1454 2177 1488 audies

198 1502 203 1506 “
256 1508 428 1546 quantum
452 1502 545 1546 capit
568 1502 707 1535 auditus
731 1501 866 1535 aurium
889 1506 1028 1534 tuarum
1052 1501 1180 1534 audire.
1228 1503 1255 1519 ⁵⁷
1280 1501 1331 1534 Tu
1354 1501 1445 1534 enim
1468 1501 1590 1534 beatus
1614 1512 1648 1535 es
1671 1512 1739 1545 prae
1762 1501 1892 1541 multis,
1916 1504 1952 1535 et
1974 1505 2119 1535 vocatus
2142 1511 2176 1535 es

253 1549 347 1594 apud
367 1549 584 1583 Altissimum
603 1549 693 1582 sicut
712 1551 746 1582 et
766 1548 876 1592 pauci.
921 1549 949 1567 ⁵⁸
969 1548 1080 1582 Nocte
1101 1552 1219 1581 autem
1239 1558 1315 1592 quae
1335 1547 1370 1581 in
1390 1548 1579 1582 crastinum
1599 1548 1720 1582 futura
1738 1551 1800 1588 est,
1821 1548 1977 1582 manebis
1996 1548 2066 1582 hic:
2094 1550 2123 1568 ⁵⁹
2143 1551 2178 1582 et

253 1596 413 1630 ostendet
437 1596 502 1630 tibi
526 1596 722 1630 Altissimus
748 1606 804 1629 eas
829 1595 976 1629 visiones
1000 1606 1251 1639 supremorum,
1278 1606 1353 1639 quae
1378 1595 1483 1629 faciet
1506 1595 1704 1629 Altissimus
1728 1595 1780 1630 his
1805 1596 1864 1640 qui
1888 1595 2053 1630 habitant
2076 1606 2179 1641 super

253 1648 380 1678 terram
407 1655 427 1677 a
452 1643 646 1677 novissimis
673 1642 803 1677 diebus.
857 1644 886 1663 ⁶⁰
913 1642 960 1677 Et
985 1642 1134 1677 dormivi
1158 1642 1253 1676 illam
1279 1646 1417 1677 noctem
1444 1646 1479 1676 et
1505 1642 1619 1683 aliam,
1647 1643 1737 1677 sicut
1763 1643 1900 1677 dixerat
1924 1642 2019 1677 mihi.

562 1723 597 1760 2.
626 1722 831 1768 symbolo
861 1722 1017 1767 aquilae
1046 1722 1097 1758 de
1124 1723 1232 1759 mari
1261 1723 1552 1768 ascendentis,
1578 1722 1658 1768 11,1
1681 1744 1725 1747 —
1746 1722 1867 1768 1251.

95 1793 202 1825 Aquila
366 1784 418 1818 11.
468 1785 477 1802 ¹
504 1783 551 1816 Et
574 1782 646 1815 vidi
670 1782 853 1821 somnium,
879 1786 914 1816 et
938 1793 1013 1816 6666
1038 1782 1249 1817 ascendebat
1272 1782 1314 1816 de
1337 1783 1424 1816 mari
1448 1782 1575 1826 aquila,
1602 1782 1655 1816 cui
1679 1785 1779 1816 erant
1802 1782 1985 1817 duodecim
2009 1782 2072 1818 alae
2096 1793 2177 1828 pen-

58 1829 155 1859 oepita
171 1829 237 1855 tria.
255 1842 378 1864 narum
400 1834 434 1864 et
456 1830 570 1875 capita
592 1830 668 1864 tria.
715 1831 726 1849 2
748 1829 794 1863 Et
815 1829 898 1869 vidi,
921 1835 955 1863 et
976 1840 1052 1863 ecce
1073 1830 1296 1874 expandebat
1317 1829 1387 1863 alas
1409 1841 1488 1863 suas
1509 1830 1545 1863 in
1566 1840 1703 1863 omnem
1724 1832 1864 1869 terram,
1887 1833 1922 1864 et
1942 1841 2059 1864 01111163
2080 1830 2178 1865 venti

65 1865 219 1925 duoasissgim
255 1878 326 1912 caeli
350 1878 578 1911 insufflabant
602 1877 636 1910 in
662 1887 748 1916 eam,
775 1881 809 1911 et
834 1876 1093 1921 colligebantur.
1143 1880 1154 1897 ³
1180 1877 1226 1911 Et
1251 1877 1333 1917 vidi,
1360 1881 1395 1911 et
1419 1877 1461 1910 de
1486 1877 1606 1921 pennis
1631 1877 1703 1911 eius
1727 1877 1961 1911 nascebantur
1997 1878 2177 1912 contrariae

68 1920 229 1962 contrarias
255 1936 386 1970 pemiae.
412 1930 446 1959 et
470 1925 550 1969 ipsae
576 1924 706 1958 fiebant
729 1924 765 1957 in
789 1924 988 1969 pennaculis
1013 1924 1155 1958 minutis
1181 1928 1216 1959 et
1239 1925 1392 1960 modicis.
1441 1926 1454 1944 ⁴¹
1477 1924 1569 1958 Nam
1594 1924 1710 1969 capita
1733 1924 1804 1958 eius
1829 1928 1929 1959 erant
1952 1925 2176 1969 quiescentia,

55 1977 164 2001 pennas
175 1975 241 1997 00¹0
254 1976 288 2007 et
311 1973 493 2006 dimidium
515 1975 621 2016 caput
643 1976 717 2005 erat
739 1972 849 2005 maius
872 1972 1017 2005 aliorum
1040 1972 1206 2016 capitum,
1229 1972 1289 2005 sed
1310 1972 1386 2016 ipsa
1408 1971 1608 2016 quiescebat
1630 1983 1708 2006 cum
1731 1972 1787 2006 613.
1834 1974 1846 1991 5
1869 1972 1916 2006 Et
1937 1972 2020 2011 vidi,
2043 1976 2079 2007 et
2100 1983 2177 2007 6666

95 2007 197 2037 habet;
254 2020 369 2064 aquila
389 2020 521 2053 volavit
539 2019 573 2053 in
593 2019 712 2063 pennis
731 2019 810 2059 31113,
831 2024 866 2053 et
885 2019 1043 2064 regnavit
1060 2030 1162 2064 super
1180 2023 1319 2059 terram,
1339 2022 1375 2053 et
1392 2030 1494 2064 super
1512 2030 1568 2053 eos
1588 2019 1647 2064 qui
1664 2019 1829 2053 habitant
1846 2019 1882 2053 in
1899 2030 1949 2053 ea.
1996 2021 2008 2039 ⁶
2026 2019 2074 2054 Et
2090 2019 2175 2060 vidi,

253 2067 417 2111 quoniam
442 2067 596 2100 subiecta
621 2070 720 2100 erant
744 2066 773 2099 ei
798 2067 915 2100 omnia
938 2066 1002 2100 sub
1028 2067 1119 2106 caelo,
1145 2070 1181 2100 et
1204 2077 1305 2100 nemo
1330 2067 1378 2100 illi
1403 2066 1674 2105 contradicebat,
1700 2077 1811 2111 neque
1836 2077 1925 2100 unus
1949 2066 1992 2100 de
2016 2070 2176 2101 creatura

253 2125 329 2158 quae
348 2119 399 2147 est
418 2125 519 2157 super
537 2118 675 2147 terram.
721 2115 731 2132 Τ
753 2113 799 2146 Et
817 2113 899 2147 vidi.
920 2116 954 2147 et
973 2124 1049 2146 ecce
1067 2114 1216 2147 surrexit
1235 2114 1351 2157 aquila
1369 2124 1471 2157 super
1489 2124 1619 2158 ungues
1638 2124 1728 2153 suos,
1749 2117 1784 2147 et
1802 2113 1897 2147 misit
1916 2124 2036 2148 vocem
2056 2114 2176 2158 pennis

253 2161 333 2197 31113,
351 2161 476 2200 (1166113,
519 2162 530 2180 ⁵
546 2161 662 2194 Nolite
678 2171 795 2194 omnes
811 2160 913 2193 simul
929 2160 1079 2204 vigilare,
1097 2161 1244 2194 dormite
1260 2161 1497 2205 unusquisque
1513 2161 1548 2194 in
1563 2160 1637 2194 loco
1653 2171 1725 2200 suo,
1743 2164 1777 2194 et
1793 2171 1853 2205 per
1868 2164 2006 2205 tempus
2022 2161 2174 2205 vigilate.

257 2210 268 2228 ⁹
294 2208 415 2252 Capita
437 2213 553 2242 autem
574 2208 608 2241 in
628 2207 814 2241 novissimo
834 2212 1024 2241 serventur.
1069 2209 1099 2228 ¹⁰
1119 2208 1166 2241 Et
1186 2207 1267 2247 vidi,
1289 2211 1324 2241 et
1343 2218 1419 2242 ecce
1440 2219 1508 2241 vox
1528 2219 1598 2241 non
1618 2208 1738 2241 exibat
1757 2207 1799 2241 de
1819 2208 1992 2253 capitibus
2013 2208 2095 2249 eius,
2116 2208 2176 2243 sed

253 2256 294 2289 de
317 2256 504 2289 medietate
530 2255 677 2299 corporis
702 2255 782 2288 eius.
832 2257 856 2274 ¹¹
882 2255 929 2288 Et
951 2255 1132 2288 numeravi
1156 2255 1345 2289 contrarias
1370 2265 1500 2299 pennas
1524 2255 1607 2294 eius,
1631 2259 1667 2289 et
1690 2265 1766 2289 ecce
1789 2255 1870 2299 ipsae
1895 2258 1994 2289 erant
2017 2258 2106 2290 octo.

73 2308 228 2334 duodecim
368 2305 395 2322 ¹²
420 2303 465 2336 Et
491 2302 572 2338 vidi.
598 2306 632 2336 et
656 2313 732 2336 ecce
757 2313 777 2335 a
800 2302 943 2336 dextera
968 2306 1066 2346 pane
1091 2303 1240 2336 surrexit
1264 2313 1334 2336 una
1359 2313 1482 2346 penna,
1509 2305 1544 2336 et
1566 2302 1726 2347 regnavit
1748 2312 1850 2346 super
1874 2312 2011 2336 omnem
2036 2306 2173 2337 terram.

123 2345 174 2368 ³¹²⁸
256 2352 282 2369 ¹³
308 2350 353 2384 Et
378 2350 511 2383 factum
536 2355 587 2383 est
612 2360 689 2383 cum
713 2353 881 2394 regnaret,
908 2349 1003 2383 venit
1027 2349 1057 2383 61
1080 2349 1167 2389 finis,
1193 2354 1228 2383 et
1250 2360 1320 2383 non
1344 2349 1507 2394 apparuit
1529 2349 1624 2383 locus
1649 2349 1734 2383 eius:
1761 2353 1796 2383 et
1819 2359 1964 2393 sequens
1989 2350 2175 2390 exurrexit,

45 2416 74 2441 et
86 2383 287 2446 ffgssgffmvet
312 2397 489 2442 regnabat.
517 2397 592 2441 ipsa
616 2397 766 2430 multum
788 2397 902 2430 tenuit
923 2400 1070 2441 tempus,
1117 2398 1144 2416 ¹⁴
1167 2397 1213 2431 Et
1234 2398 1367 2431 iactum
1389 2400 1441 2430 est
1463 2408 1541 2430 cum
1562 2400 1731 2441 regnaret,
1754 2400 1789 2430 et
1811 2396 1974 2431 veniebat
1994 2396 2071 2430 finis
2093 2397 2175 2437 eius,

254 2452 292 2478 ut
313 2455 381 2478 non
403 2451 585 2489 appareret
605 2444 694 2478 sicut
716 2444 815 2488 prior.
862 2446 888 2463 ¹⁵
909 2444 956 2478 Et
976 2455 1063 2484 ecce,
1086 2455 1154 2477 vox
1175 2444 1299 2477 emissa
1320 2447 1371 2478 est
1391 2444 1449 2484 illi,
1472 2444 1598 2481 dicens,
1643 2445 1673 2463 ¹⁶
1698 2443 1790 2478 Audi
1810 2447 1848 2478 tu
1870 2454 1946 2487 quae
1968 2447 2068 2478 tanto
2090 2447 2176 2478 tem-

254 2503 333 2535 pore
352 2491 493 2525 tenuisti
513 2497 650 2525 terram.
671 2491 742 2525 haec
761 2491 932 2524 annuncio
951 2491 1016 2525 tibi
1035 2494 1224 2535 antequam
1243 2491 1385 2535 incipias
1405 2502 1473 2524 non
1492 2502 1667 2535 apparere.
1711 2492 1738 2510 ¹⁷
1758 2491 1869 2524 Nemo
1889 2494 1970 2535 post
1987 2494 2022 2525 te
2041 2491 2176 2525 tenebit

252 2542 389 2582 tempus
414 2544 526 2578 tuum,
552 2538 610 2571 sed
636 2549 697 2572 nec
723 2538 904 2571 dimidium
930 2538 1010 2572 61113.
1073 2541 1101 2557 ¹⁸
1128 2538 1173 2572 Et
1198 2539 1329 2572 levavit
1354 2549 1389 2572 se
1414 2538 1527 2574 tertia.
1567 2542 1602 2572 et
1626 2538 1740 2572 tenuit
1765 2538 2001 2583 principatum
2026 2538 2117 2572 sicut
2141 2541 2176 2573 et

253 2586 394 2629 priores:
414 2591 448 2619 et
464 2596 532 2619 non
549 2585 711 2630 apparuit
727 2591 761 2619 et
778 2585 860 2629 ipsa.
902 2587 931 2605 ¹⁹
948 2585 995 2620 Et
1010 2585 1057 2619 sic
1074 2585 1299 2630 contingebat
1315 2585 1474 2619 omnibus
1490 2585 1564 2619 aliis
1581 2585 1781 2630 singulatim
1798 2585 2034 2630 principatum
2049 2596 2174 2630 gerere,

253 2638 286 2666 et
311 2633 437 2667 iterum
462 2643 634 2676 nusquam
660 2643 865 2676 comparere.

58 2681 121 2705 ¹111ae
138 2688 237 2720 veum>
365 2682 393 2699 ²0
419 2680 464 2713 Et
490 2679 571 2718 vidi,
598 2683 632 2713 et
657 2675 793 2713 eccein
819 2684 973 2723 tempore
999 2683 1181 2723 sequentes
1208 2691 1328 2724 pennae
1354 2680 1574 2724 erigebantur
1599 2691 1619 2713 a
1644 2680 1788 2714 dextera
1813 2682 1923 2724 parte,
1952 2683 1991 2713 ut
2015 2682 2176 2713 tenerent

63 2719 229 2780 Γζζζζξζιζῐ
254 2733 287 2760 et
313 2727 392 2770 ipsae
419 2727 666 2771 principatum:
694 2733 727 2760 et
747 2738 788 2760 ex
807 2727 859 2760 his
878 2730 976 2760 erant
996 2738 1071 2771 quae
1091 2727 1269 2767 tenebant,
1289 2727 1348 2761 sed
1368 2730 1485 2761 tamen
1505 2727 1625 2760 statim
1644 2737 1714 2760 non
1733 2727 1992 2771 comparebant.
2037 2728 2061 2746 ²¹
2081 2726 2173 2760 Nam

75 2772 233 2817 disparent
255 2780 286 2806 et
313 2774 434 2817 aliquae
460 2785 501 2807 ex
527 2774 572 2807 eis
598 2774 826 2818 erigebantur,
853 2774 912 2807 sed
936 2785 1005 2807 non
1030 2775 1197 2808 tenebant
1223 2774 1466 2819 principatum.
1516 2776 1543 2794 ²²
1568 2774 1614 2807 Et
1638 2773 1709 2807 vidi
1733 2777 1812 2818 post
1836 2774 1918 2813 haec,
1944 2777 1979 2807 et
2003 2784 2079 2807 ecce
2103 2784 2174 2807 non

255 2827 521 2863 comparuerunt
546 2821 727 2854 duodecim
753 2832 872 2865 pennae
898 2825 932 2854 et
956 2821 1024 2855 duo
1050 2821 1256 2865 pennacula:
1307 2823 1332 2841 ²³
1357 2825 1391 2855 et
1415 2821 1499 2855 nihil
1523 2824 1701 2866 supererat
1725 2821 1760 2854 in
1785 2831 1925 2865 corpore
1950 2820 2086 2865 aquilae,
2110 2820 2176 2854 nisi

255 2866 323 2900 duo
351 2868 462 2910 capita
492 2868 703 2911 quiescentia
730 2875 763 2902 et
790 2879 849 2902 sex
877 2868 1077 2912 pennacula.

46 2916 109 2953 (ἰὼν
127 2921 191 2961 0¹¹{11
209 2922 252 2937 ’Ἠ-
369 2916 394 2932 2¹
421 2915 463 2947 lit
492 2915 570 2948 vidi.
598 2920 631 2948 et
656 2926 731 2948 6666
756 2926 815 2949 sex
841 2916 1038 2959 pennaculis
1064 2916 1181 2949 divisae
1206 2919 1287 2949 sunt
1312 2916 1399 2955 duae,
1425 2919 1460 2949 et
1483 2918 1686 2949 manserunt
1709 2915 1774 2948 sub
1799 2915 1912 2959 capite
1937 2914 2031 2959 quod
2055 2917 2107 2949 est
2131 2914 2176 2949 ad

48 2950 432 3009 ω’,ζᾘζίξζῐξξω(161116ῑῆ111
463 2968 605 3004 partein.
638 2962 725 2996 Nam
755 2967 923 3006 quattuor
950 2966 1152 2996 manserunt
1180 2963 1214 2996 in
1242 2963 1316 2996 loco
1344 2974 1415 2997 suo.

116 3032 180 3055 ΛΜ
207 3005 212 3013 ’
415 3008 458 3041 Et
481 3009 560 3041 vidi.
584 3015 616 3042 et
639 3020 714 3043 6666
736 3010 910 3043 subalares
933 3010 1134 3054 cogitabant
1156 3021 1189 3043 se
1211 3010 1336 3054 erigere
1358 3014 1393 3044 et
1413 3013 1528 3044 tenere
1550 3009 1775 3054 principatus.
1822 3011 1850 3028 ²⁶
1872 3009 1919 3043 Et
1939 3008 2021 3048 vidi,
2044 3011 2079 3043 et
2099 3018 2175 3042 6666

66 3069 183 3096 :vanam
206 3070 231 3089 ω
256 3065 322 3087 una
338 3060 451 3088 erecta
466 3061 528 3088 est.
545 3056 602 3088 sed
618 3057 738 3090 statim
754 3068 823 3090 non
838 3057 1042 3101 comparuit.
1080 3059 1107 3076 ²⁷
1125 3057 1170 3091 Et
1185 3057 1343 3091 secundae
1359 3057 1509 3090 velocius
1533 3068 1639 3100 quam
1655 3057 1793 3100 priores,
1809 3066 1879 3089 non
1894 3059 2173 3100 comparuerunt.

69 3103 227 3132 (imment.
256 3104 281 3120 ²*
312 3102 355 3135 Et
382 3102 461 3135 vidi.
489 3107 521 3135 et
547 3113 622 3135 ecce
648 3104 723 3136 duze
749 3115 825 3147 quae
850 3108 1103 3148 superaverunt
1127 3104 1220 3148 apud
1246 3105 1448 3148 semetipsas
1474 3104 1677 3148 cogitabant
1701 3106 1736 3137 et
1761 3103 1842 3148 ipsae
1867 3113 2018 3148 regnare.

94 3149 157 3187 d'yss
179 3156 193 3171 ³
366 3150 394 3167 ²⁹
415 3155 447 3182 et
470 3150 503 3181 in
524 3160 562 3182 eo
584 3160 661 3182 cum
683 3151 885 3195 cogitarent.
907 3162 983 3184 ecce
1004 3162 1111 3184 unum
1134 3152 1384 3195 quiescentium
1406 3151 1560 3195 capitum
1582 3150 1674 3195 quod
1696 3154 1770 3184 erat
1790 3150 1954 3189 medium.
1976 3149 2174 3194 evigilabat,

64 3186 234 3243 ῗῇξζιῗξηᾞ]
256 3195 318 3227 hoc
344 3196 433 3228 enim
459 3200 532 3229 erat
558 3196 702 3229 duorum
730 3198 882 3241 capitum
910 3199 1029 3232 maius.
1093 3201 1121 3219 ³⁰
1148 3199 1193 3232 Et
1219 3198 1289 3232 vidi
1315 3199 1479 3241 quoniam
1505 3198 1678 3242 completa
1702 3202 1784 3231 sunt
1808 3197 1877 3231 duo
1903 3197 2020 3241 capita
2043 3206 2173 3230 secum:

88 3254 210 3280 duntur:
257 3244 278 3260 ³¹¹
308 3249 341 3274 et
367 3253 441 3275 6666
468 3253 671 3276 conversum
697 3248 748 3277 est
774 3250 879 3288 caput
905 3256 983 3278 cum
1006 3246 1057 3278 his
1081 3245 1140 3290 qui
1163 3256 1241 3279 cum
1260 3256 1298 3278 eo
1316 3249 1426 3285 erant,
1450 3250 1485 3279 et
1508 3245 1659 3279 comedit
1681 3245 1767 3278 duas
1789 3244 1965 3278 subalares
1988 3254 2064 3288 quae
2087 3243 2175 3288 cogi-

107 3302 191 3329 vaput
256 3289 380 3322 tabant
409 3301 556 3333 regnare.

68 3335 193 3359 ¹¹¹⁴'‘¹i¹¹'¹¹
214 3336 240 3357 Ρ*
371 3338 396 3355 ‘¹2
427 3336 497 3368 Hoc
523 3344 639 3370 autern
666 3342 770 3380 caput
797 3339 1045 3380 perconterruit
1071 3350 1207 3372 ornnem
1233 3343 1371 3378 terram,
1398 3343 1433 3373 et
1458 3339 1705 3373 dominabatur
1729 3339 1763 3372 in
1788 3349 1828 3372 ea
1853 3339 1904 3372 his
1929 3337 1988 3381 qui
2012 3337 2176 3371 habitant

66 3372 235 3434 Γῖἒζῖἶζζῃζῖ,
259 3389 383 3416 terram
411 3394 486 3416 cum
513 3383 627 3416 labor<¹
653 3384 773 3423 multo,
801 3388 832 3417 et
861 3390 1081 3428 potentatum
1108 3387 1221 3420 tenuit
1246 3387 1336 3420 orbis
1362 3391 1530 3420 terrarum
1556 3397 1658 3430 super
1682 3396 1799 3419 omnes
1825 3385 1896 3418 alas
1921 3395 1997 3429 quae
2022 3385 2173 3418 fuerunt.

72 3441 230 3470 ‹iispars-nn
259 3432 284 3448 ³¹³
311 3430 355 3463 Et
382 3430 450 3463 vidi
478 3435 554 3473 post
579 3431 658 3470 haec,
684 3435 717 3465 et
741 3442 816 3464 ecce
841 3432 991 3465 modium
1016 3437 1121 3476 caput
1143 3433 1259 3467 subito
1282 3444 1351 3467 non
1375 3433 1579 3478 comparuit,
1604 3438 1639 3467 et
1661 3434 1725 3467 hoc
1748 3433 1838 3467 sicut
1859 3432 1931 3465 alae.
1980 3433 2006 3451 ³⁴
2029 3432 2173 3476 Supera-
