2356 3760
162 89 213 128 18,
240 88 359 127 e-19‚
385 90 427 122 20
1050 88 1185 121 ISAIAE
1974 97 2050 139 683

213 186 254 222 et
276 182 547 234 praecidentur
567 180 784 222 ramusculi
807 179 891 220 eius
913 180 1102 221 falc-ibus:
1179 186 1219 221 et
1243 195 1332 234 quae
1354 182 1542 223 derelicta
1566 184 1725 227 fuerint.
1751 189 2049 239 abscindentur,

423 246 464 281 et
492 239 760 281 excutientur.

178 300 194 322 ὅ
214 298 270 339 Ε1
298 298 578 352 relinquentur
607 296 725 337 simul
755 296 900 336 avibus
929 297 1144 339 montium.
1229 303 1267 338 et
1299 299 1436 339 bestiis
1466 305 1599 341 terrae:

214 362 255 397 et
279 363 421 398 testate
440 361 640 410 perpetua
655 359 774 395 erunt
797 367 917 408 super
936 367 1027 395 eum
1049 355 1242 397 volucres.
1300 362 1340 397 et
1360 371 1497 398 omnes
1518 359 1655 399 bestiae
1676 367 1790 401 terrae
1809 374 1926 414 super
1943 364 2052 404 illum

422 414 674 455 hiemabunt.

269 523 282 544 ⁷
314 520 361 559 In
392 524 574 571 tempore
603 516 668 557 illo
700 517 903 557 deferetur
931 530 1080 558 munus
1109 519 1285 559 Domino
1316 520 1564 560 exercituum
1596 534 1617 560 a
1649 522 1796 575 populo
1827 524 1983 564 divulso
2015 530 2054 565 et
2077 530 2122 558 qm
2145 529 2236 554 Dmm

162 579 400 619 dilacerato:
416 590 441 617 a
453 575 604 630 populo
619 575 798 623 terribili,
815 581 908 629 post
924 589 1044 629 quem
1058 576 1232 617 nonfuit
1248 577 1359 626 alius,
1377 591 1401 618 a
1413 584 1532 631 gente
1547 586 1799 632 expectante,
1814 588 2053 635 expectante
2067 564 2256 624 ὴοιιῐέἷῖῗωη.

162 643 202 677 et
231 636 481 684 conculcata,
513 634 625 675 cuius
656 633 912 687 diripuerunt
940 634 1111 675 flumina
1140 640 1290 675 terrain
1321 636 1415 685 eius,
1448 637 1500 677 ad
1529 637 1661 677 locum
1693 640 1863 680 nominis
1892 641 2057 682 Domini

161 695 414 735 exercituum
443 698 626 734 montem
655 692 762 734 Sion.

568 807 606 848 6.
636 807 701 848 De
730 807 966 859 punitione
995 807 1334 859 AEgyptiorum,
1361 809 1428 859 19,
1447 810 1598 860 1—20,
1618 811 1656 850 6.

266 880 329 924 19.
384 882 398 904 1
427 879 540 921 011115
571 878 750 932 AEgypti.
2080 885 2241 915 mmmmm

215 950 318 991 Ecce
346 949 546 990 Dominus
577 949 769 989 ascendet
796 962 917 1002 super
944 950 1094 990 nubem
1122 950 1265 994 levem.
1349 957 1390 991 et
1417 951 1663 1004 ingredietur
1691 951 1927 1004 AEgyptum,
2110 953 2226 1012 penumt

213 1014 255 1049 et
284 1008 654 1049 commovebuntur
682 1007 927 1048 simulachra
956 1008 1122 1061 AEgypti
1154 1022 1175 1048 a
1206 1009 1306 1049 facie
1337 1009 1431 1051 eius
1517 1014 1556 1049 et
1586 1023 1653 1050 cor
1682 1010 1849 1063 AEgypti
1878 1011 2060 1051 tabescet
2083 995 2240 1062 ‹iffiiissassio

422 1066 462 1107 in
492 1067 625 1108 medio
655 1067 750 1107 eius.
2103 1058 2221 1119 “¹332OE

176 1128 192 1150 '2
213 1126 269 1166 Et
299 1139 534 1167 concurrere
564 1125 711 1166 faciam
744 1125 958 1179 AEgyptios
990 1126 1182 1166 adversus
1213 1126 1445 1179 AEgyptios:
1531 1132 1571 1167 et
1601 1127 1800 1180 pugnabit

213 1184 275 1225 vir
290 1190 433 1226 contra
447 1185 615 1225 fratrem
632 1198 762 1229 51111111,
782 1190 822 1225 et
838 1184 899 1224 vir
914 1189 1057 1225 contra
1072 1184 1248 1225 amicum
1264 1198 1394 1228 suum,
1465 1185 1609 1225 civitas
1626 1186 1817 1226 adversus
1833 1186 2054 1230 civitatem.

421 1256 590 1297 regnum
620 1243 814 1283 adversus
842 1256 1022 1296 regnum.

177 1304 193 1326 ³
214 1302 269 1343 Et
286 1302 543 1355 dirumpetur
559 1302 724 1355 spiritus
742 1301 911 1355 AEgypti
927 1302 968 1341 in
985 1301 1205 1341 visceribus
1224 1301 1318 1345 eius,
1391 1306 1430 1341 et
1449 1301 1658 1342 consilium
1676 1302 1759 1342 eius
1776 1302 2054 1355 praecipitabo:

213 1365 254 1402 et
288 1361 599 1414 interrogabunt
635 1360 880 1400 simulachra
914 1373 997 1402 sua.
1036 1365 1077 1399 et
1112 1359 1270 1399 divinos
1306 1373 1409 1402 51105,
1500 1365 1541 1400 et
1574 1360 1788 1413 pythones,
1826 1366 1867 1400 et
1902 1360 2054 1401 ariolos.

177 1422 192 1443 ⁴
213 1420 268 1460 Et
287 1420 449 1460 tradam
469 1419 695 1471 *Egyptum
714 1418 754 1457 in
774 1431 898 1458 manu
918 1417 1175 1458 dominorum
1196 1418 1429 1467 crudelium,
1503 1424 1543 1458 et
1562 1431 1631 1459 rex
1650 1419 1765 1460 fortis
1784 1418 2060 1459 dominabitur

423 1490 574 1524 eorum,

212 1536 271 1576 ait
298 1536 499 1577 Dominus
529 1536 639 1575 Deus
670 1535 933 1576 exercituum.

176 1643 191 1665 ⁵
212 1641 267 1681 Et
298 1646 451 1682 arescet
483 1654 589 1694 aqua
620 1640 670 1680 de
700 1640 812 1688 mari,
898 1647 939 1680 et
968 1639 1116 1680 fluvius
1148 1639 1407 1683 desolabitur.
1442 1645 1565 1694 atque
1595 1640 1822 1682 siccabitur.
2124 1644 2230 1704 Nflsssst

176 1702 192 1724 ⁶
212 1699 268 1740 Et
297 1699 486 1740 deficient
515 1699 702 1739 flumina:
787 1698 1125 1741 attenuabuntur.
1158 1704 1199 1740 et
1228 1699 1489 1740 siccabuntur
1517 1699 1593 1740 rivi
1622 1712 1822 1753 aggerum.
2085 1686 2238 1710 maresca,

212 1758 400 1799 Calamus
431 1763 473 1799 et
502 1758 643 1798 iuncus
673 1762 912 1798 marcescet:
1000 1759 1013 1780 ⁷
1044 1757 1269 1798 nudabitur
1298 1757 1436 1798 alveus
1465 1757 1541 1798 rivi
1571 1771 1595 1798 a
1623 1758 1736 1799 fonte
1766 1771 1849 1806 5110,

213 1822 254 1858 et
281 1817 410 1858 omnis
439 1816 630 1858 sementis
657 1816 807 1869 'irrigua
885 1815 1114 1865 siccabitur,
1144 1822 1309 1863 arescet,
1339 1821 1380 1857 et
1407 1830 1486 1857 non
1515 1816 1600 1857 erit.

177 1878 191 1900 ⁸
212 1876 269 1917 Et
302 1876 535 1917 moerebunt
570 1875 802 1929 piscatores,
893 1880 933 1915 et
966 1874 1165 1928 lugebunt
1201 1888 1338 1916 omnes
1373 1875 1583 1916 mittentes
1619 1875 1659 1915 in
1694 1875 1844 1916 flumen
1878 1875 2057 1921 hamum,

212 1941 253 1976 et
280 1935 558 1988 expandentes
584 1940 669 1975 rete
695 1947 815 1987 super
839 1933 983 1974 faciem
1012 1946 1211 1987 aquarum
1238 1939 1520 1975 emarcescent.

177 1996 192 2017 ⁹
212 1994 525 2034 Confundentur
555 1993 624 2046 qui
656 1992 932 2046 operabantur
961 1992 1101 2039 linum,
1186 1998 1406 2046 pectentes,
1440 1998 1481 2033 et
1511 1998 1695 2033 texentes
1727 1993 1902 2034 subtilia.

159 2054 196 2096 ¹0,
212 2052 266 2092 Et
298 2058 416 2093 erunt
448 2052 598 2105 irrigua
628 2051 711 2092 eius
743 2050 972 2092 flaccentia:
1059 2064 1197 2092 omnes
1230 2052 1297 2104 qui
1329 2051 1534 2092 faciebant
1564 2051 1729 2092 lacunas
1761 2052 1813 2092 ad
1843 2051 2058 2104 capiendos

420 2124 560 2164 pisces.

158 2217 189 2239 11
210 2215 334 2256 Stulti
370 2215 570 2268 principes
607 2215 775 2257 Taneos.
867 2214 1068 2267 sapientes
1106 2214 1320 2255 consiliarii
1356 2215 1577 2256 Pharaonis
1614 2215 1813 2255 dederunt
1850 2214 2059 2256 consilium
2093 2215 2236 2275 2135325.

420 2287 611 2327 insipiens
623 2287 630 2313 :
2231 2270 2237 2280 ’

212 2333 416 2386 quomodo
447 2333 588 2374 dicetis
618 2332 839 2373 Pharaoni:
923 2331 1048 2372 Filius
1078 2332 1325 2385 sapientium
1354 2345 1437 2385 ego,
1470 2332 1573 2372 filius
1602 2345 1741 2385 regum
1772 2331 2058 2385 antiquorum?

159 2394 190 2416 1²
212 2392 292 2432 Ubi
319 2405 428 2432 nunc
455 2398 552 2432 sunt
579 2391 782 2445 sapientes
811 2391 896 2432 tui?
978 2391 1227 2431 annuncient
1255 2390 1341 2438 tibi,
1372 2396 1413 2432 et
1439 2390 1617 2431 indicent

212 2451 309 2504 quid
338 2450 580 2504 cogitaverit
606 2450 807 2492 Dominus
837 2449 1089 2491 exercituum
1117 2462 1237 2503 super
1264 2449 1500 2503 AEgyptum.

160 2512 190 2533 ¹3
210 2509 335 2550 Stulti
362 2509 462 2550 facti
489 2514 595 2550 sunt
612 2509 813 2563 principes
842 2509 1010 2558 Taneos,
1093 2514 1376 2549 emarcuerunt
1404 2508 1603 2561 principes
1630 2508 1875 2561 Mempheos.

210 2569 457 2622 deceperunt
485 2568 724 2622 AEgyptum‚
808 2567 1001 2621 angulum
1029 2567 1273 2621 populorum
1302 2567 1397 2608 eius.

158 2629 190 2651 ¹⁴
210 2627 411 2668 Dominus
429 2628 592 2668 miscuit
610 2627 651 2668 in
668 2627 802 2669 medio
821 2627 905 2668 eius
923 2626 1111 2680 spiritum
1130 2625 1357 2679 vertiginis:
1429 2632 1469 2666 et
1488 2638 1617 2666 errare
1634 2625 1816 2665 fecerunt
1834 2624 2057 2677 AEgyptum

418 2686 459 2727 in
490 2686 600 2727 omni
629 2699 748 2740 opere
777 2699 861 2732 5110,

209 2745 313 2786 sicut
343 2751 451 2786 errat
480 2745 613 2786 ebrius
643 2750 684 2786 et
713 2758 893 2786 vomens.

157 2805 188 2827 ¹⁵
209 2803 263 2844 Et
297 2818 379 2845 non
412 2804 488 2845 en't
520 2804 700 2858 AEgypto
735 2817 848 2857 opus,
938 2804 1047 2856 quod
1079 2802 1205 2843 faciat
1238 2807 1363 2855 caput
1396 2808 1436 2842 et
1470 2801 1641 2842 caudam
1674 2800 1967 2847 incurvantem,
2003 2803 2045 2840 et

416 2863 703 2905 refrenantem.

260 2940 295 2963 ¹⁶
323 2939 371 2979 In
397 2938 460 2979 die
485 2939 554 2980 illa
579 2939 655 2980 erit
680 2938 884 2992 AEgyptus
911 2938 1027 2992 quasi
1052 2937 1249 2978 mulieres.
1278 2942 1319 2977 et
1345 2936 1580 2989 stupebunt.
1610 2940 1648 2974 et
1676 2933 1880 2989 timebunt
1907 2947 1931 2974 a
1955 2933 2056 2974 facie
2073 2935 2248 3000 ifflffgingsso

155 2997 439 3039 commotionis
470 3011 616 3038 manus
647 2997 814 3039 Domini
845 2997 1110 3038 exercituum.
1146 3009 1267 3049 quain
1299 2995 1383 3048 ipse
1414 2993 1595 3035 movebit
1626 3005 1746 3046 super
1776 3005 1876 3033 eam.
1937 2994 1970 3016 ¹⁷
2002 2992 2056 3032 Et
2080 2977 2238 3035 timei‘iffur,

155 3056 231 3096 erit
259 3056 383 3097 Terra
411 3056 516 3097 Iuda
542 3056 721 3110 AEgypto
750 3056 791 3096 in
819 3069 1033 3110 pavorem:
1064 3055 1205 3103 omnis,
1238 3053 1306 3107 qui
1333 3053 1436 3093 1111115
1464 3051 1585 3092 fuerit
1613 3051 1860 3093 recordatus
1890 3050 2059 3104 pavebit

155 3128 179 3154 a
203 3115 307 3156 facie.
334 3114 489 3156 consilii
514 3115 680 3156 Domini
707 3115 972 3162 exercituum,
1003 3114 1111 3167 quod
1138 3113 1222 3166 ipse
1249 3111 1445 3162 cogitavit
1472 3123 1591 3163 super
1617 3122 1717 3150 eam.

259 3175 294 3198 ¹⁸
312 3174 359 3214 In
376 3173 440 3215 die
455 3173 525 3215 illa
540 3180 660 3215 erunt
677 3173 856 3227 quinque
872 3173 1060 3214 civitates
1076 3173 1117 3212 in
1135 3172 1257 3212 Terra
1272 3169 1450 3223 AEgypti,
1469 3169 1680 3222 loquentes
1696 3168 1834 3221 lingua
1849 3168 2053 3208 Chanaan.
2078 3166 2249 3224 inuffiffi‘gue

153 3243 194 3272 et
222 3232 402 3274 iurantes
429 3245 501 3286 per
526 3233 751 3274 Dominum
779 3232 1050 3273 exercituum:
1080 3230 1233 3271 Civitas
1261 3228 1352 3269 solis
1381 3227 1596 3268 vocabitur
1622 3239 1715 3268 una.

258 3293 293 3316 ¹⁹
323 3292 371 3332 In
400 3291 464 3332 die
492 3291 562 3332 illa
590 3291 666 3332 erit
695 3291 823 3332 altare
851 3290 1018 3331 Domini
1047 3290 1088 3330 in
1117 3287 1249 3329 medio
1280 3287 1411 3327 Terrae
1439 3285 1618 3339 AEgypti,
1651 3290 1691 3326 et
1721 3284 1862 3325 titulus
1893 3279 2246 3338 1301111111ῂῗξοξῖζξῗζῗζῃ

152 3350 271 3390 iuxta
295 3350 517 3391 terminum
542 3350 626 3391 eius
678 3351 715 3374 2⁰
738 3349 814 3390 erit
838 3349 879 3389 in
904 3348 1076 3402 signum.
1104 3352 1144 3388 et
1169 3346 1209 3386 in
1235 3345 1515 3386 testimonium
1539 3343 1716 3385 Domino
1742 3343 1988 3383 exercituum
2013 3339 2053 3402 111
2099 3348 2213 3377 coletur,

153 3409 276 3448 Terra
309 3408 489 3463 AEgypti.
526 3408 774 3450 Clamabunt
807 3408 914 3448 enim
948 3407 1000 3448 ad
1032 3406 1255 3447 Dominum
1289 3417 1311 3443 a
1344 3403 1447 3444 facie
1480 3402 1724 3445 tribulantis,
1760 3406 1800 3441 et
1831 3400 1968 3440 mittet
1999 3407 2053 3435 eis
