2356 3760
141 140 194 180 13,
221 139 363 180 10--14‚
390 139 431 173 13
970 140 1201 174 SAMUELIS
1958 151 2035 193 235

246 235 282 257 ¹⁰
301 233 484 286 Cumque
505 232 747 286 complesset
767 232 937 273 offerens
958 233 1254 283 holocaustum,
1277 248 1366 276 ecce
1386 236 1549 276 Samuel
1570 238 1776 280 veniebat:
1799 247 1839 282 et
1859 257 2036 292 egressus

2110 242 2172 268 ideo

2052 285 2169 308 regnum
2181 284 2231 308 pro

139 297 202 334 est
231 292 328 333 Saul
357 291 522 333 obviam
551 291 585 331 ei
614 296 662 331 ut
690 290 888 331 salutaret
917 305 1021 333 eum.
1079 294 1110 316 11
1139 292 1400 347 Locutusque
1429 299 1490 334 est
1519 296 1570 335 ad
1600 310 1690 336 eum
1720 295 1898 340 Samuel:
1930 302 2035 349 Quid
2057 313 2225 342 posteritate

138 350 296 392 fecisti?
318 350 547 404 Respondit
565 349 678 390 Saul:
700 349 804 398 Quia
822 349 905 390 vidi
926 350 1035 403 quod
1052 350 1226 404 populus
1246 352 1494 393 dilaberetur
1512 366 1535 393 a
1551 366 1627 400 me,
1649 359 1689 394 et
1707 360 1752 396 tu
1770 370 1851 397 non
1869 372 2036 400 veneras

138 410 258 451 iuxta
288 409 459 464 placitos
493 408 588 455 dies,
624 421 743 461 porro
776 408 1025 448 Philisthiim
1058 410 1290 463 congregati
1322 410 1486 452 fuerant
1517 411 1559 452 in
1591 413 1811 461 Machmas,
1873 418 1903 439 1²
1936 417 2037 457 dixi:

141 469 259 510 Nunc
290 467 537 510 descendent
566 466 816 507 Philisthiim
848 468 900 508 ad
931 480 994 508 me
1024 467 1067 507 in
1098 467 1279 521 Galgala.
1312 473 1354 509 et
1383 470 1527 510 faciem
1558 470 1725 512 Domini
1755 486 1836 513 non
1867 474 2036 527 placavi.

141 526 393 569 Necessitate
422 525 666 579 compulsus
698 525 827 566 obtuli
855 525 1153 568 holocaustum.
1211 529 1242 551 ¹³
1268 527 1466 581 Dixitque
1494 528 1657 570 Samuel
1685 531 1737 571 ad
1765 531 1877 572 Saul:
1908 533 2040 574 Stulte

140 586 268 640 egisti,
301 598 375 626 nec
405 583 621 625 custodisti
650 585 845 625 mandata
878 584 1046 625 Domini
1075 584 1152 625 Dei
1181 584 1255 633 tui,
1289 599 1379 639 quae
1408 587 1601 640 praecepit
1629 587 1716 629 tibi.
1750 589 1869 638 Quod
1898 591 1930 631 si
1960 604 2041 632 non

139 645 312 693 fecisses,
333 643 416 684 iam
434 655 542 684 nunc
561 648 830 696 praeparasset
847 643 1049 684 Dominus
1068 656 1237 697 regnum
1256 648 1375 684 tuum
1394 658 1514 699 super
1534 646 1657 686 lsrael
1675 646 1716 687 in
1735 648 2039 702 sempiternum⁷

140 706 172 728 14
200 703 270 744 sed
298 715 560 756 nequaquam
588 714 757 755 regnum
785 707 904 743 tuum
934 702 1042 742 ultra
1070 708 1296 756 consurget.
1332 703 1549 752 aQuaesivit
1576 705 1776 746 Dominus
1805 707 1880 748 sibi
1908 708 2041 748 virum

140 762 258 803 iuxta
286 773 354 803 cor
382 774 519 802 suum:
551 766 592 801 et
620 760 814 814 praecepit
842 760 877 801 ei
905 761 1107 802 Dominus
1137 766 1185 802 ut
1214 766 1319 802 esset
1347 763 1431 803 dux
1461 776 1580 816 super
1608 764 1805 817 populum
1835 779 1965 815 suum,
1996 780 2041 807 eo

141 821 250 875 quod
277 833 359 862 non
386 819 609 861 servaveris
639 832 729 872 quae
755 819 948 873 praecepit
974 820 1188 862 Dominus,

423 924 461 964 6.
483 922 748 964 philisthiim
779 922 1032 964 funduntur
1062 923 1390 976 fuganturque,
1421 926 1485 976 13,
1504 925 1678 977 15-14,
1697 927 1761 966 46.

245 998 278 1021 ¹⁵
307 995 493 1038 Surrexit
524 999 662 1035 autem
694 994 868 1041 Samuel,
903 1000 944 1035 et
975 995 1159 1035 ascendit
1190 995 1239 1036 de
1271 995 1447 1049 Galgalis
1479 996 1520 1036 in
1552 997 1695 1038 Gabaa
1727 998 1952 1039 Beniamin.
1986 999 2042 1039 Et

140 1055 284 1109 reliqui
302 1054 443 1109 populi
462 1053 733 1094 ascenderunt
750 1059 845 1107 post
863 1053 959 1094 Saul
978 1053 1144 1095 obviam
1162 1054 1325 1107 populo,
1348 1054 1417 1108 qui
1436 1056 1730 1109 expugnabant
1748 1070 1815 1098 eos
1834 1057 2042 1098 venientes

141 1115 191 1156 de
217 1113 388 1168 Galgala
413 1112 454 1153 in
482 1112 636 1161 Gabaa,
665 1111 707 1152 in
735 1112 833 1153 colle
862 1112 1087 1154 Beniamin.
1117 1113 1174 1153 Et
1199 1113 1401 1154 recensuit
1427 1114 1524 1155 Saul
1550 1114 1759 1169 populum,
1791 1115 1859 1169 qui
1885 1115 2043 1158 inventi

140 1174 306 1214 fuerant
322 1185 415 1214 cum
432 1185 490 1220 eo,
511 1171 627 1225 quasi
644 1176 855 1212 sexcentos
874 1171 994 1213 viros.
1040 1173 1075 1196 1⁶
1091 1171 1147 1212 Et
1163 1171 1260 1213 Saul
1277 1176 1318 1213 et
1336 1172 1531 1213 Ionathas
1551 1172 1656 1214 filius
1673 1173 1769 1223 eius,
1788 1174 2044 1229 populusque

142 1232 211 1287 qui
229 1232 421 1273 inventus
439 1230 575 1271 fuerat
593 1243 686 1271 cum
704 1229 772 1279 eis,
793 1235 880 1270 erat
898 1230 939 1270 in
958 1230 1101 1271 Gabaa
1120 1230 1353 1271 Beniamin:
1374 1243 1492 1284 porro
1510 1231 1759 1273 Philisthiim
1778 1234 2046 1274 consederant

139 1291 182 1332 in
213 1290 436 1332 Machmas
497 1290 530 1313 1⁷
563 1288 619 1330 Et
650 1288 796 1342 egressi
827 1294 924 1330 sunt
955 1290 1007 1330 ad
1038 1290 1306 1343 praedandum
1339 1289 1388 1330 de
1420 1290 1562 1331 castris
1594 1290 1933 1333 Philisthinorum
1964 1297 2045 1333 tres

142 1350 271 1392 cunei.
300 1350 414 1391 Unus
442 1360 592 1389 cuneus
618 1348 814 1401 pergebat
839 1353 983 1388 contra
1007 1348 1118 1388 viam
1143 1348 1285 1401 Ephra
1309 1348 1362 1389 ad
1387 1348 1552 1389 Terram
1577 1349 1686 1391 Sual.
1741 1352 1775 1373 18
1799 1363 1918 1403 porro
1945 1350 2045 1392 alius

140 1408 446 1463 ingrediebatur
470 1419 542 1461 per
565 1406 676 1447 viam
702 1406 809 1447 Beth
834 1406 974 1447 horon.
1001 1406 1147 1448 tertius
1173 1412 1313 1447 autem
1338 1412 1519 1448 verterat
1543 1421 1583 1449 se
1609 1408 1661 1449 ad
1685 1408 1762 1449 iter
1786 1409 1949 1449 termini
1974 1409 2046 1449 im-

141 1467 334 1509 minentis
358 1466 455 1507 valli
477 1464 640 1506 Seboim
664 1470 808 1506 contra
830 1465 1048 1506 desertum.
1102 1467 1136 1490 19
1159 1465 1284 1507 Porro
1308 1466 1423 1506 faber
1444 1466 1633 1508 ferrarius
1657 1480 1739 1508 non
1762 1467 2048 1508 inveniebatur

140 1527 182 1568 in
206 1526 316 1568 omni
339 1526 462 1566 Terra
486 1524 621 1565 Israel.
646 1528 842 1565 caverant
864 1524 970 1565 enim
994 1524 1256 1574 Philisthiim,
1280 1538 1330 1566 ne
1352 1525 1457 1566 forte
1479 1525 1660 1566 facerent
1684 1525 1845 1567 Hebraei
1866 1526 2047 1580 gladium

142 1591 216 1627 aut
235 1585 432 1626 lanceam.
483 1585 519 1607 20
538 1583 826 1624 Descendebat
847 1595 940 1636 ergo
963 1583 1093 1624 omnis
1117 1583 1240 1624 Israel
1263 1584 1314 1625 ad
1335 1583 1597 1633 Philisthiim,
1621 1590 1668 1625 ut
1690 1590 1905 1626 exacueret
1926 1599 2047 1626 unus-

142 1644 314 1699 quisque
345 1655 552 1685 vomerem
583 1655 714 1690 suum,
747 1648 789 1682 et
818 1641 994 1695 ligonem
1026 1647 1067 1683 et
1097 1642 1270 1683 securim
1301 1647 1342 1683 et
1372 1643 1588 1684 sarculum.
1648 1646 1679 1668 2¹
1713 1644 1877 1685 Retusae
1907 1644 2046 1697 itaque

142 1709 259 1745 erant
286 1702 389 1743 acies
415 1714 640 1747 vomerum,
670 1705 711 1741 et
736 1700 929 1755 ligonum,
959 1706 1000 1742 et
1025 1701 1265 1751 tridentum,
1295 1706 1336 1742 et
1361 1702 1574 1751 securium,
1603 1716 1731 1756 usque
1758 1704 1810 1744 ad
1835 1703 2047 1743 stimulum

142 1762 437 1816 corrigendum.
497 1762 528 1784 22
559 1760 743 1813 Cumque
774 1760 953 1801 venisset
983 1760 1066 1801 dies
1098 1760 1240 1813 proelii,
1274 1774 1355 1802 non
1386 1766 1448 1802 est
1478 1761 1669 1802 inventus
1701 1762 1805 1803 ensis
1837 1767 1878 1803 et
1906 1761 2048 1802 lancea

141 1821 183 1862 in
211 1834 337 1862 manu
365 1819 493 1862 totius
522 1819 674 1873 populi,
706 1818 775 1872 qui
804 1824 891 1860 erat
919 1832 1011 1860 cum
1040 1819 1159 1860 Saule
1188 1825 1230 1861 et
1259 1819 1447 1869 Ionatha,
1478 1825 1648 1874 excepto
1676 1820 1774 1862 Saul
1801 1825 1842 1862 et
1871 1821 2048 1862 Ionatha

145 1880 226 1922 filio
252 1879 349 1922 eius.
403 1881 435 1903 2³
462 1879 635 1932 Egressa
659 1882 721 1919 est
747 1884 886 1919 autem
912 1878 1037 1920 statio
1062 1878 1324 1927 Philisthiim,
1353 1883 1400 1919 ut
1425 1880 1731 1920 transcenderet
1755 1879 1797 1920 in
1822 1880 2044 1920 Machmas.

248 1944 312 1988 14.
367 1946 380 1968 1
405 1943 461 1984 Et
485 1942 634 1983 accidit
658 1943 837 1996 quadam
862 1942 925 1983 die
950 1948 997 1983 ut
1021 1942 1173 1983 diceret
1198 1943 1393 1984 Ionathas
1421 1942 1525 1984 filius
1549 1943 1646 1985 Saul
1670 1944 1722 1984 ad
1746 1943 2045 1985 adolescentem

143 2004 386 2058 armigerum
424 2015 561 2043 suum:
600 2001 714 2049 Veni,
753 2006 795 2042 et
830 2006 1085 2042 transeamus
1123 2002 1175 2042 ad
1212 2001 1431 2043 stationem
1470 2002 1820 2052 philisthinorum,
1860 2015 1950 2056 quae
1985 2007 2047 2044 est

142 2068 256 2105 trans
271 2062 406 2104 locum
421 2060 547 2101 illum.
565 2060 679 2101 Patri
694 2064 833 2101 autem
849 2074 920 2101 suo
936 2060 1012 2101 hoc
1026 2060 1160 2114 ipsum
1177 2073 1258 2101 non
1273 2060 1484 2102 indicavit.
1529 2063 1543 2085 2
1557 2061 1682 2102 Porro
1697 2061 1794 2102 Saul
1808 2062 2048 2103 morabatur

141 2122 183 2163 in
212 2126 397 2163 extrema
423 2124 540 2174 parte
569 2119 712 2160 Gabaa
739 2119 815 2159 sub
843 2119 1138 2172 malogranato,
1170 2132 1260 2172 quae
1287 2125 1375 2160 erat
1402 2119 1443 2160 in
1472 2120 1659 2173 Magrou:
1690 2125 1731 2161 et
1759 2125 1846 2161 erat
1872 2120 2047 2174 populus

143 2194 236 2222 cum
265 2193 311 2222 eo
341 2178 458 2233 quasi
486 2183 771 2219 sexcentorum
801 2178 993 2219 virorum.
1052 2180 1066 2202 3
1096 2178 1151 2218 Et
1179 2178 1328 2218 Achias
1360 2178 1464 2219 filius
1494 2179 1671 2220 Achitob
1700 2179 1838 2220 fratris
1869 2178 2051 2220 Ichabod

146 2239 217 2281 filii
241 2239 427 2287 Phimes,
458 2237 549 2291 bqui
575 2242 687 2278 ortus
712 2237 848 2278 fuerat
873 2250 922 2278 ex
949 2237 1040 2278 Heli
1066 2238 1276 2278 sacerdote
1301 2237 1467 2278 Domini
1493 2237 1534 2277 in
1560 2237 1654 2287 Silo,
1681 2238 1878 2291 portabat
1903 2237 2048 2291 ephod.

144 2299 224 2341 Sed
250 2303 291 2339 et
316 2296 491 2352 populus
517 2296 734 2350 ignorabat
761 2309 841 2350 quo
867 2296 965 2337 isset
993 2296 1200 2337 Ionathas.
1256 2298 1271 2320 1
1297 2296 1429 2337 Erant
1455 2302 1593 2337 autem
1620 2297 1727 2337 inter
1752 2310 1952 2345 ascensus,
1981 2309 2052 2350 per

145 2370 246 2412 quos
276 2356 488 2398 nitebatur
519 2355 715 2397 Ionathas
746 2354 918 2396 transire
950 2355 1003 2396 ad
1033 2355 1254 2396 stationem
1285 2355 1637 2403 Philisthinorum,
1671 2356 1894 2396 eminentes
1926 2360 2052 2409 petrae

145 2430 195 2458 ex
214 2421 388 2469 utraque
407 2419 537 2469 parte,
559 2419 600 2455 et
620 2414 737 2468 quasi
756 2414 796 2454 in
817 2415 986 2455 modum
1006 2413 1192 2455 dentium
1212 2413 1366 2468 scopuli
1385 2414 1480 2455 hinc
1499 2419 1541 2455 et
1559 2414 1653 2455 inde
1672 2414 1880 2468 praerupti,
1901 2425 2050 2456 nomen

144 2475 215 2517 uni
236 2475 373 2523 Boses,
405 2478 446 2515 et
469 2486 618 2515 nomen
644 2472 760 2514 alteri
780 2473 900 2514 Sene:
949 2475 964 2497 ⁵
985 2486 1089 2514 unus
1110 2473 1298 2526 scopulus
1320 2473 1552 2527 prominens
1574 2474 1626 2514 ad
1645 2473 1890 2527 Aquilonem
1912 2486 1961 2514 ex
1982 2473 2052 2513 ad-

146 2547 263 2576 verso
288 2532 511 2581 Machmas,
539 2537 581 2573 et
606 2532 709 2573 alter
733 2532 786 2572 ad
811 2532 1021 2573 Meridiem
1048 2536 1191 2573 contra
1215 2532 1370 2573 Gabaa.
1428 2534 1443 2556 ⁶
1467 2532 1585 2573 Dixit
1611 2537 1748 2573 autem
1777 2532 1972 2574 Ionathas
1999 2532 2051 2572 ad

146 2593 446 2635 adolescentem
475 2591 719 2645 armigerum
748 2604 885 2631 suum:
917 2591 1030 2639 Veni,
1062 2596 1317 2632 transeamus
1348 2592 1400 2632 ad
1428 2591 1649 2632 stationem
1678 2590 2050 2632 incircumcisorum

145 2653 303 2700 horum,
333 2650 366 2692 si
392 2650 498 2692 forte
524 2649 652 2691 faciat
678 2649 879 2691 Dominus
907 2662 979 2703 pro
1008 2650 1143 2691 nobis:
1174 2649 1271 2704 quia
1297 2663 1379 2691 non
1407 2655 1470 2691 est
1496 2650 1674 2692 Domino
1702 2649 1866 2691 difficile
1893 2648 2050 2690 salvare

146 2711 211 2752 vel
231 2711 275 2751 in
298 2709 451 2758 multis,
477 2708 542 2750 vel
564 2709 606 2750 in
630 2709 782 2763 paucis.
839 2710 852 2732 ⁷
876 2708 1074 2762 Dixitque
1099 2708 1133 2750 ei
1158 2708 1331 2763 armiger
1353 2722 1467 2750 suus:
1493 2709 1575 2750 Fac
1599 2708 1747 2757 omnia,
1774 2721 1864 2762 quae
1886 2707 2051 2762 placent

146 2770 283 2811 animo
304 2774 396 2810 tuo:
420 2781 540 2822 perge
563 2781 643 2822 quo
666 2768 792 2822 cupis,
817 2772 858 2809 et
879 2780 945 2809 ero
968 2773 1103 2809 tecum
1126 2767 1375 2822 ubicumque
1396 2767 1584 2809 volueris.
1637 2770 1653 2792 ⁸
1674 2768 1730 2809 Et
1751 2767 1810 2808 ait
1833 2766 2048 2808 Ionathas:

145 2829 250 2871 Ecce
277 2841 351 2870 nos
379 2826 599 2869 transimus
628 2827 680 2868 ad
708 2826 816 2868 viros
843 2826 955 2868 istos.
986 2827 1169 2881 Cumque
1197 2826 1505 2880 apparuerimus
1533 2826 1601 2875 eis,
1660 2829 1674 2850 ⁹
1702 2825 1734 2867 si
1761 2825 1899 2866 taliter
1924 2824 2050 2866 locuti

145 2887 299 2929 fuerint
323 2887 375 2928 ad
398 2899 485 2935 nos,
510 2890 674 2927 manete
699 2886 827 2927 donec
851 2885 1063 2926 veniamus
1089 2886 1141 2927 ad
1165 2899 1257 2927 vos:
1283 2891 1436 2927 stemus
1461 2885 1503 2926 in
1526 2885 1613 2927 loco
1638 2889 1790 2933 nostro,
1816 2897 1891 2925 nec
1915 2897 2051 2925 ascen-

146 2947 291 2988 damus
314 2946 367 2987 ad
389 2958 468 2986 eos.
520 2947 556 2969 ¹⁰
576 2944 618 2986 Si
640 2949 779 2986 autem
802 2944 999 2985 dixerint:
1023 2944 1242 2986 Ascenditc
1265 2945 1317 2986 ad
1339 2958 1432 2986 nos:
1456 2945 1735 2993 ascendamus,
1762 2942 1859 2998 quia
1879 2941 2052 2984 tradidit

146 3019 213 3047 eos
232 3003 434 3046 Dominus
454 3004 496 3045 in
516 3003 705 3045 manibus
725 3003 887 3051 nostris,
910 3003 986 3045 hoc
1006 3003 1082 3044 erit
1101 3003 1218 3045 nobis
1239 3003 1411 3057 signum.
1461 3006 1492 3027 11
1512 3002 1717 3056 Apparuit
1735 3002 1860 3056 igitur
1879 3006 2050 3054 uterque

145 3063 315 3106 stationi
333 3062 691 3104 Philisthinorum:
714 3062 987 3116 dixeruntque
1006 3062 1275 3103 Philisthiim:
1297 3063 1361 3103 En
1383 3062 1544 3103 Hebraei
1564 3061 1826 3115 egrediuntur
1846 3061 1894 3101 de
1915 3072 2051 3100 caver-

145 3123 220 3172 nis,
244 3123 287 3164 in
312 3122 458 3176 quibus
483 3121 713 3163 absconditi
735 3121 911 3162 fuerant.
964 3122 995 3145 ¹2
1018 3121 1075 3162 Et
1096 3120 1223 3162 locuti
1245 3126 1342 3162 sunt
1366 3120 1442 3161 viri
1465 3121 1514 3162 de
1537 3120 1715 3161 statione
1740 3120 1792 3160 ad
1817 3118 2048 3165 Ionatham,

146 3187 188 3224 et
214 3182 267 3223 ad
294 3180 539 3234 armigerum
565 3179 661 3229 eius,
690 3179 982 3235 dixeruntque:
1011 3180 1231 3221 Ascendite
1258 3181 1310 3221 ad
1337 3192 1422 3228 nos,
1452 3183 1493 3220 et
1519 3180 1780 3220 ostendemus
1808 3177 1925 3219 vobis
1951 3189 2048 3217 rem.

146 3241 203 3282 Et
233 3240 292 3281 ait
324 3240 519 3281 Ionathas
551 3239 603 3280 ad
635 3239 878 3293 armigerum
909 3252 1047 3280 suum:
1079 3239 1372 3287 Ascendamus,
1405 3250 1571 3292 sequere
1601 3252 1684 3279 me:
1724 3236 1913 3278 Ctradidit
1943 3234 2048 3276 enim

145 3298 347 3341 Dominus
376 3312 443 3340 eos
471 3297 515 3338 in
542 3310 688 3338 manus
719 3297 854 3339 Israel.
912 3300 944 3322 13
972 3297 1170 3339 Ascendit
1198 3302 1337 3339 autem
1367 3297 1563 3338 Ionathas
1592 3296 1780 3337 manibus
1810 3299 1851 3336 et
1878 3293 2048 3348 pedibus

145 3364 324 3412 reptans,
343 3362 384 3399 et
400 3357 574 3410 armiger
589 3355 673 3397 eius
689 3361 786 3410 post
802 3370 906 3398 eum.
928 3357 1074 3410 Itaque
1091 3356 1159 3397 alii
1177 3356 1381 3397 cadebant
1397 3360 1493 3396 ante
1512 3356 1742 3403 Ionatham,
1762 3353 1860 3395 alios
1878 3351 2049 3403 armiger

279 3483 332 3526 13,
356 3483 400 3517 14
423 3483 509 3517 aAct
533 3483 586 3524 13,
610 3483 662 3517 22.
688 3504 730 3507 -
755 3483 808 3525 14,
833 3482 854 3516 3
876 3482 967 3527 bSup
991 3484 1022 3524 4,
1048 3483 1100 3517 21.
1126 3502 1169 3507 -
1192 3482 1235 3516 12
1263 3484 1297 3515 01
1322 3482 1396 3516 Mcc
1419 3482 1451 3522 4,
1475 3481 1528 3516 30.

2090 348 2193 378 perdit.

2096 996 2195 1021 Status

2078 1032 2219 1056 israelita-

2091 1074 2153 1091 rum
2173 1074 2206 1092 ac

2077 1102 2220 1127 Philisthi-

2093 1145 2203 1167 norum,

2096 1940 2208 1966 facinus

2087 1975 2216 2001 mirabile

2082 2012 2221 2040 Ionathae.
