2356 3760
111 746 182 764 uxor
210 740 272 764 l’hi-

89 782 155 801 nees
170 783 283 807 pariens

155 811 227 837 obit.

90 1357 124 1382 In
141 1355 284 1386 templum

143 1393 243 1423 Dagon

127 1428 256 1457 infertur,

119 2247 166 2270 per
192 2240 275 2265 urbes

116 2276 274 2301 circumdu-

154 2312 236 2341 citur,

118 2775 282 2799 inmittenda

116 2810 277 2834 ‹eivelaratur

111 3068 136 3089 vt
159 3066 194 3089 :ul
216 3072 280 3089 con-

149 3100 244 3125 silium

105 3136 288 3162 sacr—ructum

295 122 373 162 228
1149 121 1296 155 LIBER
1323 122 1348 156 1.
1989 126 2021 167 4,
2043 126 2163 167 15—6‚
2187 127 2208 159 4

296 213 476 255 sonitum
505 213 703 259 clamoris,
733 214 938 268 dixitque:
969 214 1066 263 Quis
1095 220 1156 255 est
1184 215 1247 255 hic
1275 214 1432 256 sonitus
1460 215 1663 256 tumultus
1692 216 1835 257 huius?
1863 217 1920 258 At
1946 218 2011 260 ille
2038 219 2206 260 festina-

298 272 370 321 vit,
395 279 436 314 et
457 273 583 321 venit,
608 279 648 314 91
670 273 884 314 nunciavit
908 273 1010 314 Heli.
1064 275 1094 298 ¹⁵
1117 273 1209 313 Heli
1231 279 1370 314 autem
1393 278 1480 314 erat
1502 274 1725 327 nonaginta
1749 281 1789 316 et
1813 280 1904 317 0910
1928 290 2141 328 annorum,
2166 283 2208 319 et

297 331 402 372 oculi
427 331 510 373 eius
538 332 826 380 caligaverant.
855 337 891 372 et
921 331 1057 372 videre
1082 345 1163 373 non
1190 337 1364 385 poterat.
1420 334 1454 356 ¹⁶
1480 332 1535 372 Et
1560 332 1665 373 dixit
1691 334 1742 374 ad
1770 334 1879 375 Heli:
1907 336 1993 389 Ego
2019 350 2109 377 sum
2136 337 2204 391 qui

298 390 389 431 veni
415 392 464 432 de
491 390 637 444 11199110.
665 398 705 431 et
730 403 801 443 ego
828 390 895 444 qui
921 391 969 431 de
995 390 1078 431 acie
1104 390 1187 443 fugi
1213 391 1343 432 hodie.
1371 391 1442 431 (¹ui
1468 390 1532 430 ille
1557 390 1633 431 ait:
1661 392 1766 440 Quid
1792 399 1931 434 actum
1956 400 2019 435 est
2046 395 2101 435 fili
2125 395 2205 436 mi?

299 451 330 473 ¹⁷
360 450 625 503 Respondens
653 455 790 490 autem
820 449 895 490 ille.
927 449 993 502 qui
1022 449 1258 495 nunciabat,
1288 449 1422 503 Fugit,
1451 449 1597 503 inquit,
1630 450 1751 491 lsrael
1779 465 1913 493 coram
1941 453 2205 500 Philisthiim,

297 516 337 549 et
362 509 477 549 ruina
505 521 650 559 magna
675 508 783 549 faeta
809 513 869 548 est
895 507 934 548 in
958 508 1128 562 populo:
1156 509 1319 562 insuper
1343 514 1383 549 et
1407 509 1487 549 duo
1516 508 1585 548 filii
1610 509 1669 549 tui
1694 510 1845 551 mortui
1869 517 1977 559 sunt,
2005 512 2141 565 Ophni
2166 518 2207 554 et

298 568 487 607 Phinees:
516 573 556 607 et
581 580 672 607 area
699 566 774 607 Dei
801 573 923 620 capta
947 572 1019 608 est.
1077 570 1109 591 ¹⁸
1135 568 1317 621 Cumque
1343 567 1407 607 ille
1433 567 1684 609 nominasset
1709 581 1844 609 aream
1870 570 1958 615 Dei,
1987 571 2134 612 cecidit
2159 572 2208 612 de

298 626 390 666 sella
422 631 642 667 retrorsum
672 625 787 666 iuxta
818 625 981 670 ostium,
1013 633 1053 667 et
1082 626 1221 667 fractis
1251 626 1474 667 cervicibus
1504 632 1689 667 mortuus
1719 634 1791 669 est.
1822 628 1953 669 Senex
1983 630 2089 670 enim
2119 635 2208 670 era-t

298 684 359 724 vir
386 690 426 725 et
454 685 715 735 grandzevus:
745 690 785 725 et
813 684 897 738 ipse
926 684 1124 725 iudicavit
1159 685 1277 726 lsrael
1307 685 1578 738 quadraginta
1608 686 1736 727 annis.

407 746 438 767 ¹⁹
464 744 595 784 Nurus
618 750 757 784 autem
779 743 874 787 eius,
899 757 1001 784 uxor
1022 744 1206 791 Phineos,
1230 757 1442 797 przegnans
1465 749 1563 788 erat,
1588 744 1802 799 vicinaque
1824 746 1979 800 partui:
2003 751 2044 788 et
2065 747 2208 789 audito

299 802 446 843 nuncio
464 803 571 856 quod
590 809 712 856 capta
727 807 831 843 esset
848 816 941 843 arca
959 803 1043 847 Dei.
1062 808 1102 843 et
1118 808 1303 844 mortuus
1320 807 1425 844 esset
1440 815 1552 844 socer
1566 817 1673 852 suus,
1700 809 1741 845 et
1761 804 1824 844 vir
1843 819 1951 849 311113,
1975 805 2210 846 incurvavit

296 876 336 902 se
365 870 405 902 et
435 861 608 915 peperit:
640 862 841 902 irruerant
869 861 976 902 enim
1004 862 1045 902 in
1075 875 1163 903 eam
1193 862 1350 903 dolores
1379 861 1516 903 subiti.
1574 864 1610 885 '2⁰
1641 862 1685 902 ln
1714 863 1801 917 ipso
1831 869 1969 905 autem
1998 869 2208 906 momento

298 920 440 961 mortis
467 921 562 965 eius,
591 921 784 962 dixerunt
809 920 843 961 ei
871 934 960 974 (11199
985 921 1155 962 stabant
1181 921 1284 962 eirca
1311 934 1419 961 eam:
1449 921 1508 961 Ne
1534 920 1691 969 timeas,
1722 923 1814 976 quia
1845 923 1972 963 filium
1999 923 2206 977 peperisti.

298 980 396 1027 011ae
415 993 493 1020 non
511 980 722 1033 respondit
738 980 805 1025 eis,
825 993 955 1033 neque
974 980 1280 1021 animadvertit.
1327 982 1356 1004 2¹
1376 980 1431 1020 Et
1447 979 1614 1020 vocavit
1630 994 1814 1034 1111911101,
1837 982 2029 1026 [chabod.
2049 982 2206 1023 dicens:

298 1038 511 1079 Translata
541 1045 602 1079 est
628 1039 755 1093 gloria
783 1040 831 1080 de
862 1038 997 1088 lsrael,
1029 1039 1125 1093 quia,
1153 1044 1275 1092 capta
1303 1044 1364 1080 est
1392 1052 1483 1080 arca
1513 1038 1600 1087 Dei,
1631 1044 1672 1080 et
1702 1053 1772 1093 pro
1800 1054 1936 1083 socero
1964 1055 2036 1082 suo
2065 1046 2106 1082 et
2133 1054 2207 1095 pro

297 1097 383 1139 viro
410 1111 500 1146 su0;
555 1100 586 1121 ²²
612 1104 653 1140 et
679 1098 754 1139 ait:
784 1097 998 1138 Translata
1025 1103 1087 1139 est
1111 1098 1239 1151 gloria
1265 1099 1316 1139 ab
1345 1097 1481 1145 Israel,
1510 1112 1555 1138 eo
1583 1099 1693 1151 quod
1719 1104 1839 1153 capta
1867 1106 1972 1142 esset
1998 1113 2092 1141 arca
2117 1100 2206 1141 Dei.

785 1203 856 1253 ΙΙ.
896 1203 1079 1253 Iudex
1120 1202 1368 1265 Samuel,
1406 1205 1453 1265 5,
1482 1204 1626 1265 1-7,
1653 1205 1726 1255 17.

873 1290 911 1329 1.
943 1289 1006 1330 De
1037 1300 1143 1330 arca
1171 1289 1375 1341 foederis,
1406 1290 1444 1341 5,
1464 1290 1641 1341 1-7,1.

403 1355 440 1397 5.
499 1357 508 1378 ¹
537 1353 785 1394 Philisthiim
814 1359 952 1394 autem
980 1354 1164 1395 tulerunt
1191 1368 1326 1395 arcam
1354 1354 1441 1402 Dei,
1472 1361 1513 1396 et
1540 1360 1858 1408 asportaverunt
1885 1369 1975 1396 eam
2003 1370 2027 1397 a
2053 1356 2209 1410 Lapide

299 1413 489 1455 adiutorii
516 1413 556 1454 in
583 1413 772 1454 Azotum.
828 1415 842 1436 ²
869 1412 1147 1467 Tulemntque
1175 1413 1422 1455 Philisthiim
1451 1427 1586 1455 arcam
1613 1414 1701 1462 Dei,
1730 1419 1771 1455 et
1796 1414 2025 1455 intulerunt
2051 1428 2141 1456 eam
2167 1415 2209 1456 in

299 1473 499 1527 templum
523 1474 680 1526 Dagon.
707 1477 747 1513 et
771 1477 1007 1513 statuerunt
1030 1486 1119 1513 eam
1144 1473 1261 1513 iuxta
1283 1473 1441 1526 Dagon.
1493 1476 1508 1497 ³
1532 1474 1714 1527 Cumque
1739 1473 2008 1515 surrexissent
2031 1473 2209 1516 diluculo

298 1532 432 1573 Azotii
451 1532 576 1573 altera
596 1532 671 1579 die,
692 1545 780 1572 ecce
798 1532 944 1584 Dagon
963 1531 1122 1572 iacebat
1140 1545 1290 1585 pronus
1308 1532 1350 1572 in
1368 1538 1472 1573 terra
1494 1538 1588 1573 ante
1607 1546 1742 1573 arcam
1760 1532 1945 1574 Domini:
1965 1539 2007 1574 et
2024 1533 2210 1574 tulerunt

298 1592 456 1645 Dagon,
487 1597 527 1632 et
554 1591 823 1631 restituerunt
851 1604 942 1631 eum
972 1590 1011 1632 in
1038 1591 1173 1632 locum
1201 1605 1332 1632 snum.
1388 1593 1403 1615 4
1432 1592 1693 1645 Rursmnque
1720 1605 1840 1632 mane
1868 1592 1931 1633 die
1960 1592 2089 1633 altera
2116 1606 2210 1633 con-

298 1656 520 1704 surgentes,
556 1649 802 1691 invenerunt
835 1651 981 1703 Dagon
1014 1650 1214 1691 iacentem
1249 1663 1369 1705 super
1400 1651 1546 1691 faciem
1581 1664 1695 1691 suam
1730 1650 1770 1691 in
1804 1657 1912 1692 terra
1945 1664 2081 1692 coram
2116 1664 2209 1692 arca

300 1709 484 1750 Domini:
516 1714 640 1763 caput
669 1715 808 1750 autem
837 1709 995 1762 Dagon.
1028 1714 1067 1750 et
1097 1710 1187 1750 (11199
1215 1709 1361 1763 1191111199
1390 1723 1584 1750 11191111111111
1617 1710 1700 1751 91113
1730 1709 1918 1751 abscissae
1946 1716 2064 1751 erant
2091 1723 2212 1764 super

299 1769 440 1809 limen:
491 1771 506 1793 5
529 1781 647 1822 110110
671 1769 816 1819 Dagon
840 1768 946 1809 solus
971 1774 1138 1810 truncus
1162 1775 1413 1810 remanserat
1436 1769 1477 1809 in
1500 1769 1586 1810 loeo
1610 1782 1694 1809 suo.
1720 1769 1894 1823 Propter
1916 1769 2021 1810 hanc
2045 1783 2210 1810 causam

300 1842 381 1869 non
415 1828 574 1868 calcant
607 1828 835 1868 sacerdotes
869 1828 1026 1881 Dagon.
1062 1832 1103 1868 et
1135 1841 1274 1869 omnes
1309 1828 1377 1882 qui
1410 1827 1694 1881 ingrediuntur
1727 1828 1926 1882 templum
1959 1828 2055 1877 eius,
2091 1841 2212 1883 super

298 1887 421 1927 limen
448 1888 591 1937 Dagon
617 1887 657 1927 in
683 1887 825 1933 Azoto,
854 1900 980 1940 usque
1005 1887 1045 1927 in
1071 1887 1313 1928 hodiernum
1338 1887 1457 1929 diem.
1514 1889 1529 1911 ⁶
1552 1887 1787 1941 Aggravata
1814 1893 1875 1928 est
1899 1894 2038 1928 autem
2064 1901 2211 1928 manus

304 1946 467 1987 Domini
488 1959 608 2000 super
628 1945 806 1990 Azotios,
830 1951 871 1986 et
892 1945 1109 1987 demolitus
1132 1951 1192 1987 est
1214 1960 1298 1987 eos:
1325 1952 1386 1987 aet
1406 1946 1603 2000 percussit
1625 1946 1665 1987 in
1687 1946 1891 1987 secretiori
1911 1952 2027 2000 parte
2049 1946 2211 1988 natium

302 2006 490 2054 Azotum,
519 2010 559 2046 et
587 2005 684 2046 fines
710 2005 806 2045 91113.
835 2005 889 2045 Et
914 2004 1159 2046 ebullierunt
1184 2005 1289 2046 villae
1314 2011 1355 2046 et
1380 2005 1464 2059 agri
1488 2005 1530 2046 in
1555 2005 1688 2046 medio
1713 2005 1886 2059 regionis
1912 2005 2030 2054 illius,
2058 2010 2100 2046 et
2123 2005 2212 2046 nati

302 2071 397 2106 sunt
428 2078 573 2109 mures,
607 2071 647 2105 et
677 2064 787 2104 facta
818 2069 878 2104 est
909 2063 1091 2105 confusio
1123 2064 1265 2105 mortis
1296 2077 1454 2117 magnae
1483 2065 1525 2105 in
1556 2064 1736 2105 civitat-e.
1800 2066 1813 2088 ⁷
1844 2065 2039 2106 Videntes
2071 2070 2211 2106 autem

302 2124 377 2164 1111
402 2123 537 2164 Azotii
562 2122 841 2165 huiuscemodi
864 2123 1040 2176 plagam,
1068 2123 1278 2164 dixerunt:
1306 2124 1397 2164 Non
1423 2129 1589 2164 maneat
1614 2136 1705 2164 arca
1731 2123 1807 2164 Dei
1834 2123 1957 2164 Israel
1982 2124 2091 2177 apud
2116 2137 2210 2165 nos:

303 2183 495 2237 quoniam
524 2184 625 2224 dura
654 2188 714 2223 est
742 2196 886 2223 manus
915 2182 999 2223 eius
1027 2195 1148 2237 super
1174 2196 1259 2231 nos,
1290 2188 1330 2223 et
1357 2196 1478 2236 super
1504 2183 1649 2236 Dagon
1677 2183 1798 2223 deum
1826 2188 2025 2224 nostrum.

410 2244 425 2266 8
440 2242 494 2284 Ε1
508 2242 719 2283 mittentes
735 2247 1085 2295 congregaverunt
1099 2255 1237 2282 omnes
1252 2246 1437 2295 satrapa-s
1453 2241 1792 2283 Philisthinorum
1808 2242 1859 2283 ad
1874 2255 1926 2290 se,
1943 2247 1984 2283 et
1998 2241 2210 2283 dixerunt:

303 2301 409 2350 Quid
450 2301 643 2342 faciemus
685 2301 733 2341 de
775 2314 866 2341 arca
908 2300 983 2341 Dei
1027 2300 1173 2341 Israel?
1218 2301 1614 2354 Responderuntque
1655 2300 1830 2342 Gethaei:
1873 2300 2212 2342 Circumducatur

303 2374 393 2402 area
410 2360 485 2401 Dei
503 2360 636 2401 [srael.
655 2360 710 2402 Et
725 2359 1087 2401 circumduxerunt
1102 2373 1237 2401 aream
1252 2359 1328 2401 Dei
1345 2359 1480 2401 Israel.
1527 2362 1542 2384 ¹*
1559 2359 1640 2400 11113
1657 2365 1795 2400 antem
1811 2359 2211 2401 circumducentibus

302 2434 403 2469 eam,
439 2420 564 2461 fiebat
593 2433 737 2460 manus
767 2419 934 2460 Domini
964 2432 1034 2473 per
1063 2419 1240 2472 singulas
1271 2419 1458 2460 civitates
1490 2418 1784 2460 interfectionis
1814 2432 1972 2473 magnae
2000 2419 2140 2459 nimis:
2171 2424 2214 2460 et

302 2479 557 2533 percutiebat
586 2479 693 2520 viros
721 2477 1038 2532 uniuscuiusque
1066 2478 1189 2522 urbis.
1228 2492 1248 2519 a
1277 2491 1404 2532 parvo
1432 2492 1559 2532 usque
1587 2479 1639 2519 ad
1666 2478 1873 2527 maiorem,
1915 2483 1957 2519 et
1983 2483 2213 2532 computre—

302 2538 471 2579 scebant
495 2538 772 2592 prominentes
799 2536 951 2578 extales
977 2550 1128 2578 eorum.
1160 2537 1423 2591 inieruntque
1440 2537 1597 2579 Gethaei
1616 2536 1841 2585 consilium,
1862 2542 1904 2578 et
1927 2538 2111 2578 fecerunt
2136 2536 2213 2577 sibi

301 2598 414 2639 sedes
446 2596 643 2651 pelliceas.
703 2599 739 2621 ¹⁰
768 2597 967 2638 Miserunt
998 2609 1089 2650 ergo
1122 2610 1257 2638 arcam
1288 2596 1364 2637 Dei
1394 2596 1435 2637 in
1466 2597 1661 2637 Accaron.
1695 2596 1878 2650 Cumque
1909 2595 2089 2637 venisset
2119 2609 2214 2638 area

302 2656 377 2697 Dei
405 2656 446 2697 in
475 2657 671 2705 Accamn,
702 2655 1038 2697 exclamaverunt
1065 2656 1331 2698 Aecaronitae.
1363 2655 1561 2697 dicentes:
1591 2656 1866 2696 Adduxernnt
1894 2655 1947 2696 ad
1974 2668 2046 2696 nos
2075 2667 2209 2696 arcam

302 2716 377 2757 Dei
408 2715 543 2764 lsrael,
575 2720 621 2756 ut
650 2715 873 2757 interficiat
902 2729 973 2756 nos
1004 2720 1045 2756 et
1074 2715 1271 2769 populum
1301 2720 1499 2756 nostrum.

408 2777 435 2799 ¹¹
475 2774 673 2816 Miserunt
709 2774 848 2828 itaque
886 2781 926 2815 91
963 2779 1312 2828 congregaverunt
1348 2788 1486 2815 onmes
1524 2779 1709 2827 satrapas
1745 2772 2104 2817 Philisthinorum:
2144 2772 2211 2826 qui

303 2833 512 2874 dixerunt:
546 2833 756 2875 Dimittite
789 2847 924 2875 arcam
956 2833 1031 2874 Dei
1065 2833 1199 2877 Israel.
1233 2839 1275 2875 91
1303 2838 1536 2874 revertatur
1565 2833 1606 2874 in
1637 2832 1771 2874 locum
1803 2845 1934 2880 suum,
1968 2838 2009 2873 et
2039 2845 2121 2872 non
2152 2831 2213 2871 in—

304 2892 480 2933 terficiat
504 2907 576 2934 nos
601 2907 693 2934 cum
717 2893 867 2947 populo
892 2898 1044 2934 nostro.
1098 2895 1128 2917 ¹2
1152 2892 1298 2933 Fiebat
1321 2892 1429 2933 enim
1452 2905 1582 2946 pavor
1604 2891 1747 2933 mortis
1772 2891 1812 2931 in
1837 2890 2004 2944 singulis
2028 2890 2209 2939 urbibus,

303 2958 343 2992 et
361 2952 600 3005 gravissima
621 2952 739 2993 valde
758 2966 902 2993 manus
922 2952 1008 2992 Dei.
1032 2952 1108 2992 viri
1128 2966 1301 3006 quoque.
1324 2951 1392 3006 qui
1410 2951 1559 2992 mortui
1580 2964 1661 2992 non
1680 2951 1854 2996 fuerant,
1875 2949 2214 3003 percutiebantur

303 3010 341 3050 in
364 3010 566 3051 secretiori
589 3018 703 3064 parte
724 3011 902 3052 natium:
925 3017 965 3051 et
986 3011 1233 3052 ascendebat
1253 3010 1432 3052 ululatus
1454 3010 1770 3063 uniuscuiusque
1792 3008 1972 3049 civitatis
1993 3007 2034 3048 in
2055 3007 2209 3049 eaelum.

408 3070 445 3112 6.
505 3072 513 3093 ¹
553 3070 647 3110 Fuit
685 3083 776 3123 ergo
815 3084 905 3111 arca
944 3070 1109 3111 'Domini
1146 3070 1186 3110 in
1223 3069 1384 3123 regione
1421 3069 1759 3110 philisthinorum
1797 3073 1953 3121 septem
1990 3066 2209 3108 mensibus.

303 3131 317 3153 2
354 3128 406 3169 Et
441 3135 693 3169 vocaverunt
727 3129 976 3170 I'hilisthiim
1011 3130 1239 3170 sacerdotes
1275 3134 1316 3169 et
1349 3128 1521 3173 divinos,
1558 3128 1756 3169 dicentes:
1793 3126 1900 3176 Quid
1933 3125 2128 3166 faciemus
2162 3125 2212 3166 de

304 3201 395 3228 area
411 3187 602 3229 Domini?
621 3187 796 3229 indicate
813 3188 929 3229 nobis
947 3189 1152 3242 quomodo
1168 3187 1427 3229 remittamus
1444 3201 1532 3228 eam
1549 3187 1589 3227 in
1607 3186 1739 3228 locum
1755 3199 1886 3227 suum.
1905 3184 1983 3234 Qui
1998 3184 2209 3225 dixerunt:

303 3250 318 3271 ³
345 3246 385 3287 si
412 3246 622 3287 remittitis
651 3260 786 3287 aream
814 3247 889 3287 Dei
920 3247 1054 3296 lsrael,
1084 3247 1208 3288 nolite
1237 3246 1443 3288 dimittere
1471 3259 1559 3287 eam
1588 3259 1775 3294 vacuam,
1804 3245 1874 3285 sed
1902 3244 2012 3298 quod
2039 3243 2209 3291 debetiS,

305 3305 460 3345 reddite
484 3305 515 3345 ei
540 3319 611 3359 pro
634 3312 814 3359 119999110,
839 3312 879 3347 91
901 3312 999 3347 tunc
1021 3306 1282 3347 curabimini:
1306 3311 1347 3347 et
1368 3305 1502 3346 scietis
1525 3318 1649 3359 quare
1671 3318 1753 3345 non
1773 3303 1937 3344 recedat
1958 3315 2103 3343 manus
2126 3302 2210 3343 eius

304 3380 327 3406 a
355 3364 483 3406 vobis.
541 3367 555 3388 ⁴
585 3364 661 3413 Qui
691 3364 901 3405 dixerunt:
944 3365 1051 3414 Quid
1080 3371 1141 3406 est
1171 3366 1280 3418 quod
1309 3377 1380 3418 pro
1410 3364 1557 3405 delicto
1586 3364 1752 3405 reddere
1781 3362 2002 3403 debeamus
2032 3361 2091 3402 ei?
2134 3361 2212 3402 Re-

434 3469 467 3510 ὅ,
490 3469 511 3503 6
540 3468 599 3503 ·Ps
624 3469 677 3510 77,
702 3469 753 3503 66.
