2356 3760
127 79 178 118 13,
203 78 322 117 5—13,
348 78 391 111 46
966 72 1061 107 DAN
1069 72 1189 106 IELIS
1959 73 2033 114 851

126 177 168 213 et
186 172 239 212 ad
258 171 391 224 ipsum
412 170 675 212 confluebant
696 168 833 211 Iudaei,
855 180 900 208 eo
923 167 1032 220 quod
1051 171 1156 207 esset
1174 164 1450 206 honorabilior
1469 164 1664 205 omnium.
1712 167 1726 188 ’1
1747 166 1800 206 Et
1822 166 2036 207 constituti

125 235 221 271 sunt
242 230 291 270 de
312 229 462 283 populo
484 230 564 270 duo
586 240 699 269 senes
718 226 870 267 iudjees
890 225 931 265 in
951 225 1018 266 illo
1040 238 1166 266 anno:
1189 225 1238 265 de
1260 224 1407 278 quibus
1426 223 1588 264 locutus
1609 227 1671 264 est
1690 223 1909 265 Dominus:
1933 225 2039 273 Quia

125 301 283 342 egressa
315 293 376 329 est
407 287 602 341 iniquitas
634 286 684 326 de
717 284 928 338 Babylone
962 297 985 324 a
1016 283 1240 325 senioribus
1272 282 1486 328 iudicibus,
1523 281 1591 336 qui
1623 281 1873 322 videbantur
1904 296 2037 336 regere

125 347 336 401 populum.
396 348 411 371 ⁶
441 346 515 386 Isti
542 343 864 397 frequentabant
891 343 1060 383 domum
1091 342 1261 385 Ioakim.
1292 347 1333 382 et
1361 341 1583 381 veniebant
1611 341 1663 381 ad
1692 353 1758 382 eos
1787 354 1937 385 omnes,
1970 342 2036 394 qui

126 406 338 447 habebant
364 404 525 446 iudicia.
584 404 597 427 ⁷
626 402 727 443 Cum
756 407 895 442 autem
923 400 1098 454 populus
1125 400 1360 440 revertisset
1387 413 1458 452 per
1484 399 1705 447 meridiem,
1735 399 2040 453 ingrediebatur

128 465 327 512 Susanna,
356 468 398 504 et
423 461 717 504 deambulabat
743 460 784 500 111
809 459 993 514 pomario
1021 459 1097 499 viri
1122 458 1195 500 sui.
1254 460 1268 482 ⁸
1294 458 1350 498 Et
1376 458 1575 498 videbant
1600 471 1690 498 eam
1716 471 1829 499 senes
1857 458 2040 512 quotidie

126 522 433 576 ingredientem,
473 526 514 562 et
549 518 902 561 deambulantem:
940 523 982 559 et
1017 522 1257 558 exarserunt
1292 517 1332 557 in
1370 517 1741 570 concupiscentiam
1779 517 1881 558 eius:
1948 518 1963 541 ⁹
1999 521 2041 557 et

127 585 364 622 everterunt
380 592 543 621 sensum
560 591 692 623 suum,
713 582 754 618 et
772 577 1081 618 declinaverunt
1100 575 1235 617 oculos
1254 588 1346 616 suos
1366 580 1412 615 ut
1429 588 1511 615 non
1530 575 1716 615 viderent
1733 575 1887 622 caelum,
1908 588 2040 629 neque

126 639 437 681 recordarentur
467 636 709 678 iudiciorum
742 636 956 677 iustorum.
1019 637 1055 659 ¹⁰
1086 635 1218 675 Erant
1252 647 1344 687 ergo
1378 634 1499 674 ambo
1534 633 1738 675 vulnerati
1772 647 1908 675 amore
1941 634 2038 681 eius,

127 711 199 739 nec
226 698 513 738 indicaverunt
538 695 614 736 sibi
641 695 818 735 vicissim
846 694 1025 735 dolorem
1053 706 1190 735 suum:
1246 695 1277 717 11
1305 692 1599 733 erubescebant
1627 692 1733 733 enim
1760 693 1938 733 indicare
1965 693 2040 733 sibi

127 755 500 810 concupiscentiam
527 766 656 801 suam,
685 753 868 795 volentes
895 753 1163 793 concumbere
1190 764 1283 792 cum
1310 763 1374 792 ea:
1430 753 1461 775 ¹²
1488 756 1529 791 et
1555 751 1832 792 observabant
1860 751 2041 805 quotidie

127 815 322 857 solicitius
351 814 487 855 videre
516 826 617 854 eam.
675 812 873 865 Dixitque
902 811 1004 852 alter
1032 812 1084 852 ad
1113 811 1306 851 alterum:
1364 812 1395 834 13
1423 810 1577 850 Eamus
1606 810 1787 859 domum,
1820 810 1916 863 quia
1942 810 2043 851 liora

127 873 289 928 prandii
308 877 381 914 est.
402 872 459 913 Et
478 872 625 925 egressi
643 876 895 912 recesserunt
915 883 939 910 a
958 883 1010 911 se.
1060 871 1091 894 ¹4
1111 870 1294 923 Cumque
1313 869 1588 913 revertissent,
1611 873 1813 909 venerunt
1832 869 1873 909 in
1893 882 2039 909 unum:

128 938 170 973 et
198 932 451 973 sciscitantes
482 931 533 972 ab
562 930 737 971 invicem
767 942 945 976 causam,
978 928 1149 970 confessi
1179 933 1276 969 sunt
1305 927 1676 981 concupiscentiam
1707 940 1842 968 suam:
1874 932 1915 968 et
1944 932 2043 968 tunc

127 991 169 1032 in
197 990 403 1032 communi
430 994 668 1030 statuerunt
694 994 869 1042 tempus,
901 988 1065 1041 quando
1094 1000 1183 1028 eam
1211 992 1378 1041 possent
1404 986 1584 1027 invenire
1613 986 1752 1028 solam.
1809 988 1840 1011 ¹5
1867 986 2043 1027 Factum

128 1055 191 1092 est
208 1054 360 1097 autem,
381 1062 473 1089 cum
492 1048 758 1090 observarent
775 1047 881 1088 diem
901 1052 1058 1100 aptum.
1076 1046 1255 1100 ingressa
1273 1051 1334 1086 est
1352 1045 1572 1099 aliquando
1592 1045 1698 1086 sicut
1714 1045 1799 1086 heri
1818 1050 1859 1086 et
1876 1044 2043 1086 nudius-

128 1108 286 1153 tertius,
315 1121 407 1148 cum
434 1107 594 1148 duabus
620 1106 713 1148 solis
738 1105 893 1159 puellis,
922 1105 1135 1159 voluitque
1159 1105 1288 1146 lavari
1314 1104 1354 1145 in
1380 1104 1582 1158 pomario:
1610 1109 1732 1145 cestus
1760 1104 1910 1158 quippe
1935 1108 2041 1144 erat:

128 1169 163 1192 ¹⁶
185 1172 227 1208 et
248 1180 330 1208 non
353 1171 442 1207 erat
462 1166 519 1207 ibi
542 1165 772 1219 quisquam,
797 1170 944 1219 praeter
966 1165 1067 1205 duos
1090 1177 1203 1205 senes
1227 1163 1501 1206 absconditos,
1527 1168 1568 1203 et
1590 1162 1916 1216 contemplantes
1939 1175 2041 1204 eam.

128 1227 162 1250 1⁷
189 1225 308 1266 Dixit
333 1238 426 1279 ergo
453 1224 615 1278 puellis:
643 1224 798 1265 Afferte
825 1223 925 1264 mihi
952 1223 1097 1266 oleum.
1127 1228 1168 1264 et
1194 1223 1424 1275 smigmata,
1454 1227 1495 1262 et
1522 1221 1627 1262 ostia
1653 1221 1825 1275 pomarii
1852 1221 2042 1269 claudite,

128 1289 176 1326 ut
197 1284 321 1325 laver.
374 1285 409 1308 18
431 1284 488 1324 Et
509 1283 695 1324 fecerunt
717 1283 823 1323 sicut
846 1287 1112 1336 praeceperat:
1138 1281 1453 1334 clauseruntque
1478 1280 1583 1321 ostia
1605 1280 1789 1333 pomarii,
1815 1285 1856 1321 et
1879 1293 2046 1334 egressae

129 1348 227 1384 sunt
242 1355 314 1396 per
330 1342 533 1396 posticum
552 1347 599 1383 ut
616 1342 808 1382 afferrent
826 1354 916 1394 quae
932 1341 1117 1381 iusserat.
1136 1340 1454 1392 nesciebantque
1472 1352 1585 1379 senes
1603 1339 1713 1379 intus
1731 1351 1815 1379 esse
1833 1339 2046 1380 abscondi-

130 1407 205 1442 tos,
263 1404 296 1425 ¹⁹
324 1402 425 1441 Cum
453 1406 593 1440 autem
620 1412 787 1453 egressae
813 1404 949 1440 essent
974 1398 1130 1452 puellae,
1160 1403 1424 1439 surrexerunt
1450 1398 1531 1439 duo
1559 1411 1684 1446 senes,
1715 1403 1756 1438 et
1784 1402 2047 1438 accurrerunt

130 1460 182 1501 ad
211 1472 314 1507 eam,
345 1464 388 1500 et
415 1459 626 1500 dixerunt:
684 1460 721 1482 ‘2⁰
749 1458 853 1499 Ecce
884 1458 990 1499 ostia
1017 1457 1190 1511 pomarii
1220 1457 1358 1498 clausa
1386 1462 1494 1501 sunt.
1527 1462 1567 1497 et
1596 1469 1715 1498 nemo
1745 1469 1818 1498 nos
1848 1456 1973 1503 videt,
2006 1461 2047 1497 01

130 1532 202 1560 1103
235 1518 277 1559 111
310 1517 641 1571 concupiscentia
673 1517 734 1558 tui
766 1530 924 1558 sumus:
961 1530 1085 1570 quam
1118 1517 1169 1557 ob
1203 1529 1287 1557 rem
1321 1516 1516 1556 assentire
1549 1515 1678 1563 nobis,
1713 1520 1755 1556 et
1787 1515 2047 1557 commiscere

129 1577 355 1619 nobiscum.
408 1578 439 1601 2¹
466 1576 576 1630 quod
599 1576 631 1617 si
655 1575 842 1621 nolueris,
869 1576 1050 1616 dicemus
1075 1581 1219 1617 contra
1242 1580 1282 1616 te
1308 1574 1602 1622 testimonium,
1630 1574 1739 1628 quod
1763 1574 1887 1615 fuerit
1910 1579 2047 1615 tecum

130 1636 300 1681 iuvenis,
332 1641 374 1677 et
402 1635 454 1677 ob
483 1635 589 1676 hanc
618 1648 784 1676 causam
814 1635 991 1675 emiseris
1021 1634 1176 1688 puellas
1206 1647 1230 1675 a
1259 1640 1310 1675 te.
1369 1636 1400 1658 2²
1433 1633 1639 1687 Ingemuit
1667 1634 1866 1676 Susanna.
1899 1638 1940 1674 et
1969 1633 2045 1674 ait:

130 1694 342 1748 Angustiae
362 1698 459 1735 sunt
478 1694 578 1734 mihi
598 1694 797 1747 undique:
820 1694 851 1734 si
872 1693 980 1734 enim
1001 1693 1077 1735 hoc
1098 1706 1225 1747 egero,
1249 1706 1357 1734 mors
1377 1692 1476 1733 mihi
1498 1698 1577 1733 est:
1600 1693 1631 1733 si
1653 1697 1793 1733 autem
1814 1706 1896 1733 non
1917 1705 2045 1746 egero,

131 1767 213 1795 non
232 1753 424 1807 effugiam
442 1766 588 1794 manus
608 1759 777 1794 vestras.
825 1754 857 1777 2³
875 1753 954 1794 Sed
973 1752 1117 1794 melius
1136 1758 1198 1793 est
1216 1752 1315 1792 mihi
1335 1752 1489 1805 absque
1509 1764 1628 1805 opere
1647 1751 1822 1792 incidere
1841 1751 1883 1791 in
1901 1763 2047 1791 manus

132 1817 300 1861 vestras,
321 1825 444 1866 quam
462 1825 628 1865 peccare
645 1812 686 1852 in
704 1817 925 1865 conspectu
944 1811 1122 1853 Domini.
1169 1813 1200 1836 '2⁴
1218 1811 1274 1852 Et
1291 1810 1540 1852 exclamavit
1557 1823 1656 1852 voce
1674 1823 1824 1864 magna
1841 1810 2046 1851 Susanna:

132 1870 469 1912 exclamaverunt
489 1876 627 1912 autem
649 1876 690 1911 et
710 1884 823 1911 senes
845 1871 1040 1911 adversus
1060 1883 1162 1911 eam.
1211 1872 1244 1894 2⁵
1264 1870 1320 1911 Et
1340 1869 1519 1910 cucurrit
1538 1883 1643 1910 unus
1664 1870 1716 1910 ad
1737 1869 1843 1910 ostia
1862 1868 2046 1922 pomarii,

132 1935 174 1971 et
195 1929 367 1983 aperuit.
406 1931 441 1953 ²⁶
457 1928 557 1970 Cum
574 1942 666 1982 ergo
688 1929 898 1970 audissent
916 1929 1133 1970 clamorem
1150 1928 1294 1969 famuli
1314 1929 1458 1970 domus
1480 1928 1521 1969 in
1541 1928 1737 1982 pomario,
1757 1928 1963 1968 irruerunt
1979 1940 2050 1981 per

132 1988 335 2042 posticum
357 1994 404 2029 ut
426 1988 613 2029 viderent
634 1988 830 2042 quidnam
849 1993 966 2029 esset.
1006 1989 1040 2012 ²⁷
1057 1988 1284 2042 Postquam
1307 1993 1445 2028 autem
1467 2000 1581 2028 senes
1601 1986 1727 2028 locuti
1747 1992 1854 2033 sunt,
1878 1986 2049 2027 erubue-

132 2051 229 2088 runt
247 2046 351 2087 servi
365 2046 645 2087 vehementer:
669 2047 765 2100 quia
784 2060 1011 2100 numquam
1027 2047 1161 2087 dictus
1178 2047 1313 2087 fuerat
1331 2059 1462 2087 sermo
1480 2045 1761 2087 huiuscemodi
1780 2046 1829 2086 de
1846 2045 2046 2087 Susanna.

238 2106 294 2146 Et
324 2105 438 2146 facta
469 2110 530 2146 est
564 2105 647 2146 dies
681 2106 870 2146 crastina.
932 2107 968 2130 2⁸
1000 2105 1183 2159 Cumque
1217 2105 1396 2146 venisset
1427 2104 1602 2158 populus
1636 2105 1687 2145 ad
1722 2104 1881 2156 Ioakim
1914 2104 2047 2145 virum
2099 2103 2209 2129 abillis

133 2165 229 2213 eius,
262 2169 464 2205 venerunt
492 2169 534 2205 et
563 2164 643 2205 duo
673 2164 901 2218 presbyteri
931 2164 1039 2218 pleni
1068 2164 1209 2218 iniqua
1239 2164 1486 2218 cogitatione
1517 2163 1712 2205 adversus
1741 2164 1972 2205 Susannam
2002 2168 2049 2204 ut
2087 2139 2221 2200 11ῗὲὲὲἷὲ

132 2223 407 2265 interficerent
442 2236 543 2264 eam.
609 2225 643 2247 2⁹
678 2223 735 2264 Et
770 2223 963 2264 dixerunt
998 2236 1134 2264 coram
1170 2222 1340 2277 populo:
1378 2222 1532 2264 Mittite
1569 2223 1620 2264 ad
1656 2222 1886 2263 Susannam
1923 2221 2047 2262 filiam
2089 2210 2221 2276 ciffi?

135 2282 285 2324 Helciae
308 2295 479 2324 uxorem
503 2282 674 2323 Ioakim.
701 2282 757 2323 Et
780 2282 923 2323 statim
946 2282 1157 2323 miserunt.
1209 2283 1246 2306 ³⁰
1268 2281 1324 2322 Et
1348 2281 1463 2322 venit
1485 2294 1578 2321 cum
1601 2281 1854 2334 parentibus,
1880 2286 1922 2321 et
1944 2280 2046 2329 filiis,

134 2346 175 2382 et
197 2341 396 2382 universis
419 2341 603 2394 cognatis
626 2341 719 2382 suis.
770 2342 802 2365 ³1
825 2341 950 2382 Porro
974 2341 1162 2382 Susanna
1184 2346 1271 2381 erat
1294 2339 1470 2381 delicata
1491 2339 1622 2386 nimis,
1649 2344 1690 2381 et
1711 2339 1883 2393 pulchra
1903 2339 2046 2393 specie.

134 2402 166 2425 ³2
182 2399 240 2441 At
255 2399 385 2453 iniqui
400 2399 457 2440 illi
473 2399 679 2440 iusserunt
694 2405 742 2440 ut
758 2399 1098 2453 discooperiretur
1114 2401 1219 2451 (erat
1235 2399 1342 2440 enim
1360 2401 1567 2452 cooperta)
1586 2403 1633 2440 111
1649 2398 1714 2439 vel
1730 2399 1785 2440 sic
1802 2398 2051 2439 satiarentur

134 2459 277 2500 decore
305 2458 401 2500 eius.
457 2460 490 2483 33
517 2458 693 2499 Flebant
720 2459 843 2513 igitur
870 2458 942 2505 sui,
973 2463 1014 2499 et
1041 2472 1180 2500 omnes
1210 2458 1278 2512 qui
1305 2463 1509 2499 noverant
1535 2471 1636 2499 eam.
1693 2459 1725 2482 ³4
1752 2457 2049 2511 Consurgentes

134 2522 274 2559 autem
304 2517 384 2558 duo
414 2517 643 2571 presbyteri
672 2517 713 2558 in
742 2517 876 2559 medio
907 2517 1059 2571 populi,
1092 2523 1317 2571 posuerunt
1346 2530 1492 2558 manus
1523 2530 1615 2558 suas
1646 2529 1767 2570 super
1796 2521 1922 2570 caput
1951 2516 2047 2557 eius.

133 2578 166 2602 ³⁵
194 2577 293 2625 Quae
320 2576 418 2617 flens
446 2576 631 2630 suspexit
658 2577 710 2617 ad
738 2576 899 2618 caelum:
929 2582 1017 2618 erat
1044 2577 1151 2618 enim
1180 2590 1248 2618 cor
1274 2575 1358 2617 eius
1386 2576 1579 2617 fiduciam
1606 2575 1761 2616 habens
1789 2575 1830 2615 in
1857 2575 2047 2616 Domino.

134 2637 170 2660 ³⁶
195 2635 252 2677 Et
278 2635 471 2676 dixerunt
495 2635 742 2689 presbyteri:
771 2635 873 2677 Cum
900 2635 1255 2677 deambularemus
1282 2636 1323 2675 in
1349 2634 1533 2689 pomario
1560 2634 1644 2680 soli,
1673 2634 1853 2687 ingressa
1878 2638 1940 2674 est
1964 2633 2051 2674 haec

135 2707 228 2735 cum
253 2694 413 2735 duabus
438 2693 599 2747 puellis:
627 2699 668 2735 et
692 2694 839 2735 clausit
864 2694 970 2736 ostia
993 2694 1177 2748 pomarii,
1205 2699 1247 2735 et
1271 2694 1426 2735 dimisit
1451 2707 1475 2734 a
1499 2706 1540 2734 se
1564 2693 1732 2747 puellas.
1785 2694 1819 2717 3⁷
1846 2692 2050 2746 Venjtque

136 2753 188 2793 ad
211 2765 301 2794 eam
327 2752 571 2801 adolescens,
600 2753 668 2807 qui
692 2758 781 2794 erat
805 2753 1081 2797 absconditus,
1109 2758 1150 2794 et
1175 2752 1397 2794 concubuit
1421 2766 1513 2793 cum
1539 2765 1597 2794 ea.
1650 2753 1686 2777 ³8
1709 2752 1834 2792 Porro
1859 2764 1932 2792 nos
1957 2764 2050 2792 cum

136 2824 312 2852 essemus
341 2811 383 2852 in
413 2811 560 2865 angulo
590 2812 774 2865 pomarii,
807 2812 992 2853 videntes
1022 2812 1297 2866 iniquitatem,
1330 2811 1580 2852 cucurrimus
1611 2810 1662 2851 ad
1692 2823 1770 2857 003,
1803 2814 1844 2850 01
1872 2809 2050 2851 vidimus

136 2883 202 2912 eos
232 2870 385 2924 pariter
413 2870 675 2912 commisceri.
733 2872 769 2895 3⁹
797 2871 854 2911 Et
882 2870 995 2911 illum
1027 2871 1191 2924 quidem
1221 2884 1302 2912 non
1334 2870 1539 2924 quivimus
1570 2869 1922 2922 comprehendere,
1956 2868 2052 2922 quia

135 2928 281 2970 fortior
303 2927 419 2969 nobis
442 2934 541 2977 erat,
565 2934 606 2970 et
629 2929 780 2983 apertis
803 2929 915 2971 ostiis
939 2929 1115 2970 exilivit:
1165 2930 1202 2954 ‘²⁰
1221 2929 1328 2970 hanc
1351 2933 1490 2970 autem
1513 2941 1605 2969 cum
1628 2927 2049 2981 apprehendissemus,

136 2987 490 3041 interrogavimus,
517 2987 704 3040 quisnam
728 2992 833 3029 esset
856 2987 1101 3037 adolescens,
1126 2993 1168 3029 et
1190 2988 1322 3029 noluit
1345 2987 1522 3028 indicare
1546 2986 1680 3027 nobis:
1705 2985 1824 3027 huius
1847 2986 1904 3027 rei
1926 2990 2051 3027 testes

137 3059 289 3088 sumus.
348 3047 380 3070 41
411 3045 593 3087 Credidit
622 3046 677 3087 eis
707 3046 931 3088 multitudo
964 3046 1080 3100 quasi
1110 3047 1272 3088 senibus
1304 3052 1345 3087 et
1374 3046 1575 3087 iudicibus
1606 3044 1758 3098 populi,
1791 3050 1833 3086 et
1863 3045 2053 3086 condem-

137 3110 342 3146 naverunt
368 3117 458 3146 eam
487 3105 539 3145 ad
566 3110 752 3146 mortem.
809 3107 841 3130 4²
869 3105 1132 3146 Exclamavit
1159 3111 1298 3146 autem
1327 3118 1425 3146 voce
1453 3116 1603 3157 magna
1629 3103 1828 3153 Susanna,
1859 3108 1900 3144 et
1927 3103 2050 3144 dixit:

136 3164 247 3204 Deus
282 3168 442 3213 aeterne,
481 3162 549 3217 qui
584 3163 918 3205 absconditorum
953 3178 992 3205 es
1028 3164 1223 3218 cognitor,
1262 3163 1330 3218 qui
1364 3162 1472 3204 nosti
1507 3162 1644 3204 omnia
1677 3168 1901 3216 antequam
1936 3162 2049 3208 fiant,

137 3224 170 3247 43
197 3227 244 3263 tu
272 3222 347 3263 scis
377 3222 571 3276 quoniam
598 3221 747 3263 falsum
776 3223 1058 3264 testimonium
1086 3222 1271 3264 tulerunt
1299 3227 1442 3263 contra
1468 3234 1551 3262 me:
1582 3226 1623 3262 et
1650 3233 1741 3262 ecce
1767 3220 1929 3269 morior,
1960 3233 2052 3261 cum

138 3280 237 3321 nihil
266 3280 411 3322 horum
439 3280 616 3329 fecerim,
648 3294 738 3334 quae
765 3281 834 3322 isti
861 3281 1063 3322 malitiose
1092 3284 1411 3335 composuerunt
1440 3280 1658 3321 adversum
1686 3293 1762 3320 me.

242 3341 275 3364 44
301 3339 529 3380 Exaudivit
555 3344 694 3380 autem
719 3339 921 3381 Dominus
948 3353 1091 3382 vocem
1118 3340 1214 3381 eius.
1269 3341 1301 3364 4⁵
1328 3339 1511 3392 Cumque
1539 3339 1755 3380 duceretur
1781 3338 1833 3379 ad
1859 3339 2259 3378 1110110111.ΞόέᾱᾶΙῈΠῡΗΘ

2066 3382 2201 3401 innocens
2213 3375 2259 3400 de-

139 3397 355 3439 suscitavit
381 3398 583 3440 Dominus
611 3398 800 3452 spiritum
828 3404 1017 3440 sanctum
1046 3399 1159 3453 pueri
1186 3397 1365 3446 iunioris,
1396 3397 1508 3438 cuius
1536 3410 1686 3438 nomen
1713 3395 1877 3437 Daniel:
1933 3396 1968 3419 ⁴⁶
1996 3394 2051 3435 Et
2072 3412 2260 3436 monstratur.

1772 3464 1846 3504 54*
