2356 3760
117 421 241 451 Tempus

116 463 239 486 imperii.

95 593 262 619 humiliatio

140 637 218 660 regni

131 665 227 692 Israel.

113 2678 215 2697 uxores
231 2673 259 2697 et

114 2707 163 2732 filii
179 2708 261 2738 regis,

133 2788 243 2819 reliqua

127 2825 154 2848 1η
175 2824 249 2848 libio

144 2860 235 2884 Addw.

113 3139 267 3162 Dominum

149 3174 228 3201 volit,

280 168 358 209 378
1135 164 1280 198 LIBER
1309 165 1354 199 11.
1958 168 2012 211 13,
2037 170 2157 210 1—14‚
2181 169 2201 202 5

547 259 618 311 Il.
658 260 848 324 Reges
887 274 1074 323 usque
1113 260 1187 309 ad
1226 259 1516 324 Iosaphat‚
1557 258 1634 312 13.
1664 261 1839 322 1—16‚
1868 261 1947 312 14.

800 349 840 389 1.
871 348 984 389 Abia
1013 359 1095 389 rex
1125 350 1373 400 secundus,
1402 350 1469 400 13,
1488 351 1637 401 1-14,
1657 352 1696 392 1.

390 421 452 464 13.
508 424 518 445 ¹
561 421 680 461 Anno
727 420 1053 461 aoctavodecimo
1094 422 1196 471 regis
1239 422 1462 466 Ieroboam,
1506 423 1693 473 regnavit
1732 423 1839 464 Abia
1878 437 1998 477 super
2040 425 2196 466 Iudam.

283 482 297 505 ‘²
328 481 474 521 Tribus
505 479 621 520 annis
651 479 839 532 regnavit
869 479 909 519 in
943 479 1174 523 Ierusalem,
1208 493 1438 533 nomenque
1469 482 1612 521 matris
1642 482 1726 522 eius
1756 482 1943 526 Michaia.
1977 483 2061 524 filia
2091 484 2200 526 Uriel

285 540 333 581 de
364 540 524 581 Gabaa:
563 544 621 579 bet
653 543 741 578 erat
772 537 921 578 bellum
954 538 1060 579 inter
1090 539 1238 579 Abiam
1269 546 1309 579 et
1342 539 1567 581 Ieroboam.

389 601 404 623 ³
426 598 609 650 Cumque
632 597 783 637 iniisset
805 597 911 637 Abia
933 602 1150 642 certamen,
1175 603 1215 638 et
1237 597 1405 638 haberet
1430 598 1752 640 bellicosissimos
1773 600 1892 649 viros,
1916 607 1955 642 et
1979 601 2201 643 electorum

284 657 585 711 quadringenta
613 655 756 696 millia:
791 655 1002 697 Ieroboam
1026 657 1221 697 instruxit
1244 662 1412 697 econtra
1441 657 1566 698 aciem
1593 658 1829 711 octingenta
1856 659 1983 701 millia
2006 661 2198 709 virorum,

282 716 350 769 qui
379 723 420 756 et
448 715 523 768 ipsi
552 714 667 756 electi
697 721 825 756 erant.
857 719 898 755 et
925 715 977 756 ad
1007 715 1112 755 bella
1139 716 1361 756 fortissimi.
1419 718 1433 739 ⁴
1462 716 1587 757 Stetit
1616 730 1707 770 ergo
1735 718 1843 758 Abia
1869 732 1990 771 super
2016 724 2201 760 montem

282 776 486 816 Semeron.
520 774 588 828 qui
618 780 703 814 crat
734 773 774 814 in
804 773 1014 827 Ephraim.
1047 780 1087 814 et
1117 774 1192 815 ait:
1224 774 1330 815 Audi
1364 775 1588 823 Ieroboam,
1621 782 1661 816 et
1691 777 1820 817 omnis
1854 777 1986 818 Israel.
2045 780 2060 802 5
2090 778 2199 818 Num

282 834 477 887 ignoratis
505 833 615 887 quod
640 832 841 873 Dominus
867 833 977 873 Deus
1006 832 1128 873 lsrael
1153 833 1311 874 dederit
1336 846 1502 886 regnum
1530 834 1667 875 David
1693 848 1814 888 super
1841 836 1963 877 lsrael
1990 837 2028 877 in
2055 837 2200 890 sempi—

283 899 458 935 ternum.
489 892 564 945 ipsi
593 899 634 932 ct
662 891 753 932 filiis
781 892 865 932 eius
894 892 934 932 in
962 898 1129 945 pactum
1160 892 1278 933 salis?
1338 895 1352 916 ⁶
1381 893 1435 933 Et
1464 894 1639 934 surrexit
1670 894 1882 935 leroboam
1912 895 2016 936 filius
2047 896 2197 938 Nabat.

283 965 422 993 servus
441 950 669 992 Salomonis
688 950 757 991 filii
776 951 931 991 David:
961 956 1017 991 “et
1035 951 1250 992 rebellavit
1270 958 1413 993 contra
1431 952 1642 993 dominum
1662 966 1792 994 suum.
1844 956 1857 977 ⁷
1877 954 2201 1008 Congregatique

282 1018 377 1052 sunt
405 1011 455 1051 ad
483 1023 575 1051 eum
602 1010 678 1050 viri
704 1010 926 1052 vanissimi.
956 1016 996 1050 et
1022 1010 1091 1050 filii
1120 1009 1264 1051 Belial:
1293 1016 1333 1051 et
1358 1010 1664 1064 praevaluerunt
1689 1017 1834 1053 contra
1860 1006 2046 1054 Roboam
2073 1013 2201 1054 filium

282 1070 528 1111 Salomonis:
563 1081 682 1122 porro
717 1068 905 1109 Roboanl
938 1075 1026 1110 erat
1058 1070 1180 1112 rudis
1217 1075 1257 1110 et
1290 1070 1408 1110 corde
1441 1071 1607 1123 pavido,
1640 1084 1713 1111 nec
1746 1072 1883 1124 potuit
1915 1073 2099 1113 resistere
2132 1073 2198 1113 eis

286 1131 300 1153 ⁸
331 1130 449 1170 Nunc.
480 1141 572 1180 ergo
603 1141 676 1168 vos
706 1127 840 1168 dicitis
871 1128 980 1181 quod
1010 1129 1194 1169 resistere
1224 1129 1388 1181 possitis
1416 1142 1538 1179 regno
1569 1130 1747 1175 Domini,
1781 1131 1891 1183 quod
1920 1132 2101 1184 possidet
2131 1143 2203 1184 per

284 1188 386 1229 filios
426 1187 575 1236 David,
618 1186 861 1240 habetisque
901 1187 1097 1240 grandem
1139 1187 1280 1241 populi
1320 1187 1642 1234 multitudinem,
1687 1194 1812 1243 atque
1853 1189 2004 1231 vitulos
2045 1204 2199 1239 aureos

285 1260 386 1301 quos
409 1247 504 1287 fecit
527 1246 644 1287 vobis
668 1246 881 1287 Ieroboam
904 1246 944 1287 in
967 1246 1074 1288 deos.
1128 1249 1143 1270 ⁹
1170 1246 1246 1287 dEt
1268 1247 1701 1297 eiecistisffiaeerdotes
1723 1248 1901 1297 Domini,
1926 1249 2028 1290 filios
2049 1250 2199 1291 Aaron.

285 1312 410 1360 atque
430 1306 615 1347 Levitas:
638 1311 679 1346 et
698 1305 849 1346 fecistis
870 1305 986 1346 vobis
1006 1306 1245 1347 Sacerdotes
1266 1306 1372 1347 sicut
1391 1319 1531 1347 omnes
1551 1307 1691 1360 populi
1712 1313 1931 1348 terrarum:
1952 1309 2202 1361 quicumque

285 1365 454 1411 venerit,
483 1371 524 1405 et
550 1364 775 1405 initiaverit
800 1377 969 1405 manum
996 1378 1111 1405 suam
1139 1365 1179 1406 in
1206 1370 1324 1406 tauro
1352 1366 1401 1406 de
1428 1365 1570 1415 bobus,
1599 1372 1641 1406 et
1666 1366 1707 1406 in
1733 1366 1928 1407 arietibus
1955 1372 2124 1420 septem,
2156 1367 2204 1407 fit

285 1425 471 1465 sacerdos
495 1437 646 1465 eorum.
674 1423 743 1476 qui
766 1436 846 1464 non
871 1429 968 1464 sunt
991 1424 1056 1465 dii.
1110 1426 1146 1448 ¹⁰
1168 1424 1318 1465 Noster
1340 1429 1479 1465 autem
1503 1425 1716 1474 Dominus,
1741 1425 1852 1466 Deus
1876 1430 1949 1475 est,
1975 1439 2096 1479 quem
2120 1439 2202 1467 non

285 1483 562 1536 relinquimus,
593 1482 915 1535 Sacerdotesque
943 1483 1181 1524 ministrant
1207 1483 1385 1525 Domino
1414 1484 1463 1524 de
1490 1483 1581 1525 filiis
1608 1484 1757 1528 Aaron.
1789 1490 1829 1525 et
1856 1484 2012 1526 Levitae
2039 1490 2135 1526 sunt
2162 1485 2203 1525 in

285 1543 425 1584 ordine
458 1555 548 1582 suo:
610 1542 641 1564 ¹¹
676 1540 930 1582 Holocausta
963 1555 1125 1595 quoque
1158 1542 1335 1584 offerunt
1368 1543 1546 1584 Domino
1580 1556 1651 1596 per
1682 1543 1861 1597 singulos
1893 1544 1978 1585 dies
2010 1557 2130 1585 mane
2163 1550 2203 1585 et

286 1614 464 1655 vespere.
498 1606 539 1641 et
569 1599 801 1653 thymiama
830 1600 949 1641 iuxta
976 1599 1074 1654 legis
1104 1607 1310 1654 praecepta
1341 1602 1585 1651 confectum,
1618 1608 1660 1643 et
1690 1608 1977 1656 proponuntur
2007 1616 2132 1656 panes
2162 1603 2203 1644 in

286 1674 425 1702 mensa
459 1659 740 1707 mundissima,
776 1663 919 1712 estque
953 1660 1063 1712 apud
1096 1673 1169 1701 nos
1204 1660 1494 1701 candelabrum
1529 1674 1709 1705 aureum,
1746 1667 1787 1702 et
1818 1661 1992 1703 lucernae
2025 1662 2121 1709 eius,
2157 1667 2205 1702 ut

287 1720 565 1761 accendantur
594 1731 753 1771 semper
783 1718 835 1758 ad
866 1731 1096 1772 vesperam:
1128 1732 1201 1760 nos
1233 1719 1382 1772 quippe
1413 1720 1666 1760 custodimus
1696 1726 1901 1774 praecepta
1930 1721 2097 1762 Domini
2127 1721 2202 1761 Dei

289 1779 428 1821 nostri,
453 1792 574 1832 quern
595 1790 668 1819 vos
687 1777 918 1831 reliquistis.
968 1779 1000 1802 ¹2
1020 1777 1127 1831 Ergo
1148 1778 1189 1819 in
1210 1778 1390 1819 exercitu
1411 1784 1550 1819 nostro
1571 1779 1657 1819 dux
1676 1779 1787 1819 Deus
1807 1785 1880 1827 est,
1903 1785 1944 1819 et
1965 1780 2204 1820 Sacerdotes

287 1839 383 1887 eius,
414 1838 482 1892 qui
508 1837 705 1890 clangunt
730 1837 852 1885 tubis,
881 1842 922 1877 et
947 1842 1143 1878 resonant
1168 1842 1313 1878 contra
1337 1850 1428 1878 vos:
1456 1837 1526 1878 filii
1555 1837 1678 1878 Israel
1703 1837 1828 1879 nolite
1854 1851 2036 1891 pugnare
2062 1843 2206 1880 contra

287 1898 511 1940 Dominum
533 1896 667 1937 Deum
689 1901 856 1949 patrum
878 1901 1120 1945 vestrorum,
1146 1897 1242 1950 quia
1262 1910 1344 1938 non
1366 1896 1483 1938 vobis
1504 1897 1682 1950 expedit.
1733 1899 1765 1921 1³
1788 1897 1885 1938 Haec
1906 1896 1973 1938 illo
1995 1897 2200 1951 loquente,

289 1957 502 1999 Ieroboam
522 1961 630 1996 retro
650 1954 898 1996 moliebatur
916 1955 1095 1997 insidias.
1118 1955 1302 2009 Cumque
1322 1969 1372 1996 ex
1392 1956 1562 1997 adverso
1583 1955 1763 1997 hostium
1784 1961 1925 2004 staret,
1947 1956 2204 2009 ignorantem

289 2017 435 2057 Iudam
468 2028 540 2056 suo
575 2014 785 2055 ambiebat
817 2014 1010 2056 exercitu.
1073 2017 1104 2039 ¹⁴
1139 2015 1455 2068 Respiciensque
1490 2015 1614 2056 Iudas
1647 2015 1752 2056 vidit
1784 2015 1936 2056 instare
1970 2015 2122 2057 bellum
2155 2028 2205 2056 ex

288 2076 459 2118 adverso
493 2080 534 2116 et
566 2079 661 2127 post
693 2078 865 2127 tergum,
901 2079 942 2114 et
975 2073 1171 2115 clamavit
1203 2074 1256 2115 ad
1288 2074 1532 2116 Dominum:
1567 2087 1614 2115 ac
1646 2074 1886 2115 Sacerdotes
1918 2074 2029 2115 tubis
2062 2087 2205 2116 canere

288 2140 512 2189 coeperunt.
558 2135 588 2157 ¹⁵
604 2132 837 2186 Omnesque
853 2132 929 2173 viri
947 2132 1049 2173 Iuda
1065 2133 1278 2174 vociferati
1293 2138 1407 2174 sunt:
1426 2138 1466 2174 et
1482 2146 1572 2173 ecce
1587 2132 1664 2173 illis
1679 2132 1966 2182 clamantibus,
1985 2133 2205 2186 perterruit

289 2195 400 2236 Deus
423 2193 648 2241 Iemboam,
670 2197 711 2232 et
731 2204 893 2233 omnem
916 2191 1039 2232 Israel
1060 2192 1128 2246 qui
1149 2192 1290 2233 stabat
1308 2205 1359 2233 ex
1379 2192 1549 2233 adverso
1569 2192 1675 2233 Abia
1695 2197 1736 2233 et
1758 2192 1872 2234 Iuda.
1922 2193 1957 2216 ¹⁶
1977 2192 2205 2246 Fugerunt·

290 2267 368 2308 que
393 2252 463 2293 filii
489 2251 612 2292 Israel
638 2251 796 2299 Iudam,
824 2256 865 2292 et
889 2251 1062 2292 tradidit
1086 2264 1154 2292 eos
1176 2251 1288 2292 Deus
1312 2251 1353 2292 in
1377 2264 1503 2291 manu
1528 2264 1679 2292 eorum.
1733 2252 1767 2275 ¹⁷
1792 2251 1997 2292 Percussit
2021 2264 2113 2305 ergo
2139 2264 2206 2293 eos

288 2313 408 2361 Abia,
438 2318 477 2352 et
507 2309 683 2365 populus
712 2310 797 2350 eius
825 2309 947 2363 plaga
974 2323 1142 2364 magna:
1174 2315 1215 2351 et
1244 2315 1485 2352 corruerunt
1514 2309 1718 2351 vulnerati
1747 2323 1798 2351 ex
1829 2309 1953 2351 Israel
1983 2310 2207 2364 quingenta

289 2371 416 2413 millia
440 2371 621 2411 virorum
646 2369 828 2411 fortium.
883 2370 918 2393 ¹⁸
944 2369 1244 2423 Humiliatique
1269 2375 1367 2411 sunt
1391 2368 1461 2410 filii
1489 2368 1613 2410 Israel
1636 2369 1678 2410 in
1704 2374 1888 2423 tempore
1912 2368 1992 2418 illo,
2020 2375 2062 2410 et
2086 2369 2205 2410 vehe-

289 2430 540 2472 mentissime
561 2428 782 2470 confortati
803 2428 873 2469 filii
896 2428 1000 2469 Iuda
1020 2442 1065 2470 eo
1088 2429 1198 2482 quod
1218 2434 1450 2482 sperassent
1468 2428 1511 2469 in
1530 2428 1708 2469 Domino
1729 2428 1816 2469 Deo
1837 2433 2003 2481 patrum
2025 2441 2203 2469 suorum.

290 2493 325 2515 ¹⁹
351 2491 593 2531 Persecutus
621 2493 682 2529 est
708 2493 848 2529 autem
874 2488 981 2529 Abia
1006 2488 1230 2542 fugientem
1260 2488 1486 2536 Ieroboam‚
1515 2492 1557 2528 et
1576 2487 1691 2541 cepit
1717 2487 1908 2528 civitates
1934 2487 2030 2535 eius,
2061 2487 2205 2528 Bethel

291 2555 331 2591 et
350 2549 452 2590 filias
472 2548 568 2590 eius.
590 2552 631 2588 et
652 2547 795 2587 Iesana
816 2560 907 2587 cunr
928 2547 1088 2588 filiabus
1107 2547 1200 2596 suis,
1223 2546 1393 2601 Ephron
1413 2559 1575 2601 quoque
1595 2552 1635 2587 et
1654 2545 1756 2587 filias
1776 2546 1879 2587 eius:
1927 2548 1963 2570 ²⁰
1982 2559 2055 2587 nec
2074 2545 2205 2587 valuit

291 2609 400 2650 ultra
422 2608 605 2649 resistere
632 2606 845 2647 Ieroboam
868 2606 910 2647 in
933 2606 1076 2647 diebus
1098 2606 1222 2647 Abia:
1249 2619 1370 2660 quem
1394 2606 1594 2659 percussit
1615 2606 1829 2652 Dominus,
1855 2611 1897 2646 et
1919 2611 2106 2646 mortuus
2130 2610 2202 2646 est.

395 2669 425 2692 2¹
451 2667 580 2720 Igitur
600 2665 718 2713 Abia,
743 2665 976 2707 confortato
998 2666 1167 2719 imperio
1190 2679 1274 2714 3110,
1300 2665 1458 2719 accepit
1479 2677 1625 2706 uxores
1648 2664 1998 2718 quattuordecim:
2021 2677 2206 2718 procrea—

292 2728 432 2781 vitque
463 2725 609 2779 viginti
638 2724 740 2766 duos
770 2724 883 2774 filios,
916 2730 957 2765 et
986 2725 1161 2766 sedecim
1190 2724 1303 2766 filias.

396 2788 427 2810 '22
461 2784 635 2838 Reliqua
665 2788 804 2824 autent
836 2797 1069 2825 sermonum
1099 2784 1217 2828 Abia.
1252 2784 1493 2837 viarumque
1524 2788 1565 2824 et
1597 2796 1765 2836 operum
1796 2783 1892 2831 eius,
1927 2782 2080 2836 scripta
2109 2788 2206 2823 sunt

294 2845 599 2899 diligentissime
640 2843 681 2884 in
722 2842 843 2884 Libro
883 2843 1003 2885 Addo
1042 2843 1270 2897 Prophetae.
1349 2843 1413 2885 14.
1469 2844 1481 2866 ¹
1522 2842 1729 2883 Dormivit
1774 2846 1930 2882 eautem
1967 2841 2073 2882 Abia
2113 2854 2205 2882 cum

294 2905 479 2958 patribus
510 2904 603 2947 suis,
637 2907 676 2943 ct
707 2901 951 2955 sepelierunt
982 2916 1073 2943 eum
1105 2903 1145 2943 in
1175 2902 1353 2943 Civitate
1382 2902 1538 2942 David:
1578 2901 1846 2955 regnavitque
1874 2900 1958 2941 Asa
1986 2899 2091 2941 filius
2121 2900 2206 2941 eius

295 2977 364 3016 pro
401 2976 458 3004 eo.
493 2964 532 3003 in
552 2962 667 3004 cuius
697 2961 840 3002 diebus
870 2962 1027 3015 quievit
1058 2968 1165 3002 terra
1195 2961 1312 3002 annis
1343 2961 1495 3002 decem.

837 3067 874 3105 2.
906 3066 996 3106 Asa
1025 3076 1108 3106 rex
1137 3065 1316 3116 tertius,
1344 3066 1410 3116 14,
1429 3065 1574 3115 2—16‚
1594 3064 1660 3104 14.

397 3141 411 3162 '2
427 3138 539 3178 Fecit
556 3147 692 3179 autem
709 3138 790 3179 Asa
807 3138 917 3191 quod
932 3138 1085 3179 bonum
1101 3143 1141 3178 et
1156 3136 1354 3190 placitum
1370 3144 1457 3177 erat
1472 3136 1512 3176 in
1529 3140 1749 3189 conspectu
1764 3135 1840 3176 Dei
1856 3135 1929 3184 sui,
1946 3140 1988 3175 et
2001 3134 2207 3176 subvertit

295 3198 438 3239 altaria
476 3197 671 3250 peregrini
709 3197 853 3238 cultus.
893 3202 933 3237 et
969 3195 1137 3241 excelsa,
1217 3197 1232 3219 ³
1268 3202 1307 3235 et
1344 3195 1541 3248 confregit
1578 3200 1749 3244 statuas,
1786 3194 1979 3247 lucosque
2015 3194 2204 3234 succidit:

297 3260 310 3281 ’1
334 3265 369 3297 et
397 3256 587 3310 prfecepit
611 3256 724 3295 Iuda»
746 3262 790 3296 ut
816 3261 1011 3309 quaercret
1034 3255 1257 3296 Dominum
1282 3255 1413 3295 Deum
1437 3260 1602 3307 patrum
1626 3266 1803 3302 suorum,
1828 3258 1869 3294 et
1890 3253 2041 3293 faceret
2063 3252 2203 3306 legem,

294 3324 332 3357 ct
353 3316 541 3356 universa
559 3315 774 3355 mandata:
820 3317 834 3339 ⁵¹
853 3322 893 3355 et
911 3314 1083 3355 abstulit
1101 3314 1149 3355 de
1168 3314 1323 3354 cunctis
1343 3313 1511 3353 urbibus
1531 3313 1633 3353 Iuda
1652 3325 1753 3362 aras,
1774 3317 1813 3353 et
1832 3312 1939 3360 fana,
1960 3318 2002 3352 et
2018 3311 2207 3365 regnavit

294 3389 333 3416 m
364 3388 473 3428 pace.

298 3524 337 3557 Η
377 3526 392 3557 I
429 3477 530 3557 ¹13'PI
560 3478 601 3556 alr
626 3476 677 3553 aff
707 3478 756 3517 13,
784 3479 812 3511 1.
854 3498 892 3501 —
932 3477 952 3509 2
978 3479 1014 3510 *11
1046 3477 1096 3519 ng
1123 3477 1174 3517 15,
1203 3478 1230 3510 7.
1272 3497 1310 3500 m
1349 3481 1369 3511 o
1398 3479 1430 3510 01
1462 3477 1512 3521 ng
1550 3479 1598 3517 11,
1631 3476 1682 3509 26.
1722 3496 1762 3499 —
1798 3476 1819 3508 9
1843 3476 1879 3507 ‹11
1910 3474 1961 3518 Rg
1994 3475 2046 3515 12,
2080 3475 2131 3508 31.

341 3551 348 3565 ,
423 3533 436 3546 ”
507 3536 538 3564 »ι’
587 3535 618 3564 s),
670 3552 675 3557 -
