2356 3760
289 181 364 221 -172
1169 179 1315 214 LIBER
1907 185 1961 225 22,
1988 186 2128 225 21—24,
2156 187 2198 219 12

96 273 270 331 Ψῇῇᾏηῼζῂξῇ·
289 276 319 298 ’2¹
348 273 570 326 Acquiesce
602 273 725 327 igitur
755 273 801 317 ci,
835 278 876 313 et
906 273 1057 313 habeto
1089 287 1251 326 pacem:
1327 279 1368 314 01
1398 287 1469 327 per
1498 275 1583 316 haec
1614 276 1784 317 habebis
1813 277 1971 319 fructus
2003 279 2194 332 optimos,

143 323 220 373 agai·
289 334 321 356 ‘²²
348 332 514 386 Suscipe
545 346 593 373 ex
624 345 690 373 ore
720 332 824 372 illius
855 331 995 381 legem,
1081 338 1121 372 et
1150 346 1256 386 pone
1286 345 1490 374 sermones
1519 334 1604 375 eius
1634 335 1675 375 in
1705 335 1825 376 corde
1854 341 1939 377 tuo.

288 393 320 415 ²³
347 391 387 433 Si
415 404 597 432 reversus
624 390 745 431 fucris
773 391 824 430 ad
850 391 1200 443 Omnipotentem,
1230 391 1504 436 aedificaberis.
1575 399 1616 434 et
1640 393 1758 445 longe
1784 394 1907 435 facies
1932 395 2196 449 iniquitatem

553 464 573 489 a
606 449 869 489 tabernaculo
901 455 984 490 tuo.

288 509 470 549 2111111111
506 522 575 561 pro
607 514 713 548 terra
746 507 909 554 silicem,
996 514 1036 549 ct
1068 521 1138 561 pro
1171 509 1279 549 silice
1311 515 1512 550 torrentes
1544 523 1697 552 aureos.

288 570 319 592 2⁵
352 568 518 620 Eritque
556 567 828 620 Omnipotens
866 574 1006 607 contra
1046 567 1182 608 hostes
1220 574 1324 613 tuos,
1428 574 1469 609 et
1506 575 1722 622 argentum
1760 571 2071 612 coacervabitur
2106 571 2195 613 tibi.

288 629 323 651 2⁶
348 628 459 666 Tunc
485 639 605 679 super
628 626 966 679 Onmipotentein
992 626 1142 667 deliciis
1168 626 1323 671 afflues,
1397 632 1439 667 et
1463 627 1640 668 elevabis
1665 629 1717 669 ad
1738 630 1872 670 Deum
1895 631 2041 671 faciem
2066 635 2195 671 tuam.

289 687 322 709 2⁷
350 685 529 738 Rogabis
560 699 665 728 011111,
699 691 734 725 et
771 685 963 725 exaudiet
994 691 1045 727 te.
1133 691 1174 726 et
1205 691 1304 726 vota
1335 691 1408 726 tua
1438 687 1592 727 reddes.

288 746 323 768 2⁸
348 745 548 784 Decerncs
578 757 674 789 10111,
708 750 746 784 et
778 744 915 785 veniet
945 744 1031 788 tibi,
1118 750 1158 785 ct
1188 744 1228 784 in
1258 744 1334 785 viis
1364 745 1445 785 tuis
1475 745 1705 798 splendebit
1736 747 1885 788 lumen.

289 805 323 827 2²⁹
351 803 448 852 aQui
481 803 586 843 enim
620 802 860 843 humiliatus
892 803 1026 847 fucrit,
1061 803 1138 844 crit
1169 802 1209 843 in
1240 803 1385 856 gloria:
1467 810 1508 845 et
1540 804 1609 858 qui
1641 804 1899 847 inclinaverit
1930 806 2078 855 0011105,
2113 807 2198 860 ipse

552 861 792 903 salvabitur.

287 923 324 946 ³⁰
346 921 585 963 Salvabitur
614 921 818 962 innocens.
905 921 1134 961 salvabitur
1164 927 1303 962 autem
1333 922 1374 962 in
1404 922 1611 963 munditia
1639 936 1838 964 manuum
1868 937 2046 966 suarum.

740 1038 778 1077 2.
810 1036 886 1077 lob
917 1036 1208 1088 respondens
1239 1038 1396 1089 negat,
1424 1038 1490 1088 23,
1511 1038 1659 1088 1—24,
1679 1038 1745 1079 25.

393 1119 457 1163 23.
515 1122 526 1143 ¹
559 1119 826 1172 Respondens
857 1125 996 1160 autem
1029 1120 1114 1168 Iob,
1148 1120 1223 1161 ait:

104 1224 243 1263 '’mh—'⁴⁸⁴⁴
306 1228 321 1250 2
347 1226 464 1266 Nunc
487 1238 649 1279 quoque
674 1224 714 1264 in
740 1224 1013 1266 amaritudine
1035 1231 1096 1266 est
1120 1238 1250 1266 sermo
1275 1238 1401 1275 meus,
1461 1232 1502 1267 01
1526 1239 1672 1267 manus
1696 1225 1826 1280 plagae
1850 1240 1950 1268 1110εο
1971 1231 2200 1281 aggravata

114 1267 142 1285 50
164 1266 245 1290 quasi

129 1302 231 1319 numm
550 1289 612 1325 est
640 1296 761 1337 super
788 1284 988 1338 gemitum
1018 1297 1167 1325 meum,

107 1338 253 1391 si’¹¹iii›'1¹1¹1'11
307 1346 322 1369 3
346 1344 444 1393 Quis
468 1343 567 1384 mihi
589 1342 748 1384 tribuat
768 1348 815 1384 ut
836 1357 1077 1397 cognoscam
1100 1348 1140 1384 et
1162 1343 1370 1385 inveniam
1392 1343 1519 1389 illum,
1579 1350 1620 1385 et
1642 1344 1805 1385 veniam
1826 1358 1955 1399 usque
1976 1346 2029 1386 ad
2051 1345 2197 1387 solium

117 1403 244 1467 ἰῖἶῖζζζζίἶῗ
551 1402 660 1443 eius?

94 1483 107 1497 ιι
128 1481 184 1504 «ium
203 1480 267 1497 0011-
307 1464 321 1486 ⁴
345 1462 503 1503 Ponam
533 1474 669 1502 coram
700 1475 744 1502 eo
775 1461 982 1505 iudicium.
1068 1467 1109 1503 et
1137 1475 1180 1503 os
1209 1475 1347 1503 meum
1376 1462 1539 1516 replebo
1569 1462 1930 1516 increpationibus.

107 1510 254 1535 ‘¹¹¹*b³¹¹¹¹⁴³
307 1523 322 1545 ⁵
347 1521 405 1562 Ut
432 1521 557 1562 sciam
585 1520 722 1569 verba,
754 1534 843 1574 quae
870 1520 969 1561 mihi
996 1521 1254 1574 respondeat,
1337 1527 1378 1562 et
1404 1521 1629 1576 intelligam
1659 1521 1755 1575 quid
1783 1521 1979 1575 loquatur
2005 1521 2117 1564 mihi.

308 1582 322 1604 ‘³
348 1580 450 1621 Nolo
487 1580 619 1620 multa
652 1579 895 1620 fortitudine
925 1580 1151 1621 contendat
1185 1593 1358 1628 mecum,
1443 1594 1516 1621 nec
1550 1580 1846 1634 magnitudinis
1876 1594 1958 1621 suae
1992 1581 2098 1622 mole
2132 1594 2198 1622 me

551 1644 724 1693 premat.

308 1700 322 1723 ⁷
347 1699 558 1752 Proponat
588 1698 827 1751 {equitatem
859 1703 1004 1739 contra
1032 1711 1108 1746 me,
1176 1703 1217 1739 et
1247 1698 1462 1752 perveniat
1491 1699 1543 1739 ad
1571 1698 1787 1740 victoriam
1818 1698 2014 1739 iudicium
2044 1712 2194 1740 meum.

307 1760 322 1783 ⁸
346 1758 387 1799 Si
420 1759 471 1799 ad
503 1758 712 1799 Orientem
744 1757 837 1805 iero,
872 1771 953 1798 non
986 1762 1176 1811 apparet:
1263 1757 1295 1798 si
1326 1758 1379 1799 ad
1406 1757 1684 1805 Occidentem,
1718 1771 1800 1799 non
1832 1757 2057 1812 intelligam
2090 1771 2194 1799 eum.

307 1819 323 1842 ⁹
346 1817 387 1858 Si
408 1818 459 1858 ad
478 1817 697 1862 sinistram,
714 1816 811 1870 quid
832 1816 975 1870 agam?
996 1830 1078 1858 non
1098 1816 1404 1870 apprehendam
1422 1830 1534 1858 eum:
1592 1817 1623 1858 si
1642 1830 1707 1857 me
1720 1821 1881 1858 vertam
1900 1817 1951 1858 ad
1970 1817 2194 1865 dexteram,

552 1890 632 1917 non
662 1875 810 1917 videbo
840 1875 966 1917 illum.

287 1938 323 1960 ¹0
348 1937 440 1989 Ipse
457 1949 552 1977 vero
571 1936 647 1976 scit
664 1935 774 1976 viam
792 1948 938 1983 meam,
998 1940 1039 1976 et
1055 1935 1249 1988 probavit
1266 1948 1331 1976 me
1349 1935 1465 1989 quasi
1483 1948 1640 1983 aurum,
1659 1935 1769 1989 quod
1786 1948 1857 1989 per
1873 1935 2008 1989 ignem
2026 1935 2195 1976 transit:

287 1997 317 2019 ¹¹
346 1995 528 2048 Vestigia
549 1995 632 2036 eius
654 1999 817 2035 secutus
839 1999 900 2035 051
920 2007 990 2048 pes
1011 2008 1137 2039 meus,
1196 1994 1307 2034 viam
1329 1994 1413 2035 eius
1435 1994 1651 2042 custodivi,
1675 2000 1716 2035 et
1737 2007 1819 2035 non
1841 1993 2044 2035 declinavi
2064 2007 2115 2035 ex
2136 2008 2194 2035 ea.

288 2056 319 2078 ¹2
346 2054 382 2095 A
403 2054 611 2095 mandatis
632 2053 834 2095 labiorum
858 2053 941 2094 eius
963 2066 1045 2095 non
1066 2053 1222 2099 recessi,
1281 2058 1322 2094 et
1344 2054 1384 2094 in
1406 2053 1496 2094 sinu
1518 2067 1608 2095 meo
1631 2053 1827 2095 abscondi
1849 2053 1976 2094 verba
1997 2053 2075 2094 oris
2099 2053 2194 2094 eius.

288 2116 319 2138 ¹³
348 2114 439 2167 Ipse
463 2114 570 2154 enim
595 2113 702 2154 solus
726 2118 799 2161 est,
826 2118 867 2153 et
890 2126 1008 2154 nemo
1034 2118 1217 2153 avertere
1241 2118 1379 2166 potest
1403 2113 1695 2166 cogitationem
1719 2113 1821 2153 eius:
1891 2117 1933 2153 et
1952 2113 2090 2153 anima
2113 2112 2196 2153 eius

553 2173 840 2226 quodcumque
870 2171 1013 2216 voluit,
1045 2171 1122 2212 hoc
1150 2171 1259 2213 fecit.

288 2234 318 2256 ¹4
344 2232 445 2273 Cum
471 2231 696 2285 expleverit
720 2231 761 2271 in
785 2244 849 2271 me
873 2230 1134 2272 voluntatem
1159 2244 1287 2277 suam,
1355 2236 1396 2271 et
1421 2230 1501 2271 alia
1524 2231 1657 2272 multa
1680 2230 1828 2272 similia
1851 2236 1999 2284 praesto
2025 2236 2122 2271 sunt
2147 2231 2193 2272 ei.

288 2293 318 2315 ¹5
347 2291 402 2332 Et
432 2291 580 2332 idcirco
614 2305 638 2331 a
667 2290 769 2331 facie
802 2290 885 2331 eius
917 2291 1110 2331 turbatus
1143 2303 1244 2336 511111,
1320 2295 1361 2331 01
1392 2289 1652 2331 considerans
1683 2303 1789 2339 eum,
1823 2290 1969 2330 timore
2001 2289 2194 2331 solicitor.

288 2352 322 2374 ¹⁶
344 2351 455 2391 Deus
484 2350 658 2391 mollivit
688 2362 755 2390 cor
780 2362 930 2398 meum,
1015 2354 1055 2390 et
1083 2349 1354 2402 Omnipotens
1382 2349 1649 2390 conturbavit
1675 2362 1751 2390 me.

289 2411 320 2434 ¹⁷
345 2410 437 2451 Non
459 2409 567 2450 enim
589 2409 689 2463 perii
710 2413 878 2462 propter
897 2407 1158 2449 imminentes
1181 2409 1382 2456 tenebras,
1449 2421 1522 2449 nec
1544 2408 1690 2449 faciem
1711 2421 1847 2449 meam
1869 2407 2030 2461 operuit
2052 2407 2193 2461 caligo.

92 2514 161 2573 (Ἲξζῗ
174 2513 269 2573 1131131111
287 2515 351 2559 24.
409 2517 420 2539 ¹
459 2515 522 2555 Ab
561 2514 856 2568 Omnipotente
893 2526 975 2554 non
1012 2519 1109 2553 sunt
1146 2512 1390 2554 abscondita
1421 2518 1626 2567 tempora:
1715 2512 1783 2567 qui
1816 2516 1956 2553 autem
1993 2517 2198 2554 noverunt

99 2555 261 2609 ‹imvlssdunt-
552 2587 656 2622 eum,
689 2573 880 2627 ignorant
910 2573 993 2613 dies
1024 2572 1141 2614 illius.

307 2636 321 2657 2
345 2633 423 2674 Alii
454 2632 649 2673 terminos
679 2631 993 2679 transtulerunt,
1078 2631 1336 2685 diripuerunt
1364 2644 1514 2685 greges,
1547 2637 1588 2672 et
1617 2636 1823 2685 paverunt
1853 2644 1931 2672 005.

307 2695 322 2717 3
346 2692 516 2733 Asinum
545 2691 794 2745 pupillorum
824 2691 1060 2744 abegerunt,
1144 2696 1185 2731 et
1213 2689 1474 2731 abstulerunt
1500 2703 1573 2744 pro
1601 2690 1768 2744 pignore
1796 2690 1945 2731 bovem
1973 2689 2119 2731 viduae.

304 2754 319 2776 ‘¹
343 2752 646 2793 Subverterunt
663 2763 892 2804 pauperum
911 2749 1033 2795 viam,
1108 2756 1149 2790 et
1167 2755 1457 2803 oppresserunt
1474 2749 1628 2803 pariter
1649 2754 1887 2791 mansuetos
1909 2753 2038 2789 terrae.

309 2812 324 2835 ⁵
348 2810 426 2851 Alii
453 2810 567 2864 quasi
593 2809 733 2864 onagri
758 2810 797 2850 in
819 2809 977 2850 deserto
1001 2809 1265 2862 egrediuntur
1289 2809 1341 2850 ad
1361 2821 1463 2862 opus
1488 2822 1626 2849 suum:
1684 2808 1901 2862 vigilantes
1923 2808 1975 2848 ad
1999 2807 2192 2861 praedam,

549 2874 783 2923 praeparant
812 2881 961 2922 panem
990 2867 1137 2908 liberis.

305 2931 320 2953 ‘⁵
344 2928 496 2982 Agrum
520 2942 600 2969 non
622 2942 740 2969 suurn
762 2928 996 2969 demetunt:
1055 2932 1096 2967 et
1116 2926 1279 2967 vineam
1300 2926 1396 2976 eius,
1419 2940 1540 2981 quem
1556 2927 1597 2967 vi
1618 2926 1905 2981 oppresserint,
1921 2925 2191 2966 vindemiant.

305 2988 319 3011 ⁷
346 2988 486 3028 Nudos
515 2987 734 3028 dimittunt
760 2987 956 3030 homines,
987 2986 1231 3027 indumenta
1256 2985 1458 3035 tollentes,
1519 2986 1666 3040 quibus
1694 2999 1775 3027 non
1804 2990 1865 3026 est
1893 2984 2190 3038 operimentum

549 3046 589 3086 in
618 3047 783 3099 frigore:

305 3108 319 3128 ³
344 3105 454 3154 Quos
479 3106 627 3146 imbres
652 3105 857 3146 montium
882 3104 1035 3158 rigant:
1094 3109 1134 3145 et
1159 3117 1240 3145 non
1264 3104 1464 3145 habentes
1487 3103 1685 3153 velamen,
1710 3104 2000 3158 amplexantur
2023 3101 2190 3155 lapides.

306 3167 320 3187 ³·
344 3164 436 3205 Vim
466 3164 649 3205 fecerunt
681 3165 964 3218 depraedantes
993 3163 1180 3218 pupillos,
1267 3168 1307 3204 et
1337 3163 1505 3217 vulgum
1536 3176 1758 3217 pauperem
1788 3162 2081 3216 spoliaverunt.

289 3225 321 3246 ¹⁰
346 3223 474 3264 Nudis
504 3228 544 3263 et
573 3223 854 3264 incedentibus
884 3224 1037 3276 absque
1065 3222 1230 3264 vestitu.
1315 3227 1357 3263 et
1384 3222 1655 3263 esurientibus
1683 3222 1868 3263 tulerunt
1895 3220 2038 3274 spicas.

289 3284 314 3305 ¹¹
348 3282 459 3322 111101
490 3295 655 3323 acervos
686 3295 825 3323 eorum
856 3281 1060 3323 meridiati
1090 3287 1199 3329 sunt,
1287 3281 1356 3335 qui
1386 3281 1552 3322 calcatis
1582 3281 1854 3322 torcularibus
1884 3278 2041 3320 sitiunt.

287 3342 318 3364 1“-’
345 3341 406 3381 De
435 3341 672 3381 civitatibus
700 3342 885 3382 fecerunt
912 3341 1019 3382 viros
1047 3353 1217 3393 gemere,
1297 3346 1337 3381 et
1366 3340 1504 3381 anima
1530 3340 1838 3381 vulneratorum
1867 3337 2074 3386 clamavit,
2152 3341 2193 3378 01

550 3401 659 3440 Deus
689 3400 864 3441 inultum
898 3400 1008 3441 abire
1038 3413 1119 3441 non
1148 3398 1317 3453 patitur.

418 3527 459 3560 29
485 3527 547 3560 aPr
571 3527 623 3566 29,
648 3527 699 3559 23.
