2356 3760
115 77 168 116 10,
192 78 333 117 11-11,
358 78 400 111 23
864 80 1268 118 PARALIPQMENON
1933 99 2002 139 351

219 171 249 194 ¹¹
270 170 360 212 Hoc
379 184 470 212 cum
491 172 701 212 audissent
718 171 794 212 viri
814 172 931 213 Iabes
950 173 1118 222 Galaad,
1140 176 1278 216 omnia
1295 176 1447 218 scilicet
1466 192 1555 231 quae
1573 181 1816 227 Philisthiim
1834 188 2014 231 fecerant

114 240 235 282 super
258 228 367 278 Saul,
422 231 453 254 ¹²
478 234 819 271 consurrexerunt
843 230 989 283 singuli
1013 231 1194 273 virorum
1218 234 1399 284 fortium,
1427 241 1468 277 et
1492 237 1674 280 tulerunt
1699 244 1897 285 cadavera
1920 249 2014 288 Saul

114 291 155 328 et
178 286 352 328 filiorum
377 287 479 328 eius:
505 287 816 341 attuleruntque
840 302 888 329 ea
910 289 950 329 in
977 289 1106 339 labes,
1133 296 1174 331 et
1198 292 1442 345 sepelierunt
1465 308 1556 336 ossa
1579 309 1716 339 eorum
1741 302 1878 342 subter
1903 318 2015 356 quer-

114 358 219 391 cum.
252 359 342 399 quae
371 351 458 387 erat
486 346 527 386 in
558 345 686 395 Iabes,
719 352 760 387 61
788 346 1075 389 ieiunaverunt
1103 354 1259 402 septem
1289 351 1442 394 diebus

2048 191 2187 215 cadavera

2028 225 2217 255 sepeliuntur;

220 418 252 441 ¹³
280 416 467 457 Mortuus
496 419 558 456 est
586 428 678 469 ergo
708 416 805 457 Saul
833 421 1001 470 propter
1029 417 1268 471 iniquitates
1297 433 1401 469 suas,
1434 435 1479 463 eo
1511 424 1620 476 quod
1648 428 1937 478 praevaricatus
1966 430 2204 471 3111111111111111115

120 475 382 531 amandatum
406 473 573 514 Domini
598 475 708 527 quod
731 481 991 528 praeceperat,
1019 481 1060 517 et
1083 489 1165 518 non
1189 479 1427 521 custodierit
1450 480 1567 522 illud:
1593 484 1663 523 sed
1691 485 1873 539 binsuper
1896 489 2017 528 etiam

115 533 399 588 pythonissam
432 532 692 582 consuluerit,
752 535 785 558 ¹⁴
816 547 889 574 nec
921 535 1146 587 speraverit
1176 535 1217 576 in
1249 537 1445 579 Domino:
1479 545 1646 593 propter
1677 544 1785 596 quod
1816 545 2018 588 interfecit

115 605 219 640 eum,
251 597 292 633 61
320 590 533 632 transtulit
561 604 729 644 regnum
759 592 843 633 eius
872 592 924 633 ad
952 593 1090 634 David
1118 593 1247 635 filium
1278 595 1368 637 Isai.

595 696 634 736 2.
664 695 809 736 David
838 707 921 737 rex
951 697 995 737 in
1024 697 1124 738 toto
1154 698 1306 749 lsrael,
1333 699 1399 750 11,
1418 700 1537 742 1-9.

220 767 283 810 11.
340 769 353 791 1
381 766 657 820 Congregatus
685 771 747 808 est
774 767 899 820 igitur
925 768 1056 809 omnis
1086 768 1209 809 Israel
1237 769 1288 809 ad
1316 768 1453 810 David
1480 771 1521 811 in
1551 771 1728 823 Hebron,
1759 777 1911 819 dicens:
1950 781 2019 821 eOs

116 834 233 867 tuum
263 838 415 875 sumus,
446 829 488 866 61
516 838 609 866 caro
638 830 723 866 tua.
781 827 795 850 2
825 825 923 867 Heri
953 840 1126 880 quoque,
1158 833 1199 869 et
1227 827 1523 870 nudiustertius
1552 843 1644 872 cum
1674 834 1806 876 adhuc
1834 844 2019 886 regnaret

115 884 223 933 Saul,
251 889 297 925 tu
323 896 410 925 eras
437 883 506 937 qui
532 883 745 933 educebas,
773 889 814 925 et
839 884 1126 926 introducebas
1155 886 1295 927 Israel:
1324 886 1398 927 tibi
1424 888 1530 928 enim
1557 889 1662 931 dixit
1685 886 1895 935 Dominus
1910 897 2018 937 Deus

115 949 229 984 tuus:
255 943 314 984 Tu
337 955 478 996 pasces
499 942 697 996 populum
719 956 856 983 meum
881 943 1016 993 Israel,
1041 950 1082 985 et
1104 950 1150 986 tu
1173 945 1248 986 eris
1270 945 1456 999 princeps
1479 960 1600 1000 super
1621 962 1724 992 eum.
1775 955 1790 977 3
1813 953 2020 996 Venerunt

115 1015 207 1056 ergo
232 1015 371 1043 omnes
393 1001 565 1042 maiores
588 1006 690 1042 natu
715 1001 838 1042 Israel
861 1003 913 1043 ad
935 1015 1069 1056 regem
1091 1004 1132 1044 in
1156 1003 1335 1051 Hebron,
1361 1010 1402 1045 et
1423 1005 1513 1046 iniit
1536 1007 1674 1048 David
1696 1022 1787 1050 cum
1810 1012 1864 1052 eis
1887 1013 2020 1054 foedus

115 1074 252 1103 coram
282 1060 478 1102 Domino:
512 1065 800 1114 unxeruntque
831 1074 923 1102 eum
954 1074 1087 1115 regem
1119 1075 1240 1116 super
1272 1063 1405 1113 131361,
1438 1064 1557 1106 iuxta
1585 1078 1810 1109 sermonem
1841 1071 2017 1114 Domini.

115 1133 236 1174 quem
264 1119 426 1161 locutus
455 1124 516 1160 est
545 1119 586 1159 in
615 1132 740 1160 manu
769 1119 945 1162 Samuel.

2076 464 2168 489 Sauhs

2064 507 2177 525 enume-

2068 537 2175 559 rantur.

2041 784 2075 808 Ι11
2097 783 2214 808 Hebron

2059 819 2185 849 ungitur,

217 1192 234 1215 4
256 1189 371 1231 Abiit
396 1202 558 1243 quoque
582 1189 731 1238 David,
758 1195 800 1230 et
824 1190 955 1231 omnis
982 1190 1105 1232 Israel
1128 1191 1169 1232 in
1196 1191 1427 1234 Ierusalem.
1454 1192 1539 1234 haec
1564 1198 1626 1235 est
1651 1194 1782 1245 Iebus,
1810 1199 1881 1238 ubi
1906 1205 2021 1241 erant
2036 1208 2130 1226 arcem
2146 1202 2211 1227 51011

116 1249 285 1291 Iebusaei
320 1248 573 1289 habitatores
607 1253 735 1289 terrae.
798 1250 813 1273 5
846 1248 1132 1303 Dixeruntque
1167 1251 1235 1304 qui
1268 1250 1517 1292 habitabant
1550 1253 1590 1293 in
1626 1252 1747 1295 Iebus
1780 1256 1832 1296 ad
1866 1257 2018 1299 David:

115 1308 207 1350 Non
225 1307 460 1361 ingredieris
479 1306 569 1348 huc.
592 1306 716 1348 Porro
736 1307 874 1348 David
893 1308 1001 1361 cepit
1020 1321 1153 1350 arcem
1173 1310 1280 1355 Sion,
1304 1322 1393 1363 quae
1413 1315 1474 1351 est
1492 1311 1645 1353 Civitas
1665 1312 1813 1361 David,
1865 1317 1879 1339 ⁶
1899 1317 2019 1357 dixit-

115 1380 211 1421 que:
244 1366 386 1408 Omnis
418 1366 487 1420 qui
517 1366 760 1419 percusserit
792 1366 1018 1407 Iebusaeum
1050 1367 1091 1408 in
1121 1368 1273 1421 primis
1306 1368 1382 1409 erit
1412 1369 1597 1423 princeps
1628 1376 1669 1412 et
1699 1372 1795 1414 dux.
1827 1374 2021 1417 Ascendit

113 1426 237 1480 igitur
258 1425 414 1479 primus
440 1424 539 1466 Ioab
563 1423 667 1465 filius
691 1424 854 1474 Sarviae,
882 1430 923 1466 et
945 1426 1080 1467 factus
1103 1432 1163 1468 est
1187 1427 1384 1481 princeps.
1441 1429 1454 1451 ⁷
1480 1428 1700 1471 Habitavit
1723 1436 1860 1474 autem
1885 1434 2021 1475 David

113 1485 155 1525 in
179 1497 280 1528 arce.
307 1489 348 1525 et
371 1483 519 1525 idcirco
544 1482 752 1536 appellata
774 1489 836 1525 est
859 1484 1014 1525 Civitas
1037 1485 1185 1528 David.
1241 1488 1256 1511 8
1280 1485 1596 1540 AEdificavitque
1620 1489 1762 1530 urbem
1786 1491 1826 1531 in
1850 1492 2020 1534 circuitu

113 1557 137 1584 a
167 1542 287 1585 Mello
320 1555 448 1596 usque
480 1542 533 1583 ad
564 1555 722 1596 gyrum,
760 1542 858 1584 Ioab
892 1549 1030 1584 autem
1062 1544 1219 1598 reliqua
1249 1544 1359 1586 urbis
1392 1546 1585 1588 extruxit.
1650 1549 1665 1571 ⁹
1696 1548 2020 1605 Proficiebatque

113 1602 250 1644 David
278 1602 432 1643 vadens
461 1606 502 1643 et
530 1614 722 1651 crescens,
753 1606 795 1643 et
822 1602 1024 1643 Dominus
1052 1604 1303 1645 exercituum
1333 1609 1420 1645 erat
1449 1618 1540 1645 cum
1569 1618 1626 1648 eo.

568 1706 606 1746 3.
637 1705 826 1746 Nomina
855 1705 1042 1747 fortium
1074 1706 1277 1758 Davidis,
1306 1709 1373 1760 11,
1392 1709 1564 1750 10—46.

218 1779 253 1802 ¹⁰
286 1777 363 1818 dHi
393 1776 594 1831 principes
627 1776 806 1818 virorum
838 1776 1006 1818 fortium
1039 1777 1187 1823 David,
1223 1778 1292 1832 qui
1324 1779 1571 1822 adiuverunt
1601 1794 1693 1822 eum
1726 1787 1773 1823 ut
1803 1795 1874 1823 rex
1905 1773 2020 1825 fieret

113 1849 233 1891 super
256 1848 419 1878 omnem
446 1835 569 1876 Israel
594 1835 712 1876 iuxta
735 1835 905 1876 verbum
932 1836 1109 1885 Domini,
1138 1837 1247 1890 quod
1271 1837 1430 1879 locutus
1456 1844 1517 1879 est
1542 1839 1593 1880 ad
1620 1839 1753 1882 Israel.
1809 1843 1839 1865 ¹¹
1864 1841 1919 1881 Et
1944 1841 2019 1883 iste

112 1908 303 1937 numerus
336 1895 598 1936 robustorum
632 1894 788 1935 David:
825 1894 1011 1934 Iesbaam
1046 1894 1150 1936 filius
1185 1896 1440 1938 Hachamoni
1474 1898 1659 1952 princeps
1692 1899 1798 1940 inter
1831 1899 2016 1952 triginta³

112 1955 187 1996 iste
216 1954 372 1995 levavit
401 1953 563 1994 hastam
594 1966 710 1993 suam
741 1966 861 2006 super
891 1958 1093 1995 trecentos
1124 1954 1358 1996 vulneratos
1389 1968 1471 1996 una
1500 1957 1598 1998 vice.
1658 1959 1690 1981 ¹²
1719 1957 1775 1998 Et
1804 1963 1897 2011 post
1927 1972 2018 1999 eum

113 2013 282 2054 Eleazar
307 2012 412 2053 filius
438 2011 575 2065 patrui
601 2012 685 2052 eius
712 2011 922 2061 Ahohites,
952 2013 1021 2065 qui
1047 2017 1134 2053 erat
1160 2013 1266 2053 inter
1291 2018 1371 2054 tres
1397 2020 1599 2068 potentes.
1655 2017 1686 2040 ¹³
1714 2015 1795 2056 Iste
1822 2016 1901 2057 fuit
1927 2030 2018 2057 cum

112 2072 249 2113 David
262 2071 304 2112 in
319 2071 592 2115 Phesdomim,
612 2070 776 2123 quando
793 2070 1039 2111 Philisthiim
1056 2072 1289 2124 congregati
1304 2077 1400 2113 sunt
1416 2073 1468 2113 ad
1482 2073 1616 2114 locum
1631 2073 1743 2114 illum
1760 2075 1800 2114 in
1816 2075 2016 2127 praelium:

112 2136 153 2172 et
171 2135 260 2171 erat
278 2143 372 2184 ager
389 2129 561 2183 regionis
580 2128 686 2170 illius
704 2128 847 2182 plenus
865 2129 1029 2179 hordeo,
1050 2130 1292 2184 fugeratque
1310 2131 1485 2184 populus
1505 2145 1530 2172 a
1546 2132 1649 2173 facie
1668 2132 2015 2175 Philisthinoruni.

113 2192 143 2215 ¹4
160 2189 214 2230 Hi
231 2194 435 2231 steterunt
450 2188 492 2230 in
508 2188 641 2229 medio
660 2187 755 2242 agri,
775 2193 816 2229 et
833 2188 1104 2229 defenderunt
1120 2202 1231 2229 eum:
1250 2203 1424 2244 cumque
1440 2190 1732 2244 percussissent
1749 2192 2015 2239 Philisthaeos,

111 2249 225 2290 dedit
254 2248 454 2289 Dominus
484 2247 659 2288 salutem
689 2259 880 2300 magnam
910 2247 1061 2301 populo
1093 2261 1176 2289 suo.

216 2321 247 2343 ¹⁵
277 2318 586 2360 Descenderunt
617 2322 756 2359 autem
786 2323 868 2359 tres
900 2319 949 2360 de
980 2319 1150 2372 triginta
1179 2319 1429 2373 principibus
1461 2321 1513 2361 ad
1543 2326 1714 2374 petram,
1748 2321 1788 2362 in
1821 2334 1899 2374 qua
1932 2327 2018 2363 erat

110 2378 260 2427 David,
290 2378 343 2419 ad
371 2377 605 2431 speluncam
635 2376 835 2426 Odollam,
867 2378 1031 2431 quando
1060 2377 1307 2419 Philisthiim
1334 2378 1499 2420 fuerant
1527 2379 1808 2420 castrametati
1836 2380 1876 2420 in
1905 2380 2018 2422 Valle

110 2436 309 2490 raphaim.
360 2438 394 2460 ¹⁶
422 2436 563 2477 ePorro
585 2436 723 2477 David
744 2442 832 2477 erat
852 2436 893 2476 in
914 2436 1112 2490 praesidio,
1136 2442 1178 2478 61
1198 2437 1322 2479 statio
1344 2437 1680 2479 Philisthinorum
1701 2438 1743 2479 in
1765 2438 2014 2480 Bethlehem.

112 2497 145 2520 ¹⁷
167 2494 427 2537 Desideravit
448 2494 572 2549 igitur
592 2495 741 2544 David,
765 2500 807 2536 et
828 2495 950 2536 dixit:
975 2496 1008 2537 O
1031 2496 1062 2536 si
1086 2495 1174 2549 quis
1196 2496 1313 2537 daret
1334 2496 1433 2537 mihi
1455 2510 1605 2550 aquam
1627 2497 1676 2538 de
1698 2497 1873 2538 cisterna
1895 2498 2017 2538 Beth-

110 2554 255 2604 lehem,
286 2567 375 2608 quae
402 2558 464 2595 est
490 2553 532 2594 in
558 2558 690 2607 porta.
747 2555 783 2578 ¹⁸
810 2554 905 2595 Tres
934 2567 1025 2608 ergo
1053 2555 1121 2595 isti
1148 2567 1219 2608 per
1244 2555 1380 2596 media
1407 2561 1541 2596 castra
1567 2555 1901 2597 Philisthinorum
1931 2569 2017 2610 per-

112 2618 316 2662 rexerunt,
334 2618 375 2654 et
389 2612 615 2654 hauserunt
630 2625 780 2667 aquarn
797 2613 845 2654 de
861 2613 1037 2654 cisterna
1052 2613 1304 2663 Bethlehem,
1323 2627 1412 2668 quae
1427 2619 1515 2655 erat
1529 2614 1569 2655 in
1584 2620 1715 2668 porta,
1733 2619 1774 2655 et
1790 2614 2017 2655 attulerunt

111 2672 163 2713 ad
187 2671 325 2713 David
349 2676 396 2713 ut
421 2671 596 2713 biberet:
624 2672 694 2725 qui
717 2671 861 2721 noluit,
889 2672 958 2713 sed
983 2673 1110 2726 magis
1135 2672 1282 2714 libavit
1306 2672 1416 2713 illam
1441 2673 1630 2715 Domino.
1659 2675 1693 2697 ¹⁹
1717 2673 1871 2713 dicens:
1897 2673 2016 2713 Absit

110 2735 158 2772 ut
178 2730 219 2771 in
241 2735 461 2784 conspectu
483 2730 559 2772 Dei
580 2730 659 2771 mei
679 2730 757 2772 hoc
776 2731 937 2780 faciam,
962 2736 1003 2772 et
1024 2732 1262 2785 sanguinem
1284 2731 1455 2773 istorum
1477 2732 1657 2773 virorum
1679 2731 1835 2772 bibam:
1860 2732 1955 2785 quia
1974 2732 2015 2772 in

110 2789 286 2843 periculo
321 2789 549 2830 animarum
584 2802 749 2830 suarum
784 2789 1013 2831 attulerunt
1045 2790 1142 2831 mihi
1179 2803 1341 2844 aquam.
1377 2790 1433 2832 Et
1465 2791 1517 2832 ob
1550 2790 1655 2831 hanc
1688 2803 1852 2831 causam
1886 2790 2016 2832 noluit

112 2848 259 2890 bibere.
289 2848 375 2889 haec
401 2848 586 2890 fecerunt
613 2854 693 2889 tres
721 2849 1003 2890 robustissimi.

215 2919 251 2943 2⁰
274 2918 415 2959 Abisai
440 2932 602 2972 quoque
626 2920 754 2960 frater
779 2918 879 2960 Ioab
904 2919 989 2973 ipse
1014 2924 1102 2961 erat
1126 2919 1312 2973 princeps
1337 2919 1474 2967 trium,
1502 2923 1542 2959 et
1566 2918 1651 2972 ipse
1675 2918 1831 2959 levavit
1855 2918 2016 2959 hastam

110 2990 226 3018 suam
257 2981 401 3018 contra
428 2982 634 3020 trecentos
664 2977 911 3027 vulneratos,
945 2983 986 3019 et
1015 2978 1100 3032 ipse
1131 2984 1219 3019 erat
1248 2978 1354 3019 inter
1383 2983 1464 3019 tres
1495 2977 1854 3026 nominatissimus,
1914 2979 1945 3000 ²¹
1975 2982 2015 3017 et

110 3036 216 3076 inter
237 3041 318 3077 tres
341 3036 539 3078 secundos
561 3036 750 3090 inclytus,
776 3042 817 3078 et
838 3036 1025 3090 princeps
1048 3050 1206 3078 eorum:
1230 3042 1515 3077 verumtamen
1538 3048 1665 3089 usque
1688 3036 1741 3076 ad
1762 3040 1842 3076 tres
1865 3035 2015 3088 primos

110 3107 192 3136 non
208 3100 462 3148 pervenerat.
509 3096 540 3119 ²²
559 3095 735 3136 Banaias
752 3095 856 3137 filius
876 3095 1026 3137 Ioiadae
1043 3095 1118 3136 viri
1134 3095 1416 3143 robustissimi,
1438 3094 1507 3148 qui
1523 3093 1655 3135 multa
1671 3107 1795 3147 opera
1809 3099 2015 3147 perpetra-

110 3158 186 3203 rat,
220 3153 269 3194 de
301 3153 485 3195 Cabseel:
518 3154 603 3207 ipse
634 3154 833 3207 percussit
863 3155 964 3196 duos
997 3153 1093 3195 ariel
1123 3155 1264 3196 Moab:
1298 3159 1339 3195 et
1369 3153 1454 3207 ipse
1486 3153 1706 3201 descendit,
1740 3157 1781 3194 et
1812 3152 2015 3193 interfecit

110 3211 267 3253 leonem
294 3212 337 3253 in
364 3213 500 3254 media
527 3213 703 3254 cisterna
729 3217 914 3267 tempore
941 3213 1058 3255 nivis.
1116 3215 1148 3238 2³
1176 3213 1232 3254 Et
1258 3213 1343 3266 ipse
1371 3211 1571 3266 percussit
1598 3211 1732 3252 virum
1760 3211 2011 3264 AEgypfflum,

110 3271 222 3312 cuius
241 3276 401 3313 statura
417 3277 505 3314 erat
523 3272 703 3326 quinque
720 3272 964 3321 cubitorum,
984 3276 1026 3313 et
1042 3272 1223 3313 habebat
1239 3271 1423 3312 lanceam
1440 3274 1488 3312 ut
1504 3270 1748 3311 liciatorium
1765 3269 2010 3310 texentium:

242 3376 284 3409 13
306 3376 379 3409 aEx
400 3377 453 3416 17,
475 3377 531 3417 14;
555 3379 572 3409 1
595 3378 653 3411 Sm
674 3376 728 3417 15,
749 3376 779 3410 3.
805 3397 848 3400 —
872 3378 909 3409 bl
932 3376 990 3411 Sm
1012 3377 1065 3418 28,
1086 3377 1116 3411 8.
1143 3376 1263 3417 -11,
1284 3376 1302 3409 1
1328 3376 1364 3409 ⁰2
1384 3374 1443 3409 Sm
1464 3374 1495 3415 5,
1518 3376 1546 3409 1.
1574 3395 1616 3398 ——
1640 3374 1682 3408 10
1702 3374 1741 3406 <12
1762 3374 1820 3407 Sm
1841 3373 1892 3411 23,
1914 3371 1942 3403 8.
1970 3389 2009 3391 —

111 3424 150 3456 16
177 3422 214 3455 [²2
239 3422 296 3456 Sm
322 3423 374 3462 23,
400 3424 451 3457 14.

2081 1243 2109 1261 ce
2116 1237 2168 1266 pit.

2052 1781 2121 1806 Tres
2143 1782 2196 1807 for-

2067 1817 2179 1847 tissimi,

2068 2322 2179 2347 factum

2040 2358 2129 2382 trium
2152 2357 2205 2383 for-

2079 2393 2164 2422 tium,

2082 2917 2158 2942 facta

2059 2953 2181 2977 duorum

2054 2988 2184 3017 fortium,
