2356 3760
101 381 127 397 ιιι
148 373 275 398 homines

109 410 265 439 percutien-

162 446 212 471 tes.

119 1547 146 1570 ln
167 1546 255 1569 bove«

108 1582 266 1611 percmien-

161 1620 211 1645 ies

121 2390 148 2407 in
171 2383 254 2411 fures,

143 2804 168 2826 in
193 2803 234 2826 lw-

135 2838 243 2865 ιίνῐιῐοῂὲ,

89 3024 122 3047 <lv
135 3030 278 3047 νηιιιιιινῐι-

130 3059 198 3082 dar«.
220 3066 251 3083 :w

142 3098 250 3120 [nutum.

295 98 346 139 64
1179 95 1324 129 LIBER
1958 98 2012 137 21,
2039 98 2161 139 9—22‚
2187 100 2207 133 9

295 204 394 231 eam.
460 194 474 215 ⁹
505 190 575 231 Sin
607 195 744 230 autem
782 189 861 230 filio
894 203 965 229 suo
998 189 1257 242 desponderit
1291 202 1392 231 eam.
1435 189 1549 229 iuxta
1585 202 1734 230 morem
1771 190 1942 230 filiarum
1975 192 2097 233 faciet
2136 192 2203 234 illi.

299 251 330 273 ¹⁰
349 249 467 297 Quod
486 249 518 289 si
538 249 706 290 alteram
728 249 761 289 ei
783 249 993 301 acceperit.
1016 248 1247 300 providebit
1268 247 1410 300 puellae
1429 248 1605 300 nuptias,
1627 254 1667 288 et
1687 249 1945 295 vestimenta,
1967 256 2007 290 et
2028 252 2202 303 pretium

295 308 500 360 pudicitia*
523 322 602 349 non
626 308 802 355 negabit.
856 309 885 331 ¹¹
906 307 944 346 δί
972 307 1045 346 tria
1071 307 1146 346 ista
1171 319 1250 346 non
1274 307 1423 351 feeerit,
1449 307 1676 359 egredietur
1695 308 1821 357 gratis
1844 309 1997 362 absque
2022 310 2201 362 pecunia.

402 369 430 391 1“-’
463 368 559 416 aQui
590 366 827 419 percusserit
856 365 1061 405 hominem
1091 365 1228 405 volens
1257 365 1448 410 occidere,
1479 372 1608 405 morte
1637 366 1845 407 moriatur.
1903 370 1933 391 ¹³
1961 368 2036 416 Qui
2066 374 2203 409 autem

296 439 374 466 non
401 432 460 467 est
489 426 712 468 insidiatus,
741 425 810 464 sed
836 425 944 464 Deus
972 423 1081 463 illum
1111 424 1281 465 tradidit
1307 425 1345 464 in
1373 438 1516 464 manus
1543 424 1644 464 eius:
1677 426 1944 466 ¹›0011stituam
1970 427 2044 467 tibi
2070 426 2203 468 locum

294 486 332 526 in
364 498 482 538 quem
514 486 649 535 fugere
680 484 838 523 debeat.
899 485 928 506 ¹¹
958 483 997 522 si
1030 483 1117 535 quis
1150 496 1218 536 per
1248 483 1488 523 industriam
1521 483 1712 523 occiderit
1740 484 1970 536 proximum
2002 500 2132 531 suum,
2165 492 2205 527 et

294 557 362 597 per
393 544 574 584 insidias:
606 543 656 582 ab
687 541 804 582 altari
836 554 923 581 meo
954 541 1098 581 evelles
1129 555 1232 587 eiun,
1266 549 1312 582 ut
1342 543 1549 583 moriatur.
1609 544 1638 566 ¹⁵
1669 542 1744 590 Qui
1777 544 2015 596 percusserit
2046 551 2202 598 patrem

292 616 409 643 suum
441 609 507 642 aut
543 608 726 644 matrem,
761 606 889 641 morte
920 600 1127 641 moriatur.
1176 603 1209 624 111
1227 601 1302 649 Qui
1335 602 1492 641 furatus
1522 601 1644 641 fuerit
1672 601 1891 651 hominem,
1917 608 1958 643 et
1976 604 2203 645 vendiderit

293 675 396 703 eum.
428 661 638 701 convictus
669 674 794 705 noxa1,
828 665 955 700 morte
985 660 1192 700 moriatur.
1253 662 1284 684 ¹⁷
1321 660 1413 709 ‹rQui
1445 660 1699 700 maledixerit
1728 661 1832 713 patri
1863 674 1946 707 suo,
1978 661 2040 702 vol
2069 663 2201 705 matri.

294 726 422 760 morte
457 720 664 760 moriatur.
731 721 762 742 ¹⁸
796 719 834 759 s‘i
870 719 991 759 rixati
1026 719 1177 759 fuerint
1213 719 1297 762 viri.
1335 726 1376 760 et
1411 719 1651 772 percusserit
1684 719 1786 760 alter
1820 721 2049 773 proximum
2085 734 2202 762 suum

292 779 425 832 lapide
448 778 509 819 vel
533 792 677 831 pugno.
701 784 740 818 et
763 778 825 818 ille
847 784 1031 818 mortuus
1053 791 1133 818 non
1154 778 1287 823 luerit,
1311 778 1379 819 sed
1401 778 1570 819 iacuerit
1591 779 1629 818 in
1650 778 1816 819 lectulo:
1866 781 1900 803 19
1920 780 1951 820 si
1972 780 2201 823 surrexerit.

292 844 331 879 et
357 837 628 878 ambulaverit
657 838 749 878 foris
774 850 895 891 super
920 837 1107 878 baculum
1135 850 1265 881 suum.
1294 837 1483 878 innocens
1509 837 1584 877 erit
1610 837 1678 890 qui
1703 838 1955 891 percusserit,
1981 839 2041 879 ita
2064 845 2202 879 tamen

293 904 337 938 ut
362 910 503 951 operas
528 897 623 941 eius,
649 904 690 937 et.
715 897 916 951 impensas
940 896 980 937 in
1005 897 1180 937 medicos
1204 897 1407 937 restituat.
1460 899 1496 920 ²⁰
1519 897 1596 945 Qui
1619 897 1862 950 percusserit
1884 910 2045 938 servum
2070 911 2200 944 suum,

292 956 354 997 vel
385 955 571 996 ancillam
604 956 726 1005 virga,
759 961 799 995 et
829 956 977 996 mortui
1008 956 1160 996 fuerint
1190 956 1229 996 in
1260 956 1446 996 manibus
1477 956 1572 1000 eius,
1605 955 1780 996 criminis
1810 969 1899 997 reus
1930 957 2016 997 erit.
2074 958 2103 981 ²¹
2134 957 2203 997 Sin

292 1021 429 1056 autem
460 1029 538 1056 uno
567 1015 629 1055 die
658 1014 718 1054 vel
748 1015 906 1055 duobus
934 1015 1215 1068 supervixerit,
1247 1028 1325 1055 non
1354 1015 1580 1056 subiacebit
1608 1028 1749 1068 poenae.
1781 1015 1873 1068 quia
1901 1016 2072 1069 pecunia
2099 1015 2202 1056 illius

293 1082 364 1115 est.
413 1077 444 1098 22
463 1075 501 1115 Si
524 1074 643 1114 rixati
662 1074 814 1114 fuerint
833 1073 919 1116 viri.
941 1080 982 1114 et
1000 1074 1241 1127 percusserit
1261 1074 1349 1127 quis
1369 1074 1575 1114 mulierem
1597 1081 1888 1127 praegnantem,
1910 1080 1951 1115 et
1969 1075 2202 1116 abortivum

293 1134 455 1187 quidem
495 1133 645 1176 fecerit,
686 1133 755 1173 sed
793 1133 880 1186 ipsa
917 1133 1082 1173 vixerit:
1123 1133 1349 1174 subiacebit
1388 1134 1537 1174 damno
1578 1140 1780 1186 quantum
1819 1133 1989 1174 maritus
2028 1133 2204 1174 mulieris

292 1193 518 1246 expetierit,
545 1198 585 1233 et
610 1192 748 1232 arbitri
776 1191 1055 1232 iudicaverint.
1109 1194 1141 1215 2³³
1164 1192 1233 1231 Sin
1259 1199 1396 1233 autem
1422 1205 1528 1233 mors
1553 1193 1635 1233 eius
1660 1193 1783 1233 fuerit
1806 1193 2036 1241 subsecuta,
2061 1193 2204 1233 reddet

292 1252 471 1292 animam
498 1265 568 1305 pro
596 1252 744 1299 anima,
799 1253 829 1275 ²⁴
859 1251 1041 1291 doculum
1069 1264 1138 1304 pro
1166 1250 1293 1297 oculo,
1322 1251 1485 1292 dentem
1512 1264 1584 1304 pro
1611 1252 1744 1299 dente,
1772 1265 1940 1292 manum
1967 1265 2038 1305 pro
2065 1265 2202 1297 manu,

292 1312 434 1364 pedem
465 1324 536 1364 pro
569 1311 680 1364 pede,
738 1312 769 1334 '2⁵
799 1310 1057 1351 adustionem
1088 1323 1158 1363 pro
1189 1310 1414 1355 adustione,
1447 1310 1594 1350 vulnus
1624 1323 1695 1363 pro
1726 1310 1903 1359 vulnere,
1933 1311 2102 1352 livorem
2132 1324 2203 1364 pro

291 1370 427 1411 livore.
478 1372 512 1393 ²⁶
532 1370 571 1411 δί
593 1370 835 1423 percusserit.
856 1370 1057 1423 quispiam
1079 1369 1241 1410 oculum
1263 1370 1366 1409 servi
1388 1369 1448 1409 sui
1469 1375 1542 1410 aut
1562 1369 1728 1415 ancillae,
1752 1376 1793 1410 et
1812 1369 1943 1410 luscos
1964 1383 2030 1411 eos
2050 1370 2202 1414 fecerit.

291 1430 474 1470 dimittet
501 1443 566 1469 eos
594 1429 738 1469 liberos
766 1442 836 1482 pro
865 1428 979 1469 oculo
1008 1442 1128 1482 quein
1156 1429 1272 1469 eruit.
1327 1430 1361 1452 '2⁷
1390 1429 1563 1469 Dentem
1595 1442 1756 1482 quoque
1783 1429 1813 1469 si
1841 1429 2064 1470 excusserit
2089 1441 2204 1470 servo

294 1488 356 1529 vel
386 1488 539 1529 ancillae
569 1502 662 1530 suae.
694 1488 878 1528 similiter
907 1488 1089 1528 dimittet
1120 1501 1186 1528 eos
1216 1488 1372 1529 liberos.

398 1549 432 1571 2⁸
460 1547 499 1588 Si
529 1548 599 1588 bos
629 1560 751 1587 cornu
780 1547 1022 1600 percusserit
1050 1547 1182 1587 virum
1211 1552 1283 1587 ant
1312 1547 1531 1590 mulierem.
1563 1552 1603 1587 et
1630 1547 1781 1587 mortui
1809 1547 1972 1596 fuerint,
2002 1547 2204 1600 lapidibus

293 1607 505 1647 obruetur:
540 1613 579 1647 et
614 1620 693 1647 non
727 1607 992 1647 comedentur
1024 1619 1162 1646 carnes
1196 1606 1290 1649 eius,
1327 1606 1514 1647 dominus
1549 1619 1710 1659 quoque
1744 1605 1859 1646 bovis
1892 1606 2083 1646 innocens
2116 1605 2203 1646 erit,

291 1668 325 1689 2⁹
346 1666 464 1715 Quod
484 1666 515 1706 si
537 1666 606 1706 bos
628 1671 849 1719 cornupeta
871 1666 993 1706 fuerit
1012 1666 1063 1706 ab
1084 1666 1167 1706 heri
1188 1672 1226 1705 et
1248 1666 1555 1709 nudiustertius,
1578 1671 1619 1706 et
1638 1665 1857 1706 contestati
1878 1670 1974 1705 sunt
1993 1664 2205 1705 dominum

291 1726 387 1768 eius,
408 1738 480 1765 nec
498 1725 703 1765 recluserit
722 1739 826 1768 eum,
847 1725 1119 1778 occideritque
1139 1725 1270 1765 virum
1290 1730 1362 1765 aut
1380 1724 1606 1765 mulierem:
1627 1731 1667 1765 et
1685 1725 1756 1765 bos
1774 1724 1978 1777 lapidibus
1997 1724 2202 1769 obruetur,

292 1790 331 1825 et
365 1784 576 1825 dominum
610 1784 692 1824 eius
727 1784 923 1825 occident..
984 1786 1020 1808 3⁰
1052 1784 1170 1832 Quod
1203 1784 1234 1824 si
1266 1784 1444 1837 pretium
1476 1784 1599 1824 fuerit
1632 1783 1665 1824 ei
1699 1783 1949 1837 impositum.
1985 1783 2101 1824 dabit
2133 1796 2206 1836 pro

292 1844 429 1884 anima.
444 1857 515 1884 sua
533 1843 733 1896 quidquid
747 1843 870 1883 fuerit
884 1843 1129 1896 postulatus.
1173 1845 1203 1867 ²³¹
1221 1843 1369 1883 Filium
1387 1856 1548 1896 quoque
1564 1848 1604 1883 et
1622 1842 1747 1883 filiam
1763 1842 1795 1882 si
1810 1856 1933 1883 cornu
1951 1842 2203 1895 percusserit,

291 1902 409 1943 simili
444 1903 656 1943 sententiae
690 1902 927 1943 subiacebit.
990 1904 1021 1926 ³2
1055 1902 1094 1943 Si
1130 1916 1303 1944 servum.
1341 1901 1610 1955 ancillamque
1645 1902 1850 1945 invaserit.
1888 1901 2057 1951 triginta
2090 1901 2206 1942 siclos

292 1962 447 2016 argenti
466 1962 631 2002 domino
650 1962 777 2007 dabit,
801 1962 870 2002 bos
890 1974 984 2002 vero
1002 1961 1205 2014 lapidibus
1225 1961 1488 2014 opprimetur.
1535 1963 1568 1985 33
1585 1961 1626 2001 Si
1645 1960 1733 2014 quis
1753 1961 1956 2014 aperuerit
1973 1960 2203 2007 cisternam,

292 2027 331 2062 et
362 2021 521 2065 foderit,
555 2027 595 2061 et
624 2034 704 2061 non
736 2021 939 2073 operuerit
968 2034 1069 2062 eam.
1103 2021 1372 2073 cecideritque
1402 2021 1473 2061 bos
1505 2025 1577 2060 aut
1607 2020 1742 2060 asinus
1772 2020 1813 2060 in
1843 2033 1944 2067 eam,
2002 2021 2034 2043 31
2062 2019 2206 2059 reddet

292 2080 480 2121 dominus
516 2080 699 2120 cisternae
735 2080 910 2132 pretium
948 2080 1240 2119 iumentorum:
1280 2079 1389 2132 quod
1425 2085 1563 2119 autem
1600 2084 1808 2119 mortuum
1845 2083 1916 2122 est,
1954 2078 2079 2131 ipsius
2115 2077 2202 2118 erit.

291 2143 323 2165 3⁵
344 2141 383 2180 ’δί
408 2141 477 2180 bos
500 2138 652 2179 alienus
675 2139 821 2179 bovem
844 2138 1007 2178 alterius
1030 2138 1316 2185 vulneraverit,
1341 2143 1381 2179 et
1401 2137 1465 2178 ille
1486 2143 1671 2178 mortuus
1693 2137 1832 2178 fuerit:
1856 2137 2037 2178 vendent
2058 2137 2205 2177 bovem

295 2200 447 2241 vivum.
482 2204 522 2239 et
554 2198 738 2238 divident
771 2198 958 2251 pretium.
993 2198 1167 2238 cadaver
1198 2204 1337 2238 autem
1369 2197 1518 2237 mortui
1550 2197 1655 2237 inter
1687 2212 1726 2237 se
1758 2196 2010 2250 dispertient.
2070 2197 2106 2220 3⁶
2136 2195 2205 2236 Sin

295 2265 433 2299 autem
457 2258 608 2298 sciebat
635 2257 745 2310 quod
769 2257 838 2297 bos
862 2263 1083 2310 cornupeta
1109 2262 1213 2297 esset
1236 2257 1286 2297 ab
1311 2256 1394 2296 heri
1418 2262 1457 2297 et
1481 2255 1788 2303 nudiustertius,
1815 2262 1853 2297 et
1878 2268 1959 2296 non
1982 2254 2206 2296 custodivit

294 2331 385 2358 eum
412 2317 600 2358 dominus
626 2330 738 2356 suus:
767 2316 907 2356 reddet
935 2317 1081 2356 bovem
1106 2329 1177 2369 pro
1205 2316 1319 2359 bove,
1348 2321 1387 2356 et
1414 2316 1588 2369 cadaver
1613 2315 1816 2365 integrum
1841 2314 2023 2368 accipiet.

399 2377 462 2419 22.
520 2379 531 2399 ¹
564 2376 603 2416 si
638 2376 725 2429 quis
758 2376 916 2416 furatus
948 2375 1068 2415 fuerit
1103 2376 1261 2418 bovem.
1297 2380 1369 2415 aut
1401 2387 1530 2417 ovem.
1565 2379 1606 2415 et
1638 2374 1829 2415 occiderit
1860 2373 1924 2414 vel
1956 2372 2203 2414 vendiderit:

295 2437 473 2489 quinque
493 2436 616 2475 boves
635 2448 705 2488 pro
726 2448 804 2475 uno
826 2435 927 2475 bove
945 2434 1145 2476 restituet.
1174 2440 1231 2474 eet
1250 2439 1448 2488 quattuor
1465 2447 1559 2474 oves
1578 2446 1649 2487 pro
1669 2447 1748 2473 una
1768 2446 1854 2473 ove.
1901 2435 1915 2456 ²
1933 2432 1972 2473 Si
1991 2432 2205 2486 effringens

294 2496 359 2535 fur
394 2496 559 2535 domum
597 2494 679 2534 sive
715 2494 934 2534 suffodiens
969 2494 1092 2534 fuerit
1127 2494 1328 2535 inventus.
1367 2499 1407 2534 et
1442 2498 1609 2546 accepto
1645 2492 1810 2533 vulnere
1845 2497 2030 2533 mortuus
2064 2491 2204 2532 fuerit:

297 2567 505 2607 percussor
529 2567 605 2593 non
631 2553 705 2593 erit
728 2566 817 2593 reus
841 2552 1059 2601 sanguinis.
1110 2555 1125 2577 ³
1148 2553 1267 2600 Quod
1289 2553 1318 2592 si
1335 2558 1432 2593 orto
1456 2551 1535 2592 sole
1559 2552 1635 2592 hoc
1657 2551 1807 2594 fecerit.
1834 2550 2096 2592 homicidium
2119 2563 2206 2603 per-

296 2613 486 2666 petravit.
508 2618 546 2652 et
568 2612 649 2665 ipse
670 2612 874 2652 morietur.
895 2612 933 2652 δί
954 2625 1033 2652 non
1053 2612 1239 2652 habuerit
1261 2612 1370 2664 quod
1388 2624 1459 2664 pro
1480 2612 1588 2651 furto
1607 2611 1763 2655 reddat,
1785 2611 1868 2664 ipse
1886 2609 2203 2651 venundabitur.

294 2675 309 2696 1
333 2673 362 2713 si
388 2673 602 2712 inventum
630 2671 747 2711 fuerit
774 2671 883 2723 apud
908 2684 999 2711 eum
1026 2671 1134 2723 quod
1159 2672 1316 2711 furatus
1342 2677 1413 2716 est,
1441 2671 1594 2716 vivens,
1621 2670 1705 2710 sive
1731 2670 1813 2718 bos,
1840 2670 1924 2710 sive
1949 2669 2096 2712 asinus,
2123 2668 2206 2709 sive

295 2732 399 2771 ovis:
433 2731 601 2784 duplum
635 2730 834 2770 restituet.

399 2792 413 2814 ⁵
434 2791 472 2830 Si
496 2789 638 2830 laeserit
661 2789 862 2842 quispiam
884 2802 1025 2839 agrum
1047 2788 1108 2829 vel
1131 2790 1304 2837 vineam,
1327 2794 1368 2829 et
1389 2789 1585 2829 dimiserit
1606 2789 1836 2829 iumentum
1856 2800 1975 2828 suum
2009 2792 2054 2827 ut
2086 2786 2207 2840 depa-

296 2855 433 2889 scatur
462 2849 608 2889 aliena:
645 2848 844 2901 quidquid
875 2848 1076 2901 optimum
1109 2848 1298 2888 habuerit
1329 2848 1368 2888 in
1398 2861 1491 2901 agro
1525 2861 1608 2893 suo,
1639 2847 1703 2888 vel
1735 2848 1775 2887 in
1806 2847 1936 2894 vinea,
1968 2858 2040 2899 pro
2069 2845 2207 2886 damni

295 2909 564 2948 {estimatione
603 2908 801 2948 restituet.
871 2909 884 2930 ⁶
921 2907 960 2947 Si
998 2920 1177 2956 egressus
1216 2907 1316 2957 ignis
1354 2907 1555 2947 invenerit
1591 2906 1739 2959 spinas.
1779 2911 1818 2946 et
1855 2904 2207 2958 comprehenderit

297 2980 461 3007 acervos
480 2968 654 3014 frimam.
676 2967 759 3006 sive
779 2971 934 3006 stantes
954 2973 1106 3015 segetes·
1126 2966 1164 3005 in
1185 2966 1300 3015 agris,
1322 2967 1463 3006 reddet
1483 2966 1679 3005 damnum
1701 2965 1767 3018 qui
1788 2965 1921 3014 ignem
1940 2963 2203 3004 succenderit.

404 3028 416 3049 ⁷
449 3026 486 3066 si
522 3026 608 3078 quis
641 3025 988 3065 eommendaverit
1020 3025 1148 3065 amieo
1183 3025 1406 3078 pecuniam.
1441 3031 1512 3065 aut
1544 3038 1615 3064 vas
1649 3025 1686 3064 in
1718 3024 1958 3069 custodiam,
1993 3028 2034 3064 et
2064 3022 2116 3063 ab
2146 3035 2204 3065 eo.

301 3086 366 3138 qui
399 3092 641 3137 susceperat,
675 3085 781 3125 furto
812 3084 947 3125 ablata
983 3084 1147 3124 fuerint:
1180 3084 1209 3123 si
1241 3084 1446 3124 invenitur
1476 3085 1549 3126 fur.
1582 3083 1752 3136 duplum
1782 3082 1941 3123 reddet:
2002 3084 2017 3106 ⁸
2045 3081 2076 3121 si
2104 3080 2207 3121 latet

298 3144 370 3185 fur.
401 3144 587 3184 dominus
615 3144 758 3183 doinus·
786 3143 1058 3196 applicabitur
1084 3143 1135 3183 ad
1162 3143 1268 3187 deos,
1298 3148 1338 3183 et
1365 3143 1515 3183 iurabit
1542 3143 1651 3195 quod
1677 3155 1757 3183 non
1784 3141 2014 3182 extenderit
2038 3152 2206 3180 manum

298 3203 335 3242 in
365 3216 442 3242 rem
474 3203 642 3255 proximi
670 3202 740 3243 sui.
798 3205 812 3224 ²⁴
837 3203 886 3242 ad
915 3202 1226 3255 perpetrandam
1255 3202 1450 3245 fraudem,
1480 3207 1564 3241 tam
1593 3201 1629 3241 in
1658 3201 1771 3245 bove.
1801 3213 1922 3254 quam
1950 3200 1989 3239 in
2014 3199 2139 3247 asino,
2166 3203 2207 3239 et

298 3276 371 3302 ove
401 3276 445 3302 ac
477 3262 731 3303 vestimento.
764 3268 801 3301 et
833 3261 1031 3314 quidquid
1059 3261 1254 3301 damnum
1287 3261 1428 3301 inl'erre
1457 3266 1610 3313 potest:
1642 3261 1694 3301 ad
1722 3260 1816 3301 deos
1845 3258 2056 3311 utriusque
2085 3271 2202 3298 causa

435 3388 472 3421 12²
491 3388 560 3420 uix
581 3388 632 3423 24,
656 3389 702 3420 17.
801 3390 838 3421 l.·;
857 3389 922 3421 bin
947 3391 994 3422 19.
1015 3390 1043 3422 2.
1072 3409 1112 3413 —
1140 3391 1178 3422 17
1201 3389 1266 3421 va·
1287 3390 1338 3423 20.
1359 3390 1393 3422 Sl:
1416 3388 1457 3421 Pr
1476 3389 1527 3422 20.
1548 3388 1604 3424 202
1626 3388 1676 3420 Mt-
1695 3388 1745 3420 15.
1766 3388 1800 3423 4:
1821 3386 1874 3419 Mo
1894 3386 1923 3423 7,
1944 3385 1993 3419 10.
2016 3406 2055 3409 —
2082 3385 2207 3419 2411112·

300 3436 351 3476 24,
377 3437 432 3475 ’.Ὃς
465 3435 506 3468 l)t
538 3437 584 3468 lit.
611 3436 666 3470 21:
695 3436 743 3468 Mt
769 3437 798 3471 Γ),
824 3437 880 3470 lb':
930 3457 947 3459 *—
974 3436 1025 3476 227
1055 3438 1067 3469 l
1097 3437 1133 3469 ε“2
1158 3437 1215 3470 Sm
1242 3436 1293 3476 12,
1319 3437 1347 3469 li.
