2356 3760
249 221 324 260 904
1104 215 1248 249 LIBER
1274 216 1299 249 1.
1924 219 1953 258 1,
1980 218 2099 257 61-2,
2126 217 2167 250 228

247 312 486 352 testamenti
516 311 694 355 Domini.
729 316 770 351 et
801 310 1048 363 quicumque
1079 309 1328 350 observabat
1357 308 1486 361 legem
1517 308 1696 352 Domini.
1730 310 1954 351 secundum
1986 311 2166 352 edictum

245 370 347 423 regis
372 370 638 411 trucidabant
661 383 765 410 eum.
820 370 849 391 61
877 367 923 407 ln
948 367 1102 407 virtute
1125 380 1199 408 sua
1220 367 1429 408 faciebant
1451 367 1536 408 haec
1558 367 1710 420 populo
1736 367 1870 417 Israel,
1897 369 1966 421 qui
1988 369 2167 411 invenie-

246 429 370 469 batur
393 429 433 469 in
457 429 566 471 omni
591 440 726 468 mcnsc
750 433 791 467 et
814 438 951 466 mense
974 425 1015 465 in
1039 425 1290 467 civitatibus.
1345 427 1377 450 ⁶²
1400 426 1455 466 Et
1480 425 1626 479 quinta
1649 431 1689 466 et
1712 425 1909 479 vigesima
1932 427 1996 468 die
2018 428 2166 469 mensis

245 488 528 529 sacrificabant
563 499 683 539 super
713 498 838 533 aram,
872 498 963 537 quae
993 490 1080 525 erat
1111 489 1255 525 contra
1285 484 1424 525 altare.

60 546 222 605 ¹¹¹*‘¹‘¹·‘}¹0¹¹·
356 548 388 571 63
414 547 464 587 Et
484 545 680 588 mulieres,
704 557 794 597 quae
815 542 1161 584 circumcidebant
1182 543 1283 585 filios
1304 556 1409 588 suos,
1432 543 1749 584 trucidabantur
1768 545 1992 585 secundum
2013 545 2167 586 iussum

69 600 213 642 interficit.
250 606 350 657 regis
371 604 574 646 Antiochi.
627 604 658 626 61
679 608 720 643 et
740 602 1048 655 suspendebant
1067 615 1212 655 pueros
1235 616 1258 642 a
1278 601 1501 643 cervicibus
1522 614 1594 655 per
1614 601 1823 643 universas
1844 603 1986 645 domos
2008 616 2166 644 eorum:

246 669 287 704 ct
300 658 381 706 eos.
402 663 470 716 qui
487 661 827 702 circumciderant
842 660 942 710 illos,
962 660 1239 702 trucidabant.
1289 663 1320 685 65
1338 661 1393 701 Et
1408 659 1528 701 multi
1545 661 1594 701 de
1610 660 1762 714 populo
1782 660 1905 702 Israel
1922 662 2169 703 definierunt

247 723 356 775 apud
390 735 441 765 se.
478 726 523 761 ut
557 734 638 761 non
672 720 971 760 manducarent
1003 719 1235 761 immunda:
1286 725 1327 760 et
1359 718 1567 772 elegerunt
1599 719 1728 773 magis
1762 720 1875 768 mori,
1912 734 2036 774 quam
2070 720 2168 762 cibis

246 780 500 833 coinquinari
524 779 764 820 immundis:
821 780 856 802 66
880 784 921 819 et
944 777 1165 820 noluerunt
1188 778 1405 831 infringere
1428 777 1557 827 legem
1581 778 1657 818 Dei
1682 784 1881 827 sanctam,
1908 784 1949 819 et
1972 779 2167 821 trucidati

245 846 359 880 sunt:
418 840 451 862 ⁶⁷
479 844 520 880 et
546 839 659 879 facta
685 845 744 878 cst
772 838 831 877 ira
856 851 1007 891 magna
1032 850 1153 891 super
1179 836 1377 891 populum
1406 835 1536 878 valde.

246 955 316 1005 ΙΙ.
344 954 699 1006 Mathathias
736 954 1008 1005 sacerdos
1043 954 1351 1004 aemulator
1383 953 1535 1019 legis
1570 953 1880 1015 exsistenS,
1910 954 2167 1016 2‚1-7().

788 1045 827 1084 1.
859 1044 1028 1095 Legem
1059 1043 1175 1084 zelat
1208 1044 1386 1095 vivens,
1415 1045 1455 1094 2,
1475 1044 1628 1084 1—48.

65 1117 96 1141 ¹¹¹
120 1116 216 1155 ¹¹0¹¹¹¹¹
352 1118 389 1159 2.
436 1119 446 1140 ¹
477 1116 523 1157 ln
551 1115 693 1157 diebus
721 1114 795 1155 illis
823 1115 999 1156 surrexit
1025 1114 1279 1156 Mathathias
1307 1114 1411 1155 filius
1441 1115 1617 1165 Ioannis,
1646 1114 1717 1156 filii
1742 1115 1953 1164 Simeonis,
1982 1117 2169 1158 sacerdos

57 1152 205 1212 “issin‘iiir‘f
248 1190 297 1216 ex
315 1175 403 1216 tiliis
423 1175 556 1216 Ioarib
574 1176 625 1215 ab
645 1173 876 1217 Ierusalem.
895 1178 936 1215 et
952 1174 1137 1215 consedit
1152 1173 1193 1214 in
1210 1178 1350 1215 monte
1366 1173 1526 1215 Modin:
1570 1176 1641 1214 2et
1657 1174 1839 1215 habebat
1855 1174 1956 1216 filios
1974 1174 2166 1229 quinque,

248 1235 456 1283 loannem,
483 1234 552 1287 qui
576 1233 947 1287 cognominabatur
968 1232 1141 1274 Gaddis:
1193 1235 1208 1257 3
1231 1237 1272 1273 et
1293 1233 1514 1281 Simonem,
1541 1232 1610 1286 qui
1633 1233 2004 1286 cognominabatur
2026 1233 2167 1275 Thasi:

244 1296 259 1318 ⁴
294 1299 334 1334 et
372 1294 530 1341 Iudam,
568 1293 637 1346 qui
672 1292 902 1334 vocabatur
934 1291 1214 1333 Machabaeus:
1277 1293 1292 1315 5
1327 1297 1368 1333 et
1402 1291 1657 1339 Eleazarum,
1696 1292 1765 1345 qui
1800 1292 2170 1346 cognominabatur

244 1353 429 1394 Abaton:
468 1357 509 1393 et
546 1351 763 1397 Ionathan,
803 1351 872 1404 qni
907 1350 1278 1404 cognominabatur
1312 1350 1497 1405 Apphus.
1565 1352 1579 1374 6
1614 1350 1655 1391 hi
1691 1351 1885 1392 viderunt
1919 1351 2040 1400 mala,
2079 1364 2170 1406 quae

248 1412 401 1453 fiebant
428 1411 467 1452 in
496 1410 648 1464 populo
678 1410 793 1455 Iuda,
824 1415 865 1451 et
892 1410 932 1450 in
963 1409 1195 1451 Ierusalem.

48 1483 122 1507 ”¹⁸¹³
137 1483 232 1522 1‘⁰P¹¹¹¹
356 1483 368 1505 ⁷
399 1481 455 1522 Et
484 1480 590 1521 dixit
619 1479 891 1521 Mathathias:

95 1519 196 1547 ulawgit

87 1525 93 1548 ι
299 1552 368 1592 Vae
398 1551 509 1594 mihi.
543 1556 588 1592 ut
619 1550 717 1605 quid
746 1556 869 1591 natus
899 1564 989 1591 sum
1012 1550 1150 1591 videre
1173 1549 1462 1591 contritionem
1484 1549 1626 1603 populi
1647 1550 1738 1598 mei,
1817 1555 1858 1591 et
1880 1551 2169 1592 contritionem

510 1609 690 1651 civitatis
720 1614 884 1652 sanctae,
917 1614 958 1650 et
987 1610 1124 1650 sedere
1154 1609 1245 1656 illic,

299 1683 390 1711 cum
413 1670 536 1710 datur
556 1669 596 1708 in
617 1668 809 1709 manibus
829 1668 1112 1709 inimicorum?
1190 1670 1205 1692 6
1225 1668 1380 1709 Sancta
1399 1668 1440 1708 in
1461 1680 1587 1708 manu
1608 1672 1897 1709 extraneorum
1920 1668 2032 1709 facta
2052 1674 2167 1710 sunt:

298 1729 499 1782 templum
527 1727 610 1768 eius
637 1727 743 1768 sicut
768 1727 891 1769 homo
918 1726 1118 1781 ignobilis.
1203 1729 1218 1751 ⁹
1244 1727 1354 1768 Vasa
1377 1726 1515 1781 gloriae
1541 1727 1625 1768 eius
1652 1726 1819 1780 captiva
1846 1728 2027 1769 abducta
2052 1732 2167 1769 sunt:

298 1787 494 1830 trucidati
506 1792 603 1828 sunt
614 1799 727 1828 senes
741 1786 824 1827 eius
836 1786 876 1827 in
889 1785 1047 1840 plateis,
1116 1791 1157 1827 et
1168 1786 1334 1827 iuvenes
1347 1785 1430 1827 eius
1444 1786 1678 1827 ceciderunt
1689 1786 1730 1826 in
1745 1785 1880 1840 gladio
1895 1786 2166 1829 inimicorum.

246 1850 281 1872 ¹0
298 1848 398 1897 Quae
426 1860 522 1901 gens
552 1858 634 1887 non
664 1845 914 1886 hereditavit
943 1859 1112 1899 regnum
1143 1845 1240 1894 eius,
1325 1850 1366 1886 et
1395 1858 1477 1886 non
1507 1845 1689 1886 obtinuit
1717 1844 1847 1898 spolia
1876 1845 1985 1886 eius?

246 1909 274 1931 ¹¹
298 1905 441 1948 Omnis
472 1904 713 1959 compositio
743 1904 827 1945 eius
858 1903 999 1946 ablata
1028 1909 1101 1946 est.
1187 1904 1286 1953 Quae
1315 1909 1403 1945 erat
1431 1904 1570 1953 libera,
1602 1905 1715 1945 facta
1744 1909 1806 1945 est
1835 1903 1992 1946 ancilla.

246 1967 277 1990 ¹2
298 1966 354 2007 Et
382 1978 472 2006 ecce
499 1970 644 2005 sancta
671 1969 822 2007 nostra.
854 1968 895 2005 et
922 1963 1186 2017 pulchritudo
1214 1968 1367 2012 nostra,
1451 1968 1493 2004 et
1520 1962 1683 2005 claritas
1711 1967 1853 2005 nostra
1880 1963 2065 2005 desolata
2093 1968 2165 2012 est,

298 2030 339 2066 et
369 2023 741 2078 coinquinaverunt
770 2036 817 2064 ea
846 2023 1009 2065 Gentes.
1097 2025 1129 2047 ¹3
1158 2023 1248 2072 Quo
1279 2036 1372 2076 ergo
1402 2022 1518 2064 nobis
1549 2022 1684 2064 adhuc
1714 2022 1876 2063 vivere?

55 2106 119 2124 cum
141 2099 211 2129 filii-³·
354 2096 384 2119 ¹⁴
411 2095 467 2135 Et
492 2093 613 2135 scidit
639 2093 888 2134 vestimenta
914 2106 988 2134 sua
1013 2092 1283 2141 Mathathias,
1310 2098 1352 2134 et
1378 2092 1448 2134 filii
1474 2093 1577 2134 eius:
1606 2097 1648 2134 et
1674 2097 1923 2147 operuerunt
1949 2106 1989 2134 se
2017 2092 2166 2140 ciliciis,

246 2160 286 2195 et
316 2153 565 2208 planxerunt
595 2152 726 2194 valde.

54 2215 151 2254 virise
168 2222 231 2254 fea
355 2215 385 2237 15
408 2213 464 2253 Et
486 2225 513 2251 v
516 2216 689 2252 enerunt
709 2210 804 2252 illuc
828 2211 897 2265 qui
919 2211 1031 2252 missi
1054 2217 1171 2252 erant
1194 2224 1217 2251 a
1239 2224 1330 2265 rege
1352 2211 1570 2256 Antiocho
1595 2216 1643 2252 ut
1666 2216 1856 2265 cogerent
1878 2224 1956 2260 eos,
1983 2211 2053 2264 qui
2075 2224 2169 2253 con-

96 2258 188 2275 missu

60 2288 205 2325 0¹¹¹¹>¹³¹¹¹¹
206 2293 225 2309 -r
248 2271 469 2327 fugerant
460 2285 500 2312 1n
522 2271 734 2312 civitatem
755 2270 909 2316 Modin
933 2269 1155 2319 immolare,
1180 2275 1220 2311 et
1242 2270 1460 2311 accendere
1482 2270 1616 2315 thura
1641 2275 1681 2310 et
1703 2283 1726 2311 a
1745 2269 1831 2323 lege
1852 2270 1929 2311 Dei
1949 2269 2166 2312 discedere.

85 2324 199 2347 ΠἪΜ
250 2334 284 2356 16
309 2332 365 2373 Et
390 2330 509 2371 multi
535 2330 584 2371 de
609 2329 761 2383 populo
789 2328 913 2370 Israel
938 2329 1239 2370 consentientes
1265 2334 1523 2370 accesserunt
1547 2329 1600 2370 ad
1625 2342 1710 2370 eos:
1737 2329 1808 2370 sed
1832 2329 2099 2378 Mathathias,
2128 2334 2169 2370 et

248 2390 317 2432 filii
347 2390 431 2431 eius
463 2393 700 2431 constanter
729 2393 944 2429 steterunt.
1006 2390 1039 2413 ¹⁷
1069 2388 1125 2429 Et
1155 2388 1448 2442 respondentes
1479 2388 1549 2441 qui
1578 2388 1689 2429 missi
1719 2392 1837 2429 erant
1866 2388 1918 2428 ab
1949 2388 2166 2437 Antiocho,

248 2450 441 2491 dixerunt
458 2448 719 2489 Mathathiae:
737 2447 930 2501 Princeps
948 2452 989 2488 et
1006 2447 1264 2496 clarissimus,
1284 2452 1325 2488 et
1341 2460 1514 2500 magnus
1532 2460 1571 2487 es
1588 2447 1630 2487 in
1646 2447 1723 2488 hac
1740 2447 1921 2493 civitate,
1941 2452 1982 2488 et
2000 2452 2168 2488 ornatus

248 2508 350 2554 filiis,
379 2514 419 2549 et
444 2507 652 2548 fratribus.
709 2508 742 2531 16
768 2519 861 2560 ergo
888 2507 1034 2548 accede
1059 2506 1179 2560 prior,
1208 2512 1250 2547 et
1274 2507 1339 2547 fac
1364 2506 1519 2547 iussum
1545 2506 1659 2560 regis,
1688 2506 1794 2547 sicut
1817 2506 2004 2547 fecerunt
2029 2519 2169 2547 omnes

247 2568 411 2611 Gentes,
441 2571 481 2607 et
507 2566 582 2607 viri
610 2566 724 2612 Iuda,
754 2571 795 2606 et
821 2565 890 2620 qui
915 2570 1199 2606 remanserunt
1224 2565 1266 2606 in
1294 2564 1532 2606 Ierusalem:
1561 2570 1602 2605 et
1627 2565 1702 2606 eris
1729 2570 1787 2611 tu,
1816 2570 1857 2606 et
1881 2564 1952 2606 filii
1978 2565 2039 2606 tui
2063 2564 2171 2606 inter

249 2627 400 2668 amicos
420 2626 534 2679 regis,
557 2631 598 2665 et
617 2624 891 2678 amplificatus
912 2637 1023 2673 auro,
1045 2630 1087 2665 et
1106 2630 1288 2678 argento,
1310 2629 1352 2665 et
1370 2624 1607 2665 muneribus
1628 2623 1779 2665 multis
1830 2626 1864 2648 ¹⁹
1882 2623 1939 2665 Et
1958 2624 2170 2678 respondit

249 2684 514 2733 Mathathias,
543 2689 584 2725 et
610 2684 715 2725 dixit
740 2697 891 2737 magna
917 2697 1032 2725 voce:
1061 2684 1117 2725 Et
1142 2684 1175 2725 si
1201 2696 1340 2725 omnes
1366 2683 1518 2724 Gentes
1544 2683 1627 2737 regi
1651 2683 1857 2725 Antiocho
1884 2682 2093 2728 obediunt,
2122 2688 2170 2724 ut

249 2745 433 2786 discedat
454 2743 733 2797 unusquisque
754 2756 778 2783 a
797 2742 996 2784 servitute
1016 2742 1113 2797 legis
1132 2747 1299 2797 patrum
1320 2755 1499 2792 suorum,
1523 2748 1564 2784 et
1584 2742 1816 2784 consentiat
1835 2742 2043 2783 mandatis
2064 2742 2167 2783 eius:

249 2806 285 2827 ²⁰
311 2817 382 2856 ego
411 2808 451 2844 et
478 2802 549 2843 filii
576 2802 665 2851 mei,
696 2807 737 2843 et
764 2802 909 2843 fratres
936 2802 1016 2842 mei
1044 2802 1279 2843 obediemus
1307 2801 1383 2855 legi
1410 2807 1577 2855 patrum
1604 2806 1850 2843 nostrorum.
1907 2802 1938 2825 ‘2¹
1966 2801 2168 2854 propitius

250 2863 301 2903 sit
318 2863 433 2903 nobis
449 2862 578 2902 Deus:
597 2875 678 2903 non
695 2866 756 2902 est
772 2861 888 2903 nobis
904 2860 1004 2901 utile
1020 2861 1246 2914 relinquere
1260 2860 1402 2914 legem,
1421 2866 1461 2902 et
1477 2860 1655 2902 iustitias
1670 2861 1765 2901 Dei:
1810 2863 1841 2885 '2²
1857 2873 1939 2902 non
1955 2860 2168 2901 audiemus

250 2922 375 2962 verba
400 2921 501 2973 regis
529 2920 733 2970 Antiochi,
764 2933 836 2961 nec
863 2919 1181 2961 sacrificabimus
1209 2920 1554 2973 transgredientes
1579 2919 1677 2974 legis
1704 2924 1854 2961 nostrae
1880 2919 2091 2965 mandata,
2121 2923 2169 2959 ut

250 2992 388 3019 eamus
419 2979 546 3020 altera
576 2980 653 3020 via.

62 3038 227 3097 ¹¹¹⁴''''¹⁴¹ji¹g},¹¹**
356 3040 387 3061 ²³
417 3038 468 3078 Et
495 3044 541 3079 ut
568 3039 743 3080 cessavit
767 3038 879 3092 loqui
906 3038 1032 3079 verba
1057 3038 1153 3083 haec,
1183 3038 1352 3079 accessit
1379 3037 1547 3092 quidam
1576 3037 1737 3078 Iudaeus
1763 3037 1804 3078 in
1831 3036 2014 3078 omnium
2042 3036 2166 3078 oculis

196 3094 200 3098 ’
251 3097 474 3137 sacrificare
499 3097 612 3138 idolis
635 3111 756 3150 super
778 3110 891 3138 aram
914 3097 955 3138 in
979 3097 1147 3138 civitate
1169 3097 1322 3146 Modin,
1347 3097 1571 3138 secundum
1595 3096 1749 3137 iussum
1772 3096 1892 3150 regis:
1944 3097 1976 3119 24
1998 3100 2040 3136 et
2062 3095 2167 3136 vidit

252 3155 515 3198 Mathathias,
540 3161 579 3196 et
600 3156 742 3201 doluit,
766 3162 807 3197 et
827 3161 1162 3197 contremuerunt
1183 3169 1296 3197 renes
1317 3155 1412 3205 eius,
1436 3161 1477 3196 et
1497 3168 1689 3196 accensus
1710 3160 1772 3196 est
1790 3155 1903 3195 furor
1922 3154 2006 3195 eius
2027 3167 2167 3195 secun-

251 3215 347 3254 dum
372 3213 564 3254 iudicium
587 3214 694 3268 legis,
719 3221 759 3256 et
781 3215 959 3256 insiliens
982 3214 1207 3255 trucidavit
1228 3228 1321 3255 curn
1342 3227 1464 3267 super
1484 3227 1616 3255 aram:
1666 3216 1698 3238 2⁵
1719 3213 1790 3254 sed
1812 3218 1853 3254 et
1875 3213 2019 3261 virum,
2046 3225 2166 3266 quem

252 3286 319 3314 rex
352 3272 577 3313 Antiochus
610 3274 786 3319 irriserat
821 3275 890 3328 qui
922 3274 1094 3327 cogebat
1125 3273 1347 3316 immolare.
1382 3273 1531 3315 occidit
1561 3273 1602 3314 in
1632 3273 1720 3326 ipso
1752 3277 1948 3325 tempore,
1981 3276 2023 3312 et
2053 3284 2166 3312 aram

251 3332 466 3375 destruxit
521 3333 555 3355 ²⁶
581 3336 620 3371 (1
646 3332 798 3374 z‹latus
825 3339 885 3374 est
910 3333 1050 3386 legem
1083 3332 1208 3373 asicut
1232 3333 1329 3373 fecit
1353 3332 1525 3373 Phinees
1552 3331 1686 3372 Zamri
1710 3331 1791 3372 filio
1815 3330 1980 3372 Salomi.

75 3398 138 3415 ‘'¹¹¹''
161 3390 217 3414 ³¹¹¹
378 3391 469 3430 ⁷1⁴t
490 3404 561 3429 cx(
566 3390 737 3431 laniavit
758 3392 1010 3433 Mathathias
1032 3404 1131 3433 voce
1152 3404 1302 3445 magna
1322 3391 1362 3432 in
1384 3391 1565 3437 civitate
1589 3391 1744 3432 dicens:
1767 3389 1922 3438 Omnis
1947 3388 2015 3442 qui
2036 3388 2166 3429 zelum

65 3427 90 3451 in
116 3433 162 3450 ni·
167 3427 228 3449 nm

106 3434 186 3492 fugi
254 3450 377 3491 habet
408 3449 503 3501 levis
534 3454 719 3489 statuens
752 3456 1059 3499 testamentum,
1092 3455 1212 3492 exeat
1241 3455 1336 3504 post
1365 3464 1441 3492 me.
1499 3451 1534 3474 “-6
1564 3449 1620 3491 Et
1649 3449 1755 3504 fugit
1784 3448 1880 3502 ipse,
1913 3452 1954 3488 et
1983 3447 2054 3488 filii
2083 3446 2167 3488 eius

386 3565 417 3598 2.
442 3565 483 3598 ,26
509 3565 595 3598 ³Nm
621 3566 673 3604 25,
700 3566 750 3599 13.
