2356 3760
143 457 239 481 hostes

123 493 257 522 percutit,

116 1820 259 1840 tumorem

120 1851 257 1881 Ephraim

147 1886 226 1912 lenit.

103 2311 137 2336 ln
150 2311 272 2337 Soccoth

100 2348 130 2372 et
146 2347 274 2372 Phanuel

117 2381 258 2413 illuditur,

111 2907 187 2930 reges
215 2900 270 2923 Ma-

108 2936 177 2961 dian
199 2942 274 2960 coni—

111 2971 270 3001 prehendit.

131 3314 251 3339 Socoem

105 3354 133 3374 nt
154 3349 278 3374 l'lianuel

148 3387 238 3415 punit,

289 129 366 170 206
1183 128 1329 162 LIBER
1972 134 2002 173 7,
2029 134 2146 175 14—8‚
2174 136 2212 169 14

292 221 492 276 percussit
522 220 634 264 illud.
671 226 795 275 atque
828 220 1044 269 subvertit,
1080 225 1122 262 et
1154 226 1271 262 terrae
1303 222 1489 263 funditus
1522 224 1763 277 coaequavit.
1830 227 1861 251 ¹⁴
1895 226 2128 281 Respondit
2161 228 2207 275 is,

293 281 357 321 cui
384 280 647 334 loquebatur:
679 280 769 321 Non
799 285 860 320 est
886 280 963 320 hoc
991 279 1113 323 aliud.
1143 280 1220 321 nisi
1246 281 1404 334 gladius
1432 280 1632 323 Gedeonis
1664 282 1733 323 filii
1763 283 1855 325 Ioas
1883 284 1960 325 viri
1990 286 2204 328 Israelitae:

294 339 468 380 tradidit
494 339 600 379 enim
630 338 830 379 Dominus
857 338 898 378 in
925 351 1071 379 manus
1099 338 1183 379 eius
1210 339 1388 382 Madian.
1418 344 1460 380 et
1485 340 1624 381 omnia
1649 346 1785 383 castra
1811 342 1906 384 eius.
1963 346 1995 369 ¹⁵
2022 345 2208 399 Cumque

294 397 475 439 audisset
503 398 669 439 Gedeon
697 397 913 445 somnium,
944 402 986 438 et
1013 397 1395 451 interpretationem
1424 398 1519 447 eius,
1552 399 1760 441 adoravit:

403 463 443 497 et
474 468 657 496 reversus
690 462 752 497 est
782 456 834 496 ad
866 461 1001 496 castra
1033 456 1168 503 Israel,
1203 462 1245 498 et
1275 457 1351 498 ait:
1384 457 1557 509 Surgite,
1590 458 1764 499 tradidit
1794 460 1901 501 enim
1934 462 2136 503 Dominus
2167 463 2209 504 in

297 529 442 556 manus
468 520 627 555 nostras
652 520 788 555 castra
812 515 990 557 Madian.
1047 517 1081 539 ¹⁶
1105 515 1339 570 Divisitque
1364 521 1568 557 trecentos
1594 517 1701 558 viros
1726 517 1767 557 in
1792 523 1874 560 tres
1899 525 2050 573 partes,
2078 526 2120 562 et
2143 521 2212 563 de-

295 574 355 615 dit
381 575 502 614 tubas
526 573 567 614 in
590 574 781 615 manibus
805 587 957 619 eorum,
983 574 1230 628 lagenasque
1253 588 1404 616 vacuas
1430 588 1476 615 ac
1498 575 1709 629 lampades
1734 576 1774 617 in
1798 578 1932 619 medio
1956 579 2209 633 lagenarum.

297 635 328 657 ¹⁷
365 633 404 674 :t
421 633 527 673 dixit
545 633 596 673 ad
615 646 700 674 eos:
722 633 841 682 Quod
859 645 924 673 me
941 634 1074 674 facere
1092 633 1288 683 videritis,
1310 634 1385 675 hoc
1404 633 1545 675 facite:
1565 633 1768 685 ingrediar
1784 641 1946 689 partem
1965 644 2209 685 castrorum,

294 696 335 733 et
366 692 474 746 quod
506 692 636 732 fecero
667 691 891 733 sectamini.
952 694 987 716 ¹⁹
1017 692 1190 741 Quando
1222 693 1477 746 personuerit
1505 693 1610 734 tuba
1638 693 1678 734 in
1710 707 1833 735 manu
1865 709 1968 745 mea,
2001 709 2074 738 vos
2109 711 2210 752 quo-

295 764 372 805 que
397 763 468 804 per
492 756 718 791 castrorum
744 751 959 792 circuitum
985 750 1172 804 clangite..
1200 756 1242 793 et
1266 752 1531 799 conclamate,
1560 752 1736 794 Domino
1763 758 1805 794 et
1828 755 2022 797 Gedeoni.
2078 758 2114 780 ¹⁹
2144 757 2209 797 In-

292 822 533 863 gressusque
564 814 626 851 est
656 810 834 854 Gedeon.
868 814 909 851 et
940 810 1111 851 trecenti
1143 810 1218 851 viri
1251 811 1316 864 qui
1351 816 1468 851 erant
1498 824 1590 852 cum
1623 825 1668 852 eo
1700 812 1739 852 in
1772 818 1931 866 partem
1963 820 2207 858 castrorum.

292 868 583 922 incipientibus
618 868 764 922 vigiliis
801 868 933 910 noctis
969 869 1125 916 mediae,
1165 874 1207 910 et
1242 869 1482 911 custodibus
1518 870 1738 914 suscitatis
1779 878 1992 925 coeperunt
2029 873 2211 915 buccinis

294 927 490 979 clangere,
526 932 567 969 et
599 928 856 982 complodere
888 927 997 969 inter
1028 942 1068 969 se
1101 928 1276 983 lagenas.
1340 930 1376 953 ²⁰
1408 928 1591 982 Cumque
1625 942 1696 982 per
1727 942 1874 984 gyrum
1907 936 2134 973 castrorum
2168 933 2208 973 in

294 987 425 1028 tribus
465 992 731 1041 personarent
767 987 877 1033 locis,
918 993 960 1029 et
996 987 1164 1041 hydrias
1203 988 1508 1041 confregissent,
1548 993 1773 1030 tenuerunt
1810 988 1983 1031 sinistris
2021 992 2210 1033 manibus

294 1045 516 1099 lampades.
540 1051 580 1086 et
600 1046 754 1086 dextris
775 1051 967 1087 sonantes
988 1047 1122 1096 tubas,
1145 1046 1529 1100 clamaveruntque:
1551 1047 1721 1089 Gladius
1742 1048 1907 1090 Domini
1928 1054 1969 1091 et
1988 1050 2209 1092 Gedeonis:

294 1107 326 1130 21
358 1111 515 1146 stantes
547 1104 691 1159 singuli
725 1105 766 1145 in
798 1104 884 1146 loco
917 1119 989 1146 suo
1024 1118 1093 1158 per
1124 1106 1339 1147 circuitum
1372 1111 1599 1148 castrorum
1631 1106 1854 1149 hostilium.
1890 1108 2039 1149 Omnia
2069 1109 2212 1163 itaque

294 1168 429 1206 castra
462 1164 634 1205 turbata
667 1169 775 1212 sunt,
813 1170 854 1205 et
888 1163 1172 1208 vociferantes,
1210 1164 1497 1219 ululantesque
1530 1166 1743 1219 fugerunt:
1806 1168 1838 1191 22
1873 1171 1913 1208 01
1948 1167 2211 1209 nihilominus

292 1222 541 1264 insistebant
571 1222 740 1264 trecenti
775 1223 851 1264 viri
884 1223 1064 1265 buccinis
1096 1229 1373 1277 personantes.
1412 1224 1692 1278 aImmisitque
1724 1225 1925 1267 Dominus
1956 1226 2138 1281 gladium
2169 1227 2210 1268 in

294 1282 483 1324 omnibus
511 1282 666 1332 castris,
695 1288 737 1324 et
762 1288 910 1324 mutua
935 1297 976 1324 se
1002 1283 1110 1324 caede
1137 1284 1401 1332 truncabant,
1456 1285 1489 1308 23
1514 1283 1716 1337 fugientes
1743 1297 1871 1338 usque
1899 1285 1951 1326 ad
1979 1285 2209 1336 Bethsetta,

294 1347 337 1383 et
351 1341 599 1395 crepidinem
617 1341 889 1382 Abelmehula
902 1341 945 1383 in
962 1342 1163 1384 Tebbath.
1183 1342 1496 1384 Conclamantes
1513 1348 1652 1384 autem
1670 1343 1745 1383 viri
1765 1343 1889 1384 Israel
1905 1344 1954 1385 de
1973 1344 2209 1398 Nephthali.

294 1406 335 1442 et
365 1401 475 1450 Aser,
509 1406 551 1442 et
579 1399 691 1441 omni
721 1401 909 1441 Manasse
938 1402 1292 1455 persequebantur
1321 1402 1500 1443 Madian.
1560 1403 1592 1427 ²4
1622 1401 1816 1456 Misitque
1846 1403 2013 1444 Gedeon
2042 1404 2211 1445 nuncios

293 1460 335 1501 in
358 1473 521 1501 omnem
544 1464 727 1501 montem
753 1459 965 1513 Ephraim,
992 1460 1148 1501 dicens:
1172 1461 1419 1502 Descendite
1442 1460 1484 1501 in
1506 1474 1720 1503 occursum
1743 1461 1922 1511 Madian,
1949 1467 1990 1503 et
2013 1467 2212 1517 occupate

294 1533 422 1573 aquas
450 1532 578 1573 usque
607 1519 814 1560 Bethbera
840 1524 966 1573 atque
996 1519 1223 1561 Iordanem.
1281 1519 1567 1573 Clamavitque
1595 1519 1725 1561 omnis
1753 1520 1963 1574 Ephraim,
1994 1526 2035 1562 et
2061 1534 2211 1575 praeoc-

294 1579 464 1632 cupavit
493 1591 621 1632 aquas
651 1583 777 1632 atque
808 1578 1025 1620 Iordanem
1054 1591 1184 1633 usque
1214 1578 1431 1620 Bethbera.
1490 1580 1522 1603 2⁵
1553 1578 1942 1634 bApprehensosque
1972 1581 2073 1622 duos
2103 1581 2210 1622 viros

294 1637 472 1687 Madian,
503 1637 622 1687 Oreb,
653 1643 693 1679 et
721 1638 813 1685 Zeb,
843 1637 1049 1679 interfecit
1076 1638 1183 1679 Oreb
1209 1637 1252 1679 in
1279 1638 1402 1679 Petra
1428 1638 1548 1687 Oreb,
1579 1637 1659 1680 Zeb
1687 1651 1782 1679 vero
1809 1638 1851 1679 in
1879 1639 2086 1681 Torculari
2114 1640 2208 1681 Zeb.

294 1697 350 1738 Et
375 1696 575 1750 persecuti
602 1702 699 1738 sunt
725 1697 904 1740 Madian.
932 1697 1070 1751 capita
1096 1697 1204 1739 Oreb
1230 1701 1271 1738 et
1297 1697 1378 1738 Zeb
1404 1701 1617 1751 portantes
1644 1697 1696 1738 ad
1721 1697 1889 1739 Gedeon
1913 1702 2027 1739 trans
2056 1698 2212 1740 fluenta

297 1756 493 1798 Iordanis.

398 1816 436 1859 8.
493 1818 505 1840 ¹
534 1815 820 1869 Dixeruntque
848 1816 901 1856 ad
929 1830 1020 1857 eum
1050 1815 1125 1856 viri
1154 1816 1371 1869 Ephraim:
1402 1815 1509 1864 Quid
1537 1820 1599 1857 est
1625 1816 1702 1857 hoc
1732 1816 1843 1869 quod
1869 1817 2001 1858 facere
2030 1816 2208 1860 voluisti.

293 1881 341 1916 ut
360 1889 434 1916 nos
456 1888 537 1915 non
559 1887 736 1921 vocares,
761 1888 853 1916 cum
877 1875 929 1916 ad
951 1888 1131 1929 pugnam
1154 1888 1337 1929 pergeres
1359 1879 1503 1916 contra
1523 1874 1715 1916 Madian?
1739 1874 1947 1929 iurgantes
1969 1875 2142 1920 fortiter,
2165 1881 2209 1916 et

293 1947 419 1988 prope
444 1935 527 1974 vim
553 1933 783 1975 inferentes.
839 1936 853 1959 2
878 1934 1034 1983 Quibus
1059 1934 1124 1975 ille
1148 1934 1378 1988 respondit:
1405 1934 1513 1983 Quid
1538 1934 1645 1975 enim
1671 1934 1752 1975 tale
1776 1935 1909 1975 facere
1934 1935 2063 1988 potui,
2092 1934 2212 1988 quale

294 2007 366 2035 vos
391 1992 569 2034 fecistis?
596 2006 731 2034 nonne
756 1993 898 2034 melior
923 1999 986 2036 est
1009 2006 1194 2034 racemus
1220 1993 1430 2047 Ephraim,
1458 1992 1675 2034 vindemiis
1702 1993 1895 2035 Abiezer?
1948 1996 1964 2018 3
1992 1994 2039 2034 In
2064 2007 2210 2034 manus

293 2058 450 2094 vestras
477 2052 678 2094 Dominus
704 2052 879 2094 tradidit
904 2053 1105 2106 principes
1132 2052 1311 2097 Madian,
1341 2053 1460 2102 Oreb,
1490 2057 1531 2093 et
1558 2052 1657 2093 Zeb:
1688 2052 1787 2106 quid
1812 2053 1894 2094 tale
1920 2054 2053 2095 facere
2079 2053 2209 2107 potui.

294 2112 413 2166 quale
433 2125 505 2153 vos
526 2111 703 2153 fecistis?
726 2112 844 2161 Quod
866 2126 957 2153 cum
979 2112 1139 2153 locutus
1161 2116 1277 2154 esset.
1300 2111 1504 2165 requievit
1523 2111 1690 2165 spiritus
1712 2124 1864 2159 eorum,
1889 2125 1968 2165 quo
1990 2112 2211 2153 tumebant

293 2178 435 2213 contra
466 2185 571 2213 eum.

781 2241 820 2281 3.
849 2240 1047 2282 Victoria
1076 2240 1206 2281 trans
1236 2240 1494 2291 Iordanem,
1521 2241 1562 2291 8,
1582 2241 1727 2281 4—21.

397 2315 410 2336 ⁴
441 2314 625 2366 Cumque
655 2313 834 2354 venisset
863 2312 1029 2353 Gedeon
1060 2311 1113 2352 ad
1144 2311 1372 2357 Iordanem,
1405 2311 1599 2352 transivit
1629 2324 1721 2352 eum
1751 2325 1844 2353 eum
1875 2311 2067 2352 trecentis
2100 2310 2209 2359 viris,

296 2371 363 2425 qui
390 2384 525 2413 secum
552 2376 686 2413 erant:
714 2376 755 2413 et
779 2384 862 2425 prae
884 2370 1137 2419 lassitudine,
1165 2370 1367 2424 fugientes
1392 2370 1579 2425 persequi
1604 2384 1686 2412 non
1712 2375 1916 2424 poterant.
1970 2373 1985 2395 ⁵
2009 2370 2209 2424 Dixitque

294 2431 346 2471 ad
361 2431 468 2472 viros
483 2430 676 2472 Soccoth:
694 2431 813 2479 Date,
832 2431 1010 2479 obsecro,
1028 2443 1153 2484 panes
1168 2429 1332 2484 populo,
1352 2429 1420 2483 qui
1435 2443 1595 2471 mecum
1612 2434 1684 2477 est,
1704 2429 1800 2483 quia
1814 2429 1934 2470 valde
1950 2429 2207 2470 defecerunt:

294 2495 341 2530 ut
365 2489 566 2543 possimus
591 2489 777 2544 persequi
803 2489 942 2539 Zebee,
970 2495 1011 2531 et
1035 2489 1229 2531 Salmana
1252 2502 1363 2543 reges
1388 2489 1566 2531 Madian.
1624 2490 1639 2512 ‘³
1665 2489 1983 2542 Responderunt
2006 2487 2209 2542 principes

294 2550 487 2590 Soccotli:
517 2548 703 2590 Forsitan
727 2548 873 2602 palmae
895 2562 1093 2590 manuum
1119 2548 1246 2589 Zebee
1270 2553 1311 2589 et
1334 2547 1529 2589 Salmana
1550 2548 1590 2589 in
1614 2561 1739 2588 manu
1764 2553 1837 2588 tua
1860 2552 1968 2597 sunt,
1996 2553 2037 2589 et
2058 2546 2208 2588 idcirco

295 2607 478 2662 postulas
510 2613 557 2649 ut
588 2608 730 2649 demus
762 2607 957 2649 exercitui
989 2613 1060 2649 tuo
1094 2621 1230 2661 panes.
1294 2609 1308 2631 ⁷
1340 2607 1497 2656 Quibus
1528 2606 1593 2648 ille
1626 2606 1702 2647 ait:
1736 2606 1837 2647 Cum
1870 2620 1961 2660 ergo
1993 2605 2211 2648 tradiderit

294 2667 495 2708 Dominus
523 2666 651 2708 Zebee
678 2672 719 2709 et
745 2667 940 2708 Salmana
965 2667 1006 2707 in
1033 2680 1178 2707 manus
1206 2680 1328 2715 meas,
1358 2672 1568 2708 conteram
1596 2678 1735 2707 carnes
1763 2670 1921 2706 vestras
1948 2678 2041 2706 cum
2068 2664 2207 2719 spinis.

296 2726 538 2780 tribulisque
567 2727 725 2767 deserti.
787 2728 801 2750 ⁸
829 2727 885 2767 Et
912 2726 1006 2767 inde
1035 2726 1321 2773 conscendens,
1353 2725 1466 2766 venit
1493 2725 1535 2765 in
1563 2724 1765 2765 Phanuel:
1794 2724 2038 2779 locutusque
2067 2729 2129 2765 est
2157 2724 2207 2764 ad

297 2786 402 2827 viros
431 2785 507 2826 loci
535 2785 640 2826 illius
670 2785 827 2827 similia.
859 2786 931 2827 Cui
961 2791 1002 2827 et
1030 2785 1083 2825 illi
1114 2785 1424 2839 responderunt,
1456 2785 1560 2826 sicut
1589 2784 1886 2838 responderant
1914 2783 1990 2824 viri
2019 2783 2207 2825 Soccoth.

299 2848 313 2867 ‘⁴
342 2845 458 2886 Dixit
485 2845 625 2899 itaque
654 2851 695 2886 et
722 2844 795 2885 eis:
825 2845 843 2883 (
846 2845 926 2886 ’11111
955 2858 1138 2886 reversus
1166 2845 1279 2885 fuero
1308 2844 1441 2885 victor
1466 2843 1508 2884 in
1535 2856 1646 2897 pace,
1678 2843 1887 2885 destruam
1916 2842 2061 2884 turrim
2089 2842 2205 2883 hanc.

403 2906 438 2928 ¹⁰
462 2904 589 2945 Zebee
615 2909 752 2945 autem
779 2910 820 2944 et
844 2903 1038 2945 Salmana
1061 2904 1372 2957 requiescebant
1396 2916 1487 2955 cuin
1514 2903 1623 2943 omni
1650 2902 1829 2943 exercitu
1854 2915 1939 2944 suo.
1968 2900 2209 2950 Quindecim

298 2963 403 3003 enim
437 2963 564 3004 millia
596 2963 670 3003 viri
704 2968 985 3004 remanserant
1018 2976 1067 3004 ex
1100 2963 1289 3005 omnibus
1321 2961 1467 3003 turmis
1501 2961 1771 3004 Orientalium
1806 2960 2063 3015 populorum,
2098 2959 2209 3000 caesis

297 3028 460 3062 centum
482 3022 625 3076 viginti
645 3022 823 3063 millibus
844 3022 1085 3063 bellatorum
1108 3022 1369 3063 educentium
1388 3021 1581 3075 gladium.
1633 3022 1657 3044 ¹¹
1688 3021 2020 3073 “Ascendensque
2039 3019 2205 3061 Gedeon

298 3094 367 3133 per
399 3081 505 3121 viam
539 3095 689 3131 eorum,
725 3082 792 3135 qui
824 3080 865 3122 in
897 3081 1171 3123 tabernaculis
1202 3081 1482 3124 morabantur,
1517 3080 1569 3121 ad
1601 3079 1851 3121 Orientalem
1882 3083 2043 3133 partem
2076 3077 2205 3120 Nobe.

297 3146 338 3180 et
360 3141 519 3191 legbaa.
543 3141 741 3193 percussit
760 3146 895 3181 castra
913 3140 1105 3183 hostium.
1129 3140 1197 3193 qui
1218 3139 1345 3181 securi
1366 3144 1493 3182 erant.
1517 3144 1557 3180 et
1577 3138 1676 3179 nihil
1696 3138 1855 3179 adversi
1876 3137 2205 3191 suspicabantur.

299 3201 329 3222 12
355 3199 641 3253 Fugeruntque
666 3200 792 3240 Zebee
816 3204 855 3240 01
878 3199 1081 3245 Salmana,
1109 3212 1209 3253 quos
1232 3211 1476 3252 persequens
1500 3198 1665 3238 Gedeon
1689 3196 2010 3251 comprehendit,
2036 3196 2205 3236 turbato

297 3257 406 3299 omni
437 3259 613 3298 exercitu
646 3272 796 3300 eorum.

402 3319 433 3340 ¹³
467 3317 770 3371 Revertensque
800 3318 848 3358 de
880 3318 981 3358 bello
1013 3323 1107 3359 ante
1137 3317 1229 3357 solis
1260 3322 1407 3360 ortum,
1468 3318 1496 3340 ¹⁴¹
1528 3316 1799 3369 apprehendit
1828 3327 1998 3368 puerum
2029 3314 2078 3355 de
2110 3312 2206 3353 viris

298 3375 490 3417 Soeeoth:
515 3375 861 3429 interrogavitque
883 3391 972 3417 eum
998 3376 1160 3417 nomina
1184 3375 1411 3429 principum
1435 3382 1475 3416 et
1495 3374 1696 3416 seniorum
1720 3373 1905 3415 Soccoth.
1930 3378 1971 3414 et
1992 3371 2206 3426 descripsit

431 3480 472 3513 22
496 3481 558 3513 ars
583 3480 635 3519 82,
663 3480 710 3513 10.
771 3502 777 3503 κ
804 3482 844 3514 25
870 3481 933 3513 hp„
958 3482 1009 3521 ee,
1040 3482 1092 3521 12;
1121 3481 1152 3514 is
1179 3482 1229 3515 10,
1256 3482 1305 3513 2⁴3.
1369 3501 1374 3502 κ
1400 3480 1432 3521 8,
1458 3481 1496 3514 11
1526 3480 1590 3514 ecs
1616 3481 1666 3519 10,
1694 3480 1742 3512 14.
