2356 3760
288 108 388 150 1248
700 105 868 141 DISCRE
877 107 1045 141 PANTIA
1067 106 1337 141 LECTIONUM
1357 107 1769 142 CLEMENTINARUM

392 200 452 243 18.
482 200 530 239 22
558 199 636 247 Qui
663 200 828 253 expellit
856 200 1071 240 mulierem
1100 199 1262 243 bonam,
1291 199 1455 253 expellit
1484 199 1654 241 bonum:
1684 200 1752 254 qui
1780 206 1918 242 autem
1946 207 2058 244 tenet
2087 203 2200 245 adul·

287 264 428 302 teram,
460 258 610 299 stultus
641 263 700 299 est
730 265 770 299 et
801 259 973 311 impius:
1006 271 1084 299 non
1115 258 1290 299 habetur
1319 258 1359 299 in
1389 258 1506 302 Heb..
1541 265 1677 300 tamen
1707 264 1767 300 est
1798 259 1836 300 in
1866 260 1932 301 Gr.

396 323 455 366 19.
490 324 509 363 1
542 322 672 364 dives:
706 336 784 362 non
815 322 969 363 habent
1000 322 1102 363 Heb.
1135 323 1202 363 Gr.
1234 322 1292 375 (in
1322 322 1522 377 plerisque
1552 324 1624 365 Ms.
1645 324 1711 365 Gr.
1734 329 1844 365 totus
1877 326 1925 374 XV.
1955 324 2096 379 deest).

395 388 455 431 20,
482 388 505 427 9
529 387 626 435 Quis
652 393 788 439 potest
812 387 961 427 dicere:
987 386 1186 428 Mundum
1212 393 1273 427 est
1296 400 1364 428 cor
1386 401 1534 433 meum,
1561 401 1685 441 purus
1710 402 1798 429 sum
1825 402 1848 429 a
1870 389 2064 442 peccato?
2094 390 2195 433 Heb.

285 445 341 487 sic
371 446 530 500 legunt:
561 445 658 493 Quis
688 445 794 486 dicet
824 446 1022 486 Mundavi
1051 459 1118 487 cor
1145 446 1302 487 meum!
1333 446 1503 501 purgavi
1532 448 1674 501 (purus
1703 448 1810 500 sum)
1839 461 1862 488 a
1890 454 2058 501 peccato
2086 451 2196 491 meo!

285 504 407 545 LXX
439 511 594 545 autem:
627 504 725 552 Quis
753 504 1008 555 gloriabitur.
1040 518 1081 546 se
1111 511 1270 545 castum
1301 504 1448 546 habere
1479 518 1556 551 cor,
1590 506 1789 546 mundum
1822 519 1846 547 a
1874 507 2063 560 peccato!
2095 507 2199 561 (loco

286 564 527 604 ultimorum
555 564 579 603 3
608 562 824 604 verborum
853 563 973 604 LXX
1001 577 1141 604 revera
1168 563 1341 606 habent:
1372 564 1435 605 vel
1464 564 1552 618 quis
1581 564 1703 606 libere
1732 565 1839 606 dicet
1867 578 1907 606 se
1936 579 2083 619 purum
2112 580 2197 608 esse

285 636 310 663 a
336 621 546 676 peccatis).

389 681 450 725 20,
479 681 527 720 25
556 680 693 721 Ruina
718 686 779 722 est
804 681 958 721 homini
984 681 1179 722 devorare
1204 687 1386 726 sanctos:
1414 681 1473 722 ita
1498 681 1537 722 in
1565 681 1683 726 Heb..
1712 683 1767 723 sic
1794 682 1913 723 LXX
1938 683 2199 738 interpretati

283 745 381 780 sunt
407 739 545 792 (LXX
573 739 731 793 legunt:
760 739 954 794 „laqueus
983 746 1043 781 est
1072 740 1157 780 viro
1186 740 1266 781 cito
1295 740 1449 794 aliquid
1477 740 1732 794 propriorum
1760 741 2059 792 sanctificare“;
2090 742 2193 785 Heb.

283 798 459 839 habent:
489 798 684 852 „laqueus
716 804 777 839 est
807 798 973 844 homini,
1007 805 1157 840 temere
1188 799 1304 840 dicit:
1337 800 1564 845 sanctun1“,
1599 799 1620 841 i.
1654 814 1685 841 e.
1718 813 1779 841 res
1809 801 1897 842 Deo
1928 804 2194 853 consecrata).

390 858 451 899 21.
488 858 511 897 4
545 857 757 898 Exaltatio
793 858 1001 899 oculorum
1037 863 1097 899 est
1132 857 1320 899 dilatatio
1355 858 1504 907 cordis;
1542 858 1643 900 Heb.
1681 864 1722 900 et
1757 858 1913 913 aliquot
1948 860 2198 915 exemplaria

283 915 372 957 loco
402 916 514 963 ‚‚est“
545 915 701 959 habent
730 917 834 964 ‚‚et“.

390 976 451 1017 21.
484 976 530 1015 21
562 974 774 1019 iustitiam,
806 982 847 1017 et
874 975 1065 1030 gloriam:
1095 975 1349 1023 „iustitiam“
1379 989 1460 1017 non
1489 975 1629 1030 legunt
1658 976 1739 1021 Gr..
1772 982 1812 1018 et
1840 976 1979 1019 Sixtus
2010 977 2194 1027 abstulit,

283 1039 327 1074 at
355 1032 497 1087 legunt
527 1033 631 1075 Heb.
663 1039 703 1075 et
734 1034 872 1075 Latini
901 1034 1069 1076 codices.

389 1093 450 1139 22,
479 1093 502 1132 9
529 1092 752 1134 Victoriam
779 1099 819 1134 et
845 1093 1040 1136 honorem
1067 1093 1250 1147 acquiret
1277 1093 1345 1147 qui
1372 1093 1445 1134 dat
1470 1107 1656 1135 munera:
1686 1094 1865 1135 animam
1893 1100 2031 1136 autem
2058 1095 2198 1137 aufert

283 1150 590 1205 accipientiun13
621 1165 701 1192 non
730 1151 886 1194 habent
916 1152 1018 1193 Heb.
1052 1158 1093 1193 et
1122 1152 1279 1206 aliquot
1309 1152 1396 1196 Ms..
1429 1152 1569 1206 legunt
1599 1158 1737 1194 tamen
1767 1153 1834 1195 Gr.

387 1216 448 1260 25,
476 1216 526 1256 10
549 1216 692 1257 Gratia
709 1222 750 1257 et
769 1216 951 1258 amicitia
974 1216 1168 1258 liberant:
1195 1230 1296 1271 quas
1321 1216 1397 1258 tibi
1421 1230 1548 1263 serva,
1576 1230 1625 1258 ne
1650 1217 1943 1271 exprobrabilis
1970 1218 2061 1268 fias;
2088 1219 2196 1260 hunc

282 1273 526 1316 versiculum
556 1288 637 1316 non
666 1275 763 1329 legit
794 1275 896 1317 Heb.
929 1280 970 1317 et
999 1275 1157 1330 aliquot
1185 1276 1273 1319 Ms..
1307 1282 1445 1317 tamen
1475 1276 1630 1317 habent
1659 1276 1789 1318 LXX.

387 1339 448 1383 25,
479 1340 529 1380 20
557 1339 671 1381 Sicut
699 1340 810 1381 tinea
838 1340 1096 1386 vestimento,
1127 1345 1168 1382 θῖ
1195 1340 1343 1381 vermis
1370 1340 1496 1394 ligno:
1527 1341 1586 1382 ita
1613 1341 1782 1382 tristitia
1810 1341 1885 1382 viri
1913 1346 2033 1383 nocet
2061 1341 2191 1391 cordi;

279 1396 345 1439 hic
375 1411 514 1440 versus
544 1412 626 1440 non
656 1404 716 1440 est
747 1399 787 1440 in
818 1399 937 1445 Heb.,
969 1405 1108 1440 tamen
1138 1399 1249 1453 apud
1278 1399 1409 1441 LXX.

386 1457 447 1506 25,
479 1458 529 1498 28
559 1464 618 1507 θῖ;
649 1471 730 1499 non
760 1464 821 1499 est
851 1458 891 1498 in
923 1458 1025 1499 Heb.

387 1517 448 1559 27.
483 1517 530 1557 21
564 1516 640 1558 Cor
670 1516 797 1570 iniqui
831 1517 999 1570 inquirit
1030 1516 1149 1562 mala,
1184 1529 1252 1557 cor
1282 1522 1420 1557 autem
1452 1523 1609 1557 rectum
1642 1517 1811 1570 inquirit
1843 1518 2075 1567 scientiam;
2111 1531 2195 1559 non

280 1573 436 1616 habent
466 1575 585 1618 Heb..
617 1580 757 1616 tamen
786 1575 925 1629 legunt
956 1575 1086 1616 LXX.

387 1639 448 1687 29,
475 1640 523 1680 27
547 1639 726 1680 Verbum
750 1639 982 1681 custodiens
1007 1639 1123 1682 filius.
1149 1644 1266 1680 extra
1288 1639 1558 1693 perditionem
1582 1639 1675 1685 erit:
1700 1640 1741 1681 in
1766 1640 1869 1682 Heb.
1895 1654 1976 1682 non.
2001 1640 2187 1687 habetur,

281 1703 343 1739 est
372 1703 510 1739 autem
541 1699 650 1752 apud
681 1698 799 1739 LXX
829 1699 868 1739 in
898 1699 976 1739 fine
1007 1698 1151 1752 capitis
1182 1699 1232 1739 24
1260 1700 1396 1751 (versu
1427 1700 1504 1749 20).

384 1763 446 1809 30,
470 1763 518 1803 31
543 1762 662 1804 aries:
686 1777 758 1804 nec
781 1769 841 1804 est
863 1777 944 1807 rex.
970 1764 1039 1818 qui
1060 1763 1224 1804 resistat
1246 1763 1299 1808 ei:
1323 1763 1377 1804 sic
1400 1763 1533 1804 visum
1556 1769 1617 1804 est
1641 1763 1966 1817 Congregationi‚
1994 1762 2091 1817 quia
2112 1776 2194 1804 nou

281 1821 480 1875 reperitur
502 1821 641 1872 codex,
666 1822 706 1863 in
731 1835 810 1876 quo
833 1822 951 1864 aliter
971 1822 1141 1877 legatur,
1166 1822 1259 1864 licet
1282 1822 1323 1863 in
1346 1835 1426 1863 uno
1450 1822 1556 1863 desit
1578 1821 1677 1862 illud
1699 1822 1834 1870 ,‚rex“.
1886 1822 1942 1863 At
1964 1835 2060 1863 vero
2086 1822 2190 1864 Heb.

282 1893 361 1921 non
383 1880 439 1921 sic
460 1880 612 1935 legunt.
636 1881 705 1922 sed
727 1881 801 1923 sic:
824 1881 952 1929 „aries
974 1887 1015 1923 et
1036 1895 1107 1923 rex
1130 1882 1198 1936 qui
1221 1894 1301 1922 non
1324 1881 1449 1923 habet
1473 1881 1542 1935 qui
1564 1887 1707 1922 contra
1729 1894 1821 1922 eum
1844 1881 2070 1935 insurgat.“
2119 1881 2193 1922 Le-

279 1939 458 1993 gendum
487 1946 592 1981 erat:
622 1940 749 1989 „aries
779 1946 820 1982 et
848 1954 929 1988 rex,
962 1954 1034 1982 nec
1063 1946 1125 1982 est
1154 1941 1223 1995 qui
1252 1940 1416 1982 resistat
1445 1940 1517 1982 ei“.
1576 1940 1729 1981 Tamen
1759 1939 1855 1994 quia
1882 1953 1964 1981 non
1992 1939 2192 1981 habemus

284 1998 463 2040 codicem
483 1998 611 2040 ullum
630 1999 684 2040 sio
703 1999 917 2053 legentem.
938 1999 1084 2041 maluit
1103 2000 1246 2054 Congr.
1268 1999 1492 2054 relinquere
1511 1999 1632 2053 (Heb.
1656 1999 1844 2041 umelekh
1866 1998 2018 2040 'alkum
2036 1999 2190 2047 ‘immo‚

282 2057 352 2111 qui
385 2063 524 2099 textus
558 2058 668 2099 varie
701 2059 887 2100 vertitur.
949 2058 1111 2100 Sixtina
1144 2064 1269 2113 atque
1301 2058 1542 2100 recentiores
1577 2057 1744 2112 quidam
1778 2057 1974 2099 reddunt:
2008 2062 2076 2105 „et
2108 2070 2190 2104 rex,

282 2116 345 2157 cui
378 2130 459 2157 non
490 2122 551 2157 est
581 2117 651 2170 qui
681 2117 844 2158 resistat
874 2117 946 2158 ei“.
1008 2117 1128 2158 LXX
1164 2117 1338 2160 habent:
1371 2123 1438 2165 „et
1475 2131 1545 2158 rex
1580 2117 1748 2171 loquens
1785 2117 1825 2157 in
1866 2116 2055 2171 populo“.
2114 2117 2193 2158 Alii

281 2180 472 2216 vertunt:
507 2180 575 2224 „et
612 2189 698 2225 rex,
737 2189 913 2231 quorum
951 2177 1080 2230 copiae
1112 2176 1310 2217 militares
1341 2181 1479 2217 sunt.“
1538 2175 1617 2216 Alii
1656 2175 1784 2218 aliter.
1825 2175 1921 2230 quia
1950 2175 2192 2229 significatio

281 2233 392 2275 vocis
424 2233 576 2275 ’alkum
608 2234 774 2275 omnino
805 2235 961 2276 incerta
991 2236 1081 2284 est).

1052 2322 1428 2362 EGCLESIASTES.

386 2386 421 2431 2,
453 2386 500 2426 21
531 2384 806 2433 solicitudine;
840 2384 943 2426 Heb.
976 2384 1016 2425 in
1045 2385 1303 2430 rectitudine,
1335 2385 1402 2426 Gr.
1434 2384 1475 2426 in
1504 2384 1747 2426 fortitudine
1775 2384 1898 2438 (Heb.
1932 2384 2056 2426 etiarn
2086 2384 2192 2426 verti

282 2450 437 2498 potest:
469 2457 562 2485 cum
592 2457 778 2485 successu
808 2445 1029 2497 prospero).
1064 2470 1113 2474 —
1144 2443 1335 2493 dimittit3
1367 2443 1407 2484 in
1438 2443 1541 2485 Heb.
1574 2449 1615 2485 et
1643 2444 1710 2485 Gr.
1743 2443 1938 2485 dimittet.

388 2510 422 2551 7.
452 2509 501 2549 19
526 2513 757 2549 sustentare
784 2508 956 2557 iustum;
986 2508 1089 2550 Heb.
1119 2514 1159 2549 et
1185 2508 1252 2550 Gr.
1280 2508 1421 2562 legunt
1446 2522 1527 2549 non
1552 2508 1759 2557 „iustum“
1786 2508 1857 2550 sed
1881 2508 2057 2556 ‚,istud“.

388 2573 448 2615 10.
477 2574 495 2613 1
521 2572 742 2613 Pretiosior
765 2578 825 2614 est
848 2573 1052 2626 sapientia
1075 2579 1115 2614 et
1138 2573 1277 2627 gloria.
1303 2586 1432 2626 parva
1456 2579 1496 2614 et
1520 2572 1572 2613 ad
1596 2578 1758 2626 tempus
1783 2572 1979 2621 stultitia;
2006 2572 2109 2614 Heb.
2136 2572 2191 2613 sic

283 2631 455 2674 habent:
488 2631 737 2685 „pretiosum
769 2644 793 2672 a
823 2632 1024 2685 sapientia
1054 2638 1115 2673 est
1144 2631 1283 2686 gloria.
1318 2645 1462 2686 parurn
1494 2631 1719 2677 stultitiae“,
1753 2631 1872 2672 LXX
1903 2631 2021 2673 aliter
2050 2631 2192 2685 legunt

283 2690 404 2745 [Heb.
440 2690 495 2731 sic
528 2690 632 2731 verti
667 2695 820 2743 potest:
855 2691 1104 2744 ,.preti0sum
1139 2696 1199 2732 est
1232 2704 1313 2744 prae
1346 2690 1560 2746 sapientia,
1595 2692 1671 2744 (et)
1704 2703 1786 2744 prae
1816 2690 1945 2745 gloria
1977 2690 2188 2744 paululum

283 2749 506 2790 stultitiae“.
556 2748 673 2789 LXX
697 2756 840 2790 contra
860 2749 1032 2791 habent:
1055 2749 1305 2804 „pretiosum
1328 2756 1389 2790 est
1410 2749 1579 2790 verbum
1601 2749 1704 2802 (alii1
1727 2749 1958 2803 paululum)
1979 2748 2190 2803 sapientiae

283 2821 403 2860 super
432 2807 602 2862 gloriam
636 2807 821 2848 stultitiae
855 2809 1049 2863 magnae“.
1111 2808 1286 2857 Quidam
1322 2814 1483 2849 textum
1516 2813 1682 2849 mutant
1715 2821 1761 2849 ac
1795 2808 1991 2850 reddunt:
2026 2812 2189 2856 „totum

284 2866 459 2920 pretium
489 2866 699 2921 sapientiae
729 2868 952 2921 corrumpit
982 2867 1193 2922 paululum
1223 2867 1446 2909 stultitiae“.
1479 2867 1557 2908 Alii
1587 2867 1731 2921 aliter].

913 2962 1177 3000 CANTICUM
1207 2962 1557 3001 CANTICORUM.

388 3023 422 3065 2.
445 3022 493 3063 10
509 3024 645 3076 Surge.
667 3038 839 3077 propera
856 3025 987 3065 amica
1005 3039 1106 3069 mea,
1127 3025 1316 3065 columba
1334 3038 1434 3071 mea,
1455 3025 1634 3065 formosa
1650 3037 1752 3067 mea,
1773 3029 1812 3064 et
1832 3024 1944 3069 veni:
1964 3023 2189 3077 ‚‚propera“

285 3080 323 3121 in
350 3087 494 3122 neutro
521 3081 606 3122 loco
633 3080 702 3132 (XI.
731 3084 778 3123 10
804 3090 843 3124 et
871 3084 936 3137 13)
962 3084 1138 3125 habetur
1164 3084 1202 3124 in
1231 3083 1334 3125 Heb.
1364 3090 1403 3125 et
1430 3084 1511 3128 Gr..
1542 3083 1621 3123 imo
1648 3082 1688 3123 in
1717 3082 1819 3123 Heb.
1850 3082 2017 3137 legitur:
2046 3094 2187 3136 „surge

286 3139 371 3186 tibi,
400 3140 530 3181 amica
555 3154 656 3183 mea,
687 3141 863 3182 formosa
889 3156 989 3184 mea.
1018 3150 1058 3183 et
1085 3142 1149 3183 abi
1178 3142 1276 3183 tibi·‘
1304 3148 1365 3195 (kat
1392 3148 1527 3195 potest
1554 3141 1677 3182 etiam
1706 3141 1827 3182 verti:
1856 3147 1923 3188 „et
1950 3141 2043 3182 veni
2070 3140 2181 3182 tibi“.

285 3198 402 3238 LXX
432 3198 604 3240 habent:
636 3214 789 3250 „surge
824 3201 913 3241 veni
944 3201 1075 3241 amica
1104 3215 1204 3244 mea,
1237 3200 1377 3254 pulcra
1406 3215 1506 3243 mea.
1539 3200 1728 3241 columba
1756 3200 1901 3253 mea“).

389 3263 423 3304 4.
452 3264 471 3303 1
491 3276 519 3304 s.
546 3263 650 3304 sicut
672 3277 828 3317 greges:
855 3265 894 3305 in
923 3265 1022 3306 Heb.
1049 3273 1109 3306 est
1134 3265 1173 3306 in
1197 3264 1400 3318 singulari,
1428 3272 1468 3306 et
1492 3278 1583 3305 cum
1609 3278 1689 3304 nou
1714 3263 1895 3305 habeant
1919 3262 2186 3304 variationem

286 3320 323 3360 in
343 3320 513 3364 casibus.
535 3328 669 3375 potest
689 3322 763 3375 legi
783 3323 911 3367 „sicut
929 3324 1051 3377 grex“
1070 3330 1109 3365 et
1129 3324 1261 3371 „sicut
1279 3324 1447 3376 gregis&
1495 3323 1613 3364 LXX
1632 3323 1670 3363 in
1689 3336 1786 3363 casu
1803 3327 1912 3364 recto
1931 3319 2187 3373 interpretati

284 3386 379 3420 sunt
403 3385 442 3420 et
466 3379 505 3420 in
528 3380 684 3433 plurali.
710 3381 844 3434 sieque
868 3382 1021 3424 liabent
1044 3382 1181 3423 Latini
1204 3382 1359 3423 codices
1382 3381 1505 3436 (Heb.
1531 3381 1749 3423 vertendus
1773 3386 1851 3423 est:
1876 3381 2007 3429 „sicut
2028 3379 2183 3433 grex“).

389 3444 424 3491 6.
456 3443 478 3483 8
509 3445 649 3486 matris
679 3458 778 3494 suae;
812 3445 912 3487 Heb.
945 3448 1003 3500 (et
1033 3448 1119 3499 Gr.)
1150 3446 1271 3487 matri
1300 3459 1392 3487 suae.
