2356 3760
118 111 171 151 26,
196 110 314 150 7-27,
341 110 382 143 14
882 105 1264 139 PROVERBIORUM
1931 110 2007 152 585

139 203 385 252 ⁷Quomodo
433 202 621 255 pulchras
664 201 817 241 frustra
854 199 979 239 habet
1018 199 1186 238 claudus
1227 199 1366 238 tibias:
1459 198 1513 238 sic
1557 198 1742 241 indecens
1786 208 1845 243 est
1873 203 1913 243 in
1942 217 2007 245 ore

381 261 601 302 stultorum
630 258 835 312 parabola.

141 324 156 346 ⁸
173 321 288 363 Sicut
307 321 375 374 qui
393 320 524 360 mittit
540 317 718 370 lapidem
736 317 777 356 in
796 328 986 356 acervum
999 315 1202 355 Mercurii:
1260 316 1319 356 ita
1335 315 1402 368 qui
1420 315 1565 356 tribuit
1582 315 1786 368 insipienti
1804 318 2005 361 honorem.

140 382 156 405 ⁹
174 380 387 429 Quomodo
412 378 445 419 si
468 377 585 429 spina
608 379 800 415 nascatur
823 375 864 414 in
888 387 1012 414 manu
1031 373 1263 414 temulenti:
1330 374 1384 414 sic
1408 373 1603 427 parabola
1625 374 1665 414 in
1690 388 1756 415 ore
1779 376 2006 418 stultorum.

121 441 157 463 ¹⁰
175 439 376 480 Iudicium
407 435 654 477 determinat
695 446 855 473 causas:
941 437 983 473 et
1015 433 1083 485 qui
1114 432 1288 485 imponit
1320 432 1445 473 stulto
1478 432 1693 479 silentium,
1727 433 1805 473 iras
1836 434 2008 487 mitigat.

121 500 152 522 ¹¹
178 499 310 539 ³Sicut
330 495 451 543 canis,
477 493 546 547 qui
565 492 784 533 revertitur
805 492 856 532 ad
878 491 1081 532 vomitum
1102 504 1232 537 31111111,
1305 491 1359 531 310
1380 491 1625 544 imprudens,
1651 492 1718 544 qui
1738 492 1861 532 iterat
1881 493 2011 533 stulti-

381 554 482 594 tiam
512 564 639 592 suam.

121 618 152 640 ¹2
172 613 319 655 Vidisti
352 612 557 653 hominem
590 610 816 663 sapientem
849 609 924 650 sibi
958 608 1109 649 videri?
1195 608 1323 661 inagis
1356 608 1421 649 illo
1455 621 1567 661 spem
1600 608 1767 649 habebit
1810 609 2010 663 insipiens,

122 675 154 698 ¹³
173 673 285 714 Dicit
313 672 442 725 piger:
473 670 553 710 Leo
584 674 646 709 est
673 669 714 709 in
744 669 822 714 via,
907 673 948 708 et
975 667 1102 708 leaena
1130 668 1171 708 in
1199 667 1429 708 itineribus:

121 734 153 756 ¹⁴¹
173 732 279 772 sicut
308 731 458 772 ostium
487 728 663 769 vertitur
692 728 732 768 in
762 727 924 768 cardine
953 740 1037 774 suo,
1122 727 1181 767 ita
1209 726 1321 779 piger
1349 726 1389 765 in
1418 725 1565 766 lectulo
1595 738 1679 766 suo.

123 792 154 815 ¹⁵
178 789 425 832 bAbscondit
457 788 570 841 piger
602 800 771 827 manum
806 787 881 827 sub
916 785 1062 826 ascella
1095 799 1178 830 3110,
1268 790 1309 825 01
1342 784 1503 825 10100101
1537 784 1568 824 31
1612 785 1664 824 ad
1698 797 1742 825 os
1775 798 1893 825 31111111
1927 798 2015 825 00111

384 846 642 888 converterit.

124 911 158 933 ¹⁶
175 907 406 961 Sapientior
434 906 510 946 sibi
538 905 650 959 piger
678 905 841 945 videtur
922 909 1078 957 septem
1107 903 1203 944 viris
1230 902 1492 956 loquentibus
1521 901 1755 942 sententias.

124 969 157 991 ¹⁷
175 967 289 1008 Sicut
308 966 377 1021 qui
397 964 667 1019 apprehendit
686 963 850 1004 auribus
870 976 1023 1011 canem,
1097 962 1153 1003 310
1173 962 1241 1016 qui
1260 961 1408 1002 transit
1426 961 1654 1014 impatiens,
1677 967 1718 1001 et
1736 960 2018 1001 commiscetur

384 1024 482 1065 rixae
511 1023 687 1064 alterius.

124 1087 159 1109 ¹⁸
175 1085 289 1126 Sicut
317 1083 462 1125 noxius
492 1087 554 1123 031
635 1082 703 1135 qui
732 1081 863 1122 mittit
891 1081 1073 1135 sagittas,
1105 1085 1147 1121 et
1173 1080 1332 1121 lanceas
1362 1079 1402 1119 in
1430 1084 1622 1119 mortem:

124 1146 159 1168 ¹⁹
176 1144 236 1184 ita
262 1143 334 1191 vir,
366 1142 435 1196 qui
461 1141 742 1182 fraudulenter
768 1145 888 1181 nocet
916 1139 1043 1181 amieo
1072 1153 1162 1180 suo:
1245 1144 1286 1179 et
1313 1151 1406 1179 cum
1438 1137 1561 1178 fuerit
1588 1138 1870 1190 deprehensus,
1901 1137 2016 1178 dicit:

386 1201 548 1241 Ludens
577 1200 664 1241 feci.

124 1263 160 1286 ²⁰
176 1262 277 1302 Cum
307 1260 528 1301 defecerint
554 1259 675 1313 ligna,
707 1258 968 1312 extinguetur
1003 1257 1123 1311 ignis:
1206 1261 1248 1297 et
1276 1268 1490 1296 susurrone
1519 1255 1740 1300 subtracto,
1772 1254 1901 1307 iurgia
1928 1268 2019 1295 con-

388 1319 607 1373 quiescent.

124 1382 155 1404 ²¹
173 1379 288 1420 Sicut
305 1378 499 1420 carbones
518 1378 570 1418 ad
587 1389 750 1430 prunas,
772 1380 812 1416 et
829 1375 939 1425 ligna
955 1375 1007 1415 ad
1024 1374 1170 1427 ignem,
1248 1373 1319 1414 csic
1336 1373 1458 1413 homo
1476 1372 1694 1412 iracundus
1712 1372 1883 1412 suscitat
1900 1371 2018 1412 rixas.

124 1440 156 1462 22
177 1438 311 1478 Verba
339 1435 565 1477 susurronis
596 1434 710 1488 quasi
740 1433 947 1487 simplicia.
1032 1438 1074 1473 et
1102 1432 1190 1486 ipsa
1217 1431 1462 1485 perveniunt
1491 1431 1542 1471 ad
1571 1430 1717 1471 intima
1745 1430 1909 1471 ventris.

124 1499 157 1521 ²³
177 1495 391 1544 Quomodo
420 1494 453 1534 si
481 1499 648 1547 argento
677 1492 839 1534 sordido
868 1505 1010 1533 ornare
1039 1490 1137 1532 velis
1166 1504 1238 1531 vas
1266 1490 1399 1537 fictile,
1483 1490 1537 1530 sic
1564 1489 1673 1530 labia
1701 1489 1904 1529 tumentia
1930 1502 2021 1529 cum

386 1553 558 1607 pessimo
589 1553 708 1593 corde
737 1552 902 1593 3001010.

124 1615 156 1638 24
177 1612 313 1654 Labiis
343 1612 423 1653 suis
452 1611 692 1665 intelligitur
720 1610 917 1657 inimicus,
1002 1623 1092 1651 011111
1123 1610 1163 1650 111
1193 1610 1312 1650 corde
1342 1607 1582 1649 tractaverit
1610 1607 1734 1648 dolos.

124 1674 157 1697 2⁵
177 1672 350 1721 Quando
379 1671 612 1712 submiserit
640 1684 781 1711 vocem
810 1683 937 1717 suam,
968 1683 1017 1710 ne
1045 1668 1259 1709 credideris
1287 1668 1340 1708 ei:
1424 1666 1615 1720 quoniam
1644 1672 1799 1719 septem
1832 1665 2023 1719 nequitiae

386 1735 483 1771 sunt
510 1730 551 1770 in
581 1730 699 1771 corde
728 1728 844 1771 illius.

125 1792 160 1815 ²⁶
178 1790 255 1845 Qui
285 1790 416 1844 operit
445 1789 583 1831 odium
612 1788 904 1837 fraudulenter,
987 1787 1235 1828 revelabitur
1264 1785 1421 1826 malitia
1449 1785 1533 1825 eius
1562 1784 1602 1824 in
1631 1783 1809 1825 coneilio.

124 1851 159 1874 ²⁷
178 1849 256 1898 Qui
281 1849 387 1890 fodit
411 1849 587 1897 foveam,
615 1847 768 1888 incidet
792 1847 833 1887 in
859 1860 967 1887 eain:
1047 1851 1088 1887 et
1115 1845 1183 1899 qui
1209 1845 1340 1886 volvit
1370 1844 1559 1897 lapidem,
1587 1848 1814 1883 revertetur
1840 1842 1891 1883 ad
1917 1854 2020 1883 eum.

124 1910 161 1933 ²⁸
177 1909 336 1961 Lingua
363 1907 490 1948 fallax
522 1920 603 1947 11011
637 1912 750 1947 011101
783 1906 1018 1946 veritatem:
1106 1910 1147 1945 et
1179 1917 1222 1945 03
1254 1903 1454 1944 lubricum
1488 1907 1679 1956 operatur
1710 1901 1858 1942 ruinas.

124 2026 189 2069 27.
246 2029 258 2050 ¹
292 2026 351 2066 Ne
381 2025 558 2078 glorieris
590 2025 630 2064 in
662 2025 896 2069 crastinum,
977 2023 1165 2076 ignorans
1198 2022 1296 2075 quid
1326 2025 1623 2074 superventura
1652 2019 1786 2073 pariat
1817 2018 1911 2059 dies.

145 2086 160 2109 2
177 2085 338 2125 Laudet
366 2089 407 2124 te
436 2083 601 2130 alienus,
633 2088 675 2123 et
703 2096 784 2123 non
813 2096 856 2123 03
886 2087 1023 2123 tuum:
1107 2086 1336 2129 extraneus,
1367 2084 1409 2120 et
1436 2093 1517 2120 non
1546 2078 1656 2119 labia
1682 2083 1766 2119 tua.

145 2146 161 2169 ³
180 2144 335 2185 dGrave
364 2147 425 2183 est
453 2155 611 2188 saxum,
643 2147 684 2182 et
713 2154 883 2183 onerosa
911 2154 1050 2181 arena:
1134 2140 1204 2180 sed
1232 2139 1292 2179 ira
1320 2138 1435 2179 stulti
1464 2143 1638 2191 utroque
1666 2136 1837 2191 gravior.

145 2204 160 2227 ⁴
180 2203 246 2243 Ira
270 2216 350 2244 non
377 2202 502 2242 habet
526 2201 854 2245 misericordiam,
883 2213 955 2241 1100
981 2212 1195 2252 erumpens
1220 2199 1348 2238 furor:
1416 2202 1457 2238 et
1481 2197 1681 2250 impetum
1706 2194 1899 2237 concitati
1923 2195 2025 2235 ferre

389 2261 478 2315 quis
506 2260 682 2314 poterit?

145 2323 161 2346 ⁵
178 2320 319 2362 Melior
347 2326 408 2361 est
436 2320 656 2360 manifesta
684 2319 895 2372 correptio,
982 2331 1105 2371 quam
1135 2329 1248 2358 amor
1277 2315 1552 2357 absconditus.

147 2380 346 2421 “Meliora
374 2384 470 2420 sunt
498 2378 669 2419 vulnera
696 2378 911 2432 diligentis,
997 2390 1120 2431 quam
1149 2374 1413 2416 fraudulenta
1440 2373 1577 2415 oscula
1605 2372 1778 2413 odientis

147 2441 160 2462 ⁷
180 2439 348 2479 eAnima
373 2443 560 2479 saturata
586 2437 762 2478 calcabit
786 2437 947 2478 favum:
1023 2440 1064 2477 et
1091 2435 1228 2476 anima
1254 2434 1429 2475 esuriens
1457 2432 1579 2473 etiam
1609 2444 1792 2472 amarum
1819 2443 1890 2483 pro
1918 2428 2023 2470 dulci

388 2502 533 2538 sumet.

146 2558 162 2581 ⁸
179 2557 293 2598 Sicut
319 2556 405 2597 avis
430 2555 724 2609 transmigrans
750 2556 800 2596 de
824 2555 920 2596 nido
946 2568 1030 2602 suo,
1111 2554 1166 2594 sic
1192 2552 1254 2593 vir
1279 2552 1348 2606 qui
1373 2550 1617 2604 derelinquit
1640 2549 1773 2590 locum
1799 2560 1929 2589 suum.

146 2616 398 2670 ⁹Unguento
433 2620 475 2656 et
506 2615 628 2655 variis
661 2614 852 2656 odoribus
885 2613 1112 2655 delectatur
1144 2625 1228 2653 cor:
1311 2615 1353 2652 et
1385 2610 1500 2651 bonis
1534 2608 1651 2650 amici
1684 2606 1856 2648 consiliis
1890 2605 2025 2646 anima

389 2674 636 2716 dulcoratur.

127 2736 163 2758 ¹⁰
178 2734 368 2775 Amicum
396 2739 527 2781 tuum,
558 2738 600 2774 et
628 2732 804 2774 amicum
831 2732 960 2787 patris
988 2731 1051 2773 tui
1078 2744 1127 2772 ne
1156 2729 1370 2771 dimiseris:
1454 2732 1495 2768 et
1522 2728 1689 2768 domum
1723 2723 1859 2765 fratris
1887 2722 1947 2763 tui
1975 2735 2025 2762 ne

388 2792 624 2847 ingrediaris
653 2792 695 2833 in
724 2792 788 2833 die
817 2791 1049 2833 afflictionis
1078 2795 1171 2831 tuae.

179 2851 320 2893 Melior
349 2857 410 2893 est
438 2851 595 2893 vicinus
624 2851 752 2899 iuxta,
838 2864 961 2904 quam
990 2850 1117 2890 frater
1144 2847 1295 2902 procul.

128 2913 158 2936 ¹¹
179 2911 307 2952 Stude
329 2911 539 2964 sapientiae
559 2910 616 2951 fili
636 2910 704 2959 mi,
728 2915 770 2951 et
789 2909 952 2950 laetifica
972 2922 1040 2950 cor
1060 2921 1208 2956 meum,
1285 2911 1332 2947 ut
1353 2905 1480 2959 possis
1502 2900 1764 2956 exprobranti
1786 2899 2026 2953 respondere

389 2982 628 3011 sermonem.

128 3031 159 3054 ¹²
179 3029 352 3070 Astutus
389 3028 532 3070 videns
567 3028 734 3077 malum,
788 3027 1052 3069 absconditus
1089 3030 1167 3067 est:
1258 3022 1417 3078 parvuli
1453 3024 1710 3063 transeuntes
1747 3018 2028 3059 sustinuerunt

389 3087 613 3142 dispendia.

128 3149 159 3172 ¹³
181 3147 305 3188 fTolle
336 3147 630 3188 vestimentum
661 3146 756 3195 eius,
791 3146 860 3200 qui
891 3144 1112 3200 spopondit
1142 3156 1213 3197 pro
1246 3146 1457 3183 extraneo:
1552 3142 1594 3179 et
1628 3150 1700 3191 pro
1732 3135 1882 3178 alienis.
1916 3134 2029 3175 aufer

389 3206 424 3247 ei
452 3206 611 3260 pignus,

2051 2026 2204 2051 Sententiae

2082 2068 2173 2086 variae.

128 3267 159 3289 ¹⁴
180 3265 258 3314 Qui
292 3265 496 3307 benedicit
529 3264 715 3318 proximo
749 3277 821 3305 suo
856 3276 956 3304 voce
988 3261 1143 3316 grandi,
1191 3261 1239 3301 de
1273 3263 1392 3299 nocte
1432 3269 1675 3309 consurgens
1771 3249 2026 3294 maledicenti
2082 3298 2084 3300 ,

389 3323 528 3365 similis
558 3323 646 3364 erit.

260 3416 313 3458 26,
339 3397 384 3450 11
398 3397 461 3450 ἀἱ
472 3417 534 3450 Per
561 3417 591 3456 2,
620 3416 671 3449 22.
705 3436 747 3439 ψ
779 3416 820 3449 15
847 3415 936 3458 bSup
961 3414 1014 3454 19,
1042 3413 1093 3446 24.
1127 3433 1169 3436 —
1201 3411 1240 3444 21
1270 3410 1356 3453 cSup
1382 3409 1434 3448 15,
1459 3407 1510 3441 18.
1538 3428 1578 3431 fl
1603 3406 1656 3448 27,
1685 3406 1705 3438 3
1730 3404 1802 3437 dSir
1828 3403 1880 3439 22,
1908 3399 1957 3432 18.
1984 3415 2025 3420 -

127 3464 147 3498 7
166 3463 247 3497 eloh
264 3464 341 3503 01.
370 3484 412 3487 -
437 3464 479 3497 13
511 3463 594 3507 fSup
611 3463 734 3503 2010.
