2356 3760
110 133 163 173 23,
191 131 398 171 111-91135
965 124 1162 161 GENEsis
1963 128 2013 167 ⁴25

111 225 243 266 oleum
268 225 450 289 desuper.
503 225 537 247 ¹⁹
560 221 877 275 Appellavitque
902 233 1050 261 nomen
1073 219 1184 260 urbis
1210 218 1365 262 Β911191,
1394 232 1483 271 quae
1506 218 1616 270 prius
1640 218 1751 258 Luza
1774 220 2012 260 vocabatur.

110 286 146 308 '²⁰
175 283 299 324 Vovit
331 283 453 324 etiam
484 286 642 323 10111111,
675 280 829 320 dicens:
862 279 902 320 Si
932 279 1055 319 suerit
1084 279 1194 318 Deus
1225 289 1398 321 1119011111,
1431 282 1472 317 91
1502 276 1739 316 custodierit
1770 290 1832 317 me
1862 278 1903 317 in
1933 278 2012 327 via,

110 355 180 395 per
214 355 338 395 quam
371 353 442 393 ego
477 338 654 382 ambulo.
690 344 731 378 et
764 338 922 379 dederit
954 337 1052 377 mihi
1086 349 1234 390 panem
1269 336 1321 376 ad
1353 335 1613 380 vescendum,
1649 339 1690 374 et
1722 335 2014 376 vestimentum

110 401 161 441 ad
192 399 456 441 induendum
516 399 547 422 31
578 410 842 471 reversusque
873 397 986 436 fuero
1018 407 1207 459 prospere
1239 394 1291 434 ad
1322 394 1489 434 domum
1521 393 1648 446 patris
1680 393 1777 433 inei:
1810 393 1885 434 erit
1916 395 2013 434 mihi

109 460 308 501 Dominus
331 458 373 497 in
395 457 542 499 Deum.
612 457 691 496 291
712 455 815 508 lapis
839 455 927 499 1319,
954 467 1075 508 quem
1100 453 1207 494 erexi
1230 453 1270 492 in
1295 452 1474 500 titulum,
1500 451 1717 493 vocabitur
1738 452 1895 492 Domus
1919 452 2012 492 Dei:

109 523 429 569 cunctorumque
458 528 547 568 quae
575 514 731 555 dederis
759 513 870 557 mihi.
901 513 1077 553 decimas
1106 512 1273 552 offeram
1302 511 1389 552 tibi.

212 591 276 634 29.
332 593 345 615 ¹
372 590 583 631 Profectus
611 602 702 643 ergo
732 589 855 630 Iacob
882 588 996 629 venit
1022 588 1063 628 in
1090 593 1241 628 terram
1269 586 1530 627 Orientalem.
1586 588 1600 610 ’3
1627 586 1683 627 Et
1710 587 1814 627 vidit
1840 592 2010 640 puteum

108 651 147 691 in
168 663 274 704 agro,
296 656 376 690 tres
398 661 559 703 quoque
577 661 713 702 greges
733 648 872 688 ovium
893 647 1138 687 accubantes
1158 647 1275 686 iuxta
1294 658 1404 686 eum:
1425 659 1521 686 nani
1542 658 1590 685 ex
1609 645 1676 685 illo
1697 646 2013 698 adaquabantur

107 722 264 762 pecora,
295 714 336 749 et
364 721 406 749 os
436 708 518 748 eius
547 707 690 760 grandi
718 706 852 760 lapide
881 706 1159 746 claudebatur.
1217 707 1232 729 3
1260 705 1463 758 Morisque
1493 709 1580 745 erat
1608 709 1653 744 ut
1683 704 1839 744 cunctis
1869 705 2012 745 ovibus

107 767 359 821 congregatis
377 766 640 807 devolverent
655 765 845 819 lapidem.
864 770 905 805 et
920 764 1081 805 19190113
1097 764 1283 817 gregibus
1300 776 1460 803 rursum
1477 775 1597 816 super
1613 776 1655 803 os
1672 763 1785 816 putei
1800 768 2011 816 ponerent.

106 829 121 851 4
142 820 340 879 Dixitque
364 825 415 866 ad
437 830 638 878 pastores:
663 825 837 866 Fratres.
862 824 970 864 unde
993 823 1113 863 estis?
1138 822 1216 870 Qui
1238 822 1552 875 responderunt:
1577 822 1638 861 De
1663 821 1815 862 Haran.
1866 823 1881 846 5
1904 822 2013 870 Quos

106 886 370 938 interrogans,
413 883 636 936 Numquid,
678 883 747 927 ait,
789 883 916 923 nostis
956 882 1098 922 Laban
1140 881 1268 921 filium
1310 881 1494 921 Nachor?
1536 881 1757 921 Dixerunt:
1800 880 2011 921 Novimus.

109 945 124 967 3
141 944 324 984 Sanusne
343 943 428 984 est?
448 943 600 996 inquit:
621 942 751 985 Valet,
772 942 982 995 inquiunt:
1003 946 1045 981 et
1062 953 1152 981 ecce
1172 939 1325 980 Rachel
1345 939 1426 980 filia
1446 940 1529 980 eius
1547 939 1662 980 venit
1680 952 1772 979 cum
1790 952 1907 993 grege
1926 953 2010 980 suo.

108 1004 121 1026 ⁷
147 1002 346 1056 Dixitque
373 1001 514 1042 Iacob:
542 1001 688 1042 Adhuc
713 1000 890 1041 multum
917 1000 995 1040 diei
1020 1004 1214 1052 superest,
1243 1012 1315 1039 nec
1341 1004 1402 1039 est
1427 1004 1589 1052 tempus
1616 1003 1663 1038 ut
1686 998 1936 1038 reducantur
1961 999 2013 1039 ad

106 1061 241 1102 caulas
265 1073 420 1115 greges:
447 1060 542 1101 date
566 1064 661 1100 ante
676 1064 821 1113 potum
840 1059 996 1101 ovibus,
1017 1063 1058 1099 et
1075 1058 1130 1098 sic
1148 1071 1213 1098 eas
1232 1057 1284 1098 ad
1303 1062 1467 1111 pastum
1486 1057 1677 1098 reducite.
1722 1058 1737 1080 ⁸
1755 1057 1833 1105 Qui
1850 1070 2013 1110 respon-

106 1121 272 1161 derunt:
300 1120 392 1160 Non
415 1132 643 1173 possumus,
671 1119 799 1159 donec
824 1118 958 1159 omnia
983 1130 1127 1171 pecora
1153 1122 1458 1170 congregentur,
1482 1121 1523 1157 et
1547 1129 1810 1156 amoveamus
1834 1115 2010 1169 lapidem

107 1179 156 1219 de
178 1191 245 1220 019
266 1178 393 1232 putei.
418 1182 465 1218 ut
486 1178 738 1231 adaquemus
759 1190 909 1231 greges.
955 1179 970 1201 ⁹
993 1176 1139 1217 Adhuc
1160 1175 1446 1229 loquebantur,
1471 1180 1511 1215 et
1533 1188 1623 1215 ecce
1646 1174 1799 1215 Rachel
1820 1175 2013 1215 veniebat

105 1251 197 1278 cum
224 1238 368 1278 ovibus
394 1237 522 1290 patris
549 1237 627 1277 sui:
656 1249 751 1276 nam
777 1249 937 1289 gregem
963 1236 1049 1288 ipsa
1076 1235 1283 1288 pascebat.
1338 1236 1374 1258 ¹0
1399 1234 1533 1282 Quam
1559 1246 1652 1274 cum
1678 1234 1847 1273 vidisset
1875 1233 2009 1283 Iacob,

105 1301 146 1337 et
178 1296 298 1337 sciret
329 1295 614 1337 consobrinam
647 1308 774 1337 suain.
810 1308 986 1347 ovesque
1019 1294 1161 1334 Laban
1195 1292 1385 1333 avunculi
1419 1293 1497 1333 sui:
1533 1292 1690 1333 amovit
1720 1292 1899 1345 lapidem
1933 1306 2012 1345 quo

106 1360 253 1408 puteus
286 1354 564 1395 claudebatur.
625 1356 656 1378 ¹¹
688 1354 744 1394 Et
775 1354 983 1406 adaquato
1015 1365 1144 1406 grege.
1179 1351 1383 1392 osculatus
1416 1356 1477 1392 est
1509 1364 1617 1391 eam:
1651 1355 1692 1391 et
1723 1350 1883 1391 elevata
1914 1364 2012 1391 voce

109 1413 240 1457 flevit.
298 1415 329 1437 ¹2
358 1418 399 1453 et
426 1413 625 1453 indicavit
653 1412 687 1452 ei
718 1412 826 1465 quod
854 1412 982 1452 frater
1009 1415 1114 1451 esset
1142 1411 1271 1464 patris
1301 1411 1373 1453 sui.
1405 1415 1446 1451 et
1476 1410 1581 1451 filius
1612 1410 1826 1451 Rebeccae:
1873 1415 1917 1450 at
1943 1410 2010 1450 illa

105 1473 301 1513 festinans
332 1471 545 1512 nunciavit
574 1471 682 1524 patri
713 1484 796 1511 suo.
856 1472 888 1495 ¹³
919 1470 997 1518 Qui
1028 1483 1120 1510 cum
1152 1470 1333 1510 audisset
1362 1469 1519 1510 venisse
1553 1469 1675 1509 Iacob
1709 1468 1837 1509 filium
1868 1469 2013 1509 sororis

105 1544 198 1572 suae.
227 1530 404 1571 cucurrit
430 1530 595 1571 obviam
621 1530 674 1570 ei:
702 1529 1018 1583 complexusque
1045 1541 1149 1570 eum.
1178 1533 1219 1568 et
1244 1528 1283 1569 in
1311 1528 1447 1569 oscula
1472 1541 1604 1572 ruens.
1633 1528 1753 1568 duxit
1777 1528 1818 1568 in
1844 1528 2013 1568 domum

104 1602 232 1630 suam.
257 1589 420 1630 Auditis
444 1594 582 1630 autem
606 1588 736 1629 causis
760 1588 926 1631 itineris.
979 1590 1010 1613 ¹4
1033 1587 1260 1641 respondit:
1287 1587 1340 1629 Os
1364 1600 1501 1628 meum
1525 1600 1577 1634 93,
1603 1592 1645 1627 91
1667 1600 1758 1628 caro
1782 1600 1884 1628 mea.

529 1710 567 1750 6.
597 1710 742 1750 lacobi
774 1709 864 1750 duo
895 1709 1198 1760 matrimonia,
1227 1710 1294 1760 29,
1312 1709 1509 1760 14b—30‚
1527 1710 1593 1749 24.

208 1788 265 1828 Et
293 1792 515 1841 postquam
544 1787 700 1841 impleti
731 1793 828 1827 sunt
857 1787 940 1827 dies
970 1787 1118 1828 mensis
1149 1787 1280 1832 unius,
1339 1788 1370 1811 15
1401 1786 1504 1827 dixit
1536 1786 1588 1826 ei:
1622 1786 1731 1827 Num
1763 1787 1858 1840 quia
1887 1787 2013 1828 frater

105 1859 216 1887 meus
245 1860 297 1895 93,
327 1846 452 1900 gratis
481 1846 628 1887 servies
657 1846 780 1886 mihi?
811 1846 873 1887 dic
904 1846 1002 1900 quid
1030 1846 1224 1886 mercedis
1255 1845 1439 1899 accipias
1498 1847 1532 1868 ¹⁶
1563 1845 1756 1886 Habebat
1785 1858 1878 1886 vero
1909 1846 2009 1886 duas

107 1905 220 1949 filias.
247 1919 395 1946 nomen
419 1905 582 1946 maioris
606 1905 697 1946 Lia:
723 1905 855 1946 minor
879 1918 973 1946 vero
999 1904 1284 1958 appellabatur
1309 1904 1473 1945 Rachel.
1527 1906 1559 1927 ¹⁷
1584 1904 1663 1944 Sed
1686 1904 1760 1944 Lia
1782 1904 1902 1958 lippis
1927 1910 2015 1945 erat

104 1964 246 2005 oculis:
284 1964 437 2005 Rachel
471 1964 616 2004 decora
648 1964 762 2011 facie,
799 1968 840 2004 et
872 1969 1047 2004 venusto
1081 1969 1260 2017 aspectu.
1324 1964 1358 1987 13
1392 1963 1525 2011 Quam
1559 1962 1727 2016 diligens
1764 1963 1898 2010 Iacob,
1936 1964 2011 2004 ait:

104 2023 287 2063 Serviani
305 2023 380 2064 tibi
397 2035 469 2076 pro
490 2022 643 2063 Rachel
663 2022 743 2063 filia
763 2027 835 2062 tua
853 2023 1019 2065 minore.
1040 2026 1197 2075 septem
1215 2022 1343 2062 annis.
1390 2023 1424 2045 ¹⁹
1444 2021 1673 2074 Respondit
1689 2022 1850 2062 Laban:
1870 2022 2012 2063 Melius

104 2086 166 2122 est
189 2087 237 2122 ut
259 2081 334 2122 tibi
359 2094 449 2122 eam
473 2081 565 2121 dem
592 2094 716 2134 quam
741 2080 855 2121 alteri
880 2081 979 2126 vir,o
1006 2094 1125 2121 mane
1151 2081 1261 2134 apud
1284 2094 1360 2121 me.
1413 2082 1449 2104 '2⁰
1472 2080 1651 2121 Servivit
1674 2093 1765 2134 ergo
1794 2080 1915 2122 Iacob
1940 2095 2012 2135 pro

106 2139 258 2180 Rachel
274 2144 431 2193 septem
447 2139 582 2180 annis:
600 2144 642 2180 et
656 2139 905 2180 videbantur
919 2139 976 2180 illi
991 2140 1111 2193 pauci
1128 2139 1211 2180 dies
1228 2152 1310 2193 prae
1326 2139 1474 2180 amoris
1491 2139 1786 2189 magnitudine
1831 2142 1862 2164 ’31
1879 2140 2014 2180 Dixit-

105 2212 181 2252 que
202 2199 254 2240 ad
272 2199 433 2239 Laban:
454 2199 519 2239 Da
538 2198 638 2239 mihi
658 2211 826 2239 uxorem
845 2212 997 2239 meam:
1020 2198 1116 2252 quia
1135 2198 1216 2239 iam
1236 2203 1398 2252 tempus
1417 2190 1633 2251 impletum
1653 2203 1725 2247 est,
1746 2204 1794 2239 ut
1812 2199 2014 2253 ingrediar

105 2258 157 2298 ad
176 2256 299 2299 illam.
347 2259 379 2282 22
399 2258 477 2306 Qui
496 2257 653 2298 vocatis
672 2257 812 2298 multis
833 2270 937 2298 ami(
941 2271 1056 2298 orum
1076 2257 1207 2298 turbis
1227 2257 1278 2298 ad
1298 2257 1545 2301 convivium.
1566 2257 1662 2297 fecit
1682 2258 1859 2311 nuptias
1907 2259 1940 2283 ’33
1958 2258 2014 2299 Ε1

104 2329 269 2370 vespere
300 2316 417 2357 Liam
451 2315 577 2356 filiam
608 2329 724 2357 suam
754 2316 985 2357 introduxit
1017 2316 1069 2357 ad
1100 2329 1204 2359 eum.
1264 2318 1296 2341 ²⁴
1327 2316 1428 2357 dans
1460 2315 1649 2356 ancillam
1683 2316 1785 2365 filiae,
1819 2316 2013 2370 Zelpham

104 2375 278 2416 nomine.
308 2375 374 2416 Ad
402 2388 526 2429 quam
554 2388 647 2416 cum
675 2389 725 2416 ex
752 2388 862 2416 more
893 2375 1015 2416 Iacob
1043 2375 1188 2416 11113391
1214 2375 1428 2429 ingressus.
1458 2375 1567 2416 facto
1596 2388 1716 2415 mane
1744 2375 1849 2416 vidit
1876 2376 2011 2416 Liam:

103 2436 135 2458 ’35
166 2439 207 2474 91.
236 2434 342 2475 dixit
372 2434 425 2475 ad
454 2447 637 2475 socerum
668 2447 804 2475 suum:
838 2434 945 2482 Quid
977 2439 1037 2475 est
1069 2434 1178 2487 quod
1207 2435 1339 2475 facere
1370 2433 1560 2474 voluisti?
1591 2447 1725 2475 nonne
1756 2447 1828 2488 pro
1862 2434 2011 2475 Rachel

104 2492 252 2533 servivi
277 2493 377 2533 tibi?
405 2506 529 2546 quare
553 2493 784 2546 imposuisti
810 2493 933 2534 mihi?
987 2495 1022 2517 ’33
1048 2493 1278 2547 Respondit
1302 2493 1463 2534 Laban:
1492 2493 1584 2534 Non
1609 2498 1671 2534 est
1694 2493 1736 2533 in
1760 2493 1847 2534 loco
1873 2498 2012 2534 nostro

104 2551 421 2601 consuetudinis,
460 2557 507 2592 ut
543 2552 717 2593 minores
756 2556 850 2592 ante
888 2552 1100 2592 tradamus
1138 2552 1191 2593 ad
1227 2552 1404 2605 nuptias.
1470 2553 1503 2575 '2⁷
1544 2551 1672 2606 Imple
1709 2552 2013 2593 hebdomadam

104 2610 261 2651 djerum
286 2611 405 2651 huius
431 2610 603 2664 copulae:
631 2616 671 2651 et
696 2611 802 2651 hanc
828 2624 990 2665 quoque
1015 2611 1122 2652 dabo
1148 2611 1224 2652 tibi
1249 2624 1321 2664 pro
1348 2623 1466 2664 opere
1493 2624 1572 2664 quo
1598 2611 1822 2652 serviturus
1849 2624 1888 2652 es
1913 2611 2013 2651 mihi

103 2675 260 2723 septem
289 2669 405 2710 annis
434 2669 533 2710 aliis.
590 2670 625 2693 ‘2⁸
653 2669 873 2723 Acquievit
900 2669 1070 2723 placito:
1101 2674 1142 2710 et
1169 2670 1430 2710 hebdomada
1458 2674 1679 2718 transacta‚
1712 2669 1866 2711 Rachel
1894 2670 2014 2710 duxit

105 2740 291 2769 uxorem:
348 2730 384 2752 2⁹
413 2728 477 2768 cui
506 2732 624 2782 pater
652 2741 812 2769 servam
843 2728 987 2769 Balam
1017 2728 1255 2769 tradiderat.
1313 2730 1350 2753 3⁰
1378 2729 1643 2782 Tandemque
1672 2728 1828 2782 potitus
1859 2728 2013 2782 optatis

105 2787 269 2840 nuptiis.
300 2800 481 2828 amorem
508 2787 714 2841 sequentis
742 2787 865 2841 priori
892 2787 1085 2840 praetulit,
1116 2787 1293 2828 serviens
1322 2788 1433 2841 apud
1461 2801 1553 2828 eum
1581 2792 1738 2841 septem
1766 2787 1882 2828 annis
1912 2787 2011 2829 aliis.

209 2847 241 2870 ³¹
266 2845 417 2886 Videns
444 2850 583 2887 autem
608 2846 809 2887 Dominus
836 2846 946 2900 quod
971 2846 1195 2900 despiceret
1219 2846 1348 2892 Liam,
1376 2846 1536 2900 aperuit
1561 2846 1730 2886 vulvam
1756 2846 1851 2895 eius,
1879 2859 2012 2887 sorore

104 2903 228 2944 sterili
264 2910 541 2958 permanente.
607 2906 639 2929 32
678 2905 776 2954 Quae
814 2910 1058 2959 conceptum
1095 2905 1237 2959 genuit
1276 2905 1416 2950 filium,
1457 2905 1704 2958 vocavitque
1742 2918 1891 2946 nomen
1929 2905 2012 2946 eius

105 2963 263 3012 Ruben,
299 2963 452 3004 dicens:
488 2963 602 3004 Vidit
632 2964 834 3005 Dominus
867 2963 1143 3005 humilitatem
1177 2977 1323 3009 meam,
1358 2977 1466 3004 nunc
1501 2964 1658 3004 amabit
1690 2977 1754 3005 me
1787 2964 1850 3004 vir
1882 2977 2006 3005 meus.

103 3023 135 3045 33
167 3022 427 3076 Rursumque
458 3022 645 3076 concepit
674 3027 716 3063 et
744 3022 903 3077 peperit
936 3022 1077 3071 filium,
1110 3028 1152 3063 et
1182 3023 1257 3063 ait:
1291 3023 1495 3072 Quoniam
1526 3022 1687 3063 audivit
1716 3036 1780 3064 me
1811 3023 2012 3064 Dominus

103 3080 243 3121 haberi
261 3081 527 3134 contemptui,
549 3081 663 3122 dedit
681 3081 806 3122 etiam
823 3081 949 3122 istum
968 3081 1077 3123 mihi.
1105 3082 1353 3136 vocavitque
1372 3094 1520 3122 nomen
1539 3081 1622 3122 eius
1641 3081 1816 3123 Simeon.
1857 3083 1889 3106 3⁴
1908 3081 2010 3122 Con—

105 3139 293 3193 cepitque
320 3139 457 3192 tertio.
485 3144 525 3180 et
551 3139 694 3193 genuit
721 3139 846 3181 alium
876 3139 1022 3180 filium:
1053 3140 1257 3194 dixitque:
1289 3141 1407 3181 Nunc
1437 3153 1598 3194 quoque
1626 3140 1887 3194 copulabitur
1913 3139 2013 3180 mihi

106 3197 275 3238 maritus
302 3211 428 3245 meus,
458 3210 503 3238 90
533 3198 643 3251 quod
668 3198 893 3252 pepererim
921 3198 955 3239 ei
983 3204 1062 3239 tres
1094 3198 1214 3240 filios:
1236 3199 1285 3240 'et
1310 3199 1459 3240 idcirco
1487 3198 1713 3252 appellavit
1739 3212 1887 3240 nomen
1915 3198 2010 3243 eius,

106 3256 215 3297 Levi.
264 3258 295 3281 35
322 3257 477 3305 Quarto
505 3257 701 3310 concepit,
731 3262 772 3298 et
796 3257 955 3311 peperit
983 3257 1122 3301 filium.
1151 3264 1193 3298 et
1218 3258 1293 3298 ait:
1322 3258 1443 3298 Modo
1470 3257 1698 3298 confitebor
1723 3257 1911 3299 Domino.
1951 3261 2012 3297 aet

106 3315 157 3355 ob
186 3315 263 3356 hoc
291 3315 458 3356 vocavit
486 3328 591 3363 eum,
624 3315 789 3356 Iudam:
821 3316 1076 3369 cessavitque
1104 3329 1255 3369 parere.

237 3439 291 3482 29,
315 3440 356 3474 35
383 3440 455 3474 aMt
481 3443 511 3482 1,
536 3442 566 3475 2.

2047 596 2063 613 a
2086 589 2184 615 Laban

2035 628 2198 656 suscipitur.

2066 1792 2116 1816 Lia
2137 1794 2164 1815 et

2062 1828 2168 1851 Rmhel

2037 1870 2081 1887 me
2086 1864 2191 1888 1991193.

2046 2853 2092 2877 filii
2116 2852 2186 2877 Liae:

2058 2969 2170 2997 Ruben,

2051 3083 2176 3112 Simeon,

2076 3256 2154 3284 Levi,

2064 3313 2166 3341 Iudas;
