2356 3760
144 352 285 381 [witloni-5

122 646 227 670 sacerd<
234 648 249 669 ›t
256 653 304 670 uui

132 1063 157 1083 .·t
187 1060 295 1083 lxx-itu-

127 1292 298 1316 t‹=1·1it⁴=1>i11111

171 1328 255 1354 urbis.

172 2062 193 2084 p<
202 2056 262 2079 ·rti‹.

147 2091 285 2120 minen-n.

148 2473 286 2501 portium*

155 2508 278 2537 quinqu«¹

155 2544 280 2567 tribuunt

135 2579 305 2605 manilium:

319 146 395 185 334
980 140 1252 174 PROPHETIA
1280 138 1559 173 EZECHIELIS
1965 142 2017 184 48,
2044 144 2161 186 7-48,
2186 145 2228 179 35

320 249 439 288 super
467 235 686 276 terminum
715 235 910 289 Ephraim
941 248 963 274 a
991 234 1110 286 plaga
1137 231 1334 272 Orientali
1363 244 1490 285 usque
1519 233 1571 273 ad
1599 232 1761 286 plagam
1791 234 1926 284 Maris,
1957 237 2103 278 Ruben
2132 251 2226 280 una.

322 297 334 318 ⁷
361 295 415 335 Et
439 307 559 349 super
583 294 801 336 terminum
834 294 985 333 Ruben.
1013 304 1037 331 a
1062 290 1180 343 plaga
1204 289 1401 330 Orientali
1426 303 1553 344 usque
1578 292 1630 332 ad
1654 291 1817 345 plagam
1840 292 1976 343 Maris,
2005 295 2109 337 Iuda
2132 310 2225 338 una.

427 357 441 376 ⁵
470 354 525 394 Et.
552 366 672 406 super
700 352 916 393 terminum
954 350 1062 392 luda.
1093 362 1117 388 a
1145 348 1265 401 plaga
1292 348 1489 390 Orientali
1518 363 1646 404 usque
1674 351 1726 391 ad
1754 350 1916 404 plagam
1944 353 2079 403 Maris,
2110 361 2230 397 erunt

320 412 518 465 primitiae,
565 426 664 465 quas
707 408 958 462 separabitis,
1004 406 1332 460 vigintiquinque
1374 407 1551 449 millibus
1592 408 1823 450 latitudinis
1866 415 1907 451 et
1948 411 2226 465 longitudinis,

319 471 438 512 sicuti
461 471 626 523 singulm
649 477 782 522 partes
806 481 826 507 a
850 466 970 519 plaga
993 465 1189 506 Orientali
1213 479 1340 520 usque
1363 467 1415 507 ad
1438 466 1598 520 plagam
1623 468 1763 508 Maris:
1788 473 1829 509 et
1851 469 1928 510 erit
1949 472 2228 513 sanctuarium

319 530 359 570 in
395 530 526 570 medio
561 529 654 568 eius.
720 530 735 549 ²*
769 524 973 567 Primitiae.
1012 537 1111 577 quas
1146 525 1387 578 separabitis
1421 525 1617 567 Domino:
1652 527 1865 579 longitudo
1900 528 2229 585 vigintiquinque

321 589 508 629 millibus.
542 595 577 626 et
610 585 785 625 latitudo
816 583 954 623 decem
984 582 1174 624 millibus.

429 650 460 670 ¹⁰
486 646 554 685 llse
575 650 710 684 autem
734 647 853 682 erunt
875 641 1063 694 primitia}
1083 642 1303 683 sanctuarii
1326 643 1603 684 sacerdotum:
1626 645 1678 685 ad
1698 644 1943 698 Aquilonem
1962 645 2229 701 longitudinis

319 703 643 756 vigintiquinque
677 701 812 743 millia,
848 706 889 740 et
921 700 973 741 ad
1006 701 1116 741 Mare
1149 701 1378 742 latitudinis
1412 702 1551 742 decem
1584 703 1722 751 millia,
1757 704 1827 744 sed
1860 710 1901 745 et
1933 705 1986 745 ad
2019 705 2228 748 Orientem

319 762 545 803 latitudinis
570 762 707 801 decem
733 759 869 802 millia,
896 763 938 799 et
962 759 1014 800 ad
1039 760 1247 800 Meridicm
1272 760 1538 813 longitudinis
1564 761 1893 816 vigintiquinque
1917 763 2061 805 millia:
2089 770 2130 806 et
2154 766 2230 807 erit

317 820 593 861 sanctuarium
633 818 794 859 Domini
830 817 870 857 in
906 818 1038 859 medio
1075 819 1170 860 eius.
1236 821 1267 843 ¹¹
1302 819 1592 860 Sacerdotibus
1628 822 1907 862 sanctuarium
1943 822 2020 864 erit
2054 823 2103 864 de
2139 824 2229 865 filiis

317 880 458 922 Sadoe.
497 879 563 932 qui
600 877 881 919 custodierunt
914 877 1161 919 ceremonias
1196 891 1318 926 meas,
1355 883 1396 919 et
1430 891 1509 919 non
1545 884 1785 920 erraverunt
1818 894 1908 921 cum
1945 888 2127 924 errarent
2160 883 2230 924 filii

322 938 454 981 lsrael.
475 938 574 978 sieut
602 941 841 977 erraverunt
863 940 904 976 et
921 935 1088 978 Levitae.
1136 938 1167 961 ¹2
1191 937 1246 977 Et
1268 942 1388 978 erunt
1411 937 1465 978 eis
1488 937 1680 991 primitiae
1701 938 1751 979 de
1774 939 1962 991 primitiis
1982 945 2099 982 terrae
2116 954 2230 983 sanc-

321 1004 405 1037 tum
437 1003 683 1038 sane-torum,
715 995 832 1034 iuxta
862 995 1082 1036 terminum
1112 995 1363 1037 Levitarum.

426 1058 456 1079 ¹³¹
482 1055 559 1095 Sed
587 1059 627 1094 et
654 1053 806 1094 Levitis
833 1053 1017 1094 similiter
1042 1054 1160 1095 iuxta
1186 1054 1284 1095 fines
1311 1055 1571 1096 sacerdotum
1598 1055 1927 1110 vigintiquinque
1953 1057 2080 1099 millia
2104 1058 2231 1113 longi-

322 1114 484 1156 tudinis,
516 1120 556 1153 et
586 1112 813 1153 latitudinis
843 1112 979 1153 decem
1010 1113 1147 1154 millia.
1179 1113 1321 1154 Omnis
1349 1113 1562 1167 longitudo
1592 1114 1737 1168 viginti
1766 1120 1808 1156 et
1836 1116 2016 1170 quinque
2044 1117 2228 1167 millium,

318 1179 357 1213 et
381 1172 555 1213 latitudo
578 1172 715 1212 decem
738 1170 921 1213 millium.
974 1174 1004 1196 ¹⁴
1026 1172 1083 1213 Et
1104 1185 1185 1213 non
1208 1173 1510 1213 venundabunt
1531 1186 1581 1213 ex
1602 1186 1660 1222 eo,
1685 1186 1817 1227 neque
1838 1175 2074 1225 mutabunt,
2099 1190 2231 1231 neque

319 1232 614 1272 transferentur
642 1230 832 1283 primitiae
861 1236 987 1275 terrie,
1022 1231 1118 1284 quia
1146 1231 1413 1272 sanctificatae
1442 1237 1539 1273 sunt
1567 1232 1756 1274 Domino.

425 1292 453 1314 ¹⁵
477 1290 664 1343 Quinque
686 1288 811 1329 millia
832 1294 969 1330 autem
994 1303 1084 1343 quae
1104 1296 1324 1343 supersunt
1344 1290 1385 1331 in
1406 1290 1626 1332 latitudine
1647 1304 1718 1344 per
1739 1291 2070 1346 vigintiquinque
2090 1293 2229 1343 millia,

320 1350 491 1403 profana.
513 1354 632 1389 erunt
655 1347 764 1388 urbis
787 1347 827 1388 in
851 1348 1145 1395 habitaculum,
1171 1354 1213 1390 et
1234 1349 1275 1390 in
1298 1350 1553 1391 suburbana:
1579 1355 1620 1390 et
1642 1350 1720 1390 erit
1742 1350 1886 1391 civitas
1909 1349 1951 1390 in
1973 1351 2107 1392 medio
2132 1352 2228 1394 eius.

318 1410 351 1432 ¹⁶
378 1408 431 1449 Et
455 1408 515 1448 hze
539 1420 736 1448 mensurae
759 1406 862 1448 eius:
888 1408 940 1448 ad
966 1407 1126 1462 plagam
1151 1408 1522 1462 Septentrionalem
1548 1409 1773 1462 quingenta
1797 1414 1839 1450 et
1863 1414 2062 1462 quattuor
2084 1410 2230 1451 millia:

316 1473 357 1508 et
379 1467 430 1508 ad
455 1467 613 1520 plagari]
637 1465 916 1513 Meridianam,
942 1467 1167 1520 quingenta
1188 1473 1230 1508 et
1253 1472 1452 1521 quattuor
1473 1467 1617 1508 millia:
1642 1473 1683 1508 et
1705 1468 1758 1508 ad
1779 1467 1942 1521 plagam
1966 1468 2228 1518 Orientalem,

318 1526 541 1579 quingenta
567 1531 607 1566 et
634 1530 831 1579 quattuor
856 1525 1000 1566 millia:
1029 1532 1070 1567 et
1096 1526 1148 1567 ad
1174 1526 1337 1580 plagam
1365 1526 1684 1575 Occidentalem,
1715 1527 1940 1580 quingenta
1965 1532 2007 1568 et
2034 1533 2233 1581 quattuor

317 1584 452 1625 millia.
510 1586 541 1608 ¹7
568 1584 701 1625 Erunt
726 1589 865 1625 autem
891 1585 1129 1625 suburbana
1154 1585 1334 1626 civitatis
1361 1586 1412 1626 ad
1438 1585 1684 1639 Aquilonem
1710 1585 1891 1626 ducenta
1917 1586 2229 1641 quinquaginta,

317 1650 358 1685 et
386 1644 437 1684 ad
466 1643 672 1684 Meridiem
701 1643 880 1684 ducenta
908 1643 1219 1697 quinquaginta,
1251 1649 1293 1685 et
1319 1644 1372 1685 ad
1401 1644 1610 1685 Orientem
1639 1645 1819 1685 ducenta
1848 1644 2160 1699 quinquaginta,
2190 1650 2234 1687 et

317 1703 368 1743 ad
401 1703 510 1743 Mare
542 1703 719 1743 ducenta
752 1702 1062 1756 quinquaginta.
1125 1704 1159 1727 ¹8
1191 1703 1311 1751 Quod
1343 1708 1482 1744 autem
1514 1703 1716 1757 reliquum
1747 1703 1872 1744 fuerit
1902 1703 1944 1744 in
1974 1703 2232 1757 longitudine

317 1762 539 1802 secundum
567 1761 766 1815 primitias
794 1762 1027 1805 sanctuarii,
1057 1762 1196 1803 decem
1224 1761 1351 1802 millia
1376 1762 1417 1802 in
1445 1762 1667 1809 Orientem,
1697 1767 1739 1803 et
1765 1762 1905 1803 decem
1932 1762 2061 1802 millia
2086 1762 2128 1803 in
2156 1762 2232 1804 Oc-

318 1821 531 1866 cidentem,
563 1825 682 1861 erunt
711 1820 816 1861 sicut
844 1821 1034 1874 primitia}
1062 1821 1302 1862 sanctuarii:
1334 1825 1375 1861 et
1404 1827 1524 1862 erunt
1552 1822 1686 1874 fruges
1717 1821 1800 1861 eius
1829 1820 1870 1861 in
1900 1833 2026 1874 panes
2055 1821 2129 1871 his,
2162 1822 2232 1876 qui

318 1880 499 1920 serviunt
527 1879 695 1921 civitati.
753 1881 787 1904 ¹⁹
813 1879 1042 1921 Servientes
1070 1885 1209 1921 autem
1237 1880 1409 1926 civitati,
1439 1880 1721 1933 operabuntur
1747 1892 1796 1920 ex
1823 1879 2013 1921 omnibus
2041 1880 2232 1922 tribubus

323 1938 454 1979 Israel.
524 1941 559 1962 2⁰
597 1938 747 1979 Omnes
787 1938 986 1992 primitiae,
1030 1938 1359 1992 vigintiquinque
1399 1938 1582 1987 millium,
1625 1951 1696 1992 per
1735 1937 2066 1992 vigintiquinque
2105 1938 2234 1980 millia

321 1997 359 2037 in
396 1998 607 2051 quadrum.
644 1998 944 2051 separabuntur
977 1997 1017 2038 in
1052 1998 1252 2051 primitias
1287 1997 1520 2046 sanctuarii,
1557 2002 1599 2038 et
1631 1997 1673 2038 in
1707 1997 2002 2051 possessionem
2037 1997 2230 2039 civitatis.

425 2059 452 2080 ‘²¹
492 2057 608 2105 Quod
644 2062 782 2098 autem
818 2056 1015 2111 reliquum
1052 2057 1186 2101 fuerit.
1238 2056 1431 2110 principis
1466 2057 1542 2097 erit
1576 2070 1626 2097 ex
1661 2056 1771 2098 omni
1805 2061 1923 2110 parte
1956 2056 2232 2110 primitiarum

321 2116 551 2160 sanctuarii,
584 2122 625 2156 et
654 2115 915 2169 possessionis
946 2115 1125 2157 civitatis
1155 2130 1175 2156 e
1204 2116 1365 2169 regione
1396 2115 1725 2169 vigintiquinque
1755 2115 1927 2156 millium
1957 2114 2231 2169 primitiarum

320 2188 445 2228 usque
472 2175 522 2215 ad
550 2175 768 2216 terminum
795 2174 1063 2216 Orientalem:
1091 2175 1161 2216 sed
1187 2180 1228 2216 et
1254 2175 1306 2215 ad
1331 2175 1443 2215 Mare
1469 2188 1489 2215 e
1515 2175 1676 2228 regione
1702 2174 2033 2228 vigintiquinque
2059 2173 2231 2215 millium

320 2247 446 2287 usque
477 2235 527 2274 ad
559 2234 777 2275 terminum
807 2234 941 2278 maris,
974 2234 1158 2275 similiter
1186 2233 1227 2274 in
1256 2233 1443 2287 partibus
1474 2233 1666 2286 principis
1697 2233 1791 2273 erit:
1822 2238 1865 2273 et
1893 2239 2014 2274 erunt
2042 2233 2234 2287 primitiae

320 2293 551 2340 sanctuarii,
570 2299 611 2333 et
626 2293 905 2334 sanctuarium
922 2293 1063 2346 templi
1081 2292 1120 2333 in
1137 2292 1270 2334 medio
1288 2292 1383 2333 eius.
1429 2294 1461 2317 22
1476 2293 1538 2333 De
1553 2291 1805 2345 possessione
1822 2297 1961 2333 autem
1977 2292 2229 2341 Levitarum,

321 2358 362 2391 et
388 2352 436 2391 de
464 2352 712 2405 possessione
739 2352 918 2393 civitatis
944 2351 985 2392 in
1013 2352 1145 2393 medio
1172 2352 1354 2405 partium
1380 2351 1592 2405 principis:
1629 2351 1706 2392 erit
1731 2351 1838 2391 inter
1864 2350 2085 2391 terminum
2114 2350 2230 2400 Iuda,

321 2416 361 2450 et
390 2410 493 2451 inter
522 2411 739 2452 terminum
771 2411 996 2459 Beniamin,
1027 2416 1068 2452 et
1096 2411 1148 2451 ad
1176 2410 1400 2464 principem
1429 2410 1662 2464 pertinebit.

425 2472 456 2493 ²²³
491 2470 545 2510 Et
576 2470 738 2524 reliquis
772 2470 979 2511 tribubus:
1014 2470 1050 2510 A
1084 2469 1203 2523 plaga
1236 2469 1433 2510 Orientali
1468 2483 1595 2523 usque
1629 2469 1682 2510 ad
1715 2469 1878 2522 plagam
1912 2468 2231 2517 Occidentalem,

328 2528 535 2568 Beniamin
554 2542 645 2570 una.
692 2531 723 2553 ²¹
741 2530 796 2570 Et
814 2534 957 2570 contra
974 2528 1194 2569 terminum
1214 2528 1439 2569 Beniamin.
1460 2542 1484 2568 a
1500 2528 1621 2581 plaga
1638 2527 1836 2569 Orientali
1853 2540 1982 2581 usque
2000 2527 2052 2568 ad
2068 2526 2232 2581 plagam

323 2586 636 2633 Occidentalein,
672 2589 834 2630 Simeon
867 2601 960 2629 una.
1022 2589 1053 2611 2⁵
1087 2588 1142 2628 Et
1174 2600 1294 2641 super
1326 2587 1547 2628 terminum
1580 2587 1790 2631 Simeonis,
1826 2599 1850 2626 a
1881 2585 2003 2640 plaga
2034 2585 2232 2627 Orientali

322 2659 446 2698 usque
479 2647 528 2686 ad
560 2646 718 2699 plagam
753 2646 1070 2695 Occidentalem,
1106 2647 1291 2687 Issachar
1320 2659 1414 2687 una.
1475 2648 1509 2670 2⁶
1541 2646 1596 2687 Et
1626 2658 1748 2699 super
1778 2645 1999 2686 terminum
2032 2645 2229 2693 Issachar,

322 2718 345 2743 a
372 2704 487 2756 plaga
515 2706 710 2746 Orientali
738 2720 865 2760 usque
892 2706 943 2746 ad
970 2705 1132 2759 plagam
1159 2705 1477 2751 Occidentalem,
1507 2704 1690 2746 Zabulon
1718 2717 1810 2745 una.
1865 2705 1900 2728 2⁷
1927 2703 1983 2744 Et
2008 2716 2129 2757 super
2154 2708 2233 2744 ter-

325 2763 475 2803 minum
503 2764 695 2808 Zabulon,
722 2778 746 2805 a
769 2765 890 2818 plaga
913 2764 1109 2806 Orientali
1136 2778 1263 2818 usque
1288 2765 1340 2805 ad
1364 2764 1526 2817 plagam
1551 2764 1686 2812 Maris,
1713 2763 1803 2804 Gad
1828 2776 1921 2804 una.
1974 2764 2010 2787 ²⁸
2034 2762 2090 2803 Et
2113 2775 2235 2816 super

326 2822 539 2862 terminum
571 2824 671 2867 (lad,
705 2824 754 2864 ad
786 2823 949 2877 plagam
980 2823 1119 2863 Austri
1149 2823 1188 2863 in
1219 2823 1403 2864 Meridie:
1436 2828 1477 2863 et
1507 2823 1582 2864 erit
1612 2823 1702 2863 finis
1733 2823 1782 2863 de
1813 2822 1991 2862 Thamar
2022 2834 2150 2874 usque
2181 2821 2234 2861 ad

326 2894 451 2931 aquas
482 2882 812 2924 contradictionis
843 2883 982 2931 Gades,
1015 2882 1218 2923 hereditas
1249 2887 1392 2923 contra
1420 2895 1532 2923 mare
1560 2894 1768 2935 magnum.
1827 2882 1862 2905 2⁹
1892 2880 1990 2921 Haec
2020 2884 2082 2920 est
2111 2884 2230 2928 terra,

328 2951 446 2989 quum
468 2940 636 2980 mittetis
656 2941 692 2981 in
711 2947 862 2982 sortem
882 2941 1068 2982 tribubus
1089 2941 1228 2981 lsrael:
1248 2946 1289 2982 et
1306 2941 1367 2981 hae
1384 2941 1625 2994 partitiones
1643 2953 1794 2985 earum,
1815 2939 1873 2980 ait
1888 2938 2091 2980 Dominus
2107 2938 2230 2979 Deus

431 2999 466 3019 ³²⁰
489 2998 534 3037 Et
560 2999 595 3037 hi
618 3013 795 3049 egressus
816 3000 1013 3041 civitatis:
1035 3000 1071 3040 A
1091 2999 1210 3052 plaga
1228 3000 1546 3053 Septentriouali
1567 2999 1810 3053 quingentos
1830 3003 1872 3039 et
1892 3002 2090 3051 quattuor
2108 2996 2234 3037 millia

179 3076 183 3091 ι
210 3076 213 3091 1
266 3042 288 3091 is
332 3057 589 3096 mensurabis.
636 3060 665 3081 ³¹
690 3058 739 3098 Et
761 3065 885 3111 portae
904 3058 1083 3099 civitatis
1102 3072 1151 3098 ex
1169 3058 1401 3099 nominibus
1420 3059 1602 3099 tribuum
1624 3057 1758 3101 Israel.
1778 3062 1907 3110 portae
1924 3062 2006 3097 tres
2024 3069 2048 3096 a
2064 3056 2234 3109 Septen-

332 3113 469 3154 trione.
496 3122 611 3165 porta
640 3116 777 3157 Huben
801 3132 892 3163 una,
917 3123 1037 3171 porta
1060 3117 1164 3157 luda
1185 3131 1276 3161 una,
1303 3123 1421 3170 porta
1442 3117 1540 3158 Levi
1562 3131 1655 3158 una.
1705 3118 1737 3141 ³²
1760 3116 1815 3157 Et
1836 3116 1888 3156 ad
1910 3115 2071 3169 plagam
2094 3114 2234 3155 Orien-

332 3171 464 3213 talem.
493 3173 730 3224 quingentos
756 3182 790 3215 et
821 3182 1018 3229 ‹mattuor
1042 3175 1185 3216 millia:
1212 3182 1253 3216 et
1279 3182 1405 3229 porta}
1429 3182 1521 3220 tres.
1549 3181 1670 3230 porta
1694 3175 1840 3228 Ioseph
1865 3187 1958 3219 una,
1984 3179 2106 3227 porta
2130 3173 2233 3213 Ben-

330 3229 449 3269 iamin
478 3244 568 3272 una.
598 3239 709 3283 porta
741 3234 826 3273 l)an
853 3249 943 3276 una.
997 3238 1029 3259 ³³³
1052 3235 1108 3276 Et
1132 3235 1184 3275 ad
1209 3235 1369 3287 plagam
1396 3235 1674 3283 Meridianam,
1703 3234 1946 3288 quingentos
1970 3237 2012 3273 et
2036 3236 2235 3285 quattuor

330 3288 449 3327 millia
472 3290 662 3328 metieris:
684 3298 718 3329 et
743 3302 865 3342 portu·
884 3299 974 3339 tres,
994 3299 1115 3347 porta
1131 3293 1328 3334 Simeonis
1347 3307 1439 3343 una,
1459 3299 1580 3347 porta
1598 3293 1784 3334 Issachar
1800 3305 1893 3341 una,
1913 3296 2034 3345 porta
2050 3290 2233 3331 Zabulon

330 3360 420 3387 una.
469 3349 500 3371 “⁴
527 3348 568 3387 lit
596 3349 645 3387 ad
669 3349 824 3400 plagam
847 3353 1162 3396 Oceidmtalem.
1186 3352 1428 3405 quingentos
1449 3358 1490 3393 et
1510 3357 1708 3406 quattuor
1726 3351 1864 3395 millia.
1886 3355 1927 3391 et
1946 3354 2075 3403 portae
2094 3361 2233 3390 eorum

329 3413 420 3446 tres.
446 3413 560 3458 porta
582 3408 591 3442 ί
604 3407 669 3445 {ad
692 3421 782 3449 una.
805 3418 921 3460 porta
943 3411 1040 3451 Aser
1060 3425 1152 3457 una,
1176 3416 1294 3464 porta
1317 3411 1537 3464 Nephthali
1558 3424 1650 3452 una.
1698 3413 1731 3435 ³⁵
1750 3411 1827 3450 Per
1845 3408 2072 3457 circuitum,
2094 3408 2233 3449 decem

328 3471 369 3503 et
397 3472 489 3505 octo
519 3464 660 3505 millia:
691 3472 729 3505 et
760 3479 903 3506 nomen
935 3469 1112 3510 civitatis
1142 3483 1189 3509 ex
1219 3469 1286 3510 illa
1314 3470 1389 3515 (lie,
1422 3470 1621 3511 Dominus
1649 3469 1812 3510 ibidem.
