2356 3760
156 73 185 112 2,
212 72 328 111 upa
354 71 374 104 3
898 67 1171 101 PROPHETIA
1203 65 1320 100 osEE
1981 64 2057 105 855

156 168 191 190 ¹⁰
208 165 262 206 Et
290 178 397 205 nunc
426 163 614 205 revelabo
644 160 865 203 stultitiam
895 160 978 201 eius
1007 160 1048 200 in
1078 159 1201 201 oculis
1231 163 1463 199 amatorum
1492 156 1594 198 eius:
1678 162 1718 197 et
1747 158 1808 197 vir
1835 171 1918 199 non
1946 162 2059 198 eruet

416 236 506 264 eam
535 223 584 263 de
613 233 738 260 manu
767 232 876 259 mea:

157 285 186 306 11
208 286 250 323 et
279 294 434 323 cessare
464 279 611 321 faciam
643 290 761 319 omne
791 277 985 330 gaudium
1018 277 1113 325 eius,
1199 275 1515 317 sollemnitatem
1547 274 1643 322 eius,
1675 274 1929 314 neomeniam
1962 275 2056 319 eius,

417 338 637 379 sabbatum
667 336 762 385 eius,
795 341 835 376 et
865 336 1002 377 omnia
1029 336 1135 376 festa
1164 341 1350 388 tempora
1380 333 1475 374 eius.

157 401 188 423 ¹2
209 399 265 440 Et
294 409 551 450 corrumpam
581 395 743 435 vineam
773 395 868 441 eius,
901 399 941 435 et
970 394 1091 434 ficum
1122 393 1224 434 eius:
1308 393 1357 433 de
1388 392 1533 445 quibus
1564 390 1685 432 dixit:

209 456 410 498 Mercedes
440 455 513 503 hae,
545 466 644 494 meae
673 459 780 498 sunt,
867 466 966 506 quas
996 452 1197 493 dederunt
1225 451 1325 491 mihi
1355 456 1556 491 amatores
1586 450 1682 490 mei:

210 522 250 556 et
279 527 431 568 ponam
462 526 552 554 eam
581 512 622 552 in
652 511 814 555 saltum.
900 516 941 552 et
971 511 1155 552 comedet
1187 523 1276 550 eam
1307 509 1438 550 bestia
1467 508 1563 561 agri.

157 577 188 598 ¹³
208 574 265 614 Et
293 573 469 614 visitabo
500 583 619 624 super
648 583 737 610 eam
768 570 850 611 dies
882 569 1052 617 Baalim,
1138 568 1284 622 quibus
1315 567 1565 608 accendebat
1593 566 1813 609 incensum.

211 638 253 673 et
281 632 505 673 ornabatur
531 629 672 669 inaure
699 642 783 672 sua,
814 634 855 669 et
881 628 1021 669 monili
1048 641 1133 676 suo,
1216 632 1257 668 et
1284 627 1371 667 ibat
1398 631 1491 680 post
1520 631 1721 666 amatores
1749 638 1853 668 suos.

210 697 251 732 et
279 690 358 731 mci
388 688 716 730 obliviscebatur.
749 687 848 728 dicit
876 686 1088 728 Dominus.

158 797 189 819 1⁴
210 795 382 846 Propter
408 792 495 834 hoc.
526 805 615 832 ecce
643 805 714 845 ego
742 791 904 832 lactabo
933 803 1034 835 eam,
1065 796 1104 831 et
1133 790 1280 831 ducam
1308 802 1397 829 eam
1425 788 1466 828 in
1493 787 1773 829 solitudinem:
1856 792 1896 827 et
1922 785 2125 840 loquarsed
2137 791 2269 809 00¹1Vffi³

2111 821 2147 845 ad
2166 820 2256 845 Deum

417 851 470 892 ad
499 863 566 892 (301⁸
595 850 690 892 sslUS.
2128 862 2211 880 suum

2095 891 2246 916 reducetur

156 914 187 936 ¹5
209 911 264 951 Et
284 910 390 951 dabo
412 909 447 950 ei
467 909 661 950 vinitores
682 909 766 949 eius
787 921 836 948 ex
856 908 998 949 eodem
1018 907 1117 950 loco.
1194 913 1235 948 et
1256 906 1411 947 Vallem
1422 905 1558 946 Achor
1577 905 1629 946 ad
1650 904 1911 958 aperiendam
1931 917 2062 957 spem:
2090 932 2251 957 magnaque

209 975 251 1011 et
275 974 394 1010 canet
418 968 474 1009 ibi
499 968 617 1008 iuxta
641 967 724 1009 dies
750 966 976 1008 iuventutis
1002 979 1095 1011 suae,
1175 970 1215 1006 et
1240 965 1357 1006 iuxta
1382 964 1465 1005 dies
1492 963 1735 1005 ascensionis
1761 977 1843 1004 suae
1868 963 1917 1004 de
1943 963 2065 1003 Terra
2103 961 2238 986 semna&

2089 996 2252 1021 donabitur.

418 1027 598 1080 AEgypti.

158 1086 266 1127 1⁶Et
292 1085 369 1126 erit
395 1085 436 1126 in
465 1085 529 1126 die
558 1084 636 1128 illa,
668 1084 725 1125 ait
754 1083 973 1125 Dominus:
1005 1083 1171 1124 vocabit
1198 1096 1281 1123 me:
1312 1082 1383 1122 Vir
1410 1094 1541 1122 meus:
1625 1086 1666 1121 et
1694 1094 1775 1121 non
1804 1080 1969 1121 vocabit
2003 1092 2067 1120 me

420 1143 539 1186 ultra.
573 1143 699 1184 Baali.

158 1205 193 1228 ¹⁷
214 1203 270 1244 Et
301 1203 481 1243 auferam
514 1202 680 1243 nomina
712 1201 870 1242 Baalim
901 1201 950 1242 de
982 1214 1048 1242 ore
1079 1200 1174 1245 eius,
1262 1204 1301 1240 et
1332 1212 1413 1239 non
1445 1197 1726 1238 recordabitur
1755 1197 1864 1237 ultra
1894 1196 2067 1237 nominis

420 1274 572 1301 eorum.

159 1322 193 1344 ¹³
212 1320 267 1362 Et
290 1319 517 1374 percutiam
542 1332 633 1360 cum
659 1319 712 1359 eis
737 1319 870 1359 foedus
894 1318 934 1358 in
960 1318 1023 1358 die
1046 1317 1126 1360 ina,
1206 1329 1298 1357 cum
1323 1315 1454 1356 bestia
1478 1314 1573 1368 agri,
1601 1320 1641 1355 et
1666 1327 1757 1355 cum
1782 1314 1946 1355 volucre
1970 1313 2066 1362 caeli,

420 1383 460 1418 et
490 1390 581 1418 cum
611 1376 745 1429 reptili
776 1382 910 1417 terrae:

211 1442 251 1477 et
282 1449 432 1479 arcum.
466 1442 505 1476 et
535 1435 728 1489 gladium.
763 1440 802 1475 et
835 1435 984 1475 bellum
1016 1440 1224 1475 conteram
1256 1434 1305 1475 de
1336 1438 1462 1474 terra:
1548 1438 1588 1473 et
1618 1431 1793 1473 dormire
1824 1444 1889 1472 eos
1920 1431 2067 1472 faciam

420 1494 673 1535 fiducialiter.

159 1556 193 1578 ¹⁹
211 1553 266 1594 Et
285 1553 489 1607 sponsabo
509 1558 549 1593 te
569 1552 667 1593 mihi
687 1552 726 1592 in
746 1552 1060 1606 sempiternum:
1135 1556 1174 1592 et
1194 1551 1398 1605 sponsabo
1417 1556 1459 1591 te
1478 1549 1576 1591 mihi
1595 1550 1636 1590 in
1656 1549 1824 1598 iustitia,
1847 1554 1888 1590 et
1907 1548 2067 1597 iudicio,

421 1618 461 1652 et
490 1611 532 1652 in
561 1611 846 1656 misericordia,
879 1616 919 1651 et
949 1611 989 1651 in
1019 1610 1360 1651 miserationibus.

160 1673 196 1695 2⁰
211 1671 268 1712 Et
296 1670 499 1724 sponsabo
530 1675 570 1711 te
599 1670 698 1710 mihi
727 1670 768 1710 in
798 1670 894 1711 fide:
979 1674 1019 1710 et
1048 1669 1146 1710 scies
1178 1669 1273 1723 quia
1302 1681 1373 1722 ego
1403 1667 1616 1709 Dominus.

160 1732 190 1754 2¹
211 1729 268 1770 Et
297 1729 373 1770 erit
401 1729 442 1769 in
472 1729 535 1770 die
565 1728 650 1769 illa:
682 1729 926 1772 Exaudiam.
1011 1728 1109 1769 dicit
1138 1727 1351 1775 Dominus,

213 1788 429 1829 exaudiam
460 1787 587 1832 caelos,
673 1793 713 1828 et
742 1787 797 1828 illi
827 1787 1049 1828 exaudient
1078 1792 1241 1828 terram.

160 1849 192 1871 ‘2²
212 1847 269 1888 Et
297 1852 406 1887 terra
435 1846 627 1887 exaudiet
656 1846 850 1892 triticum,
882 1851 923 1887 et
952 1846 1106 1894 vinum,
1139 1851 1178 1886 et
1208 1845 1359 1887 oleum:
1444 1849 1485 1885 et
1513 1844 1597 1884 haec
1627 1843 1847 1884 exaudient
1878 1841 2068 1883 Iezrahel.

161 1907 193 1931 23
212 1905 270 1946 Et
286 1905 495 1946 seminabo
514 1918 603 1945 eam
620 1905 720 1945 mihi
737 1905 777 1945 in
796 1910 914 1948 terra,
987 1910 1027 1945 et
1044 1904 1265 1945 miserebor
1281 1904 1377 1949 eius,
1398 1916 1488 1957 quae
1504 1902 1583 1943 fuit
1599 1902 1765 1956 Absque
1783 1901 2068 1943 misericordia.

162 1966 195 1989 '24
219 1963 294 2005 aEt
312 1963 445 2004 dicam
464 1976 546 2004 non
564 1963 715 2017 populo
733 1977 842 2005 meo:
862 1963 1041 2017 Populus
1059 1976 1172 2004 meus
1192 1976 1231 2004 es
1250 1967 1314 2003 tu:
1388 1968 1427 2002 et
1445 1962 1530 2015 ipse
1547 1961 1673 2002 dicet:
1692 1961 1802 2001 Deus
1821 1973 1933 2001 meus
1953 1973 1992 2001 es
2011 1965 2068 2001 tu.

388 2128 391 2130 ¹
622 2080 660 2119 3.
692 2078 1028 2119 Matrimonium
1061 2089 1160 2118 cum
1192 2077 1414 2128 adultera,
1443 2078 1483 2128 3,
1502 2076 1621 2117 1—5.

267 2160 304 2205 3.
360 2163 374 2185 1
394 2160 449 2201 Et
469 2160 573 2201 dixit
593 2160 794 2201 Dominus
815 2161 867 2201 ad
888 2173 969 2201 me:
992 2161 1138 2201 Adhuc
1158 2161 1274 2208 vade,
1298 2165 1339 2201 et
1359 2159 1478 2213 dilige
1498 2159 1707 2200 mulierem
1728 2158 1919 2200 dilectam
1940 2158 2070 2200 amico
2107 2157 2245 2183 ·³*<¹¹¹¹*”³s²²

163 2226 202 2262 et
228 2220 475 2261 adulteram:
501 2219 607 2260 sicut
630 2218 761 2272 diligit
784 2219 985 2260 Dominus
1010 2219 1111 2260 filios
1138 2219 1272 2268 lsrael,
1300 2224 1341 2259 et
1364 2218 1440 2272 ipsi
1464 2218 1685 2271 respiciunt
1708 2218 1761 2258 ad
1784 2218 1880 2258 deos
1905 2193 2268 2264 alienos,1i{31¹¹31³13nis⁰sffl

164 2285 204 2320 et
223 2279 398 2333 diligunt
415 2277 577 2318 xdnacia
594 2290 780 2319 uvarum.
828 2279 842 2301 ²
860 2277 915 2318 Et
933 2277 1018 2319 fodi
1037 2290 1126 2318 eam
1143 2277 1244 2318 mihi
1264 2277 1494 2331 quindecim
1514 2276 1726 2330 argenteis,
1748 2282 1788 2317 et
1807 2288 1899 2317 coro
1917 2276 2069 2319 hordei.

164 2344 205 2380 et
225 2337 392 2379 dimidio
414 2349 506 2378 coro
527 2336 678 2378 hordei.
727 2338 743 2361 ²³
762 2336 818 2377 Et
839 2336 923 2377 dixi
944 2337 996 2377 ad
1017 2349 1124 2377 eam:
1146 2336 1243 2377 Dies
1263 2336 1414 2377 multos
1436 2335 1670 2389 expectabis
1691 2348 1773 2375 me:
1796 2347 1878 2376 non
1898 2334 2071 2376 fornica-

165 2397 280 2445 beris,
309 2402 349 2437 et
373 2409 455 2436 non
481 2395 555 2435 eris
581 2395 686 2436 Viro:
713 2395 783 2436 sed
809 2400 849 2436 et
874 2408 946 2449 ego
972 2395 1197 2449 expectabo
1224 2400 1275 2436 te.
1330 2397 1353 2425 ⁴-
1371 2395 1466 2448 quia
1491 2394 1574 2435 dies
1599 2393 1749 2434 multos
1775 2393 1977 2434 sedebunt
2001 2393 2070 2433 filii
2109 2390 2242 2415 ¹⁵¹²⁶¹⁰¹¹¹

166 2454 290 2496 Israel
313 2455 397 2495 sine
421 2466 524 2508 rege,
551 2458 591 2494 et
616 2453 700 2495 sine
724 2454 916 2507 principe,
944 2459 985 2495 et
1009 2454 1093 2495 sine
1117 2454 1324 2499 sacrificio,
1352 2458 1393 2494 et
1417 2453 1501 2494 sine
1527 2453 1657 2501 altari,
1685 2457 1726 2494 et
1749 2453 1833 2493 sine
1859 2452 2003 2506 ephod,
2031 2457 2071 2492 et
2113 2425 2239 2500 exssiiem

164 2515 249 2555 sine
269 2512 513 2566 theraphim.
563 2514 578 2537 5
602 2518 663 2553 bet
681 2517 775 2566 post
796 2513 880 2553 haec
900 2518 1159 2554 revertentur
1178 2512 1247 2553 filii
1270 2512 1405 2561 Israel,
1429 2517 1470 2553 et
1491 2516 1673 2566 quaerent
1692 2511 1916 2552 Dominum
1936 2511 2070 2551 Deum
2101 2497 2250 2556 resgffi'u‘

164 2586 295 2621 suum,
323 2578 363 2613 et
386 2571 523 2612 David
547 2584 681 2625 regem
705 2584 842 2612 suum:
869 2576 910 2613 et
933 2572 1147 2625 pavebunt
1170 2572 1223 2613 ad
1245 2571 1483 2620 Dominum,
1510 2576 1551 2612 et
1575 2571 1627 2612 ad
1651 2570 1805 2612 bonum
1830 2570 1912 2610 eius
1937 2569 1978 2610 in
2002 2582 2071 2610 no·
2101 2567 2250 2598 Significat·

165 2631 329 2673 vissimo
360 2631 528 2672 dierum.

426 2747 496 2797 Π.
536 2746 840 2797 Sermones
880 2746 1208 2813 prophetici
1248 2746 1407 2806 Osee,
1447 2747 1498 2807 4,
1526 2745 1705 2807 1-14,
1734 2744 1811 2796 10.

519 2843 558 2883 1.
589 2842 736 2894 Culpa
765 2843 809 2883 et
837 2854 976 2894 poena
1005 2843 1142 2884 lsrael
1173 2842 1454 2893 nuntiantur,
1484 2842 1661 2893 4‚1—5,
1680 2842 1718 2882 9.

166 2920 204 2963 4.
261 2922 274 2944 1
292 2919 443 2960 Audite
461 2918 632 2958 verbum
650 2918 817 2959 Domini
835 2918 905 2958 filii
926 2918 1060 2967 Israel,
1135 2918 1230 2972 quia
1247 2918 1442 2959 iudicium
1460 2917 1637 2958 Domino
1657 2929 1749 2956 cum
1768 2915 2070 2957 habitatoribus
2084 2917 2099 2940 ῑ

429 2982 562 3017 terrae:

220 3050 302 3078 non
326 3042 386 3077 est
410 3036 516 3076 enim
540 3035 702 3081 veritas,
729 3041 768 3075 et
791 3048 873 3076 non
897 3041 958 3077 est
980 3035 1266 3085 misericordia,
1345 3040 1385 3075 et
1408 3047 1489 3075 non
1513 3039 1574 3074 est
1597 3033 1765 3074 scientia
1787 3033 1864 3074 Dei
1886 3033 1927 3073 in
1951 3038 2070 3074 terra.

186 3098 200 3119 ²
221 3095 496 3143 Maledictum,
529 3098 569 3134 et
597 3093 867 3139 mendacium,
953 3100 993 3135 et
1022 3094 1297 3141 homicidium,
1330 3099 1371 3134 et
1399 3093 1568 3141 furtum,

222 3159 263 3195 et
289 3153 534 3194 adulterium
561 3152 878 3201 inundaverunt,
961 3159 1001 3194 ct
1027 3153 1190 3207 sanguis
1217 3152 1455 3205 sanguinem
1483 3151 1631 3205 tetigit.

186 3215 201 3237 3
222 3213 394 3266 Propter
420 3212 495 3253 hoc
522 3211 677 3265 lugebit
704 3215 823 3259 terra,
907 3218 947 3252 et
973 3212 1249 3252 infirmabitur
1276 3210 1417 3257 omnis,
1449 3210 1518 3263 qui
1545 3209 1708 3250 habitat
1735 3209 1775 3249 in
1804 3222 1861 3257 ea,

222 3271 262 3312 in
290 3271 421 3312 bestia
446 3269 542 3324 agri,
573 3274 614 3310 et
639 3269 680 3310 in
708 3269 870 3311 volucre
897 3270 999 3311 caeli:
1080 3271 1149 3311 sed
1177 3275 1217 3310 et
1244 3269 1371 3323 pisces
1398 3268 1520 3309 maris
1548 3268 1913 3323 congregabuntur.

2110 2917 2160 2941 itia
2172 2916 2270 2947 populi

2101 2952 2253 2977 abundant

304 3394 335 3436 2,
360 3395 403 3429 24
423 3395 532 3430 aRom
553 3397 583 3436 9,
605 3397 662 3437 25;
686 3397 702 3430 1
727 3396 788 3430 Ptr
807 3398 838 3437 2,
861 3398 911 3431 10.
934 3418 976 3422 —
997 3396 1028 3437 3,
1054 3398 1073 3431 5
1094 3397 1162 3430 bEz
1183 3398 1235 3435 34,
1257 3397 1309 3430 23.
