2356 3760
142 108 197 149 15,
222 106 364 147 2246,
390 108 432 139 is
1061 106 1138 139 1οΒ
1960 117 2033 155 467

144 201 176 224 2²
204 200 296 240 Non
320 200 448 240 credit
474 199 584 253 quod
606 198 755 239 reverti
778 198 907 251 possit
926 198 975 239 de
1000 198 1176 239 tenebris
1202 200 1253 240 ad
1276 199 1419 247 lucem,
1494 200 1831 255 circumspectans
1857 206 2035 259 undique

405 258 598 312 gladium.

144 318 176 341 '2³
202 316 303 357 Cum
330 330 370 357 30
395 316 570 357 moverit
595 315 647 355 ad
673 315 935 368 quaerendum
961 328 1121 368 panem,
1195 316 1311 357 novit
1337 317 1445 370 quod
1471 322 1638 370 paratus
1664 318 1714 358 sit
1741 319 1780 359 in
1805 334 1928 361 manu
1954 323 2036 363 eius

407 375 667 415 tenebrarum
698 373 793 414 dies.

145 435 177 458 24
204 434 386 475 Terrebit
408 446 501 473 eum
521 431 746 476 tribulatio,
767 437 807 472 et
829 432 1019 485 angustia
1083 432 1252 473 vallabit
1277 446 1380 478 011111,
1404 434 1509 474 sicut
1530 447 1674 487 regem,
1698 435 1766 488 qui
1788 443 2038 489 praeparatur

407 491 458 532 ad
486 490 682 544 praelium.

145 553 176 575 25
204 550 395 591 Tetendit
420 550 527 590 0111111
554 549 748 590 adversus
774 549 908 590 Deum
934 562 1103 590 manum
1129 562 1257 597 3110111,
1330 556 1371 590 01
1397 556 1539 591 contra
1564 551 1898 604 Omnipotentem
1924 554 2040 594 robo-

406 614 519 649 ratus
549 614 621 648 est.

144 669 180 692 36
203 667 390 709 Cucurrit
419 667 613 708 adversus
643 679 736 706 eum
765 671 898 707 erecto
929 666 1041 715 collo,
1127 673 1165 707 01
1196 667 1336 720 pingui
1365 667 1518 707 cervice
1549 674 1731 708 armatus
1762 674 1833 710 est.

146 728 179 750 2⁷
204 727 375 780 Operuit
403 726 549 766 faciem
579 725 662 765 eius
692 725 930 773 crassitudo,
1015 730 1055 766 et
1085 726 1133 766 de
1161 725 1357 766 lateribus
1387 725 1470 766 eius
1500 726 1643 766 arvina
1671 727 1885 779 dependet.

145 787 180 809 2⁸
205 785 425 826 Habitavit
451 784 492 825 in
519 783 758 825 civitatibus
786 783 988 831 desolatis,
1070 790 1111 825 et
1137 784 1178 825 in
1205 784 1393 825 domibus
1421 784 1600 828 desertis,
1680 798 1769 838 quae
1795 785 1835 825 in
1864 786 2041 827 tumulos

407 848 504 884 sunt
533 843 720 883 redactae.

145 904 180 927 2⁹
205 903 297 944 Non
323 902 535 949 ditabitur,
565 914 638 942 nec
664 901 941 954 perseverabit
968 901 1202 942 substantia
1228 902 1323 945 eius,
1399 915 1471 942 nec
1498 901 1637 942 mittet
1663 901 1704 942 in
1731 908 1839 943 terra
1865 902 2042 943 radicem

408 973 536 1001 suam.

145 1022 182 1045 ³⁰
205 1020 297 1061 Non
321 1020 483 1061 recedet
508 1019 557 1060 de
583 1018 779 1059 tenebris:
859 1032 993 1060 ramos
1020 1019 1103 1061 eius
1130 1019 1321 1060 arefaciet
1350 1019 1527 1061 flamma.
1599 1024 1639 1060 et
1666 1020 1872 1061 auferetur
1897 1019 2041 1074 spiritu

410 1091 487 1119 orls
517 1091 590 1119 3111.

145 1141 176 1163 31
205 1138 297 1179 Νο11
326 1138 463 1178 credet
491 1137 645 1177 frustra
674 1149 804 1177 errore
834 1137 1040 1190 deceptus,
1126 1137 1236 1191 quod
1266 1137 1400 1191 aliquo
1430 1136 1560 1190 pretio
1590 1137 1850 1177 redimendus
1880 1138 1944 1179 sit.

145 1199 177 1222 ³²
200 1197 436 1250 Antequam
466 1196 549 1237 dies
579 1195 662 1236 eius
691 1195 950 1249 impleantur,
982 1195 1148 1249 peribit:
1233 1202 1273 1236 et
1301 1208 1447 1236 manus
1477 1195 1559 1235 eius
1590 1202 1785 1236 arescent.

145 1258 178 1281 ³³
203 1256 394 1297 Laedetur
415 1255 531 1308 quasi
552 1254 672 1295 vinea
691 1254 732 1294 in
752 1254 882 1307 primo
907 1255 1003 1295 flore
1024 1256 1165 1296 botrus
1187 1255 1282 1298 eius,
1341 1259 1381 1294 et
1403 1253 1518 1307 quasi
1539 1253 1647 1294 oliva
1666 1254 1878 1306 proiiciens
1903 1254 2042 1295 florem

408 1327 540 1355 suum.

145 1376 177 1399 ³4
204 1373 471 1427 Congregatio
505 1372 612 1413 0111111
644 1372 869 1425 hypocritae
898 1371 1054 1419 sterilis,
1140 1377 1181 1412 et.
1211 1371 1313 1425 ignis
1345 1371 1559 1412 devorabit
1592 1370 1858 1411 tabernacula
1889 1384 2041 1419 eorum,

408 1431 477 1485 qui
506 1443 677 1471 munera
704 1430 877 1471 libenter
907 1430 1124 1484 accipiunt.

144 1494 177 1517 ³⁵
207 1490 423 1545 εἱ0011001111
456 1489 649 1533 dolorem.
686 1494 727 1529 et
761 1489 919 1542 peperit
953 1489 1226 1543 iniquitatem,
1311 1494 1351 1529 et
1386 1495 1524 1529 uterus
1560 1488 1643 1529 eius
1678 1493 1883 1541 praeparat
1918 1488 2043 1529 dolos.

600 1605 640 1645 2.
670 1604 745 1645 lob
775 1605 1066 1656 respondens
1097 1605 1250 1656 negat,
1280 1605 1346 1655 16,
1365 1604 1513 1653 1—17,
1532 1604 1598 1644 16.

250 1678 314 1721 16.
370 1679 383 1702 1
415 1676 681 1730 Respondens
712 1680 851 1716 autem
883 1675 968 1723 Iob,
1001 1675 1123 1716 dixit:

164 1785 180 1808 2
202 1781 355 1824 Audivi
381 1781 616 1835 frequenter
643 1780 754 1828 talia,
838 1779 1111 1821 consolatores
1140 1779 1296 1821 onerosi
1325 1793 1464 1820 omnes
1492 1793 1564 1821 vos
1593 1779 1700 1821 estis.
2053 1781 2250 1829 001320¹³t03e³

165 1845 181 1867 3
204 1841 416 1895 Numquid
445 1840 659 1881 habebunt
687 1840 809 1880 finem
837 1840 964 1880 verba
996 1838 1192 1879 ventosa?
1276 1844 1348 1879 aut
1375 1838 1528 1892 aliquid
1561 1838 1635 1879 tibi
1669 1837 1885 1879 molestum
1918 1844 1979 1880 031
2012 1839 2043 1880 31
2081 1823 2215 1882 01111111·εὲὃ

407 1899 610 1952 loquaris?

165 1962 181 1985 ⁴¹
204 1960 397 2001 Poteram
417 1964 458 1998 et
478 1971 549 2011 ego
571 1957 718 1998 similia
735 1956 861 1998 vestri
880 1956 1010 2010 loqui:
1060 1962 1184 2010 atque
1204 1956 1363 1997 utinam
1385 1962 1489 1997 esset
1510 1956 1647 1997 anima
1663 1962 1800 1996 vestra
1818 1969 1890 2009 pro
1910 1956 2046 1997 anima

408 2030 517 2057 mea:

165 2079 180 2102 ⁵
204 2076 442 2118 Consolarer
471 2080 512 2116 et
541 2088 613 2129 ego
644 2088 716 2116 vos
747 2074 1013 2119 sermonibus,
1098 2081 1139 2115 et
1168 2087 1374 2115 moverem
1405 2078 1531 2127 caput
1559 2086 1695 2113 meum
1726 2086 1845 2126 super
1874 2086 1964 2114 vos:

168 2138 184 2160 ⁶
208 2136 460 2177 Roborarem
490 2147 563 2175 vos
595 2147 660 2175 ore
691 2146 799 2175 meo:
885 2138 926 2174 et
955 2146 1161 2174 moverem
1190 2132 1301 2173 labia
1330 2145 1432 2176 mea.
1467 2132 1581 2186 quasi
1611 2145 1779 2186 parcens
1809 2132 1938 2173 vobis.

166 2242 179 2264 ⁷
203 2240 282 2282 Sed
308 2239 406 2294 quid
431 2238 574 2293 agam?
601 2239 642 2280 Si
665 2238 826 2280 locutus
850 2238 977 2284 fuero,
1004 2250 1086 2279 non
1112 2237 1291 2291 quiescet
1317 2236 1432 2278 dolor
1454 2250 1586 2277 meus:
1645 2241 1685 2277 et
1709 2236 1741 2277 si
1766 2241 1941 2285 tacuero,
1962 2250 2042 2277 non
2080 2235 2218 2260 ¹⁰⁰00⁶¹³³

2081 2271 2215 2295 manibus

406 2298 568 2339 recedet
597 2311 621 2338 a
649 2311 725 2339 me.
2069 2306 2225 2346 impiarum

165 2360 180 2382 ⁸
205 2359 323 2399 Nunc
360 2362 499 2398 autem
536 2357 737 2411 oppressit
773 2370 837 2397 me
866 2355 980 2397 dolor
1015 2369 1141 2404 meus,
1225 2360 1265 2396 et
1303 2355 1344 2396 in
1381 2354 1552 2395 nihilum
1588 2354 1743 2395 redacti
1780 2359 1875 2394 sunt
1905 2367 2043 2395 omnes
2079 2341 2216 2372 ‘¹²⁶¹‘US’

407 2421 520 2456 artus
548 2415 639 2457 mei.

165 2478 181 2501 ⁹
206 2477 332 2529 Rugae
358 2488 459 2516 meae
486 2474 767 2516 testimonium
795 2474 938 2515 dicunt
965 2478 1109 2514 contra
1133 2486 1210 2516 me.
1269 2477 1310 2514 et
1337 2472 1559 2514 suscitatur
1584 2471 1823 2525 falsiloquus
1851 2472 2043 2512 adversus

407 2533 553 2574 faciem
581 2546 717 2574 meam
746 2532 1027 2574 contradicens
1057 2532 1167 2573 mihi.

147 2596 182 2618 ¹⁰
208 2593 377 2647 Collegit
404 2593 583 2633 furorem
611 2605 731 2633 suurn
758 2591 799 2633 in
827 2605 903 2641 1110,
987 2597 1028 2633 01
1057 2591 1309 2632 comminans
1338 2590 1448 2635 1111111.

145 2652 356 2694 infremuit
375 2656 520 2693 contra
537 2664 602 2692 me
622 2650 813 2692 dentibus
833 2651 933 2692 suis:
998 2650 1126 2691 hostis
1146 2663 1259 2691 meus
1280 2648 1527 2690 terribilibus
1548 2648 1672 2690 oculis
1692 2661 1755 2688 me
1775 2647 1949 2688 intuitus
1969 2652 2041 2688 est.

146 2714 176 2736 ¹¹
203 2711 463 2765 Aperuerunt
488 2723 608 2764 super
631 2723 696 2751 me
721 2722 792 2751 ora
815 2723 899 2759 sua,
969 2715 1010 2750 et
1034 2709 1328 2762 exprobrantes
1353 2712 1639 2762 percusserunt
1662 2706 1871 2747 maxillam
1895 2718 2041 2755 meam,

407 2768 547 2810 satiati
576 2773 673 2810 sunt
700 2768 832 2823 poenis
861 2768 972 2809 meis.

145 2831 177 2854 ¹2
202 2828 410 2870 Conclusit
436 2841 501 2869 me
527 2828 639 2868 Deus
668 2828 779 2881 apud
805 2827 1004 2881 iniquum,
1088 2832 1129 2867 et
1155 2827 1346 2868 manibus
1373 2825 1591 2879 impiorum
1619 2837 1683 2864 me
1711 2823 1893 2864 tradidit.

145 2890 177 2913 13
203 2888 289 2941 Ego
318 2887 383 2928 ille
413 2887 622 2941 quondam
652 2886 870 2940 opulentus
897 2890 1065 2940 repente
1094 2885 1294 2926 contritus
1323 2898 1431 2925 sum:
1507 2882 1640 2924 tenuit
1669 2882 1866 2922 cervicem
1895 2894 2041 2931 meam,

407 2945 606 2999 confregit
634 2958 711 2994 me,
796 2950 838 2986 et
866 2944 1003 2999 posuit
1031 2957 1096 2985 me
1125 2944 1201 2985 sibi
1232 2944 1348 2998 quasi
1376 2943 1417 2984 in
1447 2942 1617 2995 signum.

146 3007 177 3030 ¹⁴¹
202 3004 481 3047 Circumdedit
507 3017 572 3045 me
597 3003 747 3045 lanceis
775 3004 868 3053 suis,
949 3003 1261 3045 convulneravit
1287 3002 1447 3043 lumbos
1474 3013 1596 3049 111003,
1626 3012 1708 3041 11011
1734 2998 1926 3053 pepercit,
2003 3003 2044 3039 et

407 3063 552 3104 effudit
580 3062 621 3103 in
650 3068 760 3103 terra
789 3063 946 3104 viscera
973 3075 1076 3103 mea.

144 3125 176 3147 ¹⁵
202 3122 389 3164 Concidit
418 3135 482 3162 me
512 3121 678 3162 vulnere
708 3135 828 3175 super
857 3120 1018 3170 vulnus,
1103 3120 1221 3161 irruit
1250 3120 1291 3160 in
1320 3133 1384 3160 me
1416 3117 1530 3172 quasi
1559 3117 1681 3171 gigas.

144 3183 179 3205 ¹⁶
202 3182 375 3223 Saccum
403 3180 543 3222 consui
569 3193 691 3234 super
718 3186 854 3221 cutem
881 3193 1028 3229 meam,
1110 3184 1151 3220 et
1179 3178 1318 3233 operui
1345 3178 1475 3218 cinere
1503 3189 1665 3217 carnem
1692 3188 1838 3216 meam.

143 3242 177 3264 ¹⁷
202 3240 341 3281 Facies
368 3252 461 3280 mea
488 3239 690 3280 intumuit
717 3252 741 3280 a
770 3239 881 3287 fletu,
964 3243 1006 3279 et
1033 3238 1238 3292 palpebrae
1264 3250 1364 3277 meae
1391 3236 1682 3289 caligaverunt.

143 3300 178 3323 ¹⁸
203 3299 301 3340 Haec
331 3311 475 3353 passus
506 3311 597 3340 sum
630 3298 783 3351 absque
814 3297 1034 3352 iniquitate
1064 3310 1210 3338 manus
1242 3308 1352 3344 meae,
1437 3307 1530 3335 cum
1560 3294 1752 3334 haberem
1784 3291 1957 3333 mundas
1990 3289 2041 3330 ad

404 3357 539 3398 Deum
568 3369 718 3410 preces.

273 3448 314 3482 35
339 3448 402 3482 aPs
429 3449 459 3489 7,
487 3449 543 3489 15;
573 3449 606 3482 Is
631 3449 685 3489 59,
712 3449 742 3482 4.

1752 3499 1826 3539 30*
