2356 3760
83 764 110 787 ei
134 762 240 788 clm-tos

101 805 167 823 suos
189 799 223 822 ‹le—

102 834 221 859 tribula-

98 869 226 894 tionibus

89 904 233 930 liberabit.

272 105 370 146 1234
1004 100 1152 135 Lissssn
1177 100 1235 134 lv.
1263 100 1431 134 EsDRAE
1890 101 1942 143 16,
1968 101 2110 143 58—16‚
2137 103 2178 136 78

266 197 301 230 in
327 196 431 229 verbo
455 195 544 229 illius
568 195 673 230 stellae
702 195 856 229 fundata*
885 196 977 233 sunt,
1007 196 1042 227 et
1070 193 1168 227 novit
1196 203 1377 226 numerum
1407 192 1594 227 stellarum.
1647 194 1675 213 ⁵⁸
1706 192 1770 235 Qui
1799 197 1974 229 scrutatur
2002 196 2176 239 abyssum,

268 248 302 277 et
327 244 505 277 thesauros
529 242 678 276 illarum:
704 243 760 285 qni
786 252 920 274 mensus
945 243 997 274 est
1019 251 1123 279 mare,
1148 244 1182 274 et
1205 243 1408 284 conceptum
1434 240 1515 274 eius.
1562 242 1591 260 ⁵⁹
1615 240 1679 283 Qui
1704 240 1870 275 conclusit
1892 252 1985 275 mare
2008 243 2042 276 111
2065 244 2176 277 medio

267 300 447 334 aquarum,
473 293 508 324 et
531 290 711 334 suspendit
736 292 861 322 terram
887 298 988 330 super
1013 298 1120 330 aquas
1147 287 1250 320 verbo
1275 298 1347 321 suo.
1399 288 1428 307 66
1454 287 1519 330 Qui
1544 287 1702 321 extendit
1727 287 1846 321 caelum
1872 289 1970 332 quasi
1994 300 2176 331 cameram,

266 348 368 381 super
388 347 495 381 aquas
516 337 677 371 fundavit
698 345 786 368 enin.
834 336 858 353 ⁶¹
881 334 945 377 Qui
968 334 1083 378 posuit-
1102 334 1136 367 in
1157 334 1291 368 deserto
1312 334 1424 368 fontes
1445 344 1625 377 aquarum,
1646 337 1681 368 et
1700 344 1802 379 super
1823 336 1985 369 verticem
2006 337 2175 371 montium

266 385 359 418 lacus
384 384 427 417 ad
453 384 681 418 emittendum
712 381 855 414 flumina
884 381 927 414 ab
957 381 1121 414 eminenti
1151 384 1259 425 petra,
1290 384 1330 415 ut
1359 384 1496 425 potaret
1523 384 1662 415 terram.
1718 383 1745 401 ⁶²
1770 381 1835 424 Qui
1860 382 1962 417 finxit
1990 383 2175 425 hominem,

267 435 301 465 et
328 431 442 475 posuit
466 442 522 465 cor
546 440 645 463 suuni
671 429 704 461 in
729 428 841 461 medio
862 428 1021 472 corporis,
1042 431 1077 462 et
1096 427 1189 462 misit
1208 428 1237 461 ei
1256 428 1426 472 spiritum,
1449 428 1557 462 vitam
1577 431 1612 462 et
1630 428 1854 469 intellectum,
1900 431 1927 449 ⁶³
1952 433 1986 464 et
2004 431 2176 474 spiramen

267 478 330 511 Dei
353 477 599 522 omnipotentis
622 475 681 519 qui
703 475 785 509 fecit
807 475 932 511 omnia.
956 479 991 509 et
1012 475 1182 509 scrutinat
1204 475 1319 508 onmia
1341 475 1508 508 absconsa
1529 475 1563 508 in
1586 475 1759 509 absconsis
1782 478 1891 511 terrae.
1940 478 1966 496 ⁶⁴
1992 477 2057 511 Hic
2078 478 2176 512 novit

267 525 548 558 adinventionem
564 526 726 558 vestram.
743 525 778 556 et
793 533 868 566 quae
885 522 1043 567 cogitatis
1058 522 1093 555 in
1109 522 1267 556 cordibus
1284 522 1416 561 vestris,
1434 525 1613 566 peccantes
1629 525 1664 556 et
1679 522 1832 556 volentes
1849 523 2019 558 occultare
2036 528 2175 569 peccata

268 577 392 606 vestra.
444 573 469 590 ⁶⁵
496 571 639 614 Propter
664 569 755 613 quod
782 569 949 602 Dominus
974 569 1197 603 scrutinando
1222 569 1429 603 serutinavit
1453 569 1569 602 omnia
1593 580 1696 614 opera
1720 573 1846 609 vestra,
1872 573 1907 604 et
1930 571 2091 606 traducet
2115 583 2175 606 vos

268 630 395 657 omnes,
444 619 472 637 ⁶⁶
494 620 529 650 et
550 628 611 650 vos
634 616 765 650 confusi
788 616 881 650 eritis
904 627 981 650 011111
1005 616 1230 661 processerint
1252 619 1395 660 peccata
1416 620 1531 650 vestra
1553 627 1667 650 coram
1689 617 1897 658 hominibus,
1920 621 1955 652 et
1976 618 2176 662 iniquitates

267 669 377 704 erunt,
403 675 478 708 quse
503 667 717 697 accusatores
742 664 888 698 stabunt
910 663 945 697 in
968 664 1021 697 die
1046 664 1113 698 illo.
1163 665 1191 683 ⁵⁷
1218 663 1307 706 Quid
1331 663 1483 697 facietis?
1510 666 1572 698 aut
1595 664 1769 708 quomodo
1793 664 2010 699 abscondetis
2035 669 2177 710 peccata

268 716 382 746 vestra
408 722 522 745 coram
549 711 622 744 Deo
649 714 684 744 et
710 711 836 755 angelis
863 710 953 744 eius?

382 760 410 778 ⁸⁸
436 759 523 792 Ecce
549 758 652 792 iudex
683 758 782 797 Deus,
811 758 930 792 timete
957 769 1045 792 euin.
1075 758 1228 791 Desinite
1255 769 1275 791 a
1302 757 1450 802 peccatis
1478 758 1610 798 vestris,
1638 760 1673 792 et
1700 758 1948 793 obliviscamini
1975 759 2176 804 iniquitates

269 809 399 839 vestras
428 805 495 839 111111
524 816 621 850 agere
649 816 705 838 eas
734 805 767 838 in
795 805 1014 849 sempiterno,
1064 807 1099 839 et
1124 805 1215 838 Deus
1241 804 1364 838 educet
1391 815 1463 845 vos,
1504 808 1539 839 et
1565 805 1725 839 liberabit
1753 806 1794 839 de
1822 806 1914 839 omni
1942 806 2175 842 tribulatione.

271 855 299 873 ⁶⁹
325 853 412 887 Ecce
437 853 527 886 enim
552 852 747 886 incenditur
771 853 872 886 ardor
895 863 996 896 super
1019 863 1080 886 vos
1104 852 1215 886 turbae
1240 852 1394 896 copiosae,
1420 855 1455 886 et
1477 852 1613 897 rapient
1636 852 1805 897 quosdam
1829 864 1869 887 ex
1894 853 2003 894 vobis,
2028 857 2064 888 et
2087 853 2176 888 ciba-

270 900 358 934 bunt
381 899 478 933 idolis
503 899 644 933 occisos:
695 901 725 919 ⁷⁰
749 902 784 933 et
808 899 866 943 qui
892 899 1124 933 consenserint
1148 899 1205 939 eis,
1231 901 1332 933 erunt
1355 899 1418 933 illis
1442 899 1476 932 in
1502 900 1661 939 derisum,
1687 903 1722 933 ct
1745 899 1779 933 in
1803 900 2059 945 improperium,
2084 904 2120 935 et
2142 902 2177 935 in

266 947 570 981 conculcationem.
618 948 643 965 ⁷¹
669 946 733 980 erit
755 946 845 979 enim
867 946 948 980 10013
971 946 1075 986 locus,
1098 950 1133 980 et
1154 946 1189 980 in
1212 946 1341 980 vicinas
1364 946 1522 980 civitates
1545 947 1736 981 exurrectio
1758 947 1870 981 multa
1890 959 1992 992 super
2014 948 2175 983 timentes

266 994 464 1028 Dominum.
523 995 551 1013 ⁷²
576 993 689 1027 Erunt
713 993 811 1037 quasi
836 993 946 1026 insani
980 993 1106 1026 nemini
1141 997 1330 1038 parcentes,
1365 993 1409 1027 ad
1443 993 1672 1038 diripiendum
1706 997 1742 1028 et
1774 994 2030 1029 devastandum
2063 995 2177 1030 adhuc

266 1042 426 1075 timentes
445 1040 644 1075 Dominum.
689 1042 715 1060 ⁷³
740 1040 821 1084 quia
846 1040 1081 1074 devastabunt
1099 1043 1134 1074 et
1152 1040 1314 1085 diripient
1331 1040 1556 1080 substantias,
1577 1044 1611 1075 et
1629 1041 1671 1074 de
1689 1041 1847 1075 domibus
1866 1041 1935 1075 suis
1953 1053 2009 1076 eos
2028 1042 2174 1077 eiicient.

267 1090 294 1107 ⁷⁴
320 1089 414 1121 Tunc
440 1088 574 1132 parebit
599 1087 756 1132 probatio
782 1087 967 1121 electorum
993 1098 1158 1127 meorum,
1185 1092 1225 1122 ut
1248 1098 1371 1122 aurum
1411 1088 1503 1132 quod
1543 1088 1710 1132 probatur
1748 1089 1792 1122 ab
1830 1089 1918 1133 igne.
1983 1091 2010 1109 ⁷⁵
2049 1089 2177 1123 Audite

264 1135 378 1169 dilecti
397 1135 474 1171 mei,
495 1135 578 1169 dicit
597 1135 781 1168 Dominus:
803 1135 890 1168 Ecce
910 1135 1038 1169 adsunt
1057 1135 1126 1168 dies
1145 1135 1391 1175 tribulationis,
1411 1139 1446 1169 et
1464 1135 1506 1169 de
1524 1135 1576 1169 his
1594 1135 1746 1169 liberabo
1766 1146 1838 1171 vos.
1883 1138 1912 1156 ⁷⁶
1936 1136 1988 1170 Ne
2012 1137 2175 1177 timeatis,

264 1193 324 1216 nee
349 1182 524 1218 haesitetis,
549 1182 713 1226 quoniam
737 1182 828 1215 Deus
853 1182 923 1215 dux
947 1185 1060 1216 vester
1082 1185 1143 1216 est.
1193 1184 1221 1202 ⁷⁷
1247 1182 1295 1217 Et
1319 1182 1378 1227 qui
1401 1185 1518 1216 servat
1540 1183 1708 1216 mandata
1730 1186 1765 1217 et
1788 1186 1960 1228 praecepta
1982 1195 2070 1224 mea,
2093 1184 2177 1218 dicit

263 1229 431 1263 Dominus
454 1230 542 1263 Dens
563 1240 604 1262 ne
625 1229 888 1274 praeponderent
907 1240 966 1263 vos
987 1232 1130 1274 peccata
1149 1232 1274 1270 vestra,
1294 1240 1337 1264 ne
1355 1230 1596 1274 superelevent
1614 1240 1648 1264 se
1667 1230 1868 1274 iniquitates
1888 1234 2022 1265 vestrae.
2068 1232 2098 1251 ⁷⁸
2118 1231 2176 1265 &⁷ae

263 1277 321 1321 qui
347 1277 629 1321 constringuntur
662 1288 683 1310 a
708 1277 855 1321 peccat-is
881 1276 961 1316 suis,
988 1279 1022 1311 et
1056 1277 1267 1321 obteguntur
1301 1277 1344 1311 ab
1378 1277 1621 1321 iniquitatibus
1655 1278 1735 1317 suis,
1771 1278 2065 1322 quemadmodum
2098 1289 2178 1322 ager

264 1324 508 1369 constringitur
531 1335 551 1358 a
572 1324 670 1364 silva,
694 1327 729 1358 et
750 1324 855 1368 spinis
879 1324 1007 1368 tegitur
1029 1325 1153 1359 semita
1175 1325 1246 1358 eius
1269 1335 1328 1366 per
1351 1334 1457 1369 quam
1478 1335 1548 1359 non
1570 1325 1697 1360 transit
1718 1325 1833 1366 homo,
1856 1327 1892 1360 et
1913 1325 2119 1366 excluditur,
2143 1328 2177 1359 et

263 1371 415 1406 mittitur
440 1372 483 1405 ad
509 1371 769 1406 devorationem
794 1371 891 1416 ignis.

1074 1699 1373 1753 FINIS.
