2356 3760
292 192 369 233 880
992 189 1266 224 PROPHETIA
1292 188 1499 223 MICHAEAE
1964 190 1994 230 6,
2022 190 2140 230 15-7‚
2166 191 2209 225 20

290 286 321 308 ¹⁵
347 283 427 324 »Tu
457 283 689 329 seminabis,
721 289 762 324 et
791 296 871 324 non
902 289 1048 323 metes:

342 347 389 383 tu
419 342 594 383 calcabis
623 342 786 386 olivam.
819 347 860 382 et
889 354 970 381 non
1002 341 1161 393 ungeris
1192 340 1296 381 oleo:
1382 345 1423 381 et
1451 345 1648 388 mustum,
1680 345 1722 380 et
1750 352 1832 380 non
1863 340 1975 382 bibes
2004 342 2160 384 vinum.

290 403 326 425 ¹⁶
342 401 397 442 Et
429 400 643 442 custodisti
674 405 879 453 praecepta
907 399 1033 442 Amri.
1119 405 1160 439 et
1189 411 1308 439 omne
1339 411 1440 451 opus
1470 399 1615 440 domus
1645 398 1807 439 Achab:

343 466 385 501 et
414 459 634 501 ambulasti
665 459 704 499 in
736 457 1021 498 voluntatibus
1051 470 1204 506 eorum,

343 524 388 560 ut
420 519 557 559 darem
589 523 629 558 te
658 517 698 557 in
730 516 1012 569 perditionem,
1098 522 1139 557 et
1167 515 1405 556 habitantes
1435 515 1476 556 in
1505 529 1553 557 ea
1581 516 1622 556 in
1652 515 1812 556 sibilum

344 583 383 618 et
415 576 677 630 opprobrium
709 574 847 628 populi
878 574 956 615 mci
986 575 1218 628 portabitis.

944 679 984 719 2.
1015 677 1115 719 Vox
1145 678 1317 729 populi,
1346 679 1385 729 7,
1405 679 1558 718 1—20.

154 754 220 779 ⁸¹0⁰
295 753 329 795 7.
387 754 397 776 ¹
430 751 500 791 Vae
520 750 631 794 mihi.
656 750 753 803 quia
772 749 907 790 faetus
928 762 1019 790 sum
1093 748 1199 789 sicut
1221 749 1290 802 qui
1311 748 1464 802 colligit
1484 749 1526 789 in
1548 754 1749 790 autumno
1770 762 1951 790 racemos
1972 750 2208 792 vindemiae:

95 791 279 849 ‘nk‘llllssffissm
345 823 425 851 non
464 815 525 850 est
562 809 704 850 botrus
742 809 794 849 ad
832 808 1141 857 comedendum,
1234 820 1471 861 praecoquas
1508 807 1607 848 ficus
1646 808 1894 849 desideravit
1931 809 2069 850 anima
2105 823 2208 852 mea.

105 867 267 923 μζζζξζῗρξζζῑ,
310 871 324 893 ²
344 868 469 910 Periit
500 874 666 909 sanctus
696 867 745 908 de
775 872 894 913 terra,
979 872 1021 908 et
1050 872 1183 907 rectus
1213 866 1253 907 in
1284 866 1518 907 hominibus
1547 879 1629 907 non
1659 872 1738 907 est:

345 941 484 969 omnes
514 927 554 967 in
585 926 780 979 sanguine
810 925 1068 975 insidiantur,
1153 925 1215 966 vir
1243 925 1411 966 fratrem
1443 938 1561 966 suum
1592 925 1644 966 ad
1674 931 1848 966 mortem
1878 932 2065 968 venatur.

307 987 497 1027 ³Malum
541 998 737 1026 manuum
783 998 948 1025 suarum
992 984 1136 1025 dicunt
1179 984 1352 1025 bonum:
1450 984 1637 1037 princeps
1679 984 1875 1037 postulat,
1921 990 1963 1026 et
2004 985 2127 1027 iudex
2169 986 2210 1027 in

554 1044 760 1084 reddendo
791 1049 870 1084 est:

343 1112 382 1146 et
413 1116 585 1157 magnus
614 1103 775 1144 locutus
805 1108 867 1143 est
896 1102 1140 1143 desiderium
1172 1102 1319 1143 animae
1348 1115 1441 1149 suae,
1526 1107 1568 1143 et
1597 1102 1951 1144 conturbaverunt
1980 1116 2082 1145 eam.

307 1166 322 1188 ⁴
343 1163 420 1211 Qui
448 1162 628 1215 optimus
653 1162 694 1202 in
721 1162 775 1202 eis
801 1166 874 1211 est,
904 1161 1019 1215 quasi
1045 1161 1246 1215 paliurus:
1326 1166 1368 1202 et
1394 1161 1463 1215 qui
1488 1166 1635 1210 rectus,
1665 1161 1780 1214 quasi
1806 1161 1925 1215 spina
1949 1162 1998 1203 de
2024 1175 2129 1216 sepe.

342 1222 438 1262 Dies
469 1220 757 1275 speculationis
788 1226 881 1267 tuae,
914 1220 1098 1261 visitatio
1128 1225 1203 1261 tua
1231 1220 1363 1261 venit:
1447 1233 1556 1261 nunc
1586 1220 1662 1260 erit
1692 1219 1867 1261 vastitas
1897 1233 2049 1262 eorum.

306 1283 321 1305 5
344 1280 480 1321 Nolite
510 1281 670 1321 credere
701 1279 849 1320 amico:
934 1284 975 1320 et
1004 1279 1130 1320 nolite
1160 1278 1362 1320 confidere
1391 1279 1431 1319 in
1462 1279 1582 1320 duce:

343 1340 394 1381 ab
425 1353 483 1383 ea,
517 1351 607 1393 quae
635 1338 788 1380 dormit
817 1338 856 1379 in
887 1338 977 1379 sinu
1007 1343 1092 1387 tuo,
1178 1338 1338 1379 custodi
1368 1337 1547 1379 claustra
1576 1338 1654 1379 oris
1685 1338 1757 1379 tui.

307 1401 323 1423 ⁶
347 1398 474 1447 bQuia
496 1397 600 1439 filius
624 1397 916 1439 contumeliam
938 1397 1039 1438 facit
1062 1397 1182 1450 patri,
1261 1402 1302 1438 et
1325 1396 1408 1438 filia
1430 1396 1638 1451 consurgit
1661 1397 1856 1437 adversus
1880 1402 2055 1438 matrem
2079 1411 2208 1447 suam,

344 1471 469 1498 nurus
502 1457 697 1498 adversus
729 1470 888 1497 socrum
921 1469 1056 1497 suam:
1151 1461 1208 1497 cet
1239 1456 1391 1497 inimici
1423 1456 1598 1497 hominis
1630 1455 1843 1497 domestici
1875 1455 1971 1497 eius.

130 1564 243 1624 3322?OE
310 1564 323 1585 ⁷
346 1562 432 1616 Ego
461 1567 600 1602 autem
629 1562 681 1602 ad
709 1561 933 1603 Dominum
963 1561 1170 1615 aspiciam,
1253 1560 1480 1614 expectabo
1508 1560 1642 1601 Deum
1671 1560 1919 1602 salvatorem
1946 1574 2103 1602 meum:

131 1635 241 1674 pauens
345 1620 485 1662 audiet
515 1634 579 1661 me
607 1620 718 1661 Deus
748 1634 874 1661 meus.
962 1622 977 1643 Β
1005 1620 1063 1660 Ne
1088 1619 1234 1661 laeteris
1260 1619 1426 1660 inimica
1449 1632 1541 1660 mea
1565 1632 1686 1672 super
1710 1632 1787 1667 me,

117 1671 254 1701 “mmm‘’
345 1680 441 1734 quia-
470 1679 612 1720 cecidi:
698 1692 951 1732 consurgam,

341 1752 433 1779 cum
464 1739 603 1779 sedero
634 1738 673 1778 in
704 1738 894 1787 tenebris,
979 1737 1181 1779 Dominus
1210 1737 1281 1778 lux
1310 1750 1404 1778 mea
1431 1742 1504 1778 est.

305 1800 320 1822 ⁹
343 1797 451 1838 Iram
481 1796 647 1838 Domini
678 1797 865 1851 portabo.
951 1796 1145 1850 quoniam
1176 1796 1343 1850 peccavi
1373 1796 1419 1840 ei.

341 1857 469 1898 donec
500 1869 664 1897 causam
695 1868 829 1897 meam
849 1855 1023 1905 iudicet,
1108 1861 1150 1896 et
1178 1855 1305 1896 faciat
1334 1854 1529 1896 iudicium
1559 1867 1715 1895 meum:

341 1916 488 1956 educet.
516 1928 581 1956 me
610 1915 650 1956 in
680 1914 824 1965 lucem,
909 1915 1057 1956 videbo
1088 1914 1288 1956 iustitiam
1319 1913 1415 1955 eius.

289 1976 324 1999 ¹⁰
341 1974 396 2015 Et
426 1974 595 2027 aspiciet
624 1974 789 2015 inimica
817 1987 920 2019 mea.
1005 1979 1047 2015 et
1076 1973 1282 2028 operietur
1311 1972 1559 2019 confusione,

342 2046 432 2087 quae
461 2033 562 2074 dicit
591 2033 643 2074 ad
672 2047 755 2074 me:
841 2033 921 2074 Ubi
952 2038 1013 2074 est
1042 2033 1244 2074 Dominus
1273 2033 1385 2074 Deus
1415 2031 1536 2073 tuus?

341 2092 457 2133 Oculi
481 2092 559 2133 mei
584 2092 787 2133 videbunt
809 2092 850 2133 in
874 2105 983 2133 eam:
1062 2105 1170 2133 nunc
1194 2092 1271 2133 erit
1293 2091 1334 2132 in
1359 2090 1710 2132 conculcationem
1734 2096 1782 2132 ut
1803 2090 1939 2132 lutum
1963 2091 2206 2145 platearum.

289 2154 318 2176 ¹¹
339 2151 449 2200 Dies,
481 2157 528 2192 ut
557 2151 809 2192 aedificentur
838 2151 1023 2192 maceriae
1052 2155 1151 2191 tuae:
1236 2150 1276 2191 in
1307 2150 1371 2191 die
1400 2149 1469 2190 illa
1496 2149 1614 2204 longe
1643 2149 1715 2191 fiet
1743 2149 1819 2192 lex,

289 2212 320 2235 ¹2
343 2210 390 2251 In
416 2210 480 2251 die
505 2209 574 2250 illa
597 2215 639 2251 et
663 2223 791 2263 usque
817 2210 868 2250 ad
895 2216 935 2251 te
960 2209 1098 2250 veniet
1175 2210 1224 2250 de
1249 2209 1387 2258 Assur,
1414 2214 1456 2250 et
1480 2221 1609 2262 usque
1635 2209 1687 2250 ad
1712 2208 1902 2251 civitates
1926 2210 2127 2250 munitas:

341 2274 381 2310 et
407 2282 427 2309 a
455 2268 693 2309 civitatibus
718 2269 887 2309 munitis
912 2281 1040 2322 usque
1066 2268 1117 2310 ad
1142 2267 1306 2313 flumen,
1386 2272 1428 2308 et
1452 2268 1505 2308 ad
1528 2280 1640 2308 mare
1665 2268 1714 2308 de
1739 2268 1854 2316 mari,
1881 2272 1923 2309 et
1947 2269 2000 2310 ad
2023 2273 2208 2310 montem

552 2328 601 2369 de
630 2334 782 2369 monte.
913 2327 915 2330 ’

288 2389 320 2412 ¹³
341 2386 395 2428 Et
430 2392 535 2427 terra
569 2387 645 2427 erit
676 2387 716 2427 in
749 2386 1043 2428 desolationem
1076 2392 1244 2441 propter
1275 2385 1529 2427 habitatores
1562 2398 1667 2434 suos⁹
1755 2391 1797 2427 et.
1827 2391 1996 2440 propter
2026 2386 2208 2428 fructum

551 2445 847 2499 cogitationum
879 2459 1030 2487 eorum.

130 2563 239 2615 ἕψω,
291 2553 322 2575 ¹⁴
342 2550 468 2591 Pasce
498 2550 695 2604 populum
726 2555 844 2591 tuum
874 2550 915 2590 in
946 2550 1060 2604 virga
1089 2556 1173 2597 tua,
1257 2563 1418 2605 gregem
1448 2549 1687 2591 hereditatis
1717 2554 1799 2591 tuae

101 2593 270 2657 ᾏῖηἷωρῗῗῖἷῖ
342 2609 579 2650 habitantes
609 2609 713 2651 solos
743 2609 783 2649 in
814 2609 934 2658 saltu,
1017 2609 1058 2649 in
1088 2609 1222 2651 medio
1253 2608 1442 2650 Carmeli:

341 2674 560 2722 pascentur
590 2668 725 2709 Basan
756 2674 797 2709 et
825 2667 983 2709 Galaad
1065 2668 1184 2709 iuxta
1212 2668 1296 2709 dies
1327 2668 1531 2722 antiquos

290 2730 320 2752 ¹⁵
341 2728 574 2769 Secundum
604 2727 688 2768 dies
718 2727 953 2781 egressionis
983 2732 1065 2768 tuae
1093 2728 1142 2768 de
1172 2727 1296 2768 Terra
1325 2727 1493 2781 AEgypti
1576 2727 1791 2768 ostendam
1821 2726 1856 2767 ei
1884 2726 2098 2768 mirabilia.

291 2787 324 2810 ¹⁶
342 2786 552 2827 Videbunt
580 2791 732 2840 gentes,
765 2791 807 2827 et
836 2785 1140 2828 confundentur
1221 2799 1342 2840 super
1371 2786 1481 2827 omni
1510 2785 1754 2827 fortitudine
1783 2798 1875 2826 sua:

342 2850 495 2898 ponent
526 2858 694 2886 manum
725 2858 845 2900 super
874 2858 929 2895 os,
1014 2858 1130 2886 aures
1160 2858 1300 2887 eorum
1330 2846 1462 2886 surdae
1491 2850 1622 2886 erunt.

292 2905 323 2926 ¹⁷
344 2903 517 2956 Lingent
546 2904 755 2957 pulverem
786 2904 892 2945 sicut
920 2911 1139 2958 serpentes,
1224 2904 1339 2945 velut
1366 2904 1530 2958 reptilia
1558 2909 1676 2945 terrae

344 2963 695 3013 perturbabuntur
733 2963 772 3003 in
811 2962 965 3004 aedibus
1004 2963 1102 3003 suis:
1186 2963 1412 3005 Dominum
1441 2963 1576 3004 Deum
1614 2968 1800 3003 nostrum
1837 2961 2133 3011 formidabunt,
2165 2966 2207 3003 et

553 3022 758 3063 timebunt
788 3028 840 3063 te.

293 3080 327 3102 ¹⁸>
348 3078 466 3125 dQuis
488 3080 596 3121 Deus
618 3081 757 3122 similis
780 3081 851 3130 tui,
877 3081 945 3135 qui
967 3081 1100 3122 aufers
1123 3081 1396 3135 iniquitatem,
1474 3086 1515 3122 et.
1536 3080 1684 3121 transis
1705 3084 1921 3134 peccatum
1941 3079 2204 3134 reliquiarum

554 3138 789 3180 hereditatis
821 3139 926 3181 tuae?

348 3208 425 3235 non
455 3196 651 3237 immittet
679 3198 787 3239 ultra
813 3199 990 3240 furorem
1020 3212 1150 3241 suum.
1235 3199 1429 3253 quoniam
1458 3198 1598 3240 volens
1626 3197 1944 3239 misericordiam
1973 3202 2045 3239 est.

295 3255 327 3277 ¹⁹
350 3254 603 3296 Revertetur.
636 3263 672 3296 et
704 3257 960 3298 miserebitur
987 3257 1133 3299 nostri:
1217 3258 1395 3311 deponet
1423 3257 1663 3311 iniquitates
1692 3261 1864 3300 nostras.

346 3318 386 3352 et
416 3313 596 3365 proii‹·iet
626 3314 663 3353 in
696 3316 941 3367 profundum
972 3316 1094 3358 maris
1175 3316 1313 3358 omnia
1341 3321 1512 3370 peccata
1539 3321 1690 3357 nostra.

293 3372 330 3395 ²⁰
346 3370 473 3411 ¹Dahis
505 3372 719 3413 veritatem
754 3374 886 3419 lac-ob,
971 3375 1289 3417 misericordiam
1319 3375 1547 3416 Abraham:

346 3442 437 3483 quae
466 3430 606 3470 iurasti
638 3431 822 3483 patribus
852 3434 999 3474 nostris
1083 3448 1103 3475 a
1135 3434 1278 3475 diebus
1309 3434 1501 3487 antiquis.

430 3534 466 3566 15
490 3533 555 3565 “Dr
578 3534 629 3567 28.
661 3535 717 3567 3⁸2
743 3537 814 3577 Age
838 3538 865 3568 J.
888 3540 917 3569 Γ».
944 3558 977 3560 —
1013 3539 1040 3577 ἲ,
1067 3539 1087 3570 ὁ·
1106 3538 1176 3570 bMt
1200 3538 1250 3577 10,
1273 3538 1323 3571 21.
1347 3558 1368 3560 Μ
1408 3537 1476 3571 0th
1501 3538 1553 3577 10,
1578 3537 1629 3571 36.
1651 3558 1690 3560 ff
1711 3537 1751 3570 18
1769 3536 1824 3569 dIr
1850 3536 1900 3576 10,
1926 3536 1961 3575 6;
1987 3535 2055 3569 Act
2078 3534 2130 3575 10,
2155 3536 2208 3569 43.
