<?xml version="1.0" encoding="UTF-8"?>
<!DOCTYPE html PUBLIC "-//W3C//DTD XHTML 1.0 Transitional//EN"
    "http://www.w3.org/TR/xhtml1/DTD/xhtml1-transitional.dtd">
<html xmlns="http://www.w3.org/1999/xhtml" xml:lang="en" lang="en">
 <head>
  <title>
</title>
<meta http-equiv="Content-Type" content="text/html;charset=utf-8" />
  <meta name='ocr-system' content='tesseract 3.04.00' />
  <meta name='ocr-capabilities' content='ocr_page ocr_carea ocr_par ocr_line ocrx_word'/>
</head>
<body>
  <div class='ocr_page' id='page_1' title='image "./bibliasacravulga00helzuoft_0895.png"; bbox 0 0 2356 3760; ppageno 0'>
   <div class='ocr_carea' id='block_1_1' title="bbox 148 91 2049 140">
    <p class='ocr_par' dir='ltr' id='par_1_1' title="bbox 148 91 2049 140">
     <span class='ocr_line' id='line_1_1' title="bbox 148 91 2049 140; baseline 0.001 -17"><span class='ocrx_word' id='word_1_1' title='bbox 148 91 176 124; x_wconf 78' lang='lat'>7.</span> <span class='ocrx_word' id='word_1_2' title='bbox 203 91 298 124; x_wconf 78' lang='grc'>3--8,</span> <span class='ocrx_word' id='word_1_3' title='bbox 327 93 364 124; x_wconf 89' lang='grc'>11</span> <span class='ocrx_word' id='word_1_4' title='bbox 1044 91 1166 125; x_wconf 80' lang='grc' dir='ltr'>ΑΜΟὸ</span> <span class='ocrx_word' id='word_1_5' title='bbox 1976 100 2049 140; x_wconf 71' lang='lat'>871</span> 
     </span>
    </p>
   </div>
   <div class='ocr_carea' id='block_1_2' title="bbox 144 183 2218 529">
    <p class='ocr_par' dir='ltr' id='par_1_2' title="bbox 147 183 2055 286">
     <span class='ocr_line' id='line_1_2' title="bbox 147 183 2055 244; baseline 0.004 -21"><span class='ocrx_word' id='word_1_6' title='bbox 147 184 329 224; x_wconf 88' lang='lat' dir='ltr'>obsecro:</span> <span class='ocrx_word' id='word_1_7' title='bbox 359 184 447 237; x_wconf 89' lang='lat' dir='ltr'>quis</span> <span class='ocrx_word' id='word_1_8' title='bbox 474 184 690 225; x_wconf 78' lang='lat' dir='ltr'>suscitabit</span> <span class='ocrx_word' id='word_1_9' title='bbox 718 183 851 227; x_wconf 79' lang='lat' dir='ltr'>Iacob,</span> <span class='ocrx_word' id='word_1_10' title='bbox 882 183 978 236; x_wconf 88' lang='lat' dir='ltr'>quia</span> <span class='ocrx_word' id='word_1_11' title='bbox 1003 183 1199 236; x_wconf 87' lang='lat' dir='ltr'>parvulus</span> <span class='ocrx_word' id='word_1_12' title='bbox 1225 184 1311 225; x_wconf 78' lang='lat' dir='ltr'>est?</span> <span class='ocrx_word' id='word_1_13' title='bbox 1364 187 1379 208; x_wconf 77' lang='lat'>3</span> <span class='ocrx_word' id='word_1_14' title='bbox 1405 185 1595 226; x_wconf 84' lang='lat' dir='ltr'>Misertus</span> <span class='ocrx_word' id='word_1_15' title='bbox 1622 192 1683 227; x_wconf 86' lang='lat' dir='ltr'>est</span> <span class='ocrx_word' id='word_1_16' title='bbox 1707 187 1907 230; x_wconf 82' lang='lat' dir='ltr'>Dominus</span> <span class='ocrx_word' id='word_1_17' title='bbox 1934 203 2055 244; x_wconf 87' lang='lat' dir='ltr'>super</span> 
     </span>
     <span class='ocr_line' id='line_1_3' title="bbox 147 242 859 286; baseline -0.001 -4"><span class='ocrx_word' id='word_1_18' title='bbox 147 242 239 282; x_wconf 83' lang='lat' dir='ltr'>hoc:</span> <span class='ocrx_word' id='word_1_19' title='bbox 272 242 362 283; x_wconf 78' lang='lat' dir='ltr'>Non</span> <span class='ocrx_word' id='word_1_20' title='bbox 394 243 481 286; x_wconf 85' lang='lat' dir='ltr'>erit.</span> <span class='ocrx_word' id='word_1_21' title='bbox 514 243 617 283; x_wconf 81' lang='lat' dir='ltr'>dixit</span> <span class='ocrx_word' id='word_1_22' title='bbox 646 242 859 283; x_wconf 77' lang='lat' dir='ltr'>Dominus.</span> 
     </span>
    </p>

    <p class='ocr_par' dir='ltr' id='par_1_3' title="bbox 144 300 2218 529">
     <span class='ocr_line' id='line_1_4' title="bbox 248 300 2218 357; baseline 0.003 -17"><span class='ocrx_word' id='word_1_23' title='bbox 248 302 263 324; x_wconf 75' lang='lat'>⁴</span> <span class='ocrx_word' id='word_1_24' title='bbox 281 300 377 341; x_wconf 78' lang='lat' dir='ltr'>Haec</span> <span class='ocrx_word' id='word_1_25' title='bbox 394 302 574 342; x_wconf 78' lang='lat' dir='ltr'>ostendit</span> <span class='ocrx_word' id='word_1_26' title='bbox 588 301 687 341; x_wconf 90' lang='lat' dir='ltr'>mihi</span> <span class='ocrx_word' id='word_1_27' title='bbox 702 300 903 341; x_wconf 86' lang='lat' dir='ltr'>Dominus</span> <span class='ocrx_word' id='word_1_28' title='bbox 918 300 1047 341; x_wconf 89' lang='lat' dir='ltr'>Deus:</span> <span class='ocrx_word' id='word_1_29' title='bbox 1066 306 1107 342; x_wconf 89' lang='lat' dir='ltr'>et</span> <span class='ocrx_word' id='word_1_30' title='bbox 1123 314 1213 342; x_wconf 88' lang='lat' dir='ltr'>ecce</span> <span class='ocrx_word' id='word_1_31' title='bbox 1228 301 1406 343; x_wconf 90' lang='lat' dir='ltr'>vocabat</span> <span class='ocrx_word' id='word_1_32' title='bbox 1422 302 1616 343; x_wconf 88' lang='lat' dir='ltr'>iudicium</span> <span class='ocrx_word' id='word_1_33' title='bbox 1633 303 1684 344; x_wconf 87' lang='lat' dir='ltr'>ad</span> <span class='ocrx_word' id='word_1_34' title='bbox 1700 303 1832 357; x_wconf 83' lang='lat' dir='ltr'>ignem</span> <span class='ocrx_word' id='word_1_35' title='bbox 1850 305 2050 347; x_wconf 86' lang='lat' dir='ltr'>Dominus</span> <span class='ocrx_word' id='word_1_36' title='bbox 2096 318 2126 342; x_wconf 73' lang='lat' dir='ltr'>et</span> <span class='ocrx_word' id='word_1_37' title='bbox 2147 317 2218 346; x_wconf 59' lang='lat' dir='ltr'>ignis</span> 
     </span>
     <span class='ocr_line' id='line_1_5' title="bbox 144 354 2218 413; baseline 0.004 -15"><span class='ocrx_word' id='word_1_38' title='bbox 144 359 272 399; x_wconf 90' lang='lat' dir='ltr'>Deus:</span> <span class='ocrx_word' id='word_1_39' title='bbox 296 365 337 400; x_wconf 92' lang='lat' dir='ltr'>et</span> <span class='ocrx_word' id='word_1_40' title='bbox 357 360 573 401; x_wconf 87' lang='lat' dir='ltr'>devoravit</span> <span class='ocrx_word' id='word_1_41' title='bbox 593 359 787 412; x_wconf 84' lang='lat' dir='ltr'>abyssum</span> <span class='ocrx_word' id='word_1_42' title='bbox 807 357 993 403; x_wconf 80' lang='lat' dir='ltr'>multam.</span> <span class='ocrx_word' id='word_1_43' title='bbox 1018 365 1059 399; x_wconf 83' lang='lat' dir='ltr'>et</span> <span class='ocrx_word' id='word_1_44' title='bbox 1079 360 1257 401; x_wconf 88' lang='lat' dir='ltr'>comedit</span> <span class='ocrx_word' id='word_1_45' title='bbox 1277 360 1397 400; x_wconf 92' lang='lat' dir='ltr'>simul</span> <span class='ocrx_word' id='word_1_46' title='bbox 1417 367 1589 413; x_wconf 86' lang='lat' dir='ltr'>partem.</span> <span class='ocrx_word' id='word_1_47' title='bbox 1639 363 1654 386; x_wconf 86' lang='lat'>⁵</span> <span class='ocrx_word' id='word_1_48' title='bbox 1674 361 1730 403; x_wconf 88' lang='lat' dir='ltr'>Et</span> <span class='ocrx_word' id='word_1_49' title='bbox 1751 363 1852 403; x_wconf 86' lang='lat' dir='ltr'>dixi:</span> <span class='ocrx_word' id='word_1_50' title='bbox 1876 364 2050 405; x_wconf 88' lang='lat' dir='ltr'>Domine</span> <span class='ocrx_word' id='word_1_51' title='bbox 2096 354 2218 377; x_wconf 49' lang='lat' dir='ltr'>mem*</span> 
     </span>
     <span class='ocr_line' id='line_1_6' title="bbox 147 417 2054 471; baseline 0.004 -15"><span class='ocrx_word' id='word_1_52' title='bbox 147 417 254 458; x_wconf 83' lang='lat' dir='ltr'>Deus</span> <span class='ocrx_word' id='word_1_53' title='bbox 285 418 455 471; x_wconf 80' lang='lat' dir='ltr'>quiesce.</span> <span class='ocrx_word' id='word_1_54' title='bbox 488 418 669 458; x_wconf 86' lang='lat' dir='ltr'>obsecro:</span> <span class='ocrx_word' id='word_1_55' title='bbox 703 417 791 470; x_wconf 94' lang='lat' dir='ltr'>quis</span> <span class='ocrx_word' id='word_1_56' title='bbox 821 417 1037 458; x_wconf 76' lang='lat' dir='ltr'>suscitabit</span> <span class='ocrx_word' id='word_1_57' title='bbox 1069 417 1202 459; x_wconf 89' lang='lat' dir='ltr'>Iacob.</span> <span class='ocrx_word' id='word_1_58' title='bbox 1237 418 1332 471; x_wconf 90' lang='lat' dir='ltr'>quia</span> <span class='ocrx_word' id='word_1_59' title='bbox 1360 419 1554 471; x_wconf 89' lang='lat' dir='ltr'>parvulus</span> <span class='ocrx_word' id='word_1_60' title='bbox 1585 420 1670 461; x_wconf 84' lang='lat' dir='ltr'>est?</span> <span class='ocrx_word' id='word_1_61' title='bbox 1730 422 1744 445; x_wconf 80' lang='lat'><strong>⁶</strong></span> <span class='ocrx_word' id='word_1_62' title='bbox 1773 421 1962 463; x_wconf 88' lang='lat' dir='ltr'>Misertus</span> <span class='ocrx_word' id='word_1_63' title='bbox 1993 428 2054 464; x_wconf 87' lang='lat' dir='ltr'>est</span> 
     </span>
     <span class='ocr_line' id='line_1_7' title="bbox 147 475 1684 529; baseline 0.003 -14"><span class='ocrx_word' id='word_1_64' title='bbox 147 476 345 517; x_wconf 78' lang='lat' dir='ltr'>Dominus</span> <span class='ocrx_word' id='word_1_65' title='bbox 375 489 495 529; x_wconf 88' lang='lat' dir='ltr'>super</span> <span class='ocrx_word' id='word_1_66' title='bbox 524 476 616 516; x_wconf 85' lang='lat' dir='ltr'>hoc:</span> <span class='ocrx_word' id='word_1_67' title='bbox 649 476 727 516; x_wconf 83' lang='lat' dir='ltr'>Sed</span> <span class='ocrx_word' id='word_1_68' title='bbox 757 481 798 516; x_wconf 90' lang='lat' dir='ltr'>et</span> <span class='ocrx_word' id='word_1_69' title='bbox 827 475 938 516; x_wconf 88' lang='lat' dir='ltr'>istud</span> <span class='ocrx_word' id='word_1_70' title='bbox 967 489 1048 516; x_wconf 92' lang='lat' dir='ltr'>non</span> <span class='ocrx_word' id='word_1_71' title='bbox 1079 476 1166 521; x_wconf 79' lang='lat' dir='ltr'>erit,</span> <span class='ocrx_word' id='word_1_72' title='bbox 1199 477 1303 517; x_wconf 86' lang='lat' dir='ltr'>dixit</span> <span class='ocrx_word' id='word_1_73' title='bbox 1332 477 1533 518; x_wconf 85' lang='lat' dir='ltr'>Dominus</span> <span class='ocrx_word' id='word_1_74' title='bbox 1563 479 1684 520; x_wconf 89' lang='lat' dir='ltr'>Deus.</span> 
     </span>
    </p>
   </div>
   <div class='ocr_carea' id='block_1_3' title="bbox 605 578 1581 631">
    <p class='ocr_par' dir='ltr' id='par_1_4' title="bbox 605 578 1581 631">
     <span class='ocr_line' id='line_1_8' title="bbox 605 578 1581 631; baseline 0.002 -12"><span class='ocrx_word' id='word_1_75' title='bbox 605 580 643 619; x_wconf 90' lang='lat'>2.</span> <span class='ocrx_word' id='word_1_76' title='bbox 674 578 826 620; x_wconf 86' lang='lat' dir='ltr'>Trulla</span> <span class='ocrx_word' id='word_1_77' title='bbox 855 580 926 620; x_wconf 88' lang='lat' dir='ltr'>vel</span> <span class='ocrx_word' id='word_1_78' title='bbox 957 579 1348 631; x_wconf 80' lang='lat' dir='ltr'>perpendiculum,</span> <span class='ocrx_word' id='word_1_79' title='bbox 1376 582 1415 631; x_wconf 90' lang='lat'>7,</span> <span class='ocrx_word' id='word_1_80' title='bbox 1436 582 1581 621; x_wconf 83' lang='lat'><strong>7—17.</strong></span> 
     </span>
    </p>
   </div>
   <div class='ocr_carea' id='block_1_4' title="bbox 143 648 2246 879">
    <p class='ocr_par' dir='ltr' id='par_1_5' title="bbox 250 648 2203 704">
     <span class='ocr_line' id='line_1_9' title="bbox 250 648 2203 704; baseline 0.004 -15"><span class='ocrx_word' id='word_1_81' title='bbox 250 651 263 673; x_wconf 80' lang='lat'><strong>⁷</strong></span> <span class='ocrx_word' id='word_1_82' title='bbox 296 650 393 691; x_wconf 83' lang='lat' dir='ltr'>Haec</span> <span class='ocrx_word' id='word_1_83' title='bbox 424 649 603 691; x_wconf 82' lang='lat' dir='ltr'>ostendit</span> <span class='ocrx_word' id='word_1_84' title='bbox 631 648 730 688; x_wconf 89' lang='lat' dir='ltr'>mihi</span> <span class='ocrx_word' id='word_1_85' title='bbox 760 649 980 689; x_wconf 89' lang='lat' dir='ltr'>Dominus:</span> <span class='ocrx_word' id='word_1_86' title='bbox 1012 654 1054 690; x_wconf 86' lang='lat' dir='ltr'>et</span> <span class='ocrx_word' id='word_1_87' title='bbox 1083 663 1173 690; x_wconf 89' lang='lat' dir='ltr'>ecce</span> <span class='ocrx_word' id='word_1_88' title='bbox 1202 650 1403 690; x_wconf 90' lang='lat' dir='ltr'>Dominus</span> <span class='ocrx_word' id='word_1_89' title='bbox 1433 656 1546 691; x_wconf 86' lang='lat' dir='ltr'>stans</span> <span class='ocrx_word' id='word_1_90' title='bbox 1577 664 1697 704; x_wconf 89' lang='lat' dir='ltr'>super</span> <span class='ocrx_word' id='word_1_91' title='bbox 1725 666 1887 694; x_wconf 89' lang='lat' dir='ltr'>murum</span> <span class='ocrx_word' id='word_1_92' title='bbox 1918 654 2050 703; x_wconf 78' lang='lat' dir='ltr'>litum,</span> <span class='ocrx_word' id='word_1_93' title='bbox 2116 659 2203 684; x_wconf 44' lang='lat' dir='ltr'>1⁸¹³:st</span> 
     </span>
    </p>

    <p class='ocr_par' dir='ltr' id='par_1_6' title="bbox 143 695 2246 879">
     <span class='ocr_line' id='line_1_10' title="bbox 143 695 2246 757; baseline 0.003 -9"><span class='ocrx_word' id='word_1_94' title='bbox 143 714 182 749; x_wconf 91' lang='lat' dir='ltr'>et</span> <span class='ocrx_word' id='word_1_95' title='bbox 201 708 240 748; x_wconf 89' lang='lat' dir='ltr'>in</span> <span class='ocrx_word' id='word_1_96' title='bbox 261 722 385 749; x_wconf 83' lang='lat' dir='ltr'>manu</span> <span class='ocrx_word' id='word_1_97' title='bbox 405 708 488 749; x_wconf 91' lang='lat' dir='ltr'>eius</span> <span class='ocrx_word' id='word_1_98' title='bbox 506 707 628 748; x_wconf 85' lang='lat' dir='ltr'>trulla</span> <span class='ocrx_word' id='word_1_99' title='bbox 647 708 906 749; x_wconf 76' lang='lat' dir='ltr'>caementarii.</span> <span class='ocrx_word' id='word_1_100' title='bbox 956 710 971 732; x_wconf 73' lang='lat'><strong>⁸</strong></span> <span class='ocrx_word' id='word_1_101' title='bbox 989 708 1045 749; x_wconf 89' lang='lat' dir='ltr'>Et</span> <span class='ocrx_word' id='word_1_102' title='bbox 1063 708 1168 749; x_wconf 83' lang='lat' dir='ltr'>dixit</span> <span class='ocrx_word' id='word_1_103' title='bbox 1186 708 1386 749; x_wconf 91' lang='lat' dir='ltr'>Dominus</span> <span class='ocrx_word' id='word_1_104' title='bbox 1406 709 1459 749; x_wconf 85' lang='lat' dir='ltr'>ad</span> <span class='ocrx_word' id='word_1_105' title='bbox 1476 723 1558 750; x_wconf 90' lang='lat' dir='ltr'>me:</span> <span class='ocrx_word' id='word_1_106' title='bbox 1580 710 1686 757; x_wconf 88' lang='lat' dir='ltr'>Quid</span> <span class='ocrx_word' id='word_1_107' title='bbox 1705 716 1750 751; x_wconf 93' lang='lat' dir='ltr'>tu</span> <span class='ocrx_word' id='word_1_108' title='bbox 1770 712 1882 753; x_wconf 87' lang='lat' dir='ltr'>vides</span> <span class='ocrx_word' id='word_1_109' title='bbox 1900 713 2050 754; x_wconf 79' lang='lat' dir='ltr'>Amos?</span> <span class='ocrx_word' id='word_1_110' title='bbox 2070 695 2246 721; x_wconf 38' lang='lat' dir='ltr'>dffifflemff</span> 
     </span>
     <span class='ocr_line' id='line_1_11' title="bbox 144 766 2052 820; baseline 0.003 -13"><span class='ocrx_word' id='word_1_111' title='bbox 144 767 198 807; x_wconf 84' lang='lat' dir='ltr'>Et</span> <span class='ocrx_word' id='word_1_112' title='bbox 219 767 321 807; x_wconf 89' lang='lat' dir='ltr'>dixi:</span> <span class='ocrx_word' id='word_1_113' title='bbox 346 766 522 807; x_wconf 88' lang='lat' dir='ltr'>Trullam</span> <span class='ocrx_word' id='word_1_114' title='bbox 547 766 805 807; x_wconf 56' lang='lat' dir='ltr'>caementarii.</span> <span class='ocrx_word' id='word_1_115' title='bbox 830 766 886 807; x_wconf 90' lang='lat' dir='ltr'>Et</span> <span class='ocrx_word' id='word_1_116' title='bbox 907 766 1012 807; x_wconf 90' lang='lat' dir='ltr'>dixit</span> <span class='ocrx_word' id='word_1_117' title='bbox 1032 767 1252 808; x_wconf 90' lang='lat' dir='ltr'>Dominus:</span> <span class='ocrx_word' id='word_1_118' title='bbox 1276 767 1381 808; x_wconf 89' lang='lat' dir='ltr'>Ecce</span> <span class='ocrx_word' id='word_1_119' title='bbox 1403 781 1474 820; x_wconf 87' lang='lat' dir='ltr'>ego</span> <span class='ocrx_word' id='word_1_120' title='bbox 1497 781 1647 820; x_wconf 87' lang='lat' dir='ltr'>ponam</span> <span class='ocrx_word' id='word_1_121' title='bbox 1671 769 1835 810; x_wconf 91' lang='lat' dir='ltr'>trullam</span> <span class='ocrx_word' id='word_1_122' title='bbox 1858 772 1897 811; x_wconf 91' lang='lat' dir='ltr'>in</span> <span class='ocrx_word' id='word_1_123' title='bbox 1920 772 2052 813; x_wconf 91' lang='lat' dir='ltr'>medio</span> 
     </span>
     <span class='ocr_line' id='line_1_12' title="bbox 143 824 2056 879; baseline 0.002 -13"><span class='ocrx_word' id='word_1_124' title='bbox 143 825 282 879; x_wconf 90' lang='lat' dir='ltr'>populi</span> <span class='ocrx_word' id='word_1_125' title='bbox 302 826 381 866; x_wconf 92' lang='lat' dir='ltr'>mei</span> <span class='ocrx_word' id='word_1_126' title='bbox 404 824 543 865; x_wconf 89' lang='lat' dir='ltr'>Israel:</span> <span class='ocrx_word' id='word_1_127' title='bbox 567 838 648 865; x_wconf 91' lang='lat' dir='ltr'>non</span> <span class='ocrx_word' id='word_1_128' title='bbox 669 825 856 865; x_wconf 87' lang='lat' dir='ltr'>adiiciam</span> <span class='ocrx_word' id='word_1_129' title='bbox 879 824 987 865; x_wconf 90' lang='lat' dir='ltr'>ultra</span> <span class='ocrx_word' id='word_1_130' title='bbox 1006 826 1319 878; x_wconf 80' lang='lat' dir='ltr'>superinducere</span> <span class='ocrx_word' id='word_1_131' title='bbox 1339 839 1443 867; x_wconf 85' lang='lat' dir='ltr'>eum.</span> <span class='ocrx_word' id='word_1_132' title='bbox 1496 828 1510 850; x_wconf 82' lang='lat'><strong>⁹</strong></span> <span class='ocrx_word' id='word_1_133' title='bbox 1531 826 1586 867; x_wconf 89' lang='lat' dir='ltr'>Et</span> <span class='ocrx_word' id='word_1_134' title='bbox 1607 828 1879 869; x_wconf 85' lang='lat' dir='ltr'>demolientur</span> <span class='ocrx_word' id='word_1_135' title='bbox 1899 830 2056 870; x_wconf 85' lang='lat' dir='ltr'>excelsa</span> 
     </span>
    </p>
   </div>
   <div class='ocr_carea' id='block_1_5' title="bbox 142 883 2054 939">
    <p class='ocr_par' dir='ltr' id='par_1_7' title="bbox 142 883 2054 939">
     <span class='ocr_line' id='line_1_13' title="bbox 142 883 2054 939; baseline 0.003 -16"><span class='ocrx_word' id='word_1_136' title='bbox 142 884 249 931; x_wconf 78' lang='lat' dir='ltr'>idoli,</span> <span class='ocrx_word' id='word_1_137' title='bbox 274 890 315 925; x_wconf 89' lang='lat' dir='ltr'>et</span> <span class='ocrx_word' id='word_1_138' title='bbox 335 883 678 925; x_wconf 88' lang='lat' dir='ltr'>sanctificationes</span> <span class='ocrx_word' id='word_1_139' title='bbox 704 883 826 923; x_wconf 86' lang='lat' dir='ltr'>lsrael</span> <span class='ocrx_word' id='word_1_140' title='bbox 848 883 1160 925; x_wconf 90' lang='lat' dir='ltr'>desolabuntur:</span> <span class='ocrx_word' id='word_1_141' title='bbox 1184 889 1225 926; x_wconf 89' lang='lat' dir='ltr'>et</span> <span class='ocrx_word' id='word_1_142' title='bbox 1246 898 1487 939; x_wconf 80' lang='lat' dir='ltr'>consurgam</span> <span class='ocrx_word' id='word_1_143' title='bbox 1509 898 1630 939; x_wconf 90' lang='lat' dir='ltr'>super</span> <span class='ocrx_word' id='word_1_144' title='bbox 1650 887 1818 927; x_wconf 92' lang='lat' dir='ltr'>domum</span> <span class='ocrx_word' id='word_1_145' title='bbox 1842 888 2054 929; x_wconf 87' lang='lat' dir='ltr'>Ieroboam</span> 
     </span>
    </p>
   </div>
   <div class='ocr_carea' id='block_1_6' title="bbox 140 942 2230 1114">
    <p class='ocr_par' dir='ltr' id='par_1_8' title="bbox 140 942 2230 1114">
     <span class='ocr_line' id='line_1_14' title="bbox 142 942 356 984; baseline 0.009 -2"><span class='ocrx_word' id='word_1_146' title='bbox 142 943 181 983; x_wconf 87' lang='lat' dir='ltr'>in</span> <span class='ocrx_word' id='word_1_147' title='bbox 212 942 356 984; x_wconf 66' lang='lat' dir='ltr'>aladio.</span> 
     </span>
     <span class='ocr_line' id='line_1_15' title="bbox 210 974 2203 1066; baseline 0.003 -25"><span class='ocrx_word' id='word_1_148' title='bbox 210 974 282 1026; x_wconf 37' lang='grc' dir='ltr'>διο</span> <span class='ocrx_word' id='word_1_149' title='bbox 302 1001 358 1042; x_wconf 87' lang='lat' dir='ltr'>Et</span> <span class='ocrx_word' id='word_1_150' title='bbox 378 1001 488 1041; x_wconf 86' lang='lat' dir='ltr'>misit</span> <span class='ocrx_word' id='word_1_151' title='bbox 511 1001 696 1041; x_wconf 90' lang='lat' dir='ltr'>Amasias</span> <span class='ocrx_word' id='word_1_152' title='bbox 720 1001 905 1042; x_wconf 82' lang='lat' dir='ltr'>sacerdos</span> <span class='ocrx_word' id='word_1_153' title='bbox 930 1001 1075 1042; x_wconf 88' lang='lat' dir='ltr'>Bethel</span> <span class='ocrx_word' id='word_1_154' title='bbox 1096 1002 1149 1043; x_wconf 90' lang='lat' dir='ltr'>ad</span> <span class='ocrx_word' id='word_1_155' title='bbox 1173 1002 1385 1043; x_wconf 87' lang='lat' dir='ltr'>Ieroboam</span> <span class='ocrx_word' id='word_1_156' title='bbox 1408 1016 1541 1056; x_wconf 90' lang='lat' dir='ltr'>regem</span> <span class='ocrx_word' id='word_1_157' title='bbox 1566 1004 1701 1051; x_wconf 79' lang='lat' dir='ltr'>Israel,</span> <span class='ocrx_word' id='word_1_158' title='bbox 1727 1005 1881 1045; x_wconf 87' lang='lat' dir='ltr'>dicens:</span> <span class='ocrx_word' id='word_1_159' title='bbox 1908 1005 2052 1046; x_wconf 84' lang='lat' dir='ltr'>Rebel-</span> <span class='ocrx_word' id='word_1_160' title='bbox 2099 1007 2203 1066; x_wconf 54' lang='lat' dir='ltr'>AA¹¹¹¹3³</span> 
     </span>
     <span class='ocr_line' id='line_1_16' title="bbox 140 1048 2230 1114; baseline 0 -14"><span class='ocrx_word' id='word_1_161' title='bbox 140 1060 244 1102; x_wconf 87' lang='lat' dir='ltr'>lavit</span> <span class='ocrx_word' id='word_1_162' title='bbox 266 1066 410 1101; x_wconf 90' lang='lat' dir='ltr'>contra</span> <span class='ocrx_word' id='word_1_163' title='bbox 432 1065 472 1101; x_wconf 87' lang='lat' dir='ltr'>te</span> <span class='ocrx_word' id='word_1_164' title='bbox 495 1060 621 1101; x_wconf 91' lang='lat' dir='ltr'>Amos</span> <span class='ocrx_word' id='word_1_165' title='bbox 645 1060 685 1100; x_wconf 93' lang='lat' dir='ltr'>in</span> <span class='ocrx_word' id='word_1_166' title='bbox 710 1060 843 1101; x_wconf 92' lang='lat' dir='ltr'>medio</span> <span class='ocrx_word' id='word_1_167' title='bbox 868 1060 1013 1101; x_wconf 88' lang='lat' dir='ltr'>domus</span> <span class='ocrx_word' id='word_1_168' title='bbox 1040 1060 1180 1101; x_wconf 88' lang='lat' dir='ltr'>Israel:</span> <span class='ocrx_word' id='word_1_169' title='bbox 1206 1075 1288 1102; x_wconf 93' lang='lat' dir='ltr'>non</span> <span class='ocrx_word' id='word_1_170' title='bbox 1312 1061 1464 1114; x_wconf 90' lang='lat' dir='ltr'>poterit</span> <span class='ocrx_word' id='word_1_171' title='bbox 1489 1067 1597 1103; x_wconf 87' lang='lat' dir='ltr'>terra</span> <span class='ocrx_word' id='word_1_172' title='bbox 1620 1063 1818 1104; x_wconf 87' lang='lat' dir='ltr'>sustinere</span> <span class='ocrx_word' id='word_1_173' title='bbox 1843 1064 2052 1105; x_wconf 92' lang='lat' dir='ltr'>universos</span> <span class='ocrx_word' id='word_1_174' title='bbox 2088 1048 2230 1102; x_wconf 55' lang='grc' dir='ltr'>ςιιῗὲῗέιῖἷῗῐ</span> 
     </span>
    </p>
   </div>
   <div class='ocr_carea' id='block_1_7' title="bbox 2110 1119 2210 1142">
    <p class='ocr_par' dir='ltr' id='par_1_9' title="bbox 2110 1119 2210 1142">
     <span class='ocr_line' id='line_1_17' title="bbox 2110 1119 2210 1142; baseline 0 -6"><span class='ocrx_word' id='word_1_175' title='bbox 2110 1119 2210 1142; x_wconf 74' lang='lat' dir='ltr'>poenas</span> 
     </span>
    </p>
   </div>
   <div class='ocr_carea' id='block_1_8' title="bbox 138 1119 2228 1570">
    <p class='ocr_par' dir='ltr' id='par_1_10' title="bbox 140 1119 2228 1231">
     <span class='ocr_line' id='line_1_18' title="bbox 140 1119 2228 1178; baseline 0.002 -19"><span class='ocrx_word' id='word_1_176' title='bbox 140 1132 343 1160; x_wconf 85' lang='lat' dir='ltr'>sermones</span> <span class='ocrx_word' id='word_1_177' title='bbox 371 1119 466 1160; x_wconf 80' lang='lat' dir='ltr'>eius.</span> <span class='ocrx_word' id='word_1_178' title='bbox 524 1121 554 1143; x_wconf 89' lang='lat'>¹¹</span> <span class='ocrx_word' id='word_1_179' title='bbox 584 1119 681 1159; x_wconf 85' lang='lat' dir='ltr'>Haec</span> <span class='ocrx_word' id='word_1_180' title='bbox 708 1119 814 1159; x_wconf 87' lang='lat' dir='ltr'>enim</span> <span class='ocrx_word' id='word_1_181' title='bbox 843 1119 942 1160; x_wconf 86' lang='lat' dir='ltr'>dicit</span> <span class='ocrx_word' id='word_1_182' title='bbox 968 1119 1111 1161; x_wconf 85' lang='lat' dir='ltr'>Amos:</span> <span class='ocrx_word' id='word_1_183' title='bbox 1144 1120 1190 1160; x_wconf 88' lang='lat' dir='ltr'>In</span> <span class='ocrx_word' id='word_1_184' title='bbox 1217 1120 1352 1173; x_wconf 87' lang='lat' dir='ltr'>gladio</span> <span class='ocrx_word' id='word_1_185' title='bbox 1379 1120 1576 1161; x_wconf 88' lang='lat' dir='ltr'>morietur</span> <span class='ocrx_word' id='word_1_186' title='bbox 1604 1121 1829 1171; x_wconf 84' lang='lat' dir='ltr'>Ieroboam‚</span> <span class='ocrx_word' id='word_1_187' title='bbox 1860 1128 1901 1164; x_wconf 89' lang='lat' dir='ltr'>et</span> <span class='ocrx_word' id='word_1_188' title='bbox 1929 1122 2052 1163; x_wconf 87' lang='lat' dir='ltr'>Israel</span> <span class='ocrx_word' id='word_1_189' title='bbox 2090 1148 2228 1178; x_wconf 26' lang='lat' dir='ltr'>praedicit*</span> 
     </span>
     <span class='ocr_line' id='line_1_19' title="bbox 140 1177 2050 1231; baseline 0.002 -13"><span class='ocrx_word' id='word_1_190' title='bbox 140 1178 329 1231; x_wconf 87' lang='lat' dir='ltr'>captivus</span> <span class='ocrx_word' id='word_1_191' title='bbox 350 1177 544 1231; x_wconf 80' lang='lat' dir='ltr'>migrabit</span> <span class='ocrx_word' id='word_1_192' title='bbox 566 1178 615 1218; x_wconf 91' lang='lat' dir='ltr'>de</span> <span class='ocrx_word' id='word_1_193' title='bbox 638 1183 746 1218; x_wconf 85' lang='lat' dir='ltr'>terra</span> <span class='ocrx_word' id='word_1_194' title='bbox 768 1190 859 1218; x_wconf 87' lang='lat' dir='ltr'>sua:</span> <span class='ocrx_word' id='word_1_195' title='bbox 911 1179 942 1203; x_wconf 81' lang='lat'>¹²</span> <span class='ocrx_word' id='word_1_196' title='bbox 964 1178 1019 1219; x_wconf 88' lang='lat' dir='ltr'>Et</span> <span class='ocrx_word' id='word_1_197' title='bbox 1041 1178 1147 1219; x_wconf 89' lang='lat' dir='ltr'>dixit</span> <span class='ocrx_word' id='word_1_198' title='bbox 1169 1178 1355 1219; x_wconf 84' lang='lat' dir='ltr'>Amasias</span> <span class='ocrx_word' id='word_1_199' title='bbox 1378 1179 1429 1219; x_wconf 90' lang='lat' dir='ltr'>ad</span> <span class='ocrx_word' id='word_1_200' title='bbox 1452 1179 1595 1220; x_wconf 89' lang='lat' dir='ltr'>Amos:</span> <span class='ocrx_word' id='word_1_201' title='bbox 1621 1180 1699 1227; x_wconf 86' lang='lat' dir='ltr'>Qui</span> <span class='ocrx_word' id='word_1_202' title='bbox 1722 1180 1846 1225; x_wconf 80' lang='lat' dir='ltr'>vides.</span> <span class='ocrx_word' id='word_1_203' title='bbox 1871 1182 2050 1231; x_wconf 83' lang='lat' dir='ltr'>gradere,</span> 
     </span>
    </p>

    <p class='ocr_par' dir='ltr' id='par_1_11' title="bbox 138 1232 2054 1351">
     <span class='ocr_line' id='line_1_20' title="bbox 138 1232 2053 1290; baseline 0.002 -13"><span class='ocrx_word' id='word_1_204' title='bbox 138 1236 233 1290; x_wconf 84' lang='lat' dir='ltr'>fuge</span> <span class='ocrx_word' id='word_1_205' title='bbox 254 1236 294 1276; x_wconf 93' lang='lat' dir='ltr'>in</span> <span class='ocrx_word' id='word_1_206' title='bbox 317 1242 467 1277; x_wconf 88' lang='lat' dir='ltr'>terram</span> <span class='ocrx_word' id='word_1_207' title='bbox 493 1236 612 1277; x_wconf 89' lang='lat' dir='ltr'>Iuda:</span> <span class='ocrx_word' id='word_1_208' title='bbox 637 1242 677 1277; x_wconf 89' lang='lat' dir='ltr'>et</span> <span class='ocrx_word' id='word_1_209' title='bbox 699 1237 864 1277; x_wconf 87' lang='lat' dir='ltr'>comede</span> <span class='ocrx_word' id='word_1_210' title='bbox 886 1236 940 1277; x_wconf 93' lang='lat' dir='ltr'>ibi</span> <span class='ocrx_word' id='word_1_211' title='bbox 962 1250 1122 1290; x_wconf 88' lang='lat' dir='ltr'>panem.</span> <span class='ocrx_word' id='word_1_212' title='bbox 1147 1243 1186 1277; x_wconf 90' lang='lat' dir='ltr'>et</span> <span class='ocrx_word' id='word_1_213' title='bbox 1208 1237 1474 1290; x_wconf 84' lang='lat' dir='ltr'>prophetabis</span> <span class='ocrx_word' id='word_1_214' title='bbox 1497 1237 1563 1278; x_wconf 91' lang='lat' dir='ltr'>ibi.</span> <span class='ocrx_word' id='word_1_215' title='bbox 1614 1240 1646 1262; x_wconf 83' lang='lat'>¹³</span> <span class='ocrx_word' id='word_1_216' title='bbox 1666 1238 1722 1279; x_wconf 89' lang='lat' dir='ltr'>Et</span> <span class='ocrx_word' id='word_1_217' title='bbox 1742 1239 1783 1279; x_wconf 92' lang='lat' dir='ltr'>in</span> <span class='ocrx_word' id='word_1_218' title='bbox 1808 1232 1952 1280; x_wconf 79' lang='lat' dir='ltr'>Bethel</span> <span class='ocrx_word' id='word_1_219' title='bbox 1972 1253 2053 1280; x_wconf 93' lang='lat' dir='ltr'>non</span> 
     </span>
     <span class='ocr_line' id='line_1_21' title="bbox 139 1295 2054 1351; baseline 0.001 -15"><span class='ocrx_word' id='word_1_220' title='bbox 139 1295 302 1336; x_wconf 81' lang='lat' dir='ltr'>adjicies</span> <span class='ocrx_word' id='word_1_221' title='bbox 318 1295 427 1336; x_wconf 89' lang='lat' dir='ltr'>ultra</span> <span class='ocrx_word' id='word_1_222' title='bbox 441 1301 488 1336; x_wconf 90' lang='lat' dir='ltr'>ut</span> <span class='ocrx_word' id='word_1_223' title='bbox 502 1295 739 1348; x_wconf 88' lang='lat' dir='ltr'>prophetes:</span> <span class='ocrx_word' id='word_1_224' title='bbox 758 1295 854 1348; x_wconf 91' lang='lat' dir='ltr'>quia</span> <span class='ocrx_word' id='word_1_225' title='bbox 868 1295 1138 1336; x_wconf 85' lang='lat' dir='ltr'>sanctificatio</span> <span class='ocrx_word' id='word_1_226' title='bbox 1154 1296 1256 1348; x_wconf 84' lang='lat' dir='ltr'>regis</span> <span class='ocrx_word' id='word_1_227' title='bbox 1272 1301 1344 1344; x_wconf 88' lang='lat' dir='ltr'>est,</span> <span class='ocrx_word' id='word_1_228' title='bbox 1362 1301 1402 1336; x_wconf 89' lang='lat' dir='ltr'>et</span> <span class='ocrx_word' id='word_1_229' title='bbox 1418 1296 1563 1336; x_wconf 89' lang='lat' dir='ltr'>domus</span> <span class='ocrx_word' id='word_1_230' title='bbox 1579 1297 1690 1350; x_wconf 86' lang='lat' dir='ltr'>regni</span> <span class='ocrx_word' id='word_1_231' title='bbox 1705 1302 1777 1338; x_wconf 86' lang='lat' dir='ltr'>est.</span> <span class='ocrx_word' id='word_1_232' title='bbox 1823 1300 1854 1322; x_wconf 73' lang='lat'>¹⁴</span> <span class='ocrx_word' id='word_1_233' title='bbox 1871 1298 2054 1351; x_wconf 86' lang='lat' dir='ltr'>Respon-</span> 
     </span>
    </p>

    <p class='ocr_par' dir='ltr' id='par_1_12' title="bbox 140 1354 2052 1409">
     <span class='ocr_line' id='line_1_22' title="bbox 140 1354 2052 1409; baseline 0.002 -15"><span class='ocrx_word' id='word_1_234' title='bbox 140 1354 283 1407; x_wconf 91' lang='lat' dir='ltr'>ditque</span> <span class='ocrx_word' id='word_1_235' title='bbox 302 1354 439 1397; x_wconf 82' lang='lat' dir='ltr'>Amos.</span> <span class='ocrx_word' id='word_1_236' title='bbox 462 1359 503 1395; x_wconf 92' lang='lat' dir='ltr'>et</span> <span class='ocrx_word' id='word_1_237' title='bbox 522 1354 628 1394; x_wconf 84' lang='lat' dir='ltr'>dixit</span> <span class='ocrx_word' id='word_1_238' title='bbox 647 1354 699 1394; x_wconf 91' lang='lat' dir='ltr'>ad</span> <span class='ocrx_word' id='word_1_239' title='bbox 718 1354 946 1394; x_wconf 89' lang='lat' dir='ltr'>Amasiam:</span> <span class='ocrx_word' id='word_1_240' title='bbox 970 1354 1060 1394; x_wconf 83' lang='lat' dir='ltr'>Non</span> <span class='ocrx_word' id='word_1_241' title='bbox 1082 1368 1170 1394; x_wconf 92' lang='lat' dir='ltr'>sum</span> <span class='ocrx_word' id='word_1_242' title='bbox 1192 1354 1405 1407; x_wconf 81' lang='lat' dir='ltr'>propheta.</span> <span class='ocrx_word' id='word_1_243' title='bbox 1428 1360 1469 1395; x_wconf 92' lang='lat' dir='ltr'>et</span> <span class='ocrx_word' id='word_1_244' title='bbox 1488 1368 1569 1395; x_wconf 88' lang='lat' dir='ltr'>non</span> <span class='ocrx_word' id='word_1_245' title='bbox 1589 1369 1679 1396; x_wconf 91' lang='lat' dir='ltr'>sum</span> <span class='ocrx_word' id='word_1_246' title='bbox 1699 1355 1803 1396; x_wconf 89' lang='lat' dir='ltr'>filius</span> <span class='ocrx_word' id='word_1_247' title='bbox 1823 1357 2052 1409; x_wconf 80' lang='lat' dir='ltr'>proplietae:</span> 
     </span>
    </p>

    <p class='ocr_par' dir='ltr' id='par_1_13' title="bbox 138 1412 2056 1525">
     <span class='ocr_line' id='line_1_23' title="bbox 139 1412 2056 1468; baseline 0.001 -15"><span class='ocrx_word' id='word_1_248' title='bbox 139 1413 209 1453; x_wconf 87' lang='lat' dir='ltr'>sed</span> <span class='ocrx_word' id='word_1_249' title='bbox 227 1413 497 1453; x_wconf 84' lang='lat' dir='ltr'>armentarius</span> <span class='ocrx_word' id='word_1_250' title='bbox 516 1425 588 1465; x_wconf 86' lang='lat' dir='ltr'>ego</span> <span class='ocrx_word' id='word_1_251' title='bbox 606 1425 696 1452; x_wconf 90' lang='lat' dir='ltr'>sum</span> <span class='ocrx_word' id='word_1_252' title='bbox 715 1412 906 1452; x_wconf 79' lang='lat' dir='ltr'>vellicans</span> <span class='ocrx_word' id='word_1_253' title='bbox 925 1425 1170 1465; x_wconf 79' lang='lat' dir='ltr'>sycomoros,</span> <span class='ocrx_word' id='word_1_254' title='bbox 1219 1414 1250 1436; x_wconf 87' lang='lat'>¹⁵</span> <span class='ocrx_word' id='word_1_255' title='bbox 1268 1413 1324 1453; x_wconf 88' lang='lat' dir='ltr'>Et</span> <span class='ocrx_word' id='word_1_256' title='bbox 1341 1412 1438 1453; x_wconf 91' lang='lat' dir='ltr'>tulit</span> <span class='ocrx_word' id='word_1_257' title='bbox 1455 1426 1519 1453; x_wconf 87' lang='lat' dir='ltr'>me</span> <span class='ocrx_word' id='word_1_258' title='bbox 1538 1413 1738 1455; x_wconf 87' lang='lat' dir='ltr'>Dominus</span> <span class='ocrx_word' id='word_1_259' title='bbox 1758 1428 1849 1455; x_wconf 83' lang='lat' dir='ltr'>cuin</span> <span class='ocrx_word' id='word_1_260' title='bbox 1868 1428 2056 1468; x_wconf 90' lang='lat' dir='ltr'>sequerer</span> 
     </span>
     <span class='ocr_line' id='line_1_24' title="bbox 138 1470 2056 1525; baseline 0.002 -14"><span class='ocrx_word' id='word_1_261' title='bbox 138 1484 318 1525; x_wconf 77' lang='lat' dir='ltr'>gregem:</span> <span class='ocrx_word' id='word_1_262' title='bbox 342 1476 384 1512; x_wconf 87' lang='lat' dir='ltr'>et</span> <span class='ocrx_word' id='word_1_263' title='bbox 405 1471 511 1512; x_wconf 85' lang='lat' dir='ltr'>dixit</span> <span class='ocrx_word' id='word_1_264' title='bbox 531 1470 732 1511; x_wconf 88' lang='lat' dir='ltr'>Dominus</span> <span class='ocrx_word' id='word_1_265' title='bbox 756 1471 808 1511; x_wconf 89' lang='lat' dir='ltr'>ad</span> <span class='ocrx_word' id='word_1_266' title='bbox 830 1484 912 1511; x_wconf 88' lang='lat' dir='ltr'>me:</span> <span class='ocrx_word' id='word_1_267' title='bbox 937 1471 1051 1511; x_wconf 84' lang='lat' dir='ltr'>Vade</span> <span class='ocrx_word' id='word_1_268' title='bbox 1073 1471 1276 1525; x_wconf 87' lang='lat' dir='ltr'>propheta</span> <span class='ocrx_word' id='word_1_269' title='bbox 1298 1471 1349 1512; x_wconf 86' lang='lat' dir='ltr'>ad</span> <span class='ocrx_word' id='word_1_270' title='bbox 1374 1472 1571 1524; x_wconf 86' lang='lat' dir='ltr'>populum</span> <span class='ocrx_word' id='word_1_271' title='bbox 1594 1485 1729 1513; x_wconf 89' lang='lat' dir='ltr'>meum</span> <span class='ocrx_word' id='word_1_272' title='bbox 1756 1473 1891 1515; x_wconf 89' lang='lat' dir='ltr'>Israel.</span> <span class='ocrx_word' id='word_1_273' title='bbox 1943 1475 1977 1497; x_wconf 79' lang='lat'>¹⁶</span> <span class='ocrx_word' id='word_1_274' title='bbox 1999 1473 2056 1514; x_wconf 88' lang='lat' dir='ltr'>Et</span> 
     </span>
    </p>

    <p class='ocr_par' dir='ltr' id='par_1_14' title="bbox 140 1529 1018 1570">
     <span class='ocr_line' id='line_1_25' title="bbox 140 1529 1018 1570; baseline 0 0"><span class='ocrx_word' id='word_1_275' title='bbox 140 1543 246 1570; x_wconf 92' lang='lat' dir='ltr'>nunc</span> <span class='ocrx_word' id='word_1_276' title='bbox 274 1530 370 1570; x_wconf 89' lang='lat' dir='ltr'>audi</span> <span class='ocrx_word' id='word_1_277' title='bbox 398 1530 568 1570; x_wconf 90' lang='lat' dir='ltr'>verbum</span> <span class='ocrx_word' id='word_1_278' title='bbox 597 1529 782 1570; x_wconf 88' lang='lat' dir='ltr'>Domini:</span> <span class='ocrx_word' id='word_1_279' title='bbox 813 1530 872 1569; x_wconf 90' lang='lat' dir='ltr'>Tu</span> <span class='ocrx_word' id='word_1_280' title='bbox 901 1529 1018 1570; x_wconf 77' lang='lat' dir='ltr'>dieis:</span> 
     </span>
    </p>
   </div>
   <div class='ocr_carea' id='block_1_9' title="bbox 141 1599 2051 1888">
    <p class='ocr_par' dir='ltr' id='par_1_15' title="bbox 141 1599 2051 1888">
     <span class='ocr_line' id='line_1_26' title="bbox 192 1599 1818 1653; baseline 0.001 -12"><span class='ocrx_word' id='word_1_281' title='bbox 192 1600 283 1641; x_wconf 87' lang='lat' dir='ltr'>Non</span> <span class='ocrx_word' id='word_1_282' title='bbox 314 1599 578 1652; x_wconf 85' lang='lat' dir='ltr'>prophetabis</span> <span class='ocrx_word' id='word_1_283' title='bbox 608 1613 729 1652; x_wconf 86' lang='lat' dir='ltr'>super</span> <span class='ocrx_word' id='word_1_284' title='bbox 763 1599 894 1643; x_wconf 82' lang='lat' dir='ltr'>Israel.</span> <span class='ocrx_word' id='word_1_285' title='bbox 980 1606 1020 1640; x_wconf 90' lang='lat' dir='ltr'>et</span> <span class='ocrx_word' id='word_1_286' title='bbox 1050 1613 1129 1640; x_wconf 88' lang='lat' dir='ltr'>non</span> <span class='ocrx_word' id='word_1_287' title='bbox 1160 1599 1333 1641; x_wconf 82' lang='lat' dir='ltr'>stillabis</span> <span class='ocrx_word' id='word_1_288' title='bbox 1362 1613 1484 1653; x_wconf 91' lang='lat' dir='ltr'>super</span> <span class='ocrx_word' id='word_1_289' title='bbox 1512 1601 1679 1641; x_wconf 91' lang='lat' dir='ltr'>domum</span> <span class='ocrx_word' id='word_1_290' title='bbox 1710 1600 1818 1642; x_wconf 91' lang='lat' dir='ltr'>idoli.</span> 
     </span>
     <span class='ocr_line' id='line_1_27' title="bbox 141 1657 960 1711; baseline -0.001 -12"><span class='ocrx_word' id='word_1_291' title='bbox 141 1660 172 1682; x_wconf 84' lang='lat'>¹⁷</span> <span class='ocrx_word' id='word_1_292' title='bbox 191 1659 364 1711; x_wconf 82' lang='lat' dir='ltr'>Propter</span> <span class='ocrx_word' id='word_1_293' title='bbox 392 1659 468 1699; x_wconf 89' lang='lat' dir='ltr'>hoc</span> <span class='ocrx_word' id='word_1_294' title='bbox 498 1658 583 1698; x_wconf 85' lang='lat' dir='ltr'>haec</span> <span class='ocrx_word' id='word_1_295' title='bbox 612 1657 711 1699; x_wconf 87' lang='lat' dir='ltr'>dicit</span> <span class='ocrx_word' id='word_1_296' title='bbox 740 1658 960 1699; x_wconf 88' lang='lat' dir='ltr'>Dominus:</span> 
     </span>
     <span class='ocr_line' id='line_1_28' title="bbox 192 1716 2051 1772; baseline 0.001 -13"><span class='ocrx_word' id='word_1_297' title='bbox 192 1717 305 1759; x_wconf 85' lang='lat' dir='ltr'>Uxor</span> <span class='ocrx_word' id='word_1_298' title='bbox 334 1723 408 1758; x_wconf 86' lang='lat' dir='ltr'>tua</span> <span class='ocrx_word' id='word_1_299' title='bbox 435 1717 474 1757; x_wconf 92' lang='lat' dir='ltr'>in</span> <span class='ocrx_word' id='word_1_300' title='bbox 506 1716 675 1758; x_wconf 84' lang='lat' dir='ltr'>civitate</span> <span class='ocrx_word' id='word_1_301' title='bbox 704 1717 991 1758; x_wconf 81' lang='lat' dir='ltr'>fornicabitur:</span> <span class='ocrx_word' id='word_1_302' title='bbox 1076 1723 1117 1758; x_wconf 87' lang='lat' dir='ltr'>et</span> <span class='ocrx_word' id='word_1_303' title='bbox 1146 1718 1215 1758; x_wconf 89' lang='lat' dir='ltr'>filii</span> <span class='ocrx_word' id='word_1_304' title='bbox 1246 1718 1317 1762; x_wconf 79' lang='lat' dir='ltr'>tui,</span> <span class='ocrx_word' id='word_1_305' title='bbox 1350 1723 1391 1758; x_wconf 85' lang='lat' dir='ltr'>et</span> <span class='ocrx_word' id='word_1_306' title='bbox 1420 1717 1511 1759; x_wconf 79' lang='lat' dir='ltr'>filiae</span> <span class='ocrx_word' id='word_1_307' title='bbox 1540 1723 1622 1759; x_wconf 83' lang='lat' dir='ltr'>tuae</span> <span class='ocrx_word' id='word_1_308' title='bbox 1651 1719 1691 1759; x_wconf 94' lang='lat' dir='ltr'>in</span> <span class='ocrx_word' id='word_1_309' title='bbox 1720 1718 1855 1772; x_wconf 86' lang='lat' dir='ltr'>gladio</span> <span class='ocrx_word' id='word_1_310' title='bbox 1891 1719 2051 1768; x_wconf 84' lang='lat' dir='ltr'>cadent,</span> 
     </span>
     <span class='ocr_line' id='line_1_29' title="bbox 191 1776 1736 1830; baseline 0.001 -12"><span class='ocrx_word' id='word_1_311' title='bbox 191 1782 232 1818; x_wconf 87' lang='lat' dir='ltr'>et</span> <span class='ocrx_word' id='word_1_312' title='bbox 256 1776 404 1817; x_wconf 88' lang='lat' dir='ltr'>humus</span> <span class='ocrx_word' id='word_1_313' title='bbox 430 1780 504 1816; x_wconf 86' lang='lat' dir='ltr'>tua</span> <span class='ocrx_word' id='word_1_314' title='bbox 527 1776 707 1817; x_wconf 85' lang='lat' dir='ltr'>funiculo</span> <span class='ocrx_word' id='word_1_315' title='bbox 733 1776 943 1817; x_wconf 88' lang='lat' dir='ltr'>metietur:</span> <span class='ocrx_word' id='word_1_316' title='bbox 1024 1782 1064 1817; x_wconf 87' lang='lat' dir='ltr'>et</span> <span class='ocrx_word' id='word_1_317' title='bbox 1089 1782 1135 1817; x_wconf 92' lang='lat' dir='ltr'>tu</span> <span class='ocrx_word' id='word_1_318' title='bbox 1161 1776 1201 1817; x_wconf 92' lang='lat' dir='ltr'>in</span> <span class='ocrx_word' id='word_1_319' title='bbox 1227 1782 1336 1817; x_wconf 82' lang='lat' dir='ltr'>terra</span> <span class='ocrx_word' id='word_1_320' title='bbox 1360 1776 1519 1830; x_wconf 88' lang='lat' dir='ltr'>polluta</span> <span class='ocrx_word' id='word_1_321' title='bbox 1542 1777 1736 1828; x_wconf 88' lang='lat' dir='ltr'>morieris,</span> 
     </span>
     <span class='ocr_line' id='line_1_30' title="bbox 191 1834 1158 1888; baseline 0 -12"><span class='ocrx_word' id='word_1_322' title='bbox 191 1840 232 1876; x_wconf 90' lang='lat' dir='ltr'>et</span> <span class='ocrx_word' id='word_1_323' title='bbox 263 1834 386 1876; x_wconf 88' lang='lat' dir='ltr'>Israel</span> <span class='ocrx_word' id='word_1_324' title='bbox 415 1834 604 1887; x_wconf 80' lang='lat' dir='ltr'>captivus</span> <span class='ocrx_word' id='word_1_325' title='bbox 634 1835 828 1888; x_wconf 79' lang='lat' dir='ltr'>migrabit</span> <span class='ocrx_word' id='word_1_326' title='bbox 857 1836 906 1876; x_wconf 88' lang='lat' dir='ltr'>de</span> <span class='ocrx_word' id='word_1_327' title='bbox 937 1840 1045 1876; x_wconf 90' lang='lat' dir='ltr'>terra</span> <span class='ocrx_word' id='word_1_328' title='bbox 1073 1848 1158 1876; x_wconf 91' lang='lat' dir='ltr'>sua.</span> 
     </span>
    </p>
   </div>
   <div class='ocr_carea' id='block_1_10' title="bbox 246 1939 2247 2062">
    <p class='ocr_par' dir='ltr' id='par_1_16' title="bbox 246 1939 2247 2062">
     <span class='ocr_line' id='line_1_31' title="bbox 699 1939 1490 1992; baseline 0.001 -13"><span class='ocrx_word' id='word_1_329' title='bbox 699 1940 739 1980; x_wconf 89' lang='lat'>3.</span> <span class='ocrx_word' id='word_1_330' title='bbox 769 1939 968 1980; x_wconf 80' lang='lat' dir='ltr'>Uncinus</span> <span class='ocrx_word' id='word_1_331' title='bbox 996 1950 1257 1992; x_wconf 85' lang='lat' dir='ltr'>pomorum,</span> <span class='ocrx_word' id='word_1_332' title='bbox 1285 1940 1325 1990; x_wconf 90' lang='lat'>8,</span> <span class='ocrx_word' id='word_1_333' title='bbox 1344 1940 1490 1980; x_wconf 83' lang='lat'>1-14.</span> 
     </span>
     <span class='ocr_line' id='line_1_32' title="bbox 246 2008 2247 2062; baseline 0.001 -14"><span class='ocrx_word' id='word_1_334' title='bbox 246 2009 284 2051; x_wconf 84' lang='lat'>8.</span> <span class='ocrx_word' id='word_1_335' title='bbox 340 2011 352 2032; x_wconf 89' lang='lat'>¹</span> <span class='ocrx_word' id='word_1_336' title='bbox 388 2008 486 2049; x_wconf 81' lang='lat' dir='ltr'>Haec</span> <span class='ocrx_word' id='word_1_337' title='bbox 519 2008 700 2049; x_wconf 83' lang='lat' dir='ltr'>ostendit</span> <span class='ocrx_word' id='word_1_338' title='bbox 731 2008 829 2049; x_wconf 89' lang='lat' dir='ltr'>mihi</span> <span class='ocrx_word' id='word_1_339' title='bbox 863 2008 1064 2049; x_wconf 86' lang='lat' dir='ltr'>Dominus</span> <span class='ocrx_word' id='word_1_340' title='bbox 1097 2009 1227 2050; x_wconf 87' lang='lat' dir='ltr'>Deus:</span> <span class='ocrx_word' id='word_1_341' title='bbox 1262 2015 1302 2050; x_wconf 89' lang='lat' dir='ltr'>et</span> <span class='ocrx_word' id='word_1_342' title='bbox 1335 2022 1425 2050; x_wconf 82' lang='lat' dir='ltr'>eece</span> <span class='ocrx_word' id='word_1_343' title='bbox 1458 2009 1628 2049; x_wconf 89' lang='lat' dir='ltr'>uncinus</span> <span class='ocrx_word' id='word_1_344' title='bbox 1662 2022 1889 2062; x_wconf 89' lang='lat' dir='ltr'>pomorum.</span> <span class='ocrx_word' id='word_1_345' title='bbox 1951 2012 1966 2035; x_wconf 77' lang='lat'>2</span> <span class='ocrx_word' id='word_1_346' title='bbox 1997 2010 2247 2051; x_wconf 61' lang='lat' dir='ltr'>Etf&#39;inist‘opuli</span> 
     </span>
    </p>
   </div>
   <div class='ocr_carea' id='block_1_11' title="bbox 137 2125 2051 2296">
    <p class='ocr_par' dir='ltr' id='par_1_17' title="bbox 137 2125 2051 2296">
     <span class='ocr_line' id='line_1_33' title="bbox 139 2125 2050 2180; baseline 0.001 -14"><span class='ocrx_word' id='word_1_347' title='bbox 139 2125 261 2166; x_wconf 71' lang='lat' dir='ltr'>Venit</span> <span class='ocrx_word' id='word_1_348' title='bbox 286 2125 376 2166; x_wconf 90' lang='lat' dir='ltr'>finis</span> <span class='ocrx_word' id='word_1_349' title='bbox 403 2139 525 2179; x_wconf 90' lang='lat' dir='ltr'>super</span> <span class='ocrx_word' id='word_1_350' title='bbox 549 2125 747 2179; x_wconf 90' lang='lat' dir='ltr'>populum</span> <span class='ocrx_word' id='word_1_351' title='bbox 774 2139 910 2166; x_wconf 90' lang='lat' dir='ltr'>meum</span> <span class='ocrx_word' id='word_1_352' title='bbox 940 2126 1081 2167; x_wconf 87' lang='lat' dir='ltr'>Israel:</span> <span class='ocrx_word' id='word_1_353' title='bbox 1109 2140 1189 2167; x_wconf 93' lang='lat' dir='ltr'>non</span> <span class='ocrx_word' id='word_1_354' title='bbox 1218 2126 1405 2167; x_wconf 85' lang='lat' dir='ltr'>adiiciam</span> <span class='ocrx_word' id='word_1_355' title='bbox 1433 2127 1542 2167; x_wconf 86' lang='lat' dir='ltr'>ultra</span> <span class='ocrx_word' id='word_1_356' title='bbox 1567 2132 1614 2167; x_wconf 91' lang='lat' dir='ltr'>ut</span> <span class='ocrx_word' id='word_1_357' title='bbox 1639 2132 1918 2180; x_wconf 83' lang='lat' dir='ltr'>pertranseam</span> <span class='ocrx_word' id='word_1_358' title='bbox 1946 2141 2050 2169; x_wconf 89' lang='lat' dir='ltr'>eum.</span> 
     </span>
     <span class='ocr_line' id='line_1_34' title="bbox 137 2184 2051 2238; baseline 0.001 -13"><span class='ocrx_word' id='word_1_359' title='bbox 137 2188 152 2209; x_wconf 79' lang='lat'>³</span> <span class='ocrx_word' id='word_1_360' title='bbox 178 2184 232 2225; x_wconf 89' lang='lat' dir='ltr'>Et</span> <span class='ocrx_word' id='word_1_361' title='bbox 258 2184 492 2225; x_wconf 88' lang='lat' dir='ltr'>stridebunt</span> <span class='ocrx_word' id='word_1_362' title='bbox 518 2185 701 2225; x_wconf 83' lang='lat' dir='ltr'>cardines</span> <span class='ocrx_word' id='word_1_363' title='bbox 727 2185 870 2238; x_wconf 91' lang='lat' dir='ltr'>templi</span> <span class='ocrx_word' id='word_1_364' title='bbox 895 2184 935 2225; x_wconf 94' lang='lat' dir='ltr'>in</span> <span class='ocrx_word' id='word_1_365' title='bbox 962 2185 1025 2225; x_wconf 87' lang='lat' dir='ltr'>die</span> <span class='ocrx_word' id='word_1_366' title='bbox 1050 2185 1130 2229; x_wconf 82' lang='lat' dir='ltr'>illa.</span> <span class='ocrx_word' id='word_1_367' title='bbox 1158 2185 1256 2226; x_wconf 81' lang='lat' dir='ltr'>dicit</span> <span class='ocrx_word' id='word_1_368' title='bbox 1281 2185 1482 2226; x_wconf 88' lang='lat' dir='ltr'>Dominus</span> <span class='ocrx_word' id='word_1_369' title='bbox 1508 2185 1637 2226; x_wconf 89' lang='lat' dir='ltr'>Deus:</span> <span class='ocrx_word' id='word_1_370' title='bbox 1664 2185 1784 2226; x_wconf 89' lang='lat' dir='ltr'>multi</span> <span class='ocrx_word' id='word_1_371' title='bbox 1809 2186 2051 2227; x_wconf 90' lang='lat' dir='ltr'>morientur:</span> 
     </span>
     <span class='ocr_line' id='line_1_35' title="bbox 137 2243 935 2296; baseline 0 -12"><span class='ocrx_word' id='word_1_372' title='bbox 137 2244 177 2284; x_wconf 92' lang='lat' dir='ltr'>in</span> <span class='ocrx_word' id='word_1_373' title='bbox 206 2243 316 2284; x_wconf 93' lang='lat' dir='ltr'>omni</span> <span class='ocrx_word' id='word_1_374' title='bbox 341 2243 429 2284; x_wconf 87' lang='lat' dir='ltr'>loco</span> <span class='ocrx_word' id='word_1_375' title='bbox 456 2244 691 2296; x_wconf 84' lang='lat' dir='ltr'>proiicietur</span> <span class='ocrx_word' id='word_1_376' title='bbox 716 2243 935 2285; x_wconf 89' lang='lat' dir='ltr'>silentium.</span> 
     </span>
    </p>
   </div>
   <div class='ocr_carea' id='block_1_12' title="bbox 153 2335 2237 2510">
    <p class='ocr_par' dir='ltr' id='par_1_18' title="bbox 153 2335 2237 2510">
     <span class='ocr_line' id='line_1_36' title="bbox 153 2335 2211 2399; baseline -0 -21"><span class='ocrx_word' id='word_1_377' title='bbox 153 2340 169 2362; x_wconf 74' lang='lat'><strong>⁴</strong></span> <span class='ocrx_word' id='word_1_378' title='bbox 189 2337 341 2378; x_wconf 88' lang='lat' dir='ltr'>Audite</span> <span class='ocrx_word' id='word_1_379' title='bbox 370 2337 446 2378; x_wconf 89' lang='lat' dir='ltr'>hoc</span> <span class='ocrx_word' id='word_1_380' title='bbox 476 2336 545 2390; x_wconf 92' lang='lat' dir='ltr'>qui</span> <span class='ocrx_word' id='word_1_381' title='bbox 575 2337 784 2378; x_wconf 89' lang='lat' dir='ltr'>conteritis</span> <span class='ocrx_word' id='word_1_382' title='bbox 814 2349 1048 2389; x_wconf 88' lang='lat' dir='ltr'>pauperem,</span> <span class='ocrx_word' id='word_1_383' title='bbox 1132 2341 1174 2376; x_wconf 91' lang='lat' dir='ltr'>et</span> <span class='ocrx_word' id='word_1_384' title='bbox 1203 2335 1371 2376; x_wconf 78' lang='lat' dir='ltr'>deficere</span> <span class='ocrx_word' id='word_1_385' title='bbox 1401 2336 1535 2377; x_wconf 88' lang='lat' dir='ltr'>facitis</span> <span class='ocrx_word' id='word_1_386' title='bbox 1565 2349 1710 2390; x_wconf 87' lang='lat' dir='ltr'>egenos</span> <span class='ocrx_word' id='word_1_387' title='bbox 1741 2342 1869 2385; x_wconf 60' lang='lat' dir='ltr'>terrae,</span> <span class='ocrx_word' id='word_1_388' title='bbox 2114 2340 2211 2399; x_wconf 50' lang='lat' dir='ltr'>Am0¹j³3</span> 
     </span>
     <span class='ocr_line' id='line_1_37' title="bbox 154 2380 2214 2449; baseline -0.001 -13"><span class='ocrx_word' id='word_1_389' title='bbox 154 2399 169 2421; x_wconf 67' lang='grc' dir='ltr'>ὖ</span> <span class='ocrx_word' id='word_1_390' title='bbox 189 2395 388 2436; x_wconf 88' lang='lat' dir='ltr'>dicentes:</span> <span class='ocrx_word' id='word_1_391' title='bbox 420 2395 594 2443; x_wconf 87' lang='lat' dir='ltr'>Quando</span> <span class='ocrx_word' id='word_1_392' title='bbox 625 2394 817 2436; x_wconf 91' lang='lat' dir='ltr'>transibit</span> <span class='ocrx_word' id='word_1_393' title='bbox 846 2395 1007 2439; x_wconf 82' lang='lat' dir='ltr'>mensis,</span> <span class='ocrx_word' id='word_1_394' title='bbox 1092 2400 1132 2435; x_wconf 90' lang='lat' dir='ltr'>et</span> <span class='ocrx_word' id='word_1_395' title='bbox 1161 2394 1490 2436; x_wconf 84' lang='lat' dir='ltr'>venundabimus</span> <span class='ocrx_word' id='word_1_396' title='bbox 1519 2408 1689 2436; x_wconf 88' lang='lat' dir='ltr'>merces:</span> <span class='ocrx_word' id='word_1_397' title='bbox 2098 2380 2214 2449; x_wconf 45' lang='lat' dir='ltr'>&amp;giis-</span> 
     </span>
     <span class='ocr_line' id='line_1_38' title="bbox 189 2451 2237 2510; baseline -0.001 -15"><span class='ocrx_word' id='word_1_398' title='bbox 189 2460 231 2495; x_wconf 83' lang='lat' dir='ltr'>et.</span> <span class='ocrx_word' id='word_1_399' title='bbox 259 2454 493 2503; x_wconf 83' lang='lat' dir='ltr'>sabbatum,</span> <span class='ocrx_word' id='word_1_400' title='bbox 576 2458 619 2494; x_wconf 92' lang='lat' dir='ltr'>et</span> <span class='ocrx_word' id='word_1_401' title='bbox 648 2453 874 2507; x_wconf 87' lang='lat' dir='ltr'>aperiemus</span> <span class='ocrx_word' id='word_1_402' title='bbox 904 2454 1176 2494; x_wconf 86' lang='lat' dir='ltr'>frumentum:</span> <span class='ocrx_word' id='word_1_403' title='bbox 2078 2451 2237 2510; x_wconf 54' lang='lat' dir='ltr'>pfflssf‘r&#39;ffm</span> 
     </span>
    </p>
   </div>
   <div class='ocr_carea' id='block_1_13' title="bbox 139 2512 2248 3387">
    <p class='ocr_par' dir='ltr' id='par_1_19' title="bbox 139 2512 2248 3387">
     <span class='ocr_line' id='line_1_39' title="bbox 190 2512 2233 2566; baseline 0 -13"><span class='ocrx_word' id='word_1_404' title='bbox 190 2519 237 2554; x_wconf 91' lang='lat' dir='ltr'>ut</span> <span class='ocrx_word' id='word_1_405' title='bbox 251 2513 542 2553; x_wconf 85' lang='lat' dir='ltr'>imminuamus</span> <span class='ocrx_word' id='word_1_406' title='bbox 557 2525 802 2557; x_wconf 84' lang='lat' dir='ltr'>mensuram,</span> <span class='ocrx_word' id='word_1_407' title='bbox 820 2518 860 2553; x_wconf 87' lang='lat' dir='ltr'>et</span> <span class='ocrx_word' id='word_1_408' title='bbox 875 2525 1096 2566; x_wconf 83' lang='lat' dir='ltr'>augeamus</span> <span class='ocrx_word' id='word_1_409' title='bbox 1111 2512 1267 2561; x_wconf 78' lang='lat' dir='ltr'>siclum,</span> <span class='ocrx_word' id='word_1_410' title='bbox 1336 2518 1377 2553; x_wconf 92' lang='lat' dir='ltr'>et</span> <span class='ocrx_word' id='word_1_411' title='bbox 1391 2525 1671 2566; x_wconf 87' lang='lat' dir='ltr'>supponamus</span> <span class='ocrx_word' id='word_1_412' title='bbox 1686 2517 1860 2554; x_wconf 85' lang='lat' dir='ltr'>stateras</span> <span class='ocrx_word' id='word_1_413' title='bbox 1875 2512 2047 2557; x_wconf 83' lang='lat' dir='ltr'>dolosas.</span> <span class='ocrx_word' id='word_1_414' title='bbox 2079 2515 2233 2545; x_wconf 55' lang='lat' dir='ltr'>“xpmbfflt</span> 
     </span>
     <span class='ocr_line' id='line_1_40' title="bbox 154 2571 1770 2625; baseline 0 -13"><span class='ocrx_word' id='word_1_415' title='bbox 154 2573 169 2596; x_wconf 83' lang='lat'><strong>⁶</strong></span> <span class='ocrx_word' id='word_1_416' title='bbox 189 2576 237 2612; x_wconf 92' lang='lat' dir='ltr'>ut</span> <span class='ocrx_word' id='word_1_417' title='bbox 265 2571 545 2625; x_wconf 90' lang='lat' dir='ltr'>possideamus</span> <span class='ocrx_word' id='word_1_418' title='bbox 574 2571 615 2612; x_wconf 93' lang='lat' dir='ltr'>in</span> <span class='ocrx_word' id='word_1_419' title='bbox 645 2576 813 2625; x_wconf 87' lang='lat' dir='ltr'>argento</span> <span class='ocrx_word' id='word_1_420' title='bbox 844 2584 990 2625; x_wconf 88' lang='lat' dir='ltr'>egenos</span> <span class='ocrx_word' id='word_1_421' title='bbox 1072 2576 1113 2612; x_wconf 89' lang='lat' dir='ltr'>et</span> <span class='ocrx_word' id='word_1_422' title='bbox 1142 2584 1340 2624; x_wconf 87' lang='lat' dir='ltr'>pauperes</span> <span class='ocrx_word' id='word_1_423' title='bbox 1370 2584 1442 2624; x_wconf 92' lang='lat' dir='ltr'>pro</span> <span class='ocrx_word' id='word_1_424' title='bbox 1473 2571 1770 2617; x_wconf 83' lang='lat' dir='ltr'>calceamentis,</span> 
     </span>
     <span class='ocr_line' id='line_1_41' title="bbox 189 2629 1005 2684; baseline -0.001 -13"><span class='ocrx_word' id='word_1_425' title='bbox 189 2636 230 2671; x_wconf 87' lang='lat' dir='ltr'>et</span> <span class='ocrx_word' id='word_1_426' title='bbox 260 2630 498 2684; x_wconf 88' lang='lat' dir='ltr'>quisquilias</span> <span class='ocrx_word' id='word_1_427' title='bbox 528 2630 723 2671; x_wconf 89' lang='lat' dir='ltr'>frumenti</span> <span class='ocrx_word' id='word_1_428' title='bbox 752 2629 1005 2671; x_wconf 82' lang='lat' dir='ltr'>vendamus?</span> 
     </span>
     <span class='ocr_line' id='line_1_42' title="bbox 155 2688 2247 2747; baseline -0 -18"><span class='ocrx_word' id='word_1_429' title='bbox 155 2691 168 2712; x_wconf 82' lang='lat'>⁷</span> <span class='ocrx_word' id='word_1_430' title='bbox 191 2689 351 2730; x_wconf 83' lang='lat' dir='ltr'>Iuravit</span> <span class='ocrx_word' id='word_1_431' title='bbox 374 2689 576 2730; x_wconf 90' lang='lat' dir='ltr'>Dominus</span> <span class='ocrx_word' id='word_1_432' title='bbox 601 2689 643 2730; x_wconf 92' lang='lat' dir='ltr'>in</span> <span class='ocrx_word' id='word_1_433' title='bbox 667 2689 901 2742; x_wconf 89' lang='lat' dir='ltr'>superbiam</span> <span class='ocrx_word' id='word_1_434' title='bbox 929 2688 1070 2730; x_wconf 85' lang='lat' dir='ltr'>Iacob:</span> <span class='ocrx_word' id='word_1_435' title='bbox 1150 2689 1192 2730; x_wconf 81' lang='lat' dir='ltr'>Si</span> <span class='ocrx_word' id='word_1_436' title='bbox 1217 2688 1368 2730; x_wconf 89' lang='lat' dir='ltr'>oblitus</span> <span class='ocrx_word' id='word_1_437' title='bbox 1393 2688 1507 2729; x_wconf 81' lang='lat' dir='ltr'>fuero</span> <span class='ocrx_word' id='word_1_438' title='bbox 1534 2702 1661 2742; x_wconf 90' lang='lat' dir='ltr'>usque</span> <span class='ocrx_word' id='word_1_439' title='bbox 1687 2689 1740 2729; x_wconf 85' lang='lat' dir='ltr'>ad</span> <span class='ocrx_word' id='word_1_440' title='bbox 1764 2688 1886 2729; x_wconf 89' lang='lat' dir='ltr'>finem</span> <span class='ocrx_word' id='word_1_441' title='bbox 1912 2688 2050 2729; x_wconf 88' lang='lat' dir='ltr'>onmia</span> <span class='ocrx_word' id='word_1_442' title='bbox 2066 2688 2247 2747; x_wconf 46' lang='lat' dir='ltr'>calffiissgtes</span> 
     </span>
     <span class='ocr_line' id='line_1_43' title="bbox 399 2758 2248 2801; baseline -0.001 -18"><span class='ocrx_word' id='word_1_443' title='bbox 399 2760 524 2801; x_wconf 75' lang='lat' dir='ltr'>opera</span> <span class='ocrx_word' id='word_1_444' title='bbox 550 2761 702 2789; x_wconf 61' lang='lat' dir='ltr'>eorum.</span> <span class='ocrx_word' id='word_1_445' title='bbox 2065 2758 2248 2782; x_wconf 72' lang='lat' dir='ltr'>imminentes</span> 
     </span>
     <span class='ocr_line' id='line_1_44' title="bbox 154 2793 2245 2860; baseline 0 -14"><span class='ocrx_word' id='word_1_446' title='bbox 154 2808 169 2830; x_wconf 79' lang='lat'>⁸</span> <span class='ocrx_word' id='word_1_447' title='bbox 190 2806 402 2860; x_wconf 90' lang='lat' dir='ltr'>Numquid</span> <span class='ocrx_word' id='word_1_448' title='bbox 424 2819 546 2860; x_wconf 88' lang='lat' dir='ltr'>super</span> <span class='ocrx_word' id='word_1_449' title='bbox 566 2806 645 2848; x_wconf 92' lang='lat' dir='ltr'>isto</span> <span class='ocrx_word' id='word_1_450' title='bbox 667 2820 749 2847; x_wconf 93' lang='lat' dir='ltr'>non</span> <span class='ocrx_word' id='word_1_451' title='bbox 772 2806 1100 2847; x_wconf 87' lang='lat' dir='ltr'>commovebitur</span> <span class='ocrx_word' id='word_1_452' title='bbox 1121 2811 1241 2855; x_wconf 81' lang='lat' dir='ltr'>terra,</span> <span class='ocrx_word' id='word_1_453' title='bbox 1319 2811 1360 2847; x_wconf 91' lang='lat' dir='ltr'>et</span> <span class='ocrx_word' id='word_1_454' title='bbox 1380 2806 1535 2859; x_wconf 83' lang='lat' dir='ltr'>lugebit</span> <span class='ocrx_word' id='word_1_455' title='bbox 1559 2805 1689 2847; x_wconf 88' lang='lat' dir='ltr'>omnis</span> <span class='ocrx_word' id='word_1_456' title='bbox 1712 2805 1923 2847; x_wconf 88' lang='lat' dir='ltr'>habitator</span> <span class='ocrx_word' id='word_1_457' title='bbox 1944 2805 2047 2846; x_wconf 90' lang='lat' dir='ltr'>eius:</span> <span class='ocrx_word' id='word_1_458' title='bbox 2081 2793 2245 2823; x_wconf 65' lang='lat'>¹³¹⁰¹’¹¹‘&#39;‘³“</span> 
     </span>
     <span class='ocr_line' id='line_1_45' title="bbox 190 2863 2050 2918; baseline -0.001 -12"><span class='ocrx_word' id='word_1_459' title='bbox 190 2869 231 2905; x_wconf 86' lang='lat' dir='ltr'>et</span> <span class='ocrx_word' id='word_1_460' title='bbox 252 2865 444 2906; x_wconf 81' lang='lat' dir='ltr'>ascendet</span> <span class='ocrx_word' id='word_1_461' title='bbox 465 2865 581 2918; x_wconf 89' lang='lat' dir='ltr'>quasi</span> <span class='ocrx_word' id='word_1_462' title='bbox 602 2865 750 2906; x_wconf 91' lang='lat' dir='ltr'>fluvius</span> <span class='ocrx_word' id='word_1_463' title='bbox 772 2865 997 2911; x_wconf 76' lang='lat' dir='ltr'>universus,</span> <span class='ocrx_word' id='word_1_464' title='bbox 1074 2870 1115 2905; x_wconf 90' lang='lat' dir='ltr'>et</span> <span class='ocrx_word' id='word_1_465' title='bbox 1135 2864 1328 2909; x_wconf 79' lang='lat' dir='ltr'>eiicietur.</span> <span class='ocrx_word' id='word_1_466' title='bbox 1352 2870 1393 2906; x_wconf 91' lang='lat' dir='ltr'>et</span> <span class='ocrx_word' id='word_1_467' title='bbox 1414 2863 1566 2906; x_wconf 85' lang='lat' dir='ltr'>defluet</span> <span class='ocrx_word' id='word_1_468' title='bbox 1587 2864 1702 2917; x_wconf 87' lang='lat' dir='ltr'>quasi</span> <span class='ocrx_word' id='word_1_469' title='bbox 1723 2863 1834 2905; x_wconf 91' lang='lat' dir='ltr'>rivus</span> <span class='ocrx_word' id='word_1_470' title='bbox 1856 2863 2050 2918; x_wconf 82' lang='lat' dir='ltr'>AEgypti?</span> 
     </span>
     <span class='ocr_line' id='line_1_46' title="bbox 154 2922 1142 2973; baseline -0.001 -9"><span class='ocrx_word' id='word_1_471' title='bbox 154 2926 169 2948; x_wconf 75' lang='lat'>⁹</span> <span class='ocrx_word' id='word_1_472' title='bbox 190 2922 246 2964; x_wconf 90' lang='lat' dir='ltr'>Et</span> <span class='ocrx_word' id='word_1_473' title='bbox 274 2922 351 2964; x_wconf 90' lang='lat' dir='ltr'>erit</span> <span class='ocrx_word' id='word_1_474' title='bbox 378 2923 420 2964; x_wconf 92' lang='lat' dir='ltr'>in</span> <span class='ocrx_word' id='word_1_475' title='bbox 450 2924 514 2964; x_wconf 92' lang='lat' dir='ltr'>die</span> <span class='ocrx_word' id='word_1_476' title='bbox 542 2923 622 2973; x_wconf 80' lang='lat' dir='ltr'>illa,</span> <span class='ocrx_word' id='word_1_477' title='bbox 654 2923 754 2964; x_wconf 87' lang='lat' dir='ltr'>dicit</span> <span class='ocrx_word' id='word_1_478' title='bbox 782 2923 984 2964; x_wconf 85' lang='lat' dir='ltr'>Dominus</span> <span class='ocrx_word' id='word_1_479' title='bbox 1013 2923 1142 2964; x_wconf 89' lang='lat' dir='ltr'>Deus:</span> 
     </span>
     <span class='ocr_line' id='line_1_47' title="bbox 190 2981 1863 3027; baseline 0.001 -5"><span class='ocrx_word' id='word_1_480' title='bbox 190 2982 348 3023; x_wconf 87' lang='lat' dir='ltr'>occidet</span> <span class='ocrx_word' id='word_1_481' title='bbox 375 2981 434 3023; x_wconf 90' lang='lat' dir='ltr'>sol</span> <span class='ocrx_word' id='word_1_482' title='bbox 461 2982 502 3022; x_wconf 93' lang='lat' dir='ltr'>in</span> <span class='ocrx_word' id='word_1_483' title='bbox 530 2982 709 3027; x_wconf 72' lang='lat' dir='ltr'>meridie,</span> <span class='ocrx_word' id='word_1_484' title='bbox 792 2987 834 3022; x_wconf 87' lang='lat' dir='ltr'>et</span> <span class='ocrx_word' id='word_1_485' title='bbox 861 2982 1138 3023; x_wconf 88' lang='lat' dir='ltr'>tenebrescere</span> <span class='ocrx_word' id='word_1_486' title='bbox 1166 2981 1314 3023; x_wconf 81' lang='lat' dir='ltr'>faciam</span> <span class='ocrx_word' id='word_1_487' title='bbox 1343 2987 1493 3023; x_wconf 89' lang='lat' dir='ltr'>terram</span> <span class='ocrx_word' id='word_1_488' title='bbox 1522 2981 1563 3022; x_wconf 94' lang='lat' dir='ltr'>in</span> <span class='ocrx_word' id='word_1_489' title='bbox 1592 2981 1656 3022; x_wconf 91' lang='lat' dir='ltr'>die</span> <span class='ocrx_word' id='word_1_490' title='bbox 1682 2981 1863 3023; x_wconf 85' lang='lat' dir='ltr'>luminis:</span> 
     </span>
     <span class='ocr_line' id='line_1_48' title="bbox 139 3039 2049 3089; baseline -0.001 -7"><span class='ocrx_word' id='word_1_491' title='bbox 139 3043 174 3065; x_wconf 87' lang='lat'>¹⁰</span> <span class='ocrx_word' id='word_1_492' title='bbox 195 3045 256 3082; x_wconf 76' lang='lat' dir='ltr'>aet</span> <span class='ocrx_word' id='word_1_493' title='bbox 289 3045 528 3081; x_wconf 86' lang='lat' dir='ltr'>convertam</span> <span class='ocrx_word' id='word_1_494' title='bbox 562 3040 810 3081; x_wconf 86' lang='lat' dir='ltr'>festivitates</span> <span class='ocrx_word' id='word_1_495' title='bbox 844 3045 1001 3081; x_wconf 86' lang='lat' dir='ltr'>vestras</span> <span class='ocrx_word' id='word_1_496' title='bbox 1034 3040 1076 3080; x_wconf 93' lang='lat' dir='ltr'>in</span> <span class='ocrx_word' id='word_1_497' title='bbox 1108 3040 1280 3089; x_wconf 80' lang='lat' dir='ltr'>luctum,</span> <span class='ocrx_word' id='word_1_498' title='bbox 1399 3045 1441 3081; x_wconf 89' lang='lat' dir='ltr'>et</span> <span class='ocrx_word' id='word_1_499' title='bbox 1474 3040 1612 3081; x_wconf 88' lang='lat' dir='ltr'>onmia</span> <span class='ocrx_word' id='word_1_500' title='bbox 1644 3039 1807 3081; x_wconf 88' lang='lat' dir='ltr'>cantica</span> <span class='ocrx_word' id='word_1_501' title='bbox 1839 3045 1978 3081; x_wconf 88' lang='lat' dir='ltr'>vestra</span> <span class='ocrx_word' id='word_1_502' title='bbox 2009 3040 2049 3080; x_wconf 91' lang='lat' dir='ltr'>in</span> 
     </span>
     <span class='ocr_line' id='line_1_49' title="bbox 398 3098 630 3152; baseline -0.004 -13"><span class='ocrx_word' id='word_1_503' title='bbox 398 3098 630 3152; x_wconf 89' lang='lat' dir='ltr'>planctum:</span> 
     </span>
     <span class='ocr_line' id='line_1_50' title="bbox 189 3157 2048 3211; baseline -0.001 -13"><span class='ocrx_word' id='word_1_504' title='bbox 189 3163 231 3198; x_wconf 82' lang='lat' dir='ltr'>et</span> <span class='ocrx_word' id='word_1_505' title='bbox 245 3157 437 3199; x_wconf 88' lang='lat' dir='ltr'>inducam</span> <span class='ocrx_word' id='word_1_506' title='bbox 454 3170 575 3210; x_wconf 86' lang='lat' dir='ltr'>super</span> <span class='ocrx_word' id='word_1_507' title='bbox 589 3170 708 3199; x_wconf 88' lang='lat' dir='ltr'>omne</span> <span class='ocrx_word' id='word_1_508' title='bbox 724 3157 890 3199; x_wconf 91' lang='lat' dir='ltr'>dorsum</span> <span class='ocrx_word' id='word_1_509' title='bbox 906 3163 1089 3198; x_wconf 89' lang='lat' dir='ltr'>vestrum</span> <span class='ocrx_word' id='word_1_510' title='bbox 1105 3171 1280 3207; x_wconf 74' lang='lat' dir='ltr'>saccum,</span> <span class='ocrx_word' id='word_1_511' title='bbox 1351 3162 1392 3198; x_wconf 90' lang='lat' dir='ltr'>et</span> <span class='ocrx_word' id='word_1_512' title='bbox 1407 3170 1527 3211; x_wconf 89' lang='lat' dir='ltr'>super</span> <span class='ocrx_word' id='word_1_513' title='bbox 1542 3170 1661 3198; x_wconf 91' lang='lat' dir='ltr'>omne</span> <span class='ocrx_word' id='word_1_514' title='bbox 1677 3162 1803 3211; x_wconf 88' lang='lat' dir='ltr'>caput</span> <span class='ocrx_word' id='word_1_515' title='bbox 1817 3157 2048 3198; x_wconf 86' lang='lat' dir='ltr'>calvitium:</span> 
     </span>
     <span class='ocr_line' id='line_1_51' title="bbox 189 3215 2048 3270; baseline 0 -14"><span class='ocrx_word' id='word_1_516' title='bbox 189 3222 231 3257; x_wconf 84' lang='lat' dir='ltr'>et</span> <span class='ocrx_word' id='word_1_517' title='bbox 253 3229 405 3270; x_wconf 89' lang='lat' dir='ltr'>ponam</span> <span class='ocrx_word' id='word_1_518' title='bbox 430 3229 520 3257; x_wconf 85' lang='lat' dir='ltr'>eam</span> <span class='ocrx_word' id='word_1_519' title='bbox 546 3216 662 3269; x_wconf 91' lang='lat' dir='ltr'>quasi</span> <span class='ocrx_word' id='word_1_520' title='bbox 684 3216 842 3257; x_wconf 85' lang='lat' dir='ltr'>luctum</span> <span class='ocrx_word' id='word_1_521' title='bbox 867 3216 1078 3270; x_wconf 82' lang='lat' dir='ltr'>unigeniti,</span> <span class='ocrx_word' id='word_1_522' title='bbox 1157 3222 1198 3257; x_wconf 90' lang='lat' dir='ltr'>et</span> <span class='ocrx_word' id='word_1_523' title='bbox 1222 3215 1445 3257; x_wconf 88' lang='lat' dir='ltr'>novissima</span> <span class='ocrx_word' id='word_1_524' title='bbox 1468 3216 1552 3256; x_wconf 90' lang='lat' dir='ltr'>eius</span> <span class='ocrx_word' id='word_1_525' title='bbox 1577 3215 1693 3269; x_wconf 89' lang='lat' dir='ltr'>quasi</span> <span class='ocrx_word' id='word_1_526' title='bbox 1718 3215 1824 3256; x_wconf 88' lang='lat' dir='ltr'>diem</span> <span class='ocrx_word' id='word_1_527' title='bbox 1850 3228 2048 3257; x_wconf 84' lang='lat' dir='ltr'>amarum.</span> 
     </span>
     <span class='ocr_line' id='line_1_52' title="bbox 140 3274 1787 3323; baseline -0.001 -7"><span class='ocrx_word' id='word_1_528' title='bbox 140 3278 168 3300; x_wconf 88' lang='lat'>¹¹</span> <span class='ocrx_word' id='word_1_529' title='bbox 191 3275 296 3316; x_wconf 85' lang='lat' dir='ltr'>Ecce</span> <span class='ocrx_word' id='word_1_530' title='bbox 326 3275 410 3316; x_wconf 89' lang='lat' dir='ltr'>dies</span> <span class='ocrx_word' id='word_1_531' title='bbox 441 3274 625 3323; x_wconf 81' lang='lat' dir='ltr'>veniunt,</span> <span class='ocrx_word' id='word_1_532' title='bbox 659 3274 758 3315; x_wconf 92' lang='lat' dir='ltr'>dicit</span> <span class='ocrx_word' id='word_1_533' title='bbox 788 3275 1008 3316; x_wconf 90' lang='lat' dir='ltr'>Dominus:</span> <span class='ocrx_word' id='word_1_534' title='bbox 1094 3280 1136 3316; x_wconf 78' lang='lat' dir='ltr'>et</span> <span class='ocrx_word' id='word_1_535' title='bbox 1165 3275 1331 3316; x_wconf 87' lang='lat' dir='ltr'>mittam</span> <span class='ocrx_word' id='word_1_536' title='bbox 1362 3274 1513 3315; x_wconf 88' lang='lat' dir='ltr'>famem</span> <span class='ocrx_word' id='word_1_537' title='bbox 1544 3274 1585 3315; x_wconf 93' lang='lat' dir='ltr'>in</span> <span class='ocrx_word' id='word_1_538' title='bbox 1617 3280 1787 3315; x_wconf 88' lang='lat' dir='ltr'>terram:</span> 
     </span>
     <span class='ocr_line' id='line_1_53' title="bbox 189 3332 1864 3387; baseline -0.001 -13"><span class='ocrx_word' id='word_1_539' title='bbox 189 3346 271 3374; x_wconf 90' lang='lat' dir='ltr'>non</span> <span class='ocrx_word' id='word_1_540' title='bbox 301 3334 452 3374; x_wconf 83' lang='lat' dir='ltr'>famem</span> <span class='ocrx_word' id='word_1_541' title='bbox 484 3333 612 3387; x_wconf 79' lang='lat' dir='ltr'>panis,</span> <span class='ocrx_word' id='word_1_542' title='bbox 646 3346 776 3386; x_wconf 86' lang='lat' dir='ltr'>neque</span> <span class='ocrx_word' id='word_1_543' title='bbox 807 3333 917 3374; x_wconf 87' lang='lat' dir='ltr'>sitim</span> <span class='ocrx_word' id='word_1_544' title='bbox 948 3347 1076 3387; x_wconf 82' lang='lat' dir='ltr'>aquae.</span> <span class='ocrx_word' id='word_1_545' title='bbox 1162 3334 1232 3375; x_wconf 86' lang='lat' dir='ltr'>sed</span> <span class='ocrx_word' id='word_1_546' title='bbox 1263 3333 1455 3374; x_wconf 87' lang='lat' dir='ltr'>audiendi</span> <span class='ocrx_word' id='word_1_547' title='bbox 1485 3333 1657 3374; x_wconf 89' lang='lat' dir='ltr'>verbum</span> <span class='ocrx_word' id='word_1_548' title='bbox 1686 3332 1864 3375; x_wconf 88' lang='lat' dir='ltr'>Domini.</span> 
     </span>
    </p>
   </div>
   <div class='ocr_carea' id='block_1_14' title="bbox 274 3425 882 3467">
    <p class='ocr_par' dir='ltr' id='par_1_20' title="bbox 274 3425 882 3467">
     <span class='ocr_line' id='line_1_54' title="bbox 274 3425 882 3467; baseline 0 -8"><span class='ocrx_word' id='word_1_549' title='bbox 274 3425 305 3467; x_wconf 80' lang='lat'>8,</span> <span class='ocrx_word' id='word_1_550' title='bbox 331 3426 373 3459; x_wconf 85' lang='lat'>10</span> <span class='ocrx_word' id='word_1_551' title='bbox 397 3426 489 3459; x_wconf 50' lang='grc' dir='ltr'>κτον)</span> <span class='ocrx_word' id='word_1_552' title='bbox 514 3427 545 3467; x_wconf 80' lang='lat'>2,</span> <span class='ocrx_word' id='word_1_553' title='bbox 570 3427 605 3466; x_wconf 83' lang='lat'>6;</span> <span class='ocrx_word' id='word_1_554' title='bbox 633 3427 648 3459; x_wconf 86' lang='lat'>1</span> <span class='ocrx_word' id='word_1_555' title='bbox 675 3425 750 3460; x_wconf 72' lang='lat' dir='ltr'>Moe</span> <span class='ocrx_word' id='word_1_556' title='bbox 774 3427 804 3465; x_wconf 90' lang='lat'>1,</span> <span class='ocrx_word' id='word_1_557' title='bbox 829 3426 882 3460; x_wconf 86' lang='lat'>41.</span> 
     </span>
    </p>
   </div>
  </div>
 </body>
</html>
