2356 3760
106 193 146 226 21
153 219 160 231 ‚
186 191 292 224 3—‘21
299 218 306 230 ‚
334 190 375 224 29
990 187 1155 221 REGUM
1928 196 2005 236 309

105 284 248 325 Achab
273 284 325 324 ad
350 282 529 326 Naboth,
557 282 710 323 dicens:
736 281 802 321 Da
824 281 923 321 mihi
947 280 1109 321 vineam
1133 285 1261 324 tuam,
1288 286 1335 322 ut
1358 281 1505 322 faciam
1530 282 1628 322 mihi
1651 284 1815 325 hortum
1840 286 2003 330 olerum.

107 343 201 397 quia
230 342 365 383 vicina
394 347 466 387 est,
498 347 539 382 et
567 353 692 393 prope
721 340 889 380 domum
918 352 1063 382 meam,
1096 339 1283 392 daboque
1313 339 1388 380 tibi
1416 353 1488 393 pro
1518 353 1565 380 ea
1593 340 1755 382 vineam
1783 343 2005 384 meliorem:

107 407 179 442 aut
204 401 237 442 si
263 399 514 442 commodius
540 398 616 439 tibi
641 402 776 452 putas,
805 397 962 451 argenti
988 397 1177 450 pretium,
1207 403 1361 451 quanto
1389 398 1512 451 digna
1536 404 1608 439 est.
1663 401 1678 423 3
1704 399 1775 440 Cui
1801 403 2008 453 respondit

107 460 293 501 Naboth:
324 457 530 511 Propitius
560 457 613 497 sit
641 456 741 497 mihi
770 456 982 501 Dominus,
1016 469 1064 496 110
1094 456 1186 496 (10111
1215 456 1485 497 hereditatem
1515 462 1679 510 patrum
1709 471 1891 498 meorum
1921 460 2006 501 tibi.

211 521 226 543 ¹
249 517 372 559 Venit
394 529 487 569 ergo
509 515 651 556 Achab
675 515 715 555 in
740 515 907 556 domum
931 527 1046 555 suam
1070 513 1297 567 indignans,
1324 520 1364 555 et
1386 515 1574 555 frendens
1597 528 1717 568 super
1738 516 1874 563 verbo,
1902 518 2007 569 quod
2034 521 2089 550 sev-'¹
2114 519 2192 545 ‘¹0¹0-

106 577 266 619 locutus
299 576 433 616 fuerat
466 575 518 615 ad
550 587 642 615 011111
678 573 843 614 Naboth
879 572 1146 619 IezraheliteS,
1182 573 1336 613 dicens:
1372 573 1464 614 Non
1496 573 1602 614 dabo
1635 574 1710 614 tibi
1741 574 2010 615 hereditatem
2029 555 2197 584 remmon,

107 641 272 689 patrum
288 647 482 675 meorum.
502 633 557 673 Et
572 632 784 686 proiiciens
801 645 841 672 se
857 632 898 672 in
913 631 1108 672 lectulum
1124 644 1255 675 suum,
1274 631 1425 672 avertit
1440 631 1585 672 10010111
1601 645 1717 672 3110111
1733 633 1785 673 0(1
1800 633 2009 686 parietem,

108 700 148 735 et
173 706 255 735 non
281 691 459 734 comedit
483 704 644 745 panem.
698 693 713 715 ⁵
742 691 926 744 Ingressa
953 695 1013 731 est
1039 695 1178 730 autem
1205 690 1257 730 ad
1284 703 1376 730 eum
1405 689 1562 730 Iezabel
1587 703 1689 730 uxor
1714 704 1797 739 sua,
1826 691 2011 744 dixitque

108 752 160 793 ei:
190 752 297 800 Quid
324 757 385 792 est
411 751 499 800 hoc,
527 750 634 790 unde
662 749 799 789 anima
825 755 898 789 tua
925 749 1170 790 contristata
1196 747 1281 789 est?
1310 752 1351 788 et
1378 761 1501 801 quare
1527 761 1609 789 non
1637 748 1811 789 comedis
1838 750 2010 802 panem?

111 812 126 835 ⁶
152 810 230 859 Qui
255 809 465 863 respondit
491 808 543 849 ei:
572 808 751 850 Locutus
778 821 868 848 sum
896 807 1063 848 Naboth
1091 806 1350 851 Iezrahelitae,
1380 813 1421 847 et
1446 806 1530 847 dixi
1556 806 1608 847 ei:
1636 807 1701 846 Da
1726 807 1825 847 mihi
1850 807 2011 847 vineam

108 875 236 917 tuam,
265 872 434 922 accepta
457 867 648 921 pecunia:
677 872 760 911 aut,
789 867 820 907 si
846 865 922 907 tibi
947 866 1092 919 placet,
1121 866 1227 906 dabo
1255 865 1330 906 tibi
1356 865 1518 905 vineam
1544 864 1748 905 meliorem
1775 878 1845 918 pro
1873 879 1929 906 ea.
1958 866 2013 906 Et

108 928 172 968 ille
189 927 265 968 ait:
285 927 376 968 Non
392 926 498 967 dabo
516 926 590 966 tibi
606 925 769 966 vineam
785 938 930 966 meam.
979 927 992 948 ⁷
1008 924 1125 965 Dixit
1141 937 1232 978 ergo
1250 924 1302 965 ad
1318 937 1410 965 eum
1429 922 1586 964 Iezabel
1602 936 1704 964 uxor
1720 923 1821 963 eius:
1839 923 2012 964 Grandis

109 985 367 1028 auctoritatis
400 999 452 1034 03,
486 990 527 1026 et
558 985 659 1025 bene
690 984 792 1038 regis
823 997 992 1037 regnum
1027 983 1160 1024 Israel.
1195 983 1331 1036 Surge,
1366 987 1407 1023 et
1438 982 1602 1023 comede
1634 995 1793 1035 panem,
1828 987 1868 1022 et
1899 995 2013 1035 aequo

109 1045 244 1086 animo
274 1050 372 1089 esto.
403 1057 474 1098 ego
503 1044 609 1084 dabo
638 1043 713 1084 tibi
742 1043 904 1083 vineam
933 1042 1100 1083 Naboth
1131 1041 1389 1082 Iezrahelitae.

217 1105 232 1128 ⁸
263 1102 431 1156 Scripsit
462 1102 601 1156 itaque
632 1102 788 1143 litteras
821 1115 871 1142 ex
902 1101 1064 1142 nomine
1095 1101 1249 1147 Achab,
1284 1105 1324 1141 et
1355 1100 1532 1154 signavit
1563 1112 1628 1140 eas
1661 1099 1811 1140 annulo
1843 1099 1938 1144 01113,
1973 1103 2013 1139 et
2034 1099 2202 1158 22d3223113‘4

109 1163 221 1203 misit
244 1162 297 1203 ad
318 1161 490 1203 maiores
514 1166 627 1207 natu,
654 1166 694 1201 et
718 1160 950 1214 optimates,
978 1160 1046 1213 qui
1070 1165 1186 1200 erant
1209 1159 1249 1200 in
1274 1159 1441 1199 civitate
1466 1158 1560 1204 01113,
1587 1162 1628 1198 et
1650 1157 1898 1198 habitabant
1921 1170 2012 1198 cum
2034 1144 2196 1199 ‘lammah

111 1221 290 1262 Naboth.
351 1222 366 1245 ⁹
394 1220 644 1261 Litterarum
673 1225 811 1260 autem
840 1220 925 1260 11000
954 1224 1041 1259 erat
1069 1218 1290 1259 sententia:
1320 1217 1544 1258 Praedicate
1572 1216 1778 1261 ieiunium,
1810 1222 1850 1257 et
1878 1216 2014 1257 sedere

109 1280 231 1321 facite
257 1279 424 1321 Naboth
448 1279 555 1320 inter
578 1278 728 1332 primos
753 1278 904 1332 populi.
958 1279 994 1302 ¹⁰
1017 1282 1057 1318 et
1082 1277 1313 1318 submittite
1338 1276 1438 1316 duos
1465 1275 1570 1315 viros
1597 1274 1696 1315 filios
1723 1274 1850 1315 Belial
1874 1280 2016 1315 contra

111 1353 215 1388 eum,
247 1343 288 1380 et
315 1338 465 1379 falsum
493 1337 775 1378 testimonium
805 1337 961 1378 dicant:
994 1336 1211 1376 Benedixit
1238 1336 1372 1375 Deum
1402 1339 1443 1374 et
1470 1347 1622 1386 regem:
1653 1337 1694 1373 et
1722 1333 1879 1373 educite
1909 1346 2013 1377 011111,

111 1403 152 1439 et
180 1397 373 1451 lapidate,
406 1396 542 1450 sicque
572 1396 780 1437 moriatur.
842 1398 872 1420 ¹¹
903 1396 1102 1435 Fecerunt
1133 1407 1224 1446 ergo
1256 1393 1362 1434 cives
1394 1392 1476 1433 eius
1507 1392 1677 1432 maiores
1708 1396 1809 1431 natu
1840 1396 1880 1431 et
1910 1391 2016 1443 opti-

112 1462 255 1505 mates,
276 1456 345 1510 qui
362 1456 609 1497 habitabant
627 1468 718 1495 cum
738 1468 782 1495 eo
801 1454 842 1494 in
860 1454 970 1502 urbe,
990 1454 1094 1493 sicut
1112 1457 1360 1505 praeceperat
1377 1451 1431 1491 eis
1452 1450 1620 1496 Iezabel,
1641 1455 1682 1490 et
1699 1450 1803 1490 sicut
1820 1449 2015 1502 scriptum

111 1521 199 1556 erat
221 1515 261 1555 in
284 1514 430 1555 litteris
455 1527 554 1567 quas
577 1513 743 1553 miserat
767 1513 819 1553 ad
842 1526 927 1554 eos:
979 1514 1010 1536 ¹2
1032 1511 1359 1565 praedicaverunt
1381 1509 1588 1557 ieiunium,
1613 1513 1653 1549 et
1676 1508 1811 1549 sedere
1834 1508 2017 1548 fecerunt

112 1574 279 1615 Naboth
309 1573 414 1614 inter
444 1572 594 1626 primos
625 1571 775 1626 populi.
836 1574 867 1596 ¹³
898 1571 953 1612 Et
983 1570 1170 1611 adductis
1202 1570 1361 1610 duobus
1392 1568 1487 1609 viris
1519 1567 1609 1608 filiis
1640 1566 1802 1615 diaboli,
1835 1566 2017 1607 fecerunt

111 1646 176 1675 eos
202 1633 338 1673 sedere
363 1638 506 1673 contra
530 1644 640 1672 eum:
668 1636 712 1672 at
735 1630 802 1676 illi,
829 1630 981 1671 scilicet
1005 1636 1051 1670 ut
1077 1629 1152 1669 viri
1177 1627 1378 1675 diabolici,
1406 1627 1598 1668 dixerunt
1621 1631 1763 1667 contra
1788 1638 1879 1666 eum
1904 1624 2017 1665 testi-

110 1692 293 1733 monium
327 1704 463 1732 coram
496 1689 779 1731 multitudine:
816 1689 1032 1729 Benedixit
1066 1687 1233 1729 Naboth
1265 1687 1398 1727 Deum
1433 1692 1473 1727 et
1505 1698 1657 1739 regem:
1693 1697 1816 1738 quam
1849 1684 1900 1725 ob
1933 1696 2016 1723 rem

111 1751 341 1792 eduxerunt
375 1763 467 1790 eum
502 1754 619 1790 extra
652 1748 876 1793 civitatem,
912 1753 954 1788 et
985 1747 1188 1800 lapidibus
1223 1746 1525 1787 interfecerunt.
1589 1746 1620 1768 ¹⁴
1654 1743 1931 1795 Miseruntque
1966 1742 2018 1782 ad

113 1809 283 1855 Iezabel,
313 1808 511 1850 dicentes:
540 1808 766 1861 Lapidatus
795 1813 855 1848 est
884 1806 1062 1853 Naboth,
1093 1811 1133 1846 et
1159 1810 1344 1846 mortuus
1373 1810 1444 1845 est.

217 1870 248 1893 ¹⁵
274 1868 449 1909 Factum
477 1872 538 1908 est
566 1873 715 1915 autem,
746 1879 838 1907 cum
867 1865 1048 1906 audisset
1076 1863 1234 1905 Iezabel
1260 1863 1490 1917 lapidatum
1519 1861 1697 1907 Naboth,
1728 1866 1768 1901 et
1795 1865 2015 1907 mortuum,
2066 1859 2180 1919 ggssffi

111 1927 249 1969 locuta
272 1932 334 1968 est
357 1927 409 1967 ad
432 1926 593 1967 Achab:
620 1926 757 1979 Surge,
783 1930 824 1966 et
848 1924 1007 1978 posside
1031 1923 1194 1964 vineam
1215 1922 1382 1963 Naboth
1409 1920 1668 1968 Iezrahelitae,
1695 1919 1763 1972 qui
1788 1918 1918 1959 noluit
1942 1917 2017 1958 tibi
2054 1911 2189 1960 possidet,

113 1986 378 2040 acquiescere,
401 1990 442 2026 et
463 1985 558 2025 dare
579 1998 667 2025 eam
690 1989 859 2037 accepta
877 1982 1067 2037 pecunia:
1090 1995 1171 2023 non
1192 1981 1298 2022 enim
1320 1980 1425 2020 vivit
1445 1979 1624 2026 Naboth,
1647 1978 1716 2018 sed
1737 1981 1921 2018 mortuus
1942 1981 2014 2017 est.

113 2047 148 2070 ¹⁶
171 2045 290 2094 Quod
314 2057 406 2085 cum
431 2043 612 2084 audisset
635 2043 789 2085 Achab.
816 2047 1024 2083 mortuum
1049 2039 1237 2081 videlicet
1263 2039 1440 2085 Naboth,
1467 2037 1653 2085 surrexit,
1680 2041 1720 2077 et
1745 2035 2017 2076 descendebat

112 2105 153 2145 in
183 2104 345 2144 vineam
378 2102 546 2143 Naboth
578 2101 837 2145 Iezrahelitae,
871 2106 918 2141 ut
949 2099 1172 2153 possideret
1203 2111 1303 2139 eam.

218 2164 251 2187 ¹⁷
278 2162 428 2202 Factus
456 2166 517 2201 est
542 2160 666 2214 igitur
691 2173 821 2201 sermo
848 2159 1014 2200 Domini
1041 2159 1093 2199 ad
1120 2157 1252 2198 Elian]
1281 2155 1513 2203 Thesbiten,
1542 2154 1696 2195 dicens:
1752 2154 1786 2177 ¹⁸
1812 2152 1948 2205 Surge,
1978 2157 2019 2192 et
2062 2150 2111 2175 ³⁹⁶
2134 2156 2182 2180 ΡΜ

2076 2184 2171 2209 Eliam

113 2221 309 2263 descende
326 2220 367 2261 in
385 2233 596 2262 occursum
607 2219 749 2260 Achab
767 2218 869 2272 regis
890 2217 1023 2266 Israel,
1041 2216 1109 2270 qui
1127 2222 1188 2257 est
1204 2216 1246 2256 in
1263 2214 1464 2256 Samaria:
1491 2227 1580 2254 ecce
1599 2213 1651 2253 ad
1668 2212 1830 2252 vineam
1849 2210 2223 2251 Nabothsuamuxoris—

113 2279 333 2327 descendit,
362 2285 409 2320 ut
433 2278 640 2333 possideat
666 2291 774 2319 eam:
828 2279 863 2302 ¹⁹
889 2282 930 2318 et
954 2275 1129 2329 loqueris
1156 2275 1209 2316 ad
1235 2288 1338 2318 011111,
1368 2274 1521 2314 dicens:
1551 2272 1648 2312 Haec
1674 2270 1773 2312 dicit
1797 2262 2215 2321 Doxninus:‘¹¹¹‘;1{;3}??¹¹¹

113 2339 319 2385 Occidisti,
346 2338 512 2391 insuper
537 2342 578 2378 et
602 2336 829 2390 possedisti.
858 2336 914 2377 Et
939 2341 1033 2389 post
1058 2335 1142 2375 haec
1169 2334 1311 2374 addes:
1341 2332 1437 2372 Haec
1464 2331 1563 2372 dicit
1588 2329 1806 2371 Dominus:
1838 2328 1907 2368 ain
1932 2327 2018 2368 loco

112 2399 200 2447 hoc,
225 2398 267 2439 in
291 2411 370 2452 quo
392 2397 601 2437 linxerunt
624 2409 741 2437 canes
765 2395 1003 2449 sanguinem
1029 2393 1208 2441 Naboth,
1233 2392 1418 2432 lambent
1441 2403 1602 2444 quoque
1625 2387 1863 2441 sanguinem
1886 2392 2016 2427 tuum.

113 2460 149 2482 '2⁰
171 2458 227 2498 Et
250 2457 308 2498 ait
330 2456 472 2496 Achab
497 2455 549 2496 ad
572 2454 723 2495 Eliam:
750 2454 859 2495 Num
882 2452 1075 2494 invenisti
1098 2465 1161 2493 me
1183 2450 1393 2491 inimicum
1417 2448 1517 2490 tibi?
1542 2448 1620 2496 Qui
1644 2447 1765 2488 dixit:
1793 2444 1947 2491 Inveni,
1973 2457 2018 2485 eo

115 2516 225 2571 quod
242 2515 504 2557 venundatus
523 2514 588 2563 sis,
608 2519 656 2554 ut
673 2514 824 2554 1000103
843 2512 997 2553 1110111111
1017 2511 1057 2552 111
1076 2515 1296 2564 conspectu
1314 2508 1492 2549 Domini.
1540 2509 1571 2531 2¹
1595 2506 1718 2546 bEcce
1738 2517 1809 2558 ego
1827 2504 2019 2544 inducam

114 2588 234 2629 super
260 2579 301 2615 te
327 2573 493 2623 malum,
524 2578 565 2614 et
591 2573 796 2613 demetam
824 2571 1049 2625 posteriora
1074 2575 1159 2619 tua,
1190 2574 1231 2610 et
1256 2567 1498 2609 interficiam
1525 2566 1574 2606 de
1601 2564 1742 2605 Achab
1769 2562 2019 2616 mingentem

114 2635 167 2676 ad
196 2633 406 2688 parietem,
440 2637 481 2673 et
511 2631 692 2672 clausum
724 2637 765 2672 et
795 2630 986 2671 ultimum
1016 2629 1058 2670 in
1090 2627 1224 2669 Israel.
1284 2629 1316 2651 22
1346 2627 1402 2667 Et
1432 2626 1538 2666 dabo
1570 2624 1737 2665 domum
1769 2627 1884 2662 tuam
1915 2620 2020 2661 sicut

121 2694 306 2735 cdomum
337 2691 549 2733 Ieroboam
577 2690 647 2730 filii
676 2690 826 2739 Nabat‚
857 2694 898 2730 et
925 2689 1031 2730 sicut
1058 2688 1226 2729 domum
1257 2686 1413 2726 dBaasa
1440 2684 1510 2724 filii
1538 2683 1660 2724 Aliia:
1692 2681 1787 2735 quia
1815 2679 1943 2733 egisti,
1974 2683 2021 2718 ut

114 2766 179 2793 me
198 2752 250 2792 ad
266 2750 520 2792 iracundiam
538 2761 792 2803 provocares,
813 2753 854 2789 et
871 2760 1037 2801 peccare
1055 2746 1188 2787 fecisti
1207 2744 1341 2786 Israel.
1390 2746 1422 2768 23
1445 2743 1541 2784 eSed
1560 2748 1601 2782 et
1618 2742 1666 2782 de
1687 2738 1845 2780 Iezabel
1861 2738 2020 2778 locutus

115 2816 178 2852 est
208 2810 421 2858 Dominus,
457 2809 612 2849 dicens:
646 2808 773 2849 Canes
806 2807 1023 2848 comedent
1056 2804 1215 2846 Iezabel
1246 2804 1287 2844 in
1320 2815 1414 2856 agro
1450 2799 1638 2842 Iezrahel.
1700 2800 1731 2822 ²¹
1763 2797 1804 2838 Si
1834 2801 2020 2837 mortuus

114 2870 238 2911 fuerit
266 2869 408 2910 Achab
436 2867 478 2908 in
506 2867 686 2915 civitate,
718 2866 933 2908 comedent
961 2878 1053 2906 eum
1083 2877 1220 2905 canes:
1250 2862 1282 2903 si
1311 2867 1450 2903 autem
1478 2865 1662 2900 mortuus
1691 2856 1814 2897 fuerit
1841 2855 1882 2895 in
1911 2866 2018 2907 agro,

117 2929 332 2970 comedent
354 2939 445 2968 eum
468 2925 651 2967 volucres
675 2925 769 2966 caeli.
821 2926 853 2949 ²⁵
878 2924 1006 2978 Igitur
1027 2936 1109 2964 non
1130 2922 1210 2963 fuit
1232 2921 1335 2962 alter
1355 2919 1448 2961 talis
1471 2919 1575 2959 sicut
1597 2915 1750 2961 Achab,
1776 2913 1846 2968 qui
1866 2925 2020 2954 venun-

116 2988 237 3028 datus
269 2992 331 3027 est
361 2992 408 3027 ut
437 2985 590 3026 faceret
619 2984 774 3025 malum
805 2983 846 3023 in
877 2987 1098 3036 conspectu
1128 2980 1312 3022 Domini:
1347 2977 1569 3020 concitavit
1600 2975 1707 3016 enim
1738 2986 1830 3014 eum
1864 2970 2020 3012 Iezabel

115 3059 219 3088 uxor
236 3058 320 3093 sua,
367 3046 403 3069 2⁶
421 3050 462 3085 et
480 3042 765 3084 abominabilis
784 3043 918 3083 factus
937 3046 1009 3088 est,
1030 3041 1072 3081 in
1090 3045 1256 3081 tantum
1274 3043 1322 3079 ut
1339 3040 1575 3090 sequeretur
1593 3033 1711 3081 idola,
1734 3045 1823 3086 (11100
1840 3031 2021 3071 fecerant

115 3104 351 3153 Amorrhaei,
381 3116 481 3157 quos
508 3101 761 3155 consumpsit
786 3100 987 3142 Dominus
1014 3113 1038 3140 a
1062 3099 1164 3140 10010
1190 3098 1365 3138 filiorum
1394 3094 1527 3135 Israel.
1991 3146 1998 3152 .

220 3165 254 3188 ²⁷
278 3164 424 3216 Itaque
446 3173 539 3202 cum
560 3160 741 3201 audisset
760 3159 903 3200 Achab
925 3171 1128 3200 sermones
1149 3157 1261 3203 istos,
1285 3154 1403 3196 scidit
1425 3152 1672 3194 vestimenta
1692 3163 1776 3195 sua,
1801 3153 1841 3189 et
1863 3151 2021 3201 operuit
2057 3152 2196 3205 Dggjffus

115 3222 242 3264 cilicio
262 3235 424 3263 carnem
443 3232 571 3267 suam,
592 3218 871 3272 ieiunavitque
891 3223 931 3259 et
950 3216 1145 3258 dormivit
1163 3215 1204 3256 in
1224 3227 1351 3261 30000,
1373 3218 1414 3253 et
1432 3210 1662 3252 ambulavit
1680 3207 1854 3250 demisso
1874 3205 2017 3258 capite.
2039 3217 2080 3275 obt
2095 3214 2209 3253 numiu-

116 3282 151 3306 23
166 3281 222 3322 Et
237 3281 371 3321 factus
388 3284 450 3321 est
465 3291 595 3319 sermo
612 3277 779 3319 Domini
796 3277 848 3317 ad
864 3276 997 3317 Eliam
1014 3274 1246 3318 Thesbiten,
1266 3273 1420 3314 dicens:
1465 3272 1499 3295 ²⁹
1518 3270 1661 3310 Nonne
1677 3253 2214 3314 171(1131111111111110-ἵῗιζῗξῗὲξῗὲ15

115 3345 205 3381 tum
226 3339 369 3380 Achab
391 3351 527 3380 coram
549 3336 637 3377 me?
689 3336 784 3390 (11110
804 3335 928 3389 igitur
948 3333 1186 3375 humiliatus
1209 3337 1270 3373 est
1291 3330 1370 3371 mei
1391 3342 1525 3377 causa,
1549 3341 1631 3369 non
1652 3326 1843 3367 inducam
1864 3321 2018 3362 malum

115 3398 156 3439 in
183 3398 323 3439 diebus
352 3398 447 3446 eius,
475 3396 547 3437 sed
582 3395 637 3435 fin
663 3394 804 3436 diebus
832 3393 902 3434 filii
928 3393 990 3434 sui
1015 3393 1187 3433 inferam
1213 3389 1367 3431 malum
1395 3387 1533 3429 domui
1561 3386 1657 3427 eius.

248 3470 369 3534 21,ἷρ
386 3469 462 3522 &diss
492 3490 546 3530 22,
577 3488 629 3522 38.
657 3508 699 3512 —
723 3487 763 3521 21
782 3487 822 3519 122
854 3486 907 3530 Rg
938 3486 969 3525 9,
1000 3484 1031 3519 8.
1057 3503 1100 3509 -
1123 3482 1166 3516 22
1187 3482 1273 3525 es11p
1305 3480 1358 3520 15,
1390 3480 1440 3513 29.
1470 3500 1510 3502 -
1534 3478 1625 3521 dsup
1654 3475 1706 3515 16,
1734 3474 1764 3507 3.
1785 3491 1827 3497 -
1845 3470 1887 3504 23
1906 3469 1941 3501 ε2
1967 3467 2019 3510 Rg

115 3539 146 3579 9,
171 3538 224 3573 36.
251 3559 293 3562 —
317 3538 359 3572 29
396 3537 428 3569 12
458 3536 510 3581 Rg
537 3537 568 3575 9,
597 3535 648 3569 26.
