2356 3760
134 190 191 225 33
220 190 363 229 33-35,
390 189 410 222 s
1001 185 1191 219 NUMEffl
1959 192 2029 230 141.

134 283 384 323 habitatores
412 283 541 322 Terrae
568 281 688 320 illius:
722 280 981 333 aconfringite
1009 280 1160 323 titulos.
1190 286 1229 319 et
1257 287 1415 320 statuas
1442 279 1717 324 comminuite.
1746 287 1869 334 atque
1896 283 2029 322 onmia

132 341 290 381 excelsa
317 345 489 383 vastate.
546 341 578 363 53
606 339 851 379 mundantes
880 344 1041 382 terram.
1072 343 1113 378 et
1141 338 1375 378 habitantes
1404 338 1444 378 in
1472 352 1529 378 ea.
1561 351 1632 390 ego
1662 338 1767 378 enim
1796 340 1888 379 dedi
1917 341 2031 381 vobis

134 399 240 440 illam
272 400 313 440 111
342 398 645 452 possessionem.
703 399 736 421 5⁴
766 411 889 450 quam
920 397 1110 437 dividetis
1141 397 1256 437 vobis
1286 402 1404 437 sorte.
1437 396 1624 436 Pluribus
1655 396 1804 437 dabitis
1834 397 2030 443 latiorem,

133 464 174 499 et
197 458 334 512 paucis
357 456 642 510 angustiorem.
667 455 841 509 Singulis
865 461 909 495 ut
933 469 1015 496 sors
1039 455 1238 499 ceciderit.
1263 455 1319 495 ita
1344 455 1547 495 tribuetur
1568 455 1782 496 hereditas.
1807 456 1883 495 Per
1906 457 2032 496 tribus

133 522 175 558 et
209 516 382 557 familias
418 515 614 568 possessio
650 515 866 555 dividetur.
931 516 963 538 55
999 515 1067 555 Sin
1105 519 1241 554 autem
1279 513 1486 554 nolueritis
1522 513 1747 554 interficere
1783 514 2033 555 habitatores

134 576 282 616 Terrae:
313 574 380 628 qui
407 574 685 615 remanserint.
716 578 835 614 erunt
864 573 978 613 vobis
1008 573 1122 626 quasi
1150 572 1253 613 clavi
1281 572 1322 612 in
1350 572 1485 616 oculis.
1517 577 1555 611 et
1584 571 1732 612 lanceae
1758 573 1798 612 in
1827 572 2032 614 lateribus.

133 639 174 674 et
190 634 518 674 adversabuntur
533 632 647 672 vobis
665 632 704 671 in
721 632 840 672 Terra
857 632 1123 672 habitationis
1141 637 1302 671 vestrae:
1347 632 1382 655 ⁵⁶
1397 636 1436 671 et
1455 630 1652 684 quidquid
1668 630 1744 671 illis
1760 632 2034 679 cogitaveram

132 693 274 736 tacere,
305 692 420 733 vobis
448 691 607 731 faciam.

239 750 301 794 34.
358 753 371 775 1
395 751 655 803 Locutusque
680 754 739 790 est
764 749 963 790 Dominus
989 749 1040 789 ad
1064 749 1244 802 Moysen,
1271 748 1425 788 dicens:
1478 750 1491 771 ’Ξ
1516 748 1691 801 l'raecipe
1719 747 1808 788 filiis
1836 749 1968 791 lsrael.
1995 756 2034 790 et
2050 754 2126 792 ΜΨ
2140 753 2230 777 detes·

133 810 240 850 dices
263 810 315 850 ad
337 822 421 850 eos:
445 808 546 849 Cum
570 808 733 856 ingressi
756 808 911 848 fueritis
936 808 1099 848 Terram
1121 807 1327 853 Chanaan,
1353 812 1392 847 et
1416 807 1455 846 in
1479 806 1768 859 possessionem
1793 807 1906 847 vobis
1930 814 2035 848 sorte
2087 789 2198 813 mmm

134 868 333 912 ceciderit,
367 868 428 908 his
463 867 609 908 finibus
643 867 944 912 terminabitur,
1000 869 1015 890 5³
1050 866 1167 906 bPars
1200 865 1421 906 meridiana
1455 865 1619 918 incipiet
1651 878 1675 905 a
1706 865 1921 906 solitudine
1953 867 2034 907 Sin.

136 940 224 980 quae
259 931 320 967 est
353 927 470 967 iuxta
503 926 654 966 Edem:
691 931 730 966 et
766 926 932 966 habebit
969 925 1161 965 terminos
1196 930 1335 965 contra
1373 924 1579 964 Orientem
1616 937 1725 964 mare
1760 924 2035 965 salsissimum.

133 989 148 1010 ⁴
180 986 248 1039 qui
278 986 507 1026 circuibunt
537 984 756 1025 australem
787 984 949 1037 plagam
979 997 1050 1037 per
1079 996 1289 1024 ascensum
1320 982 1560 1036 Scorpionis.
1594 982 1652 1023 ita¹
1682 988 1726 1023 ut
1757 988 1966 1024 transeant
1999 984 2037 1024 in

134 1045 279 1088 Senna.
313 1049 354 1085 et
383 1044 623 1098 perveniant
654 1058 674 1083 a
707 1043 871 1083 meridie
903 1056 1029 1096 usque
1060 1043 1111 1083 ad
1141 1042 1408 1087 Cadesbarne,
1442 1042 1547 1082 unde
1579 1042 1833 1091 egredientur
1863 1042 2039 1083 confinia

135 1104 188 1144 ad
204 1103 343 1144 villam
358 1103 521 1144 nomine
538 1102 659 1144 Adar.
679 1108 718 1142 et
735 1102 906 1142 tendent
922 1116 1049 1155 usque
1066 1102 1117 1142 ad
1133 1102 1348 1142 Asemona.
1393 1102 1407 1124 5
1424 1100 1579 1153 ibitque
1595 1113 1666 1153 per
1680 1113 1825 1153 gyrum
1842 1101 2038 1142 terminus

135 1163 186 1203 ab
209 1162 414 1203 Asemona
435 1175 562 1215 usque
585 1161 637 1202 ad
660 1162 895 1201 Torrentem
921 1161 1098 1214 Δ1430311111,
1124 1166 1164 1201 et
1186 1160 1307 1200 maris
1330 1160 1467 1213 magni
1489 1158 1625 1199 littore
1650 1159 1823 1200 finietur.
1878 1162 1892 1183 ‘⁵
1914 1160 2039 1210 Plaga

135 1226 274 1262 autem
307 1220 567 1262 occidentalis
601 1234 620 1260 a
657 1220 754 1260 mari
790 1233 936 1270 magno
969 1220 1145 1273 incipiet.
1180 1224 1219 1260 et
1253 1220 1338 1272 ipso
1374 1218 1451 1258 fine
1485 1217 1706 1258 claudetur.
1786 1220 1798 1241 ⁷
1832 1219 1954 1259 Porro
1988 1213 2039 1259 ad

136 1280 494 1334 septentrionalem
528 1279 688 1333 plagam
721 1293 742 1319 a
775 1279 874 1319 mari
909 1292 1054 1332 magno
1087 1278 1248 1318 termini
1280 1277 1484 1330 incipient.
1520 1277 1798 1329 pervenientes
1831 1291 1957 1330 usque
1989 1279 2040 1318 ad

136 1345 319 1380 montem
337 1339 592 1381 altissimum.
642 1341 657 1360 ⁸
674 1352 694 1378 a
715 1351 794 1391 quo
812 1339 976 1378 venient
994 1338 1033 1377 in
1052 1337 1205 1377 Emath
1224 1350 1349 1389 nsque
1368 1336 1420 1376 ad
1439 1336 1630 1376 terminos
1648 1335 1825 1376 Sedada:
1874 1338 1888 1360 9
1905 1336 2041 1377 11111111-

137 1412 214 1451 que
232 1398 407 1438 confinia
426 1411 553 1451 usque
572 1397 623 1437 ad
642 1397 864 1450 Zephrona.
885 1402 925 1437 et
943 1396 1081 1436 villam
1100 1396 1230 1436 Enan.
1250 1395 1289 1435 hi
1308 1400 1425 1435 erunt
1444 1394 1605 1434 termini
1624 1394 1663 1434 in
1682 1399 1796 1447 parte
1814 1394 2038 1448 Aquilonis.

139 1460 172 1481 ¹⁰
196 1458 295 1498 Inde
318 1457 586 1498 metabuntur
610 1455 707 1496 fines
732 1462 871 1496 contra
897 1454 1133 1496 orientalem
1158 1454 1319 1508 plagam
1342 1455 1390 1494 de
1414 1453 1509 1493 villa
1533 1454 1651 1493 Euan
1675 1467 1801 1506 usque
1824 1453 2039 1507 Sephama.

140 1518 164 1540 ¹¹
191 1522 232 1557 et
256 1516 305 1557 de
324 1516 525 1569 Sephama
553 1515 799 1556 descendent
825 1515 983 1554 termini
1013 1514 1052 1554 111
1079 1513 1206 1554 Rebla
1235 1518 1373 1553 contra
1402 1513 1555 1553 fontem
1579 1512 1806 1565 Daphnim:
1836 1513 1928 1553 inde
1954 1526 2042 1566 per-

139 1576 303 1615 venient
323 1580 463 1615 contra
484 1575 690 1614 Orientem
712 1574 763 1613 ad
786 1586 894 1613 mare
915 1573 1124 1617 Fenereth.
1160 1574 1190 1596 ¹²
1208 1578 1247 1613 et
1270 1572 1439 1612 tendent
1462 1585 1588 1624 usque
1610 1572 1661 1611 ad
1684 1571 1908 1616 Iordanem,
1929 1577 1967 1612 et
1990 1572 2041 1612 ad

140 1634 327 1674 ultimum
340 1633 557 1674 salsissimo
570 1633 811 1673 claudentur
830 1632 942 1673 mari.
968 1632 1082 1672 Hane
1103 1631 1304 1672 habebitis
1318 1631 1481 1671 Terram
1500 1643 1570 1683 per
1584 1630 1681 1670 fines
1693 1643 1785 1670 31103
1804 1630 1843 1670 111
1856 1630 2036 1671 circuitu.

243 1695 273 1717 ¹³
298 1692 575 1746 Praecepitque
601 1693 759 1745 Moyses
788 1691 877 1731 filiis
910 1690 1039 1734 lsrael,
1067 1691 1221 1731 dicens:
1250 1690 1345 1730 Haec
1372 1690 1446 1730 erit
1473 1690 1605 1733 Terra,
1634 1702 1757 1742 quam
1783 1689 2040 1743 possidebitis
2058 1692 2233 1747 triffiffifssv.

137 1758 255 1794 sorte.
284 1756 325 1792 et
351 1765 474 1805 quam
500 1752 614 1791 iussit
640 1751 840 1791 Dominus
867 1750 953 1791 dari
979 1763 1125 1790 novem
1153 1749 1352 1793 tribubus,
1381 1754 1419 1789 et
1446 1748 1623 1788 dimidiae
1650 1748 1783 1788 tribui.
1840 1750 1869 1772 ¹⁴
1897 1748 2038 1788 Tribus
2082 1738 2229 1781 <inuidiae¹

138 1811 243 1851 enim
273 1811 446 1851 filiorum
474 1811 619 1851 Ruben
645 1822 715 1863 per
739 1809 912 1849 familias
939 1822 1043 1851 suas.
1071 1814 1111 1849 et
1138 1809 1266 1849 tribus
1296 1808 1468 1848 filiorum
1495 1807 1583 1847 (fiad
1611 1807 1727 1847 iuxta.
1751 1807 2040 1857 cognationum

138 1883 363 1915 numerum,
392 1869 524 1910 media
552 1882 712 1923 quoque
739 1869 867 1909 tribus
894 1869 1090 1911 Manasse.
1148 1869 1177 1892 ¹5
1203 1867 1243 1908 id
1269 1873 1340 1911 est.
1369 1867 1460 1907 duze
1484 1866 1602 1906 semis
1630 1866 1770 1909 tribus.
1799 1870 2041 1919 acceperunt

138 1934 296 1982 partem
324 1942 438 1969 suam
468 1934 579 1969 trans
611 1928 822 1968 Iordanem
854 1934 994 1968 contra
1030 1927 1178 1967 iericho
1208 1926 1259 1966 ad
1288 1925 1523 1966 orientalem
1552 1924 1726 1978 plagam.

244 1991 277 2013 ¹⁶
305 1989 359 2029 Et
389 1989 445 2028 ait
475 1987 674 2028 Dominus
704 1987 756 2027 ad
784 1987 969 2040 Moysen:
1031 1987 1059 2009 ¹⁷
1098 1986 1210 2025 szec
1240 1990 1330 2025 sunt
1364 1984 1526 2024 nomina
1558 1984 1747 2027 virorum.
1781 1984 1847 2036 qui
1878 1983 2040 2023 Terram
2095 1989 2208 2036 affari-³,

141 2049 253 2089 vobis
284 2047 480 2088 divident.
514 2046 682 2086 Eleazar
710 2045 906 2088 sacerdos.
939 2050 980 2085 et
1012 2045 1126 2085 losue
1160 2044 1262 2084 filius
1294 2044 1399 2087 Nun.
1459 2045 1492 2066 ¹⁸
1522 2048 1560 2083 et
1591 2042 1734 2095 singuli
1767 2042 1963 2095 principes
1994 2042 2042 2082 de
2065 2025 2226 2085 555353331'?

140 2107 326 2148 tribubus
343 2105 519 2159 singulis,
567 2107 599 2128 ¹⁹
617 2118 788 2157 quorum
808 2104 883 2144 ista
901 2111 995 2144 sunt
1014 2102 1231 2143 vocabula:
1250 2103 1310 2142 De
1328 2102 1436 2142 tribu
1456 2102 1569 2145 Iuda..
1589 2100 1709 2141 (¹aleb
1730 2100 1832 2141 filius
1853 2101 2041 2154 lephone.

139 2169 174 2190 2⁰
198 2167 259 2206 De
285 2165 394 2206 tribu
420 2165 594 2209 Simeon,
623 2162 786 2204 Samuel
814 2162 917 2203 filius
944 2163 1150 2203 Ammiud.
1205 2163 1234 2185 ²¹
1262 2162 1322 2202 De
1358 2161 1466 2201 tribu
1494 2160 1719 2206 Beniamin,
1756 2159 1904 2200 Elidad
1941 2159 2044 2199 filius

139 2224 347 2265 (haselon.
398 2226 429 2248 '²2
450 2224 511 2264 De
534 2223 641 2263 tribu
668 2222 840 2262 filiorum
863 2222 967 2263 Dan.
995 2221 1112 2261 ssocci
1138 2221 1240 2261 filius
1267 2219 1375 2273 logli.
1425 2221 1458 2243 2²³
1478 2218 1672 2259 Filiorum
1698 2219 1842 2272 Ioseph
1864 2219 1912 2259 de
1935 2219 2044 2259 tribu

139 2285 335 2326 Manasse.
374 2281 548 2323 Hanniel
583 2281 686 2322 filius
719 2281 878 2334 Ephod.
940 2283 971 2305 '2⁴
1003 2281 1063 2320 De
1097 2280 1202 2320 tribu
1239 2279 1447 2332 Ephraim.
1482 2277 1647 2318 (faniuel
1684 2277 1785 2317 filius
1819 2277 2042 2330 Sephthan.

138 2346 169 2368 ²5
191 2344 252 2384 De
274 2343 383 2383 tribu
406 2341 599 2382 Zabulon.
626 2340 847 2393 Elisaphan
873 2339 975 2380 filius
998 2339 1224 2379 Pharnach.
1275 2340 1309 2362 2⁶
1330 2338 1390 2378 De
1413 2337 1521 2378 tribu
1552 2337 1741 2380 issachar.
1766 2337 1848 2377 dux
1870 2335 2045 2376 Phaltiel

144 2402 245 2443 1111113
267 2402 391 2443 Ozan.
442 2402 475 2425 '2⁷
497 2401 557 2441 De
580 2400 687 2440 tribu
709 2399 819 2442 Aser.
844 2399 979 2439 Ahiud
1005 2398 1106 2438 1111113
1128 2397 1290 2438 Salomi.
1342 2400 1375 2420 ²⁸
1396 2397 1456 2437 De
1478 2396 1587 2436 tribu
1611 2395 1843 2449 Nephthali.
1868 2394 2044 2435 Phedael

144 2461 245 2502 1111113
276 2460 482 2502 Ammiud.
542 2461 576 2483 ‘²⁹
609 2459 661 2498 Hi
692 2464 798 2500 sunt.
833 2458 979 2511 quibus
1010 2457 1200 2511 praecepit
1232 2456 1430 2496 Dominus
1464 2460 1507 2495 ut
1539 2455 1766 2495 dividerent
1800 2454 1889 2494 filiis
1924 2453 2045 2494 lsrael

140 2521 304 2561 Terram
332 2520 537 2560 Cha-naan.

433 2625 471 2664 2.
502 2622 566 2663 De
596 2621 787 2662 urbibus
818 2620 1074 2661 Levitarum
1106 2620 1150 2660 et
1179 2619 1497 2670 fugitivorum,
1526 2618 1591 2668 35,
1613 2618 1762 2658 1—34.

245 2700 308 2744 35.
364 2702 377 2724 ¹
410 2699 506 2740 Haec
539 2712 698 2752 quoque
730 2697 888 2739 locutus
921 2703 980 2737 est
1012 2696 1211 2737 Dominus
1243 2696 1295 2736 ad
1326 2696 1494 2748 Moysen
1525 2695 1565 2735 in
1597 2694 1890 2747 campestribus
1922 2694 2043 2735 Moab
2068 2693 2252 2757 Iffssssrgfflssq

140 2774 260 2814 supra
292 2759 519 2801 Iordanem.
551 2762 689 2798 contra
723 2757 894 2797 iericho:
951 2758 965 2780 ‘2
996 2756 1193 2808 ‹1Praecipe
1225 2754 1313 2795 filiis
1345 2753 1467 2794 Israel
1497 2760 1540 2794 ut
1570 2753 1667 2794 dent
1696 2753 1848 2794 Levitis
1877 2753 1925 2793 de
1954 2735 2078 2806 pos·q
2112 2765 2185 2793 octo,
2236 2744 2242 2751 ¹

141 2819 383 2860 sessionibus
413 2817 494 2858 suis
548 2819 564 2841 3
592 2817 710 2857 urbes
740 2816 792 2856 ad
820 2815 1105 2858 habitandum.
1137 2820 1176 2855 et
1206 2813 1441 2854 suburbana
1470 2825 1608 2853 earum
1637 2825 1708 2865 per
1735 2812 1967 2852 circuitum:
1999 2816 2043 2852 ut

142 2878 215 2931 ipsi
240 2878 281 2918 in
306 2877 464 2931 oppidis
489 2881 694 2919 maneant.
722 2880 762 2915 et
787 2874 1019 2915 suburbana
1047 2874 1126 2914 sint
1150 2872 1362 2926 pecoribus
1388 2885 1432 2912 ac
1457 2871 1666 2912 iumentis:
1719 2873 1734 2894 ⁴
1759 2884 1848 2924 quae
1872 2884 1894 2911 a
1920 2870 2043 2911 muris

141 2937 357 2977 civitatum
391 2935 623 2983 forinsecus.
660 2947 730 2987 per
763 2933 988 2979 circuitum.
1025 2932 1131 2972 mille
1165 2944 1360 2985 passuum
1394 2930 1526 2984 spatio
1561 2930 1792 2971 tendentur.
1854 2931 1869 2953 5
1903 2934 2042 2970 contra

141 2995 349 3037 Orientem
378 2995 458 3035 duo
486 2993 609 3034 millia
640 3000 757 3034 erunt
787 2992 925 3039 cubiti,
956 2997 995 3032 et
1025 2996 1167 3032 contra
1194 2990 1403 3031 Meridiem
1432 2988 1616 3030 similiter
1643 2994 1760 3029 erunt
1790 2988 1870 3029 duo
1900 2987 2041 3028 millia:

141 3055 194 3095 ad
210 3067 319 3095 mare
337 3067 509 3107 quoque,
529 3052 638 3106 quod
653 3051 816 3105 respicit
832 3051 884 3091 ad
900 3050 1175 3097 Occidentem,
1194 3049 1335 3090 eadem
1351 3060 1539 3089 mensura
1556 3047 1642 3090 erit.
1661 3052 1701 3088 et
1717 3045 2043 3100 septentrionalis

142 3112 261 3167 plaga
284 3111 429 3166 aequali
453 3111 626 3152 termino
654 3110 827 3152 finietur.
855 3114 1054 3163 eruntque
1079 3109 1197 3149 urbes
1222 3108 1262 3148 in
1286 3107 1431 3150 medio.
1458 3112 1499 3147 et
1522 3106 1617 3146 foris
1642 3106 1888 3147 suburbana.
1944 3106 1959 3129 ⁶
1982 3105 2043 3145 De

141 3172 236 3225 ipsis
259 3177 398 3212 autem
419 3170 589 3224 oppidis.
615 3183 704 3223 quae
725 3168 878 3209 Levitis
900 3168 1063 3212 dabitis.
1087 3181 1157 3208 sex
1178 3172 1296 3207 erunt
1319 3167 1358 3206 in
1381 3165 1646 3219 fugitivorum
1669 3164 1820 3205 auxilia
1841 3169 2041 3217 separata.

141 3236 188 3271 ut
207 3230 339 3284 fugiat
358 3230 411 3271 ad
430 3242 478 3270 ea
498 3229 566 3282 qui
585 3229 735 3269 fuderit
756 3227 1011 3281 sanguinem:
1034 3231 1075 3267 et
1094 3226 1272 3279 exceptis
1293 3225 1365 3270 his,
1389 3224 1466 3264 alia
1487 3224 1758 3277 quadraginta
1778 3223 1857 3264 duo
1879 3222 2040 3276 oppida.

144 3289 215 3330 7111
233 3293 305 3338 est,
321 3287 441 3329 simul
456 3287 726 3341 qua-draginta
742 3292 833 3327 octo
848 3299 940 3326 cum
960 3285 1203 3326 suburbanis
1223 3284 1315 3326 suis.
1351 3285 1365 3307 ⁸
1382 3283 1565 3336 Ipsaeque
1580 3283 1710 3326 urbes.
1727 3296 1817 3336 quae
1835 3281 2044 3322 dabuntur

142 3348 191 3388 de
213 3347 533 3401 possessionibus
560 3346 733 3387 filiorum
759 3344 893 3393 Israel,
914 3345 965 3385 ab
989 3344 1062 3390 his,
1084 3343 1152 3397 qui
1176 3342 1265 3396 plus
1289 3342 1454 3385 habent.
1475 3341 1607 3394 plures
1632 3341 1884 3381 auferentur:
1910 3344 1949 3380 et
1974 3339 2041 3391 qui

142 3407 286 3454 minus,
312 3406 532 3460 pauciores.
566 3403 710 3454 singuli
742 3404 855 3444 iuxta
886 3415 1118 3444 mensuram
1144 3401 1382 3443 hereditatis
1413 3414 1494 3441 suae
1518 3400 1677 3440 dabunt
1701 3399 1850 3453 oppida
1874 3397 2037 3438 Levitis.

273 3532 316 3566 52
331 3532 399 3565 aDt
417 3533 446 3571 ἶ,
463 3533 498 3571 5:
526 3531 584 3564 Ide
602 3532 632 3569 2,
650 3532 678 3564 2.
706 3551 747 3554 —
771 3530 824 3571 34,
850 3529 869 3562 3
892 3529 968 3562 bIos
994 3530 1045 3567 15,
1071 3530 1099 3562 1.
1127 3549 1168 3552 Α
1193 3529 1233 3561 17
1261 3528 1333 3561 clos
1358 3528 1409 3563 14,
1437 3529 1464 3560 1.
1493 3548 1534 3550 —
1559 3527 1612 3567 35,
1637 3525 1743 3558 'ZdIos
1758 3525 1809 3556 21.
1825 3524 1853 3555 2.
