2356 3760
148 89 200 127 15,
229 86 368 125 10—16,
397 86 440 119 16
994 82 1208 116 IEREMIAE
1973 85 2047 126 739

147 178 296 220 defecit
321 177 458 218 anima
483 176 585 217 eius:
617 175 785 216 aoccidit
811 175 846 215 91
872 174 942 217 sol.
971 187 1063 215 cum
1089 174 1223 215 adhuc
1249 179 1353 214 esset
1378 174 1481 215 dies:
1509 174 1676 215 confusa
1703 181 1774 220 est.
1804 182 1844 217 et
1869 177 2052 218 erubuit:

147 243 189 278 et
218 235 397 277 residuos
429 235 512 276 eius
543 234 583 275 in
612 233 793 287 gladium
824 232 930 273 dabo
960 232 1002 273 in
1032 238 1252 286 conspectu
1283 232 1539 273 inimicorum
1569 245 1720 277 eorum,
1754 235 1810 274 ait
1841 236 2052 277 Dominus.

253 297 289 319 ¹⁰
318 294 388 335 Vae
417 293 516 334 mihi
546 298 679 333 mater
707 303 816 331 mea:
850 304 973 344 quare
1003 292 1178 344 genuisti
1209 305 1273 332 me
1304 291 1437 332 virum
1467 290 1575 334 rixae,
1608 291 1741 331 virum
1773 292 1981 334 discordiae
2010 294 2051 334 in
2087 296 2240 343 PrOPhPQ

148 353 338 395 universa
367 351 498 393 terra?
530 363 612 391 non
641 349 850 397 foeneravi,
884 362 956 390 nec
986 350 1205 391 foeneravit
1235 349 1334 389 mihi
1365 350 1600 403 quisquam:
1633 362 1771 390 01111193
1802 351 2051 392 maledicunt
2074 333 2242 392 3333&

149 412 260 453 mihi.
307 413 338 435 11
354 410 466 451 Dicit
481 408 700 450 Dominus:
719 407 759 448 Si
777 420 857 448 non
874 407 1053 461 reliquiae
1069 413 1150 448 tuae
1166 408 1207 448 in
1224 408 1389 451 bonum.
1409 408 1440 448 si
1457 421 1538 448 non
1555 408 1709 448 occurri
1725 407 1800 448 tibi
1816 408 1856 449 in
1874 415 2055 462 tempore

149 469 394 517 afflictionis,
415 474 456 509 et
473 467 514 507 in
534 472 715 519 tempore
734 465 1009 506 tribulationis
1029 466 1223 506 adversus
1241 466 1462 507 inimicum.
1510 468 1541 490 1²
1561 466 1771 519 Numquid
1789 467 2057 508 foederabitur

146 528 301 569 ferrum
322 528 426 567 ferro
450 526 500 567 ab
522 524 734 578 Aquilone,
759 529 801 564 et
822 524 898 564 aes?
948 526 980 548 13
1000 524 1177 565 Divitias
1200 529 1291 564 tuas
1314 528 1355 564 et
1377 524 1587 564 thesauros
1610 529 1701 565 tuos
1724 524 1764 565 in
1786 525 2055 579 direptionem

147 587 254 627 dabo
277 585 403 639 gratis
426 585 468 625 in
492 582 681 625 omnibus
705 583 882 636 peccatis
906 583 998 628 tuis,
1026 588 1067 623 et
1089 583 1130 623 in
1154 582 1342 624 omnibus
1367 582 1548 622 terminis
1573 583 1665 623 tuis.
1719 585 1750 607 1⁴
1774 583 1829 624 Et
1853 584 2055 625 adducam

145 644 329 685 inimicos
355 648 447 684 tuos
472 643 521 683 de
546 647 664 689 terra,
693 654 817 694 quam
842 641 987 682 nescis:
1016 641 1110 695 quia
1134 641 1236 694 ignis
1261 653 1476 681 succensus
1501 645 1563 681 est
1586 641 1626 681 in
1650 641 1784 682 furore
1808 655 1909 691 meo,
1937 655 2057 696 super

146 716 219 743 1703
248 702 419 742 ardebit.
474 702 506 725 1⁵
532 700 592 740 Tu
618 700 693 740 scis
719 700 905 747 Domine,
934 700 1143 740 recordare
1170 699 1259 746 mei,
1289 704 1329 739 et
1355 699 1477 739 visita
1502 712 1577 745 me,
1607 703 1648 739 et
1673 704 1786 740 tuere
1812 714 1875 741 me
1902 701 1953 741 ab
1979 701 2052 748 his,

148 761 217 814 qui
245 764 547 814 persequuntur
572 771 649 806 1119,
680 757 761 799 11011
789 758 830 798 111
858 758 1060 811 patientia
1087 763 1161 799 tua
1188 758 1388 811 suscipere
1416 770 1498 798 me:
1529 757 1629 798 scito
1660 758 1853 810 quoniam
1882 759 2056 800 sustinui

145 824 314 872 propter
342 824 382 859 te
412 817 687 871 opprobrium.
746 818 781 841 ¹⁶
811 816 975 857 Inventi
1004 822 1100 857 sunt
1129 829 1331 857 sermones
1361 816 1433 860 tui,
1465 821 1506 856 et
1535 816 1692 856 comedi
1721 829 1798 864 eos,
1830 822 1870 857 et
1899 817 2055 858 factum

146 882 208 918 est
231 876 331 917 mihi
355 876 526 917 verbum
551 880 670 916 tuum
694 875 735 915 in
759 875 955 928 gaudium
980 880 1021 915 et
1044 875 1085 915 in
1109 874 1295 915 laetitiam
1321 874 1450 915 cordis
1476 874 1572 914 mei:
1600 874 1792 927 quoniam
1818 874 2056 920 invocatum

146 940 208 976 est
239 948 387 976 nomen
419 939 537 974 tuum
569 946 690 986 super
719 946 783 973 me
814 933 989 974 Domine
1020 933 1130 974 Deus
1163 933 1427 974 exercituum.
1488 934 1521 957 1⁷
1557 933 1669 973 bNon
1701 933 1785 974 sedi
1816 933 1856 973 in
1889 934 2055 975 concilio

144 993 389 1041 ludentium,
424 997 464 1033 et
495 991 690 1045 gloriatus
724 1005 813 1032 sum
846 1005 870 1032 a
900 992 1002 1032 facie
1034 1005 1179 1032 manus
1212 997 1311 1032 tuae:
1345 990 1452 1031 solus
1485 991 1688 1036 sedebam,
1724 991 1917 1045 quoniam
1949 1005 2057 1033 com·

143 1052 369 1093 minatione
396 1050 559 1104 replesti
585 1064 661 1092 me.
718 1051 752 1074 1⁸
786 1050 936 1098 cQuare
962 1051 1096 1091 factus
1123 1055 1184 1090 est
1211 1049 1325 1091 dolor
1350 1063 1463 1090 meus
1490 1054 1723 1103 perpetuus,
1753 1055 1794 1090 et
1819 1049 1940 1104 plaga
1966 1063 2057 1091 mea

145 1109 406 1164 desperabilis
436 1109 571 1149 renuit
602 1108 757 1149 curari?
788 1109 901 1149 facta
930 1114 992 1149 est
1021 1109 1120 1149 mihi
1152 1109 1268 1162 quasi
1298 1108 1556 1148 mendacium
1587 1121 1787 1161 aquarum
1818 1108 2055 1151 infidelium.

144 1170 180 1193 19
208 1169 381 1222 Propter
408 1168 484 1208 hoc
514 1168 598 1208 haec
627 1167 726 1208 dicit
754 1167 974 1208 Dominus:
1005 1167 1046 1208 Si
1075 1167 1333 1211 converteris,
1365 1172 1603 1207 convertam
1632 1172 1684 1214 te,
1716 1172 1757 1207 et
1786 1172 1881 1208 ante
1909 1168 2055 1208 faciem

145 1240 280 1267 meam
306 1226 452 1267 stabis:
479 1231 519 1266 et
544 1226 576 1266 si
600 1226 849 1279 separaveris
873 1226 1097 1279 pretiosum
1122 1239 1146 1266 a
1169 1225 1250 1270 vili,
1279 1225 1393 1278 quasi
1419 1238 1460 1265 os
1485 1238 1621 1265 meum
1647 1225 1739 1264 eris:
1766 1231 2057 1266 convertentur

148 1285 225 1338 ipsi
243 1285 295 1326 ad
313 1290 365 1333 te,
386 1290 427 1325 et
444 1290 489 1325 tu
508 1297 589 1325 non
608 1285 854 1326 converteris
873 1285 925 1324 ad
943 1297 1020 1325 eos.
1068 1286 1104 1308 ²⁰
1120 1284 1174 1324 Et
1193 1284 1299 1324 dabo
1319 1288 1358 1323 te
1376 1283 1526 1336 populo
1544 1283 1637 1323 huic
1655 1283 1695 1323 in
1714 1296 1874 1323 murum
1894 1297 2053 1328 aereum,

144 1344 314 1385 fortem:
346 1348 387 1384 et
417 1342 628 1383 bellabunt
658 1343 875 1383 adversum
905 1348 956 1386 te,
989 1348 1029 1383 et
1059 1355 1139 1383 non
1168 1341 1468 1394 praevalebunt:
1502 1341 1597 1394 quia
1625 1354 1696 1394 ego
1727 1346 1862 1382 tecum
1891 1355 1981 1382 sum
2010 1347 2057 1382 ut

144 1402 301 1443 salvem
329 1407 380 1449 te,
409 1407 450 1442 et
476 1414 614 1442 eruam
641 1407 693 1449 te,
722 1401 821 1441 dicit
845 1400 1058 1441 Dominus.
1139 1402 1170 1425 2¹
1197 1400 1252 1441 Et
1276 1400 1456 1440 liberabo
1484 1405 1523 1440 te
1550 1400 1598 1440 de
1624 1412 1749 1440 manu
1774 1400 2053 1453 pessimorum,

143 1466 184 1501 et
210 1461 409 1501 redimam
437 1465 477 1500 te
504 1460 553 1500 de
579 1472 705 1500 manu
731 1459 911 1500 fortium.

573 1569 611 1608 2.
644 1568 784 1608 Poena
813 1568 970 1620 populi
1000 1567 1279 1620 praedicitur,
1307 1567 1373 1618 16,
1392 1567 1538 1618 1—17,
1557 1567 1622 1607 18.

247 1645 310 1688 16.
367 1647 380 1669 1
404 1644 460 1686 Ε1
482 1644 639 1685 factum
664 1649 725 1685 est
748 1644 919 1685 verbum
944 1644 1111 1685 Domini
1134 1644 1187 1684 ad
1210 1657 1285 1691 me,
1313 1644 1467 1684 dicens:
1519 1645 1533 1667 ²
1558 1643 1650 1684 Non
1674 1643 1844 1697 accipies
1869 1657 2048 1689 uxorem,
2090 1644 2225 1670 strennas

143 1709 184 1745 et
208 1717 291 1745 non
316 1708 437 1744 erunt
461 1703 537 1744 tibi
562 1703 643 1749 filii,
672 1708 713 1743 et
738 1703 829 1744 filiae
853 1703 894 1743 in
919 1702 1006 1744 loco
1031 1703 1121 1744 isto.
1176 1705 1191 1727 ³
1217 1702 1322 1751 Quia
1346 1703 1430 1743 haec
1456 1702 1554 1742 dicit
1579 1702 1780 1743 Dominus
1805 1715 1926 1755 super
1950 1703 2051 1744 filios
2087 1680 2228 1754 ἕιῗὲῗῖᾖζιιᾌ

143 1767 185 1803 91
210 1762 325 1811 filias,
356 1762 424 1815 qui
450 1767 697 1815 generantur
722 1762 763 1802 in
789 1761 876 1803 1000
904 1762 994 1805 isto.
1024 1767 1065 1802 et
1091 1774 1211 1815 super
1237 1766 1388 1802 matres
1415 1773 1566 1809 eorum,
1597 1774 1687 1814 quae
1712 1767 1940 1813 genuerunt
1967 1775 2051 1802 eos:
2096 1752 2221 1780 ¹¹¹¹m¹³t⁵

143 1826 185 1862 et
207 1834 328 1875 super
349 1826 486 1875 patres
510 1833 661 1864 eorum.
687 1821 737 1861 de
761 1833 934 1873 quorum
957 1820 1081 1874 stirpe
1105 1825 1200 1860 sunt
1223 1820 1311 1860 nati
1334 1820 1374 1860 in
1398 1824 1506 1860 terra
1527 1819 1622 1860 hac:
1672 1821 1688 1843 ⁴¹
1710 1819 1910 1861 Mortibus
1933 1833 2056 1873 aegro-

144 1879 351 1921 tationum
382 1879 625 1921 morientur:
658 1892 739 1920 non
770 1878 1027 1932 plangentur.
1061 1884 1101 1919 et
1132 1892 1214 1920 non
1245 1878 1501 1931 sepelientur,
1535 1878 1575 1917 in
1607 1877 1906 1931 sterquilinium
1937 1891 2058 1932 super

145 1938 291 1979 faciem
311 1942 429 1978 terrae
448 1943 586 1978 erunt:
607 1943 648 1977 et
667 1937 812 1990 gladio,
835 1943 876 1977 et
895 1938 1002 1977 fame
1023 1942 1332 1977 consumentur:
1354 1942 1395 1977 et
1414 1936 1490 1977 erit
1509 1936 1685 1976 cadaver
1703 1949 1842 1976 eorum
1862 1936 1903 1977 in
1923 1950 2055 1977 escam

144 1996 382 2037 volatilibus
402 1996 498 2045 caeli,
520 2001 561 2037 et
580 1996 719 2036 bestiis
739 2001 866 2036 terrae.
914 1997 929 2020 ⁵
950 1996 1048 2036 Haec
1067 1995 1174 2036 enim
1194 1995 1291 2036 dicit
1310 1995 1530 2036 Dominus:
1554 1995 1612 2035 Ne
1632 1994 1866 2047 ingrediaris
1887 1995 2055 2036 domum

145 2055 334 2103 convivii,
366 2068 497 2108 neque
526 2055 654 2095 vadas
685 2054 737 2094 ad
766 2053 1054 2107 plangendum,
1086 2067 1217 2107 neque
1247 2053 1461 2094 consoleris
1491 2066 1576 2093 eos:
1609 2052 1704 2106 quia
1734 2053 1885 2094 abstuli
1913 2066 2055 2106 pacem

148 2127 282 2155 meam
303 2126 327 2154 a
345 2113 496 2166 populo
517 2113 607 2161 isto,
630 2113 729 2153 dicit
747 2112 960 2160 Dominus,
983 2112 1299 2153 misericordiam
1320 2117 1361 2152 et
1380 2111 1671 2152 miserationes.
1723 2113 1738 2135 ⁶
1757 2111 1813 2152 Et
1832 2112 2057 2153 morientur

147 2172 333 2226 grandes,
354 2177 395 2212 et
413 2172 530 2225 parvi
548 2171 589 2212 in
608 2177 717 2212 terra
734 2171 831 2211 ista:
852 2184 934 2211 non
953 2170 1198 2225 sepelientur
1215 2184 1346 2223 neque
1364 2169 1621 2224 plangentur,
1643 2175 1684 2210 et
1701 2183 1784 2211 non
1803 2183 1843 2210 se
1861 2170 2054 2219 incident,

145 2244 278 2285 neque
305 2230 516 2271 calvitium
543 2230 613 2271 fiet
639 2242 710 2283 pro
738 2230 804 2271 eis.
863 2231 876 2253 ⁷
904 2230 959 2270 Et
984 2243 1067 2270 non
1092 2230 1283 2283 frangent
1308 2229 1414 2270 inter
1439 2242 1505 2270 eos
1530 2228 1685 2281 lugenti
1711 2241 1859 2282 panem
1886 2229 1939 2269 ad
1965 2242 2057 2269 con-

145 2289 360 2330 solandum
389 2301 509 2342 super
536 2294 717 2329 mortuo:
748 2294 790 2329 et
817 2301 898 2329 non
927 2288 1087 2329 dabunt
1116 2288 1170 2328 eis
1199 2292 1344 2341 potum
1373 2287 1506 2328 calicis
1536 2287 1587 2327 ad
1616 2286 1908 2328 consolandum
1938 2300 2058 2341 super

145 2353 262 2401 patre
289 2361 361 2389 suo
388 2352 429 2388 et
454 2352 597 2388 matre.
656 2348 671 2371 ⁸
697 2347 753 2387 Et
778 2347 947 2388 domum
974 2346 1151 2388 convivii
1177 2359 1258 2388 non
1286 2345 1532 2399 ingrediaris,
1562 2350 1609 2386 ut
1634 2345 1773 2385 sedeas
1801 2359 1893 2386 cum
1920 2346 1986 2391 eis,
2016 2350 2057 2386 et

146 2406 334 2448 comedas
363 2411 404 2446 et
431 2405 565 2446 bibas:
624 2408 639 2430 ⁹
668 2405 764 2459 quia
790 2405 875 2446 haec
903 2405 1001 2446 dicit
1028 2405 1229 2446 Dominus
1258 2405 1509 2445 exercituum
1537 2404 1648 2444 Deus
1679 2403 1819 2444 Israel:
1850 2403 1954 2444 Eece
1982 2417 2054 2458 ego

147 2465 329 2506 auferam
354 2464 403 2505 de
425 2463 512 2505 loco
537 2464 615 2504 isto
640 2464 681 2504 in
706 2463 830 2504 oculis
855 2464 1011 2511 vestris,
1039 2469 1080 2504 et
1103 2463 1145 2504 in
1169 2463 1310 2504 diebus
1336 2463 1480 2503 vestris
1506 2475 1647 2503 vocem
1670 2461 1820 2515 gaudii,
1847 2467 1889 2503 et
1912 2475 2055 2504 vocem

146 2523 311 2569 laetitiae,
342 2535 483 2564 vocem
512 2522 660 2576 sponsi,
691 2528 733 2563 et
760 2535 902 2563 vocem
930 2535 1098 2576 sponsae.

251 2583 287 2606 ¹⁰
306 2581 362 2622 Et
383 2594 476 2622 cum
497 2581 807 2622 annunciaveris
828 2580 979 2635 populo
1000 2581 1094 2622 111110
1116 2580 1253 2622 omnia
1274 2580 1400 2621 verba
1419 2580 1516 2627 haec,
1540 2584 1582 2620 et
1602 2578 1780 2620 dixerint
1801 2579 1894 2620 tibi:
1918 2579 2051 2627 Quare
2066 2580 2235 2641 ,ffitissgt‘ss
2252 2628 2261 2634 ·

144 2640 305 2682 locutus
332 2645 393 2681 est
417 2639 618 2681 Dominus
644 2653 764 2693 super
788 2652 860 2681 nos
887 2652 1005 2680 omne
1031 2639 1185 2680 malurn
1210 2639 1362 2693 grande
1388 2638 1523 2679 istud?
1552 2651 1641 2691 quaa
1666 2637 1860 2690 iniquitas
1887 2637 2050 2678 nostra?
2070 2622 2249 2681 13111101)Ῐέρῖ

147 2704 189 2740 et
217 2698 327 2752 quod
353 2703 568 2751 peccatum
597 2703 794 2743 nostrum,
827 2698 936 2752 quod
963 2698 1222 2751 peccavimus
1250 2697 1427 2738 Domino
1456 2697 1542 2738 Deo
1572 2695 1736 2737 nostro?
1792 2697 1823 2720 11
1852 2695 1970 2736 Dices
2000 2696 2053 2736 ad
2069 2686 2246 2715 ³0⁰⁵f³¹³⁰³'

148 2770 234 2798 eos:
255 2756 360 2805 Quia
376 2756 679 2810 dereliquerunt
694 2770 759 2797 me
776 2763 912 2810 patres
930 2757 1067 2805 vestri,
1088 2756 1146 2797 ait
1162 2755 1382 2797 Dominus:
1401 2760 1442 2796 et
1460 2755 1647 2795 abierunt
1665 2759 1759 2807 post
1776 2754 1871 2794 deos
1890 2754 2052 2798 alienos,

148 2821 190 2857 et
218 2815 446 2857 servierunt
475 2815 541 2863 eis,
575 2820 616 2856 91
646 2815 922 2856 adoraverunt
952 2829 1037 2856 eos:
1069 2820 1110 2855 et
1139 2828 1204 2855 me
1234 2814 1547 2867 dereliquerunt,
1581 2818 1621 2853 et
1650 2812 1779 2866 legem
1808 2825 1943 2853 meam
1972 2826 2055 2853 non

148 2873 441 2915 custodierunt.
501 2875 533 2898 12
564 2874 644 2915 Sed
674 2878 715 2914 et
746 2887 818 2915 vos
849 2874 963 2927 peius
996 2873 1152 2927 operati
1183 2873 1290 2921 estis,
1326 2885 1450 2926 quam
1481 2877 1617 2925 patres
1649 2870 1792 2911 vestri:
1826 2883 1915 2911 9009
1947 2871 2055 2911 9111111

149 2931 336 2973 ambulat
362 2932 641 2986 unusquisque
669 2937 763 2986 post
790 2932 1040 2985 pravitatem
1069 2931 1198 2972 cordis
1227 2931 1288 2972 sui
1316 2931 1424 2979 mali,
1455 2936 1501 2971 ut
1528 2943 1592 2970 me
1620 2942 1701 2970 non
1730 2929 1883 2970 audiat.
1941 2931 1973 2954 13
2000 2929 2056 2970 Ε1

150 2990 308 3032 eiiciam
328 3003 400 3031 vos
421 2990 470 3031 de
490 2995 599 3031 terra
618 2991 694 3031 hac
713 2990 754 3030 in
775 2996 938 3038 terram,
962 3003 1086 3044 quam
1105 2990 1300 3043 ignoratis
1321 3002 1405 3035 vos,
1429 2993 1469 3030 et
1489 2993 1625 3041 patres
1646 2987 1789 3028 vestri:
1812 2992 1854 3028 et
1873 2988 2055 3029 servietis

149 3049 207 3090 ibi
229 3049 303 3090 diis
327 3048 465 3089 alienis
489 3048 552 3089 die
576 3061 621 3089 ac
644 3054 775 3097 nocte,
801 3048 870 3102 qui
892 3062 974 3090 non
997 3049 1157 3090 dabunt
1178 3049 1294 3090 vobis
1317 3047 1509 3101 requiem.
1561 3048 1593 3071 14
1614 3046 1837 3099 Propterea
1859 3059 1948 3087 ecce
1971 3046 2055 3087 dies

149 3107 322 3148 veniunt
342 3106 440 3148 dicit
459 3106 672 3155 Dominus,
695 3112 738 3148 et
757 3120 837 3148 non
859 3108 1016 3148 dicetur
1035 3107 1161 3148 ultra:
1184 3107 1297 3148 Vivit
1317 3106 1529 3153 Dominus,
1554 3105 1623 3158 qui
1644 3105 1786 3145 eduxit
1806 3104 1908 3146 filios
1932 3104 2054 3145 Israel

150 3167 200 3207 de
219 3166 341 3206 Terra
358 3165 538 3218 AEgypti,
586 3167 618 3190 15
636 3165 717 3213 sed,
740 3165 852 3206 Vivit
870 3165 1082 3211 Dominus,
1105 3166 1174 3219 qui
1193 3165 1334 3206 eduxit
1354 3164 1455 3205 filios
1476 3163 1600 3204 lsrael
1618 3163 1668 3204 de
1687 3163 1810 3204 Terra
1828 3162 2052 3217 Aquilonis,

151 3229 193 3265 et
221 3224 270 3265 de
298 3224 495 3265 universis
524 3223 651 3271 terris,
684 3224 736 3264 ad
765 3237 865 3277 quas
895 3224 990 3265 eieci
1019 3238 1104 3265 eos:
1135 3229 1176 3265 et.
1203 3224 1395 3264 reducam
1425 3235 1492 3264 eos
1519 3222 1561 3263 in
1589 3226 1741 3263 terram
1770 3234 1898 3269 suam,
1931 3234 2054 3275 quam

152 3283 246 3323 dedi
275 3282 461 3336 patribus
493 3295 643 3323 eorum.
704 3283 739 3306 1⁶
769 3282 873 3323 Ecce
905 3295 976 3336 ego
1008 3283 1173 3323 mittam
1204 3282 1425 3336 piscatores
1456 3280 1607 3322 multos
1639 3280 1738 3322 dicit
1768 3279 1980 3327 Dominus,
2015 3284 2055 3319 et

285 3407 305 3441 9
330 3409 413 3442 aAm
438 3409 469 3449 8,
494 3409 525 3443 9.
551 3429 593 3433 —-
617 3409 658 3442 17
682 3408 745 3442 st
771 3409 801 3449 1,
827 3409 861 3447 1:
887 3410 939 3448 25,
966 3410 995 3443 4.
1023 3429 1064 3432 —
1088 3409 1130 3442 18
1159 3408 1231 3441 cInf
1255 3408 1307 3447 30,
1334 3408 1386 3442 15.

1771 3464 1846 3504 47*
