2356 3760
108 103 160 141 11,
186 101 327 140 12ss12‚
353 100 395 133 16
863 95 1268 130 PARALIPOMENON
1933 104 2007 145 377

110 196 374 247 ciborumque
397 193 552 237 horrea,
578 192 653 232 hoe
677 194 749 233 est,
776 188 862 237 olei,
889 194 929 229 et
954 190 1048 230 vini.
1102 192 1133 213 ¹²
1156 190 1235 230 Sed
1258 196 1298 231 et
1322 191 1361 231 in
1385 191 1549 243 singulis
1573 194 1739 235 urbibus
1762 197 1857 237 fecit
1881 211 2008 238 arma-

110 253 356 295 mentarium
380 256 589 293 scutorum
613 253 654 289 et
677 248 901 295 hastarum,
928 248 1188 301 firmavitque
1213 262 1279 289 eas
1302 262 1463 289 summa
1486 247 1704 303 diligentia,
1731 259 1769 293 et
1794 255 2009 307 imperavit

110 325 230 365 super
260 311 419 354 Iudam.
451 315 492 350 et
522 306 746 348 Beniamin.

217 372 248 395 ¹³
271 369 509 411 Sacerdotes
533 371 671 407 autem
696 370 737 405 et
760 364 925 409 Levitae,
954 365 1021 417 qui
1046 370 1163 405 erant
1186 366 1226 405 in
1250 366 1436 407 universo
1464 366 1597 413 Israel,
1626 374 1822 409 venerunt
1847 371 1897 410 ad
1922 385 2010 411 eum
2060 374 2121 431 11103
2141 380 2175 431 01³<

111 431 160 471 de
187 429 344 470 eunctis
370 426 533 467 sedibus
559 424 652 467 suis,
703 425 734 447 14
756 423 1029 476 relinquentes
1056 424 1302 469 suburbana,
1329 430 1369 465 et
1395 426 1663 478 possessiones
1690 440 1793 472 suas,
1818 433 1858 468 et
1885 433 2012 469 trans-
2053 414 2182 472 sufflat,

111 493 254 530 euntes
285 486 336 526 ad
362 485 519 533 Iudam,
556 488 597 524 et
623 481 860 522 Ierusalem:
894 495 939 523 eo
966 482 1076 535 quod
1100 482 1311 523 abiecisset
1335 496 1401 523 eos
1428 483 1650 531 ieroboam,
1678 490 1719 526 et
1742 487 1891 538 posteri
1917 488 2011 535 eius,

112 561 162 588 ne
184 543 410 587 sacerdotio
432 541 599 584 Domini
621 541 897 594 fungerentur.
950 542 981 564 ¹5
1004 541 1082 589 Qui
1105 541 1319 581 constituit
1341 541 1416 581 sibi
1439 543 1665 583 sacerdotes
1689 544 1949 594 excelsorum,
1975 551 2015 586 et

113 603 418 648 daemoniorum,
452 600 757 652 vitulorumque
789 612 890 653 quos
920 600 1084 640 fecerat.
1145 601 1180 623 1⁶
1210 600 1288 640 Sed
1320 604 1360 640 et
1391 600 1440 640 de
1472 601 1627 641 cunctis
1659 602 1846 644 tribubus
1879 603 2013 652 Israel,

114 663 359 716 quicumque
395 661 593 702 dederant
627 671 694 700 cor
727 672 845 699 suum
880 662 927 698 ut
962 663 1187 711 q11ae1·erent
1220 658 1443 699 Dominum
1478 659 1611 699 Deum
1648 660 1781 708 Israel,
1818 667 2017 702 venerunt

112 723 154 762 in
183 720 403 761 Ierusalem
430 719 482 759 ad
509 717 805 758 immolandum
833 716 1021 757 victimas
1049 730 1141 757 suas
1168 729 1303 757 coram
1330 717 1507 757 Domino
1534 717 1620 759 Deo
1648 723 1811 770 patrum
1840 732 2015 761 suorum.

113 782 147 805 1⁷
182 780 238 821 Et
271 779 569 820 roboraverunt
602 789 771 826 regnum
807 776 921 820 Iuda,
958 780 999 815 et
1033 776 1378 816 confirmaverunt
1413 775 1598 817 Roboam
1634 776 1759 817 filium
1794 778 2019 819 Salomonis

114 852 186 893 per
217 843 298 879 tres
333 849 478 878 annos:
514 835 832 876 ambulaverunt
864 834 970 875 enim
1005 835 1045 874 in
1079 834 1154 875 viis
1187 834 1324 875 David
1358 838 1399 875 et
1431 833 1668 883 Salomonis,
1706 835 1821 876 annis
1855 841 2016 876 tantum

115 898 256 938 tribus.

219 957 254 980 1⁸
271 954 404 995 Duxit
422 958 560 995 autem
581 953 767 994 Roboam
788 965 954 993 uxorem
974 951 1199 1001 Mahalath,
1221 951 1344 992 filiani
1367 952 1572 997 Ierimoth,
1595 952 1663 993 filii
1682 953 1836 994 David:
1857 953 2020 994 Abihail
2055 953 2199 1014 ᾒέζξξυῇξῗ·

116 1027 277 1068 quoque
298 1013 422 1054 filiam
444 1012 562 1054 Eliab
584 1011 654 1053 filii
677 1011 767 1059 Isai,
818 1013 853 1035 1⁹
874 1024 963 1064 quae
983 1011 1141 1064 peperit
1162 1011 1196 1051 ei
1218 1010 1320 1052 filios
1343 1011 1474 1057 Iehus,
1498 1015 1538 1051 et
1558 1011 1796 1059 Somoriam,
1821 1017 1861 1052 et
1882 1012 2017 1053 Zoom.
2178 1009 2184 1019 ’

115 1075 151 1098 2⁰
169 1073 270 1114 Post
288 1073 394 1113 hanc
415 1084 576 1125 quoque
597 1071 755 1123 accepit
775 1070 947 1111 Maacha
968 1070 1090 1110 filiam
1110 1069 1318 1119 Absalom,
1342 1083 1431 1123 quae
1451 1070 1608 1123 peperit
1628 1070 1662 1110 ei
1682 1070 1798 1115 Abia,
1821 1075 1862 1111 et
1882 1070 2018 1119 Ethai,

116 1137 158 1174 et
188 1132 292 1180 Ziza,
326 1137 368 1172 et
398 1130 610 1172 Salomith.
670 1131 701 1154 ²¹
732 1129 902 1170 Amavit
933 1134 1071 1170 autem
1104 1129 1291 1170 Roboam
1322 1128 1494 1169 Maacha
1524 1128 1647 1169 filiam
1679 1129 1871 1170 Absalom
1903 1143 2022 1183 super

117 1204 256 1233 omnes
280 1203 426 1231 uxores
449 1202 554 1237 suas,
580 1193 622 1229 et
645 1188 909 1230 concubinas:
935 1201 1030 1228 nam
1055 1201 1200 1229 uxores
1224 1188 1362 1228 decem
1386 1192 1427 1228 et
1450 1192 1541 1228 octo
1566 1188 1750 1234 duxerat,
1777 1189 2022 1229 concubinas

118 1255 256 1291 autem
289 1249 520 1302 sexaginta:
554 1253 596 1288 et
626 1247 767 1301 genuit
799 1247 943 1300 viginti
976 1251 1067 1287 octo
1101 1246 1213 1293 filios,
1249 1251 1289 1286 et
1321 1246 1533 1299 sexaginta
1564 1245 1676 1287 filias.
1737 1247 1769 1270 22
1800 1247 2023 1289 Constituit

118 1322 213 1351 vero
236 1309 278 1350 in
301 1308 447 1361 eapite,
472 1307 619 1348 Abiam
643 1306 770 1347 filium
794 1305 967 1346 Maacha
988 1306 1132 1346 ducem
1156 1318 1276 1357 super
1298 1317 1436 1346 omnes
1460 1305 1605 1345 fratres
1627 1318 1738 1346 suos:
1762 1305 1894 1359 ipsum
1918 1305 2023 1346 enim

118 1381 252 1421 regem
284 1368 415 1408 facere
448 1366 668 1419 cogitabat,
729 1366 762 1389 23
793 1365 889 1417 quia
920 1364 1142 1416 sapientior
1172 1363 1262 1411 fuit,
1297 1368 1337 1404 et
1368 1363 1575 1417 potentior
1605 1377 1725 1417 super
1755 1377 1892 1405 omnes
1924 1363 2024 1405 filios

120 1427 216 1472 eius,
246 1431 287 1467 et
314 1426 354 1466 in
382 1425 538 1465 cunctis
566 1423 714 1463 finibus
744 1422 857 1466 Iuda,
888 1427 929 1463 et
957 1422 1182 1466 Beniamin,
1212 1427 1253 1462 et
1279 1422 1319 1463 in
1348 1422 1543 1463 universis
1571 1423 1808 1464 civitatibus
1835 1423 2023 1463 muratis:

120 1484 376 1538 praebuitque
406 1483 462 1523 eis
491 1495 601 1523 escas
629 1481 837 1535 plurimas,
869 1486 909 1521 et
938 1481 1089 1522 multas
1117 1481 1266 1535 petivit
1294 1494 1450 1522 uxores.

224 1543 288 1586 12.
344 1545 357 1567 1
382 1542 566 1595 Cumque
591 1541 826 1582 roboratum
854 1540 997 1581 fuisset
1021 1553 1189 1593 regnum
1217 1540 1403 1581 Roboam
1429 1545 1468 1581 et
1495 1541 1784 1589 confortatum,
1813 1540 2027 1594 dereliquit
2051 1544 2234 1605 03111120111110

119 1602 247 1656 legem
277 1601 456 1646 Domini,
489 1606 530 1641 et
559 1600 691 1641 omnis
722 1599 845 1640 Israel
875 1612 966 1640 eum
998 1612 1056 1640 eo.
2061 1587 2214 1648 re‘iffiiffliff

225 1663 239 1685 ²
264 1661 383 1702 Anno
409 1664 546 1701 autem
574 1659 717 1712 quinto
742 1659 853 1712 regni
880 1659 1079 1705 Roboam,
1107 1658 1289 1699 ascendit
1313 1658 1433 1699 Sesac
1456 1671 1525 1699 rex
1550 1658 1717 1713 AEgypti
1742 1659 1782 1699 in
1810 1658 2025 1699 Ierusalem
2040 1664 2226 1695 aregeSesac

120 1720 236 1773 (quia
262 1723 535 1773 peccaverant
561 1718 756 1771 Domino)
809 1719 825 1742 3
852 1730 944 1758 cum
972 1716 1079 1758 mille
1108 1717 1294 1758 ducentis
1321 1717 1515 1761 curribus,
1546 1722 1586 1758 et
1613 1717 1826 1771 sexaginta
1851 1716 2028 1758 millibus
2039 1700 2234 1730 ⁰¹'I'ugnatur'

121 1779 327 1833 equitum:
351 1791 424 1819 nec
446 1782 534 1818 erat
555 1790 748 1817 numerus
770 1776 879 1830 vulgi
903 1776 1013 1829 quod
1034 1781 1203 1817 venerat
1225 1789 1315 1817 cum
1339 1789 1384 1817 eo
1407 1789 1456 1816 ex
1478 1776 1669 1830 AEgypto,
1694 1776 1842 1830 Libyes
1864 1775 2025 1824 scilicet,

122 1843 163 1879 et
189 1837 460 1891 Troglodytae,
490 1842 531 1877 et
557 1835 781 1889 AEthiopes.
837 1837 852 1859 ⁴
878 1835 1076 1888 Cepitque
1103 1835 1291 1875 civitates
1318 1835 1611 1876 munitissimas
1637 1835 1677 1875 in
1706 1835 1820 1884 Iuda,
1849 1840 1890 1875 et
1916 1834 2028 1876 venit

121 1910 248 1951 usque
277 1897 319 1938 in
350 1895 581 1937 Ierusalem.

228 1958 243 1980 ⁵
272 1955 451 1996 Semeias
481 1959 618 1994 autem
649 1953 851 2007 propheta
879 1953 1080 2006 ingressus
1109 1958 1171 1993 est
1200 1953 1252 1993 ad
1283 1953 1482 2001 Roboam,
1514 1958 1555 1993 et
1583 1952 1784 2006 principes
1814 1952 1928 2001 Iuda,
1962 1952 2029 2005 qui
2061 1962 2077 1979 ὃ
2098 1955 2209 2015 ὃθῐξθέζ

122 2014 355 2068 congregati
369 2013 534 2054 fuerant
547 2013 587 2053 in
606 2011 836 2056 Ierusalem,
853 2012 1053 2065 fugientes
1069 2012 1199 2058 Sesac,
1217 2011 1402 2065 dixitque
1418 2012 1470 2052 ad
1484 2024 1568 2052 eos:
1586 2011 1684 2052 Haec
1698 2011 1796 2052 dieit
1809 2011 2028 2052 Dominus:
2056 1996 2217 2056 cssi‘ii’pi‘im,

122 2073 202 2114 Vos
229 2072 448 2126 reliquistis
474 2084 550 2118 me,
580 2076 621 2111 et
647 2084 719 2124 ego
746 2070 889 2123 reliqui
915 2083 988 2111 vos
1014 2071 1055 2110 in
1082 2083 1206 2111 manu
1234 2070 1364 2111 Sesac.
1423 2071 1438 2094 ⁶
1464 2070 1804 2124 Consternatique
1829 2070 2030 2124 principes

124 2131 247 2173 Israel
277 2137 318 2172 et
346 2144 416 2171 rex
446 2130 657 2171 dixerunt:
691 2130 829 2170 Iustus
858 2134 919 2169 est
947 2129 1161 2170 Dominus.
1223 2130 1236 2152 ⁷
1266 2129 1450 2182 Cumque
1479 2129 1648 2170 vidisset
1676 2129 1889 2178 Dominus,
1922 2128 2031 2182 quod

122 2190 326 2232 humiliati
359 2194 505 2238 essent,
541 2189 676 2230 factus
709 2193 770 2229 est
803 2201 933 2229 sermo
967 2188 1132 2229 Domini
1167 2188 1219 2229 ad
1252 2187 1465 2237 Semeiam,
1501 2188 1656 2229 dicens:
1691 2188 1796 2237 Quia
1827 2187 2031 2229 humiliati

122 2255 230 2299 sunt,
254 2262 336 2291 non
358 2248 590 2302 disperdam
612 2261 690 2296 eos,
715 2247 905 2300 daboque
927 2247 981 2288 eis
1002 2246 1230 2300 pauxillum
1254 2246 1404 2295 auxilii,
1429 2252 1470 2287 et
1492 2260 1572 2288 non
1594 2246 1766 2288 stillabit
1786 2247 1898 2287 furor
1918 2259 2032 2287 meus

123 2321 243 2363 super
264 2307 483 2349 Ierusalem
502 2320 574 2361 per
591 2320 760 2347 manum
781 2306 911 2348 Sesae.
963 2307 978 2330 ⁸
997 2305 1291 2347 Verumtamen
1311 2305 1488 2347 servient
1507 2306 1552 2354 ei,
1575 2311 1622 2347 ut
1641 2306 1772 2347 sciant
1791 2305 2030 2346 distantiam

125 2367 334 2408 servitutis
363 2379 475 2415 meae,
507 2370 548 2407 et
577 2365 785 2407 servitutis
815 2365 926 2418 regni
956 2369 1168 2406 terrarum.

232 2428 247 2450 ⁹
278 2425 462 2467 Recessit
490 2425 630 2478 itaque
660 2425 779 2465 Sesac
809 2437 879 2465 rex
909 2424 1078 2478 AEgypti
1109 2424 1160 2465 ab
1193 2423 1424 2473 Ierusalem,
1457 2423 1627 2465 sublatis
1658 2423 1857 2465 thesauris
1887 2423 2031 2464 domus
2061 2422 2209 2488 gggffflffl

124 2485 302 2534 Domini,
337 2490 378 2525 et
409 2485 555 2526 domus
584 2484 700 2537 regis,
735 2484 952 2536 omniaque
984 2496 1119 2524 secum
1152 2482 1259 2529 tulit,
1295 2488 1335 2523 et
1367 2482 1529 2536 clypeos
1561 2496 1714 2532 aureos,
1749 2495 1849 2537 quos
1880 2483 2031 2523 fecerat
2206 2477 2213 2488 '

124 2544 328 2591 Salomon,
382 2545 418 2568 10
440 2556 513 2596 pro
540 2543 688 2596 quibus
711 2542 809 2583 feeit
832 2555 903 2583 rex
927 2555 1070 2589 aeneos,
1099 2546 1139 2582 et
1165 2542 1336 2583 tradidit
1360 2541 1448 2582 illos
1472 2542 1723 2595 principibus
1747 2541 2028 2589 scutariorum,

126 2603 194 2657 qui
228 2602 516 2644 custodiebant
548 2601 798 2643 vestibulum
830 2601 986 2655 palatii.
1048 2602 1080 2625 11
1113 2600 1296 2654 Cumque
1330 2601 1517 2642 introiret
1547 2614 1618 2641 rex
1652 2601 1819 2642 domum
1851 2599 2028 2647 Domini,

125 2662 346 2703 veniebant
373 2660 550 2710 scutarii,
580 2665 621 2702 et
648 2660 850 2702 tollebant
876 2673 954 2709 eos,
983 2660 1214 2713 iterumque
1240 2660 1470 2700 referebant
1497 2673 1564 2701 eos
1591 2660 1642 2700 ad
1670 2659 2030 2700 armamentarium

125 2734 256 2762 suum.
307 2722 338 2745 12
359 2720 653 2761 Verumtamen
674 2719 771 2773 quia
789 2719 993 2760 humiliati
1014 2723 1122 2768 sunt,
1146 2732 1289 2760 aversa
1309 2724 1370 2759 est
1391 2719 1442 2760 ab
1463 2719 1518 2759 eis
1538 2719 1598 2759 ira
1616 2718 1793 2766 Domini,
1816 2730 1889 2759 nec
1909 2717 2030 2758 deleti

126 2785 222 2821 sunt
247 2779 430 2833 penitus:
459 2779 658 2832 siquidem
686 2783 727 2819 et
752 2778 793 2819 in
822 2778 926 2819 Iuda
951 2778 1122 2819 inventa
1146 2783 1243 2818 sunt
1270 2791 1392 2831 opera
1418 2778 1535 2819 bona.

230 2841 262 2863 13
286 2837 570 2879 aConfortatus
588 2842 650 2878 est
668 2850 760 2890 ergo
779 2850 850 2878 rex
870 2837 1057 2878 Roboam
1076 2837 1116 2878 in
1138 2836 1368 2883 Ierusalem,
1391 2841 1516 2890 atque
1535 2835 1738 2889 regnavit:
1760 2835 2034 2890 quadraginta
2056 2835 2218 2902 pepffiss‘gf'et,

126 2902 265 2938 autem
287 2902 328 2938 et
348 2897 469 2937 unius
491 2897 587 2937 anni
608 2902 696 2937 erat
717 2909 809 2937 011111
831 2909 998 2949 regnare
1020 2896 1220 2949 coepisset,
1245 2901 1286 2937 et
1308 2896 1446 2936 decern
1469 2900 1509 2936 et
1530 2900 1685 2949 septem
1709 2895 1824 2935 annis
1846 2894 2032 2947 regnavit
2212 2890 2218 2901 ’

126 2956 166 2997 111
202 2955 433 3002 Ierusalem,
469 2956 580 3004 urbe,
617 2968 741 3009 quam
774 2954 895 3009 elegit
926 2955 1139 3004 Dominus,
1176 2961 1223 2996 ut
1256 2955 1515 2996 confirmaret
1547 2967 1694 2995 nomen
1728 2967 1847 2994 suum
1879 2953 1947 3002 ibi,
1983 2953 2032 2994 de

126 3015 283 3056 eunctis
314 3014 504 3055 tribubus
536 3014 677 3055 Israel:
710 3027 858 3055 nomen
890 3018 1028 3055 autem
1059 3014 1203 3055 matris
1234 3014 1318 3054 eius
1350 3014 1509 3054 Naama
1538 3013 1796 3054 Ammanitis.
1857 3013 1888 3036 11
1918 3011 2032 3053 Fecit

127 3078 265 3115 autem
293 3072 460 3121 malum,
490 3078 531 3113 et
558 3086 640 3114 non
667 3073 916 3126 praeparavit
943 3085 1011 3114 cor
1037 3085 1155 3113 suum
1183 3078 1230 3113 ut
1259 3076 1454 3126 quaereret
1480 3072 1716 3113 Dominum.

231 3134 263 3157 15
296 3132 431 3186 Opera
462 3144 557 3173 vero
593 3132 780 3173 Roboam
812 3132 945 3185 prima
977 3136 1018 3172 et
1050 3132 1273 3173 novissima
1305 3131 1453 3184 scripta
1487 3135 1584 3171 sunt
1616 3131 1657 3172 in
1690 3130 1820 3171 Libris
1866 3129 2032 3171 Semeiae
2045 3125 2228 3185 1{{}{2¹g{„{¹g‚

127 3191 349 3245 prophetae,
377 3196 419 3233 et
444 3191 563 3232 Addo
590 3190 788 3240 Videntis,
817 3195 857 3232 et
883 3190 1098 3244 diligenter
1123 3190 1326 3244 exposita:
1353 3194 1723 3243 pugnaveruntque
1750 3189 1965 3229 adversum
1992 3200 2031 3228 se
2046 3197 2078 3220 iae
2091 3196 2120 3220 et
2133 3193 2224 3219 Addo·

128 3250 328 3299 Roboam,
354 3255 395 3291 et
420 3250 633 3291 Ieroboam
657 3250 813 3290 cunctis
837 3249 991 3290 diebus.
1044 3251 1080 3273 1⁶
1102 3249 1158 3290 Et
1182 3249 1376 3290 dormivit
1400 3248 1586 3290 Roboam
1612 3261 1704 3289 cum
1727 3247 1912 3302 patribus
1936 3246 2027 3294 suis,

127 3308 391 3362 sepultusque
421 3313 484 3350 est
513 3308 554 3349 in
585 3308 762 3349 Civitate
792 3308 941 3350 David.
974 3307 1030 3349 Et
1059 3308 1246 3362 regnavit
1275 3307 1382 3348 Abia
1410 3306 1515 3349 filius
1546 3308 1629 3349 eius
1659 3320 1731 3361 pro
1762 3319 1820 3348 eo.

261 3434 313 3478 12,
344 3435 386 3469 13
412 3437 449 3469 221
476 3434 530 3480 Rg
555 3435 608 3477 14,
634 3435 686 3470 21.
