2356 3760
260 177 335 217 860
1076 172 1348 206 PROPHETIA
1884 173 1936 213 10,
1963 174 2103 213 15—12‚
2131 175 2171 207 14

260 275 349 308 tuo:
387 274 428 308 et
455 280 594 308 omnes
623 267 869 307 munitiones
899 272 979 305 tuae
1008 265 1295 311 vastabuntur,
1333 263 1439 304 sicut
1466 269 1655 305 vastatus
1690 269 1753 305 est
1779 263 1972 306 Salmana
1998 279 2023 307 a
2049 267 2170 309 domo

259 327 342 367 eius
377 326 464 380 aqui
493 325 693 367 iudicavit
721 325 819 365 Baal
843 325 882 364 in
907 324 970 364 die
993 323 1130 376 praelii,
1162 329 1293 362 matre
1322 334 1443 375 super
1472 322 1574 364 filios
1599 322 1724 363 allisa.
1782 325 1814 347 ¹⁵
1841 323 1906 365 Sic
1934 325 2031 365 fecit
2054 325 2170 367 vobis

263 385 417 428 Bethel.
454 398 477 425 a
503 385 604 425 faeie
631 383 796 423 malitiae
820 382 1097 435 nequitiarum
1124 388 1366 421 vestrarum.
1425 380 1489 423 11.
1541 384 1553 405 ¹
1579 382 1693 422 Sicut
1718 394 1839 422 mane
1873 382 2048 431 transiit,
2084 397 2171 437 per-

261 444 421 484 transiit
452 457 520 484 rex
558 443 685 483 lsrael.

66 503 238 563 βὶῈξ-ξξξζξζς
367 503 471 551 Quia
494 515 593 555 puer
623 500 751 542 lsrael.
778 506 818 539 et
841 499 962 539 dilexi
986 512 1097 539 eum:
1123 504 1163 539 et
1190 504 1260 539 bex
1282 498 1463 552 AEgypto
1486 499 1631 540 vocavi
1654 499 1782 540 filium
1805 512 1954 541 meum.
2006 502 2021 524 2
2044 500 2171 542 Voca-

74 558 234 601 na‘‹1}-}in1r‡
263 572 405 601 verunt
437 575 514 603 eos,
545 560 597 599 sic
626 558 813 598 abierunt
842 571 862 597 a
892 558 992 597 faeie
1020 571 1177 598 eorum:
1208 557 1366 597 Baalim
1394 557 1676 607 immolabant,
1706 562 1747 598 et
1773 557 2026 599 simulachris
2053 559 2172 600 sacri-

260 620 450 660 ficabant.
510 622 524 641 ³
556 618 609 658 Et
640 630 711 669 ego
744 616 858 670 quasi
889 616 1086 657 nutricius
1118 615 1328 669 Ephraim,
1360 616 1578 669 portabam
1610 630 1676 658 eos
1707 617 1747 657 in
1778 617 1952 658 brachiis
1982 617 2099 658 meis:
2132 623 2173 659 et

260 679 486 718 nescierunt
507 677 615 730 quod
634 689 815 716 curarem
834 688 912 716 eos.
959 678 973 699 ⁴
996 675 1038 715 In
1056 675 1246 715 funiculis
1263 674 1396 715 Adam
1414 674 1576 715 traham
1594 688 1672 724 eOS,
1692 675 1732 716 in
1750 675 1922 716 vinculis
1940 676 2170 717 charitatis:

258 745 295 776 et
322 750 386 776 ero
410 736 463 776 eis
489 735 603 788 quasi
627 734 813 775 exaltans
836 734 974 787 iugum
999 747 1120 787 super
1141 733 1328 774 maxillas
1351 746 1510 774 eorum:
1542 739 1584 774 et
1606 734 1806 775 declinavi
1830 735 1881 775 ad
1905 748 1996 775 eum
2028 740 2075 776 ut
2105 749 2172 776 ve—

258 801 445 835 sveretur.
506 797 520 817 ⁵
555 794 643 834 Non
676 799 905 833 revertetur
936 793 974 833 in
1001 793 1164 833 Terram
1185 792 1366 846 AEgypfi,
1400 798 1441 833 et
1469 792 1597 833 Assur
1626 793 1710 846 ipse
1739 807 1810 835 rex
1842 793 1944 834 eius:
1979 794 2171 847 quoniam

258 853 475 894 noluerunt
502 852 696 894 converti.
755 854 770 876 ⁶
796 852 927 905 s'oepit
954 852 1112 902 gladius
1138 851 1178 891 in
1205 851 1444 892 civitatibus
1470 851 1565 895 eius.
1594 856 1635 892 et
1661 857 1875 893 consumet
1899 852 2047 894 electos
2074 852 2169 902 eius,

258 919 295 952 et
322 913 508 953 eomedet.
533 912 666 964 capita
693 924 843 952 eorum.
901 912 913 935 ⁷
942 911 992 951 Et
1016 911 1191 964 populus
1216 924 1330 951 meus
1353 910 1551 963 pendebit
1574 910 1626 951 ad
1649 911 1826 952 reditum
1850 924 2006 952 meum:
2032 911 2171 966 iugum

258 979 393 1011 autem
427 971 660 1024 imponetur
689 970 743 1010 eis
773 970 904 1013 simul.
938 971 1047 1023 quod
1077 983 1159 1011 non
1190 970 1408 1010 auferetur.

111 1044 157 1068 w*
180 1053 196 1068 υ
276 1045 290 1062 '¹'
312 1040 525 1088 Quomodo
557 1040 663 1080 dabo
695 1046 734 1079 te
764 1039 974 1092 Ephraim,
1061 1045 1270 1093 protegam
1302 1044 1342 1079 te
1375 1038 1522 1079 Israel?

68 1081 237 1139 „ii-[sii'ssffissn
318 1100 539 1153 ⁴>quomodo
570 1099 676 1139 dabo
707 1104 747 1138 te
777 1098 882 1138 sicut
912 1098 1083 1146 Adama,
1168 1111 1319 1151 ponam
1351 1103 1402 1147 te,
1435 1103 1482 1139 ut
1511 1097 1699 1139 Seboim?

63 1155 240 1211 ,οὲξζζζῗζζζζη
311 1158 560 1199 Conversum
591 1163 651 1198 est
680 1157 718 1197 in
749 1170 813 1198 me
842 1170 910 1198 cor
937 1170 1086 1206 meum,
1172 1157 1324 1210 pariter
1353 1157 1602 1198 conturbata
1629 1162 1690 1197 est
1718 1157 1933 1210 poenitudo
1962 1171 2064 1199 mea.

274 1221 288 1240 ⁹
312 1217 401 1258 Non
436 1217 583 1257 faciam
618 1216 794 1257 furorem
829 1215 897 1257 irae
929 1229 1047 1257 meae:
1136 1229 1217 1258 non
1252 1220 1469 1257 convertar
1501 1220 1549 1257 ut
1582 1215 1814 1269 disperdam
1848 1216 2064 1270 Ephraim:

310 1277 503 1329 quoniam
518 1276 629 1316 Deus
646 1289 729 1329 ego,
748 1282 789 1316 et
803 1288 884 1316 non
900 1275 1040 1316 homo:
1094 1275 1134 1315 in
1150 1275 1284 1316 medio
1301 1275 1361 1315 tui
1376 1279 1554 1320 sanctus,
1573 1280 1614 1316 et
1628 1288 1710 1316 non
1725 1275 1929 1330 ingrediar
1943 1275 2168 1317 civitatem.

255 1335 403 1377 ¹⁰Post
436 1335 659 1376 Dominum
689 1334 975 1383 ambulabunt,
1062 1334 1177 1388 quasi
1207 1334 1267 1375 leo
1297 1334 1447 1388 rugiet:

308 1394 404 1447 quia
432 1394 516 1447 ipse
546 1393 688 1447 rugiet,
774 1398 815 1434 et
843 1392 1128 1434 formidabunt
1157 1393 1226 1434 filii
1256 1393 1391 1434 maris.

254 1455 283 1478 ¹¹
308 1453 362 1493 Et
392 1453 619 1494 avolabunt
646 1452 760 1506 quasi
786 1451 872 1493 avis
899 1465 948 1493 ex
973 1451 1165 1506 *Egyptof
1247 1457 1287 1493 et
1313 1452 1429 1506 quasi
1454 1452 1645 1493 columba
1669 1452 1718 1492 de
1745 1452 1869 1492 Terra
1892 1451 2170 1505 Assyriorum:

307 1518 347 1553 et
378 1512 583 1553 collocabo
614 1525 680 1552 eos
710 1511 750 1551 in
781 1511 970 1552 domibus
1000 1511 1092 1558 suis,
1179 1511 1278 1552 dicit
1307 1511 1520 1552 Dominus.

496 1628 534 1668 5.
565 1628 832 1668 Peccatores
863 1627 921 1666 ad
952 1625 1268 1677 poenitentiam
1300 1625 1567 1676 invitantur,
1595 1627 1663 1677 11,
1683 1627 1857 1678 12—14‚
1876 1627 1942 1667 10.

77 1700 225 1760 I’iff‘fijtft
259 1699 288 1721 ¹²
310 1697 586 1738 s'ircumdedit
613 1710 677 1737 me
704 1697 744 1736 in
772 1696 989 1750 negatione
1015 1695 1226 1749 Ephraim,
1309 1700 1350 1735 et
1375 1694 1417 1736 in
1445 1695 1537 1737 dolo
1565 1695 1710 1736 domus
1740 1695 1881 1735 Israel:

126 1743 141 1763 Ε
202 1756 206 1763 ’
313 1757 434 1797 ludas
465 1763 603 1797 autem
636 1756 751 1796 testis
783 1755 994 1796 descendit
1025 1768 1117 1795 cum
1148 1754 1247 1797 Deo.
1334 1759 1375 1795 et
1405 1767 1498 1795 cum
1529 1753 1681 1795 sanctis
1712 1753 1851 1795 fidelis.

258 1816 319 1858 12.
376 1818 386 1839 ¹
420 1815 615 1868 Ephraim
647 1814 779 1868 pascit
808 1819 991 1863 ventum,
1076 1819 1117 1854 et
1147 1813 1332 1867 sequitur
1360 1818 1524 1854 aestum:

309 1882 398 1915 tota
428 1874 491 1915 die
521 1874 791 1923 mendacium,
824 1879 865 1914 et
895 1873 1136 1914 vastitatem
1165 1872 1433 1925 multiplicat:

309 1940 348 1974 et
378 1934 511 1974 foedus
542 1946 632 1973 eum
664 1932 838 1986 Assyriis
867 1932 970 1976 iniit,
1055 1937 1097 1972 et
1126 1931 1258 1973 oleum
1289 1931 1329 1971 in
1360 1931 1586 1985 AEgyptum
1616 1931 1786 1972 ferebat.

274 1995 288 2017 2
313 1992 510 2033 Iudicium
542 2006 633 2045 ergo
662 1991 829 2033 Domini
859 2004 951 2032 curn
986 1991 1099 2040 Iuda,
1184 1995 1225 2031 et
1255 1990 1437 2031 visitatio
1467 2003 1588 2043 super
1619 1990 1761 2031 Iacob:

310 2051 425 2091 iuxta
456 2051 540 2091 vias
571 2051 666 2094 eius.
699 2057 739 2091 et
768 2050 886 2091 iuxta
915 2049 1228 2091 adinventiones
1258 2049 1341 2090 eius
1371 2049 1515 2090 reddet
1544 2049 1590 2090 ei.

272 2113 289 2136 ³
312 2110 381 2150 dln
410 2117 524 2151 utero
552 2109 838 2163 supplantavit
864 2109 1032 2149 fratrem
1060 2122 1197 2149 suum:
1280 2114 1321 2149 et
1347 2108 1388 2148 in
1414 2107 1658 2149 fortitudine
1685 2120 1759 2148 sua-
1785 2107 1962 2148 directus
1989 2111 2052 2148 est
2078 2120 2170 2149 cum

520 2168 672 2222 angelo.

274 2231 290 2253 ‘¹
309 2228 363 2268 Et
394 2228 567 2268 invaluit
598 2228 649 2268 ad
679 2226 880 2281 angelum,
912 2231 953 2266 et
982 2227 1238 2267 confortatus
1268 2230 1347 2266 est:
1431 2225 1556 2272 flevit,
1589 2232 1629 2266 et
1657 2225 1819 2279 rogavit
1848 2238 1958 2266 eum:

309 2287 349 2327 in
382 2286 525 2327 Bethel
555 2286 712 2327 invenit
742 2299 846 2334 eum,
931 2291 972 2325 et
1000 2284 1055 2325 ibi
1084 2284 1244 2326 locutus
1274 2290 1336 2325 est
1364 2284 1589 2325 nobiseum.

274 2348 288 2370 ⁵
310 2346 363 2386 Et
394 2345 594 2386 Dominus
624 2345 734 2385 Deus
764 2344 1029 2393 exercituum,
1114 2343 1315 2385 Dominus
1345 2342 1579 2384 memoriale
1608 2342 1704 2384 eius.

274 2407 289 2428 ‘³
311 2405 364 2445 Et
395 2412 438 2445 tu
470 2405 521 2445 ad
553 2405 683 2444 Deum
715 2410 831 2444 tuum
864 2402 1129 2444 converteris:

311 2463 625 2504 misericordiam
657 2469 697 2503 et
726 2461 920 2503 iudicium
951 2461 1122 2506 custodi.
1207 2466 1249 2502 et
1277 2474 1395 2514 spera
1422 2461 1463 2501 in
1493 2461 1580 2502 Deo
1610 2466 1682 2502 tuo
1712 2474 1881 2513 semper.

276 2525 288 2545 ¹
310 2522 516 2564 s'hanaan.
550 2522 590 2562 in
621 2534 745 2561 manu
777 2521 860 2561 eius
891 2525 1047 2561 statera-
1077 2520 1227 2569 dolosa,
1314 2519 1561 2560 calumniam
1593 2519 1748 2561 dilexit.

276 2586 289 2603 ⁷⁵
312 2582 363 2621 Et
403 2581 506 2621 dixit
545 2580 759 2633 Ephraim:
801 2579 1078 2620 Veruntamen
1117 2579 1230 2620 dives
1268 2578 1436 2620 effectus
1474 2592 1576 2628 sum,
1684 2578 1822 2619 inveni
1859 2578 2013 2619 idolum
2051 2578 2168 2619 mihi:

311 2654 448 2680 omnes
480 2640 636 2680 labores
665 2639 743 2679 mei
773 2652 854 2679 non
884 2638 1095 2678 invenient
1123 2638 1221 2678 mihi
1304 2637 1578 2691 iniquitatem,
1612 2650 1735 2691 quam
1765 2637 1942 2691 peccavi.

276 2702 290 2723 ⁵⁴
316 2699 364 2739 1⁴21
388 2712 458 2749 ego
485 2698 681 2739 Dominus
704 2698 814 2738 Dens
837 2703 931 2737 tuus
954 2710 1003 2737 ex
1026 2697 1149 2738 Terra
1171 2697 1350 2751 *Egypti
1427 2697 1560 2737 adhuc
1582 2697 1719 2737 sedere
1742 2702 1782 2737 te
1803 2696 1951 2737 faciam
1973 2696 2014 2736 in
2036 2696 2169 2737 taber-

521 2757 684 2799 naculis
715 2756 820 2797 sicut
847 2756 886 2796 in
915 2756 1056 2796 diebus
1084 2756 1334 2797 festivitatis.

263 2819 294 2839 ¹‘¹
317 2817 361 2855 lit
398 2817 556 2857 locutus
587 2829 675 2856 sum
708 2828 828 2868 super
859 2815 1090 2868 prophetas,
1178 2821 1217 2855 et
1249 2828 1321 2868 ego
1353 2814 1550 2856 visionem
1582 2814 1866 2867 multiplicavi,
1900 2819 1941 2854 et
1971 2813 2011 2854 in
2043 2826 2167 2854 manu

523 2875 812 2928 prophetarum
844 2874 1090 2914 assimilatus
1121 2888 1222 2915 sunl.

263 2935 289 2956 ¹¹
314 2933 351 2973 Si
385 2934 538 2974 (ialaad
573 2933 737 2976 idolum.
772 2946 863 2987 ergo
896 2933 1048 2973 frustra
1079 2939 1195 2973 erant
1228 2932 1267 2973 in
1299 2932 1442 2986 Galgal
1475 2933 1605 2974 bobus
1637 2931 1914 2974 immolantes:
2000 2944 2097 2972 nam
2129 2936 2170 2971 et

522 2992 665 3033 altaria
695 3005 833 3033 eorum
865 2992 978 3045 quasi
1010 2992 1142 3032 acervi
1172 3005 1292 3044 super
1321 2991 1451 3032 sulcos
1482 2991 1583 3045 agri:

266 3052 294 3073 ¹²
322 3050 455 3091 “Fumi
494 3052 609 3091 laeob
639 3051 675 3090 in
708 3051 909 3103 regionem
939 3050 1075 3104 Syriae,
1159 3057 1200 3091 et
1228 3050 1397 3091 servivit
1428 3050 1550 3091 Israel
1578 3050 1618 3091 in
1648 3062 1828 3098 uxorem,
1860 3054 1902 3090 et
1928 3048 1969 3089 in
1998 3061 2166 3090 uxorem

524 3118 712 3151 servavit.

266 3168 296 3190 ¹³¹
320 3167 380 3206 fin
412 3169 610 3219 propheta
638 3174 773 3208 autem
804 3169 947 3209 eduxit
976 3168 1176 3210 Dominus
1209 3168 1330 3209 lsrael
1358 3169 1407 3209 de
1436 3168 1634 3221 AEgypto:
1724 3173 1765 3208 et
1792 3167 1833 3207 in
1861 3167 2064 3220 propheta
2090 3179 2169 3207 ser-

526 3234 644 3266 vatus
675 3234 745 3267 est.

266 3285 296 3307 ¹⁴
317 3284 378 3323 Ad
414 3284 660 3324 iras-umnam
697 3299 759 3325 me
795 3286 1028 3338 provocavit
1069 3286 1264 3339 Ephraim
1300 3286 1337 3325 in
1374 3285 1717 3327 amaritudinibus
1751 3284 1845 3333 suis,
1933 3289 1974 3324 et
2007 3283 2169 3338 sanguis

526 3343 607 3383 eius
631 3356 749 3395 super
771 3357 861 3384 eum
887 3345 1033 3393 veniet,
1112 3350 1151 3385 et
1175 3344 1436 3397 opprobrium
1462 3345 1545 3385 eius
1569 3344 1758 3385 restituet
1780 3343 1815 3384 ei
1836 3342 2037 3384 Dominus
2060 3355 2167 3384 suus.

401 3468 439 3500 14
461 3467 539 3500 aldo
561 3472 590 3501 a.
620 3470 668 3501 11.
764 3471 813 3509 11,
851 3472 863 3503 1
892 3471 961 3502 er
988 3473 1018 3510 2,
1047 3472 1096 3505 15.
1124 3492 1164 3495 —
1189 3472 1209 3505 8
1237 3472 1306 3504 con
1333 3473 1384 3511 19,
1410 3473 1462 3505 24.
1500 3492 1537 3495 -
1573 3471 1624 3513 12,
1657 3471 1678 3504 3
1700 3471 1773 3503 dGn
1799 3471 1852 3510 25,
1879 3470 1936 3510 25;
1970 3471 2024 3510 32,
2050 3470 2102 3503 26·
2130 3489 2169 3492 —

266 3515 307 3548 12
336 3516 402 3548 ‹fln
432 3516 484 3553 es,
511 3516 539 3547 :3.
595 3536 608 3538 ἡ
639 3517 677 3549 13
711 3516 774 3548 rex
804 3518 852 3550 14,
879 3519 946 3550 eis.
1497 3524 1506 3534 ·
