2356 3760
129 131 180 170 10,
205 129 347 168 34--12,
374 129 394 162 3
995 128 1161 163 REGUM
1946 139 2024 180 323

129 223 297 271 Galaad,
322 228 363 264 et
385 223 487 269 Gad,
512 228 554 264 01
576 222 734 265 Ruben,
760 226 801 262 et
821 221 1020 269 Manasse,
1046 222 1097 262 ab
1119 221 1256 266 Aroer,
1283 236 1372 276 quae
1394 228 1456 265 est
1476 237 1596 277 super
1618 226 1853 269 Torrentem
1875 230 2025 279 Arnon,

129 286 171 323 01
198 281 367 330 Galaad‚
399 286 441 323 et
470 281 616 321 Basan.

234 342 266 365 3⁴
287 340 459 393 Reliqua
477 344 615 379 autem
634 338 851 379 verborum
872 337 983 385 Iehu,
1004 344 1045 378 et
1062 338 1253 379 universa
1271 352 1360 392 quae
1377 339 1484 385 fecit,
1505 346 1546 382 et
1563 342 1762 383 fortitudo
1781 343 1875 391 eius,
1897 358 2027 386 nonne
2056 343 2209 390 “1¹¹‘1P12ifl

128 399 214 440 haec
241 399 393 452 scripta
420 402 516 439 sunt
542 397 584 437 in
613 397 734 437 Libro
763 396 980 437 verborum
1010 396 1166 437 dierum
1193 410 1332 450 regum
1364 398 1509 439 Israel?
1565 402 1597 424 3⁵
1626 400 1681 441 Et
1708 401 1901 442 dormivit
1932 378 2220 443 'lehugifrss'iss‘iaisis

131 471 223 498 cum
248 457 434 511 patribus
460 455 553 505 suis,
581 454 907 508 sepelieruntque
933 468 1025 495 eum
1050 454 1092 494 in
1117 455 1319 496 Samaria:
1346 461 1387 497 et
1411 458 1598 509 regnavit
1625 458 1795 499 Ioachaz
1820 460 1922 500 filius
1949 461 2031 501 eius

130 529 203 570 pro
233 529 291 556 eo.
342 516 378 540 ³⁶
400 514 495 556 Dies
520 518 671 563 autem,
699 527 798 567 quos
822 513 1009 567 regnavit
1034 513 1133 553 Iehu
1156 526 1277 566 super
1301 515 1434 563 Israel,
1461 515 1605 568 viginti
1628 522 1668 557 et
1692 523 1782 559 octo
1807 519 1901 558 anni
1924 524 2030 564 sunt,

130 575 171 615 in
201 573 395 615 Samaria.

661 631 700 670 2.
730 629 907 670 Athalia
937 631 1099 680 regina
1129 629 1252 680 luda,
1280 630 1346 680 11,
1365 631 1515 672 1—21.

237 703 301 745 11.
357 704 371 726 ¹
397 700 565 743 Athalia
597 713 711 741 avero
739 704 872 740 mater
898 699 1096 747 Ochoziae,
1126 699 1268 741 videns
1296 706 1505 741 mortuum
1533 701 1660 742 filium
1688 715 1817 748 suum,
1848 704 2032 753 surrexit,
2089 702 2190 756 Sfflmffl

132 767 173 802 et
197 760 402 802 interfecit
427 773 545 801 omne
571 772 708 800 semen
732 758 899 811 regium.
954 759 969 782 2
995 758 1153 799 Tollens
1179 764 1318 800 autem
1347 759 1493 800 losaba
1518 759 1599 800 filia
1623 760 1724 813 regis
1753 761 1897 808 loram,
1925 776 2036 802 soror
2080 744 2196 798 gssssn'iiii

133 820 330 867 Ochoziae,
363 819 453 860 Ioas
481 818 609 859 filium
637 817 834 862 Ochoziae,
864 817 1001 858 furata
1029 822 1090 858 est
1117 831 1209 858 eum
1237 818 1286 858 de
1313 818 1446 859 medio
1475 818 1648 859 filiorum
1675 819 1789 871 regis,
1821 820 1888 872 qui
1914 820 2036 860 inter-

133 878 386 926 ficiebantur,
412 882 453 918 et
476 876 677 918 nutricem
701 875 784 917 eius
809 876 858 916 de
882 874 1074 917 triclinio:
1100 880 1141 917 et
1164 876 1379 918 abscondit
1403 890 1494 917 eum
1519 890 1542 917 a
1564 877 1666 917 facie
1689 877 1862 918 Athaliae
1886 884 1932 919 ut
1956 892 2035 919 non

135 937 439 978 interficeretur.
493 938 509 961 ³
534 935 717 989 Eratque
743 948 836 976 cum
862 946 909 975 ea
934 948 1004 975 sex
1031 934 1146 975 annis
1173 934 1276 975 clam
1302 935 1343 976 in
1370 936 1490 977 domo
1516 935 1700 976 Domini:
1727 949 1845 989 porro
1872 936 2035 977 Athalia

134 995 320 1050 regnavit
348 1007 469 1049 super
497 999 660 1036 terram.

237 1056 252 1079 4
290 1054 428 1095 bAnno
463 1058 602 1094 autem
636 1052 810 1106 septimo
844 1052 957 1093 misit
992 1051 1144 1100 Ioiada,
1195 1057 1237 1094 et
1270 1066 1478 1094 assumens
1513 1053 1779 1101 000111110000,
1816 1058 1857 1095 01
1890 1053 2036 1094 milites
2059 1053 2223 1113 Ψξίῑᾎζῡῒξῑ·

133 1113 365 1155 introduxit
391 1112 443 1153 ad
470 1125 511 1152 se
537 1111 579 1152 in
606 1110 806 1165 templum
833 1110 1011 1156 Domini,
1040 1110 1276 1165 pepigitque
1303 1125 1395 1152 cum
1423 1112 1477 1152 eis
1505 1112 1657 1152 foedus:
1687 1116 1727 1152 01
1754 1112 1943 1153 adiurans
1971 1125 2036 1153 eos
2111 1096 2135 1113 ω
2154 1096 2195 1113 u*

132 1172 174 1213 in
194 1172 314 1213 domo
334 1170 513 1219 Domini,
535 1170 715 1212 ostendit
734 1170 788 1211 eis
808 1169 935 1210 filium
954 1169 1074 1223 regis:
1121 1172 1137 1194 ⁵
1156 1175 1197 1210 et
1214 1170 1407 1223 praecepit
1425 1170 1514 1217 illis,
1536 1170 1690 1210 dicens:
1713 1170 1794 1211 Iste
1814 1176 1873 1211 est
1893 1184 2034 1220 sermo,

135 1244 256 1285 quem
277 1231 408 1272 facere
429 1229 606 1270 debetis:
658 1230 673 1253 ⁶
695 1228 831 1270 Tertia
851 1241 944 1282 pars
966 1234 1148 1269 vestrum
1169 1228 1347 1269 introeat
1369 1229 1554 1273 sabbato,
1579 1233 1618 1268 et
1640 1228 1828 1269 observet
1849 1229 2038 1270 excubias

135 1291 279 1331 domus
306 1289 422 1342 regis.
452 1288 589 1329 Tertia
615 1293 754 1328 autem
781 1300 874 1341 pars
901 1287 953 1327 sit
980 1287 1033 1327 ad
1058 1292 1221 1340 portam
1248 1287 1342 1327 Sur:
1371 1291 1412 1327 et
1438 1287 1560 1328 tertia
1586 1299 1679 1340 pars
1706 1287 1759 1327 sit
1786 1287 1837 1327 ad
1863 1292 2037 1341 portam,

136 1362 226 1403 quae
263 1354 325 1389 est
360 1352 454 1401 post
489 1346 771 1388 habitaculum
808 1345 1097 1386 scutariorum:
1136 1350 1176 1386 et
1213 1345 1449 1386 custodietis
1487 1344 1677 1386 excubias
1714 1345 1858 1386 domus
1895 1345 2037 1387 Messa.

140 1409 153 1431 ⁷
176 1408 280 1448 Duae
303 1420 398 1447 vero
421 1411 557 1459 partes
582 1419 602 1446 e
624 1404 753 1452 vobis,
779 1417 917 1445 omnes
942 1403 1190 1457 egredientes
1213 1404 1399 1452 sabbato,
1425 1404 1660 1445 custodiant
1683 1403 1872 1444 excubias
1896 1404 2040 1444 domus

135 1465 302 1507 Domini
330 1465 436 1506 circa
462 1477 608 1518 regem.
668 1465 683 1487 Β
711 1463 767 1504 Ε1
794 1462 1000 1503 vallabitis
1029 1476 1133 1508 eum.
1164 1462 1360 1503 habentes
1390 1476 1504 1503 arma
1530 1462 1571 1503 in
1600 1462 1787 1503 manibus
1816 1462 1979 1502 vestris:
2008 1461 2041 1502 si

135 1525 224 1579 quis
239 1529 378 1566 autem
392 1523 592 1577 ingressus
608 1522 730 1563 fuerit
744 1527 906 1576 septum
921 1521 1074 1575 templi,
1092 1521 1376 1562 interficiatur:
1394 1521 1584 1575 eritisque
1599 1535 1690 1562 cum
1705 1534 1795 1574 rege
1809 1521 2042 1562 introeunte

135 1589 176 1625 et
202 1583 445 1637 egrediente.
496 1584 511 1606 ⁹
536 1582 592 1623 Et
617 1582 802 1622 fecerunt
827 1580 1083 1621 centuriones
1109 1580 1227 1621 iuxta
1252 1580 1400 1628 omnia,
1430 1594 1519 1634 quae
1545 1584 1792 1634 praeceperat
1817 1579 1871 1620 eis
1900 1579 2041 1620 Ioiada

135 1642 340 1684 sacerdos:
368 1646 408 1682 et
434 1645 686 1682 assumentes
712 1639 858 1693 singuli
884 1639 991 1680 viros
1018 1652 1122 1687 suos,
1152 1639 1220 1692 qui
1245 1639 1578 1692 ingrediebantur
1602 1639 1833 1685 sabbatum,
1861 1651 1952 1679 cum
1979 1637 2039 1679 his

137 1701 206 1755 qui
239 1700 552 1754 egrediebantur
583 1699 769 1745 sabbato,
804 1703 1006 1739 venerunt
1037 1698 1090 1739 ad
1125 1697 1306 1739 Ioiadam
1340 1699 1602 1739 sacerdotem.
1664 1699 1700 1722 ¹⁰
1731 1697 1808 1746 Qui
1841 1697 1954 1738 dedit
1985 1696 2040 1737 eis

136 1760 289 1808 hastaS,
317 1765 358 1801 et
383 1772 498 1800 arma
521 1758 624 1812 regis
649 1757 799 1806 David,
829 1770 918 1811 quae
944 1762 1060 1797 erant
1084 1756 1125 1797 in
1151 1757 1272 1798 domo
1298 1756 1475 1798 Domini.
1532 1759 1560 1780 ¹¹
1587 1756 1643 1797 Et
1668 1760 1870 1797 steterunt
1895 1754 2040 1808 singuli

136 1819 333 1860 habentes
363 1831 477 1859 arma
504 1817 546 1858 in
574 1830 699 1857 manu
729 1830 803 1857 sua
832 1829 856 1857 a
883 1821 999 1869 parte
1028 1815 1170 1869 templi
1199 1816 1378 1861 dextera,
1410 1829 1537 1869 usque
1566 1815 1618 1856 ad
1646 1820 1805 1868 partem
1834 1814 2039 1854 sinistram

136 1878 287 1927 altaris,
317 1882 358 1918 et
385 1876 494 1925 aedis,
524 1876 674 1917 circum
702 1888 848 1929 regem.
905 1876 937 1900 ¹²
963 1874 1245 1928 Produxitque
1272 1874 1399 1915 filium
1426 1873 1540 1927 regis,
1570 1878 1612 1915 et
1637 1873 1774 1927 posuit
1801 1885 1920 1926 super
1946 1885 2038 1913 eum

135 1937 336 1981 diadema,
373 1941 414 1976 et
447 1934 747 1976 testimonium:
782 1934 1047 1987 feceruntque
1083 1946 1175 1974 eum
1208 1945 1354 1986 regem,
1391 1938 1432 1974 et
1465 1938 1688 1973 unxerunt:
1725 1937 1765 1972 01
1797 1931 2038 1985 plaudentes

136 2009 273 2043 manu,
301 1994 511 2036 dixerunt:
543 1994 668 2034 Vivat
690 2006 772 2034 rex.
821 1994 853 2017 ¹³
876 1992 1049 2033 Audivit
1071 1997 1209 2032 autem
1232 1991 1399 2032 Athalia
1422 2004 1562 2032 vocem
1586 1990 1726 2044 populi
1749 1990 1964 2030 currentis:
1998 1994 2040 2031 et

135 2054 315 2108 ingressa
331 2054 384 2094 ad
404 2053 546 2094 turbas
566 2052 608 2092 in
629 2051 828 2105 templum
847 2050 1026 2098 Domini,
1064 2052 1096 2074 ¹⁴
1114 2050 1218 2091 vidit
1235 2063 1369 2103 regem
1387 2055 1566 2090 stantem
1587 2062 1708 2102 super
1724 2048 1904 2089 tribunal
1923 2048 2039 2089 iuxta

136 2126 302 2161 morem,
315 2117 355 2153 et
365 2117 563 2160 cantoreS,
575 2116 616 2152 et
628 2111 750 2152 tubas
761 2123 887 2164 prope
901 2123 1006 2156 eum,
1017 2122 1261 2162 omnemque
1274 2108 1471 2162 populum
1484 2114 1600 2149 terrae
1612 2107 1832 2151 laetantem,
1844 2112 1884 2147 et
1895 2120 2041 2147 canen-

137 2178 223 2213 tem
240 2171 370 2212 tubis:
390 2176 431 2212 et
447 2170 567 2211 scidit
582 2169 831 2210 vestimenta
848 2182 932 2216 sua,
948 2167 1242 2221 clamavitque:
1263 2167 1510 2215 Coniuratio,
1526 2166 1764 2208 coniuratio.
1798 2168 1829 2190 ¹⁵
1842 2165 2040 2219 Praecepit

140 2236 280 2272 autem
308 2230 449 2271 loiada
482 2228 799 2276 centurionibus,
835 2227 904 2281 qui
934 2232 1051 2268 erant
1080 2239 1201 2280 super
1229 2226 1464 2274 exercitum,
1499 2231 1540 2267 et
1565 2226 1622 2266 ait
1647 2225 1720 2265 eis:
1754 2224 1926 2265 Educite
1951 2237 2038 2264 eam

136 2295 254 2331 extra
283 2294 400 2343 septa
430 2287 585 2341 templi,
625 2292 666 2328 et
696 2287 942 2340 quicumque
973 2299 1062 2327 eam
1095 2290 1257 2326 secutus
1297 2285 1431 2331 fuerit,
1473 2284 1642 2325 feriatur
1679 2283 1824 2337 gladio.
1868 2283 2040 2324 Dixerat

136 2348 243 2389 enim
272 2348 476 2389 sacerdos:
510 2347 602 2388 Non
630 2346 840 2387 occidatur
866 2345 908 2386 in
936 2343 1088 2398 templo
1116 2343 1295 2385 Domini.
1353 2346 1387 2367 ¹⁶
1417 2343 1786 2396 Imposueruntque
1814 2341 1849 2382 ei
1879 2355 2035 2390 manus,

137 2412 178 2448 et
195 2407 452 2460 impegerunt
469 2419 558 2447 eam
575 2418 647 2459 per
662 2405 772 2445 viam
790 2404 982 2446 introitus
1000 2416 1209 2457 equorum,
1229 2403 1346 2443 iuxta
1362 2401 1574 2456 palatium,
1598 2406 1639 2442 et
1655 2400 1871 2441 interfecta
1888 2405 1949 2440 est
1968 2399 2035 2440 ibi.

242 2467 275 2490 ¹⁷
295 2465 456 2519 Pepigit
476 2477 569 2518 ergo
591 2463 732 2505 Ioiada
750 2463 884 2504 foedus
905 2462 1011 2504 inter
1029 2461 1266 2509 Dominum,
1289 2465 1330 2502 et
1349 2461 1456 2502 inter
1474 2473 1619 2513 regem,
1643 2464 1684 2501 et
1703 2459 1809 2500 inter
1827 2458 2035 2512 populum,
2053 2457 2147 2482 ¹OEd⁰⁸
2160 2457 2233 2482 “¹¹⁰¹

2060 2492 2227 2522 Dominum,

138 2530 185 2567 ut
210 2529 316 2566 esset
341 2523 515 2578 populus
542 2522 720 2571 Domini,
750 2527 792 2564 et
817 2522 923 2563 inter
948 2534 1082 2574 regem
1110 2525 1151 2562 et
1176 2519 1386 2574 populum.
1443 2521 1477 2544 ¹⁸
1506 2519 1793 2572 Ingressusque
1820 2522 1881 2558 est
1908 2530 2037 2558 001010
2071 2534 2164 2556 renem
2185 2528 2215 2552 et

136 2583 310 2638 populus
337 2588 454 2624 terrae
479 2581 679 2636 templum
706 2581 819 2630 Baal,
847 2586 889 2622 et
914 2581 1205 2621 destruxerunt
1230 2592 1319 2620 aras
1346 2578 1441 2627 eius,
1470 2583 1512 2619 et
1536 2577 1730 2629 imagines
1756 2576 2035 2617 contriverunt
2068 2562 2214 2629 ξζξῐξζᾷᾛξῖ

138 2643 289 2684 valide:
308 2642 480 2683 Mathan
499 2654 660 2695 quoque
679 2640 930 2681 sacerdotem
950 2638 1051 2680 Baal
1069 2638 1305 2680 occiderunt
1322 2650 1458 2678 coram
1477 2636 1606 2678 altari.
1627 2636 1683 2676 Et
1700 2634 1837 2688 posuit
1854 2635 2037 2675 sacerdos

137 2701 343 2743 custodias
363 2701 404 2741 in
425 2701 546 2741 domo
565 2699 744 2741 Domini.
793 2701 828 2723 ¹⁹
848 2698 1038 2752 Tulitque
1059 2696 1326 2746 centuriones,
1349 2701 1390 2738 et
1409 2695 1567 2737 Cerethi
1588 2700 1629 2735 et
1647 2693 1832 2734 Phelcthi
1850 2692 2036 2746 legiones,

138 2765 180 2801 et
210 2773 372 2802 omnem
402 2758 600 2813 populum
630 2763 758 2806 terrae,
792 2758 1132 2810 deduxeruntque
1160 2768 1294 2809 regem
1325 2755 1374 2796 de
1404 2755 1525 2796 domo
1556 2752 1738 2794 Domini:
1770 2756 1811 2792 et
1840 2757 2040 2792 venerunt

138 2832 210 2872 per
231 2818 341 2860 viam
364 2823 494 2872 portae
515 2817 785 2858 scutariorum
806 2816 848 2857 in
870 2815 1083 2870 palatium,
1108 2819 1149 2856 01
1170 2814 1276 2855 001111
1297 2826 1417 2868 super
1438 2813 1630 2854 thronum
1652 2823 1803 2864 regum.
1853 2812 1890 2834 ‘2⁰
1910 2810 2040 2850 Laeta-

139 2884 287 2931 tusque
316 2882 378 2918 est
406 2876 536 2918 omnis
565 2875 739 2930 populus
770 2881 897 2923 101110,
930 2879 971 2915 01
999 2873 1143 2915 civitas
1174 2872 1427 2927 conquievit:
1457 2870 1623 2912 Athalia
1652 2874 1790 2910 autem
1820 2868 1951 2910 occisa
1980 2873 2040 2909 est

135 2936 271 2990 gladio
301 2936 343 2976 in
373 2936 495 2977 domo.
524 2934 639 2988 regis.
698 2936 729 2958 2¹
760 2934 1006 2988 Septemque
1038 2945 1237 2973 annorum
1268 2936 1355 2972 erat
1386 2930 1489 2979 Ioas,
1521 2942 1613 2970 cum
1642 2940 1808 2981 regnare
1838 2927 2037 2981 coepisset.

739 3039 778 3079 3.
809 3036 909 3078 loas
939 3047 1022 3077 rex
1052 3036 1174 3087 luda,
1200 3036 1268 3086 12,
1286 3035 1438 3075 1—21.

242 3111 307 3155 12.
363 3113 375 3135 ¹
407 3111 527 3152 Anno
558 3109 732 3164 septimo
766 3109 865 3150 Iehu
897 3108 1084 3162 regnavit
1117 3107 1226 3149 Ioas:
1260 3111 1301 3148 et
1333 3104 1605 3160 quadraginta
1635 3101 1751 3143 annis
1782 3101 1969 3155 regnavit
1999 3102 2040 3142 in
2082 3102 2206 3166 {3333

140 3170 369 3212 ierusalem.
399 3182 547 3211 nomen
574 3168 716 3209 matris
744 3167 827 3209 eius
855 3167 976 3209 Sebia
1001 3167 1051 3208 de
1079 3166 1289 3207 Bersabee.
2199 3162 2201 3164 ’

242 3231 257 3254 2
289 3228 484 3282 Fecitque
520 3228 610 3269 Ioas
643 3231 800 3268 rectum
834 3239 970 3268 coram
1003 3224 1180 3266 Domino
1215 3222 1371 3265 cunctis
1406 3222 1559 3269 diebus,
1597 3220 1742 3274 quibus
1777 3218 1916 3259 docuit
1949 3232 2024 3259 eun

141 3288 281 3329 Ioiada
300 3287 497 3328 sacerdos.
546 3289 561 3311 3
580 3286 874 3327 Verumtamen
894 3284 1052 3325 excelsa
1070 3297 1153 3326 non
1173 3281 1362 3325 abstulit:
1384 3281 1518 3323 adhuc
1538 3279 1645 3322 enim
1664 3276 1838 3333 populus
1858 3275 2039 3317 immola-

140 3348 222 3396 bat,
253 3352 294 3389 et
322 3345 514 3388 adolebat
541 3345 582 3386 in
611 3343 776 3386 excelsis
804 3343 1027 3385 incensum.

2026 3231 2039 3257 1
2087 3216 2200 3240 bonitas

2102 3256 2182 3279 regis.

272 3462 323 3503 11,
349 3463 366 3495 1
393 3462 431 3494 ³2
456 3461 522 3494 Par
546 3461 598 3499 22,
624 3460 674 3493 10.
703 3479 745 3484 ——
768 3458 789 3492 4
811 3458 851 3491 122
876 3458 943 3491 Par
966 3458 1019 3497 23,
1045 3459 1075 3493 1.
