2356 3760
307 71 409 113 1210
1138 65 1281 99 LIBER
1307 67 1370 100 111.
1990 71 2019 110 1,
2048 71 2166 110 17-2,
2190 71 2210 104 5

302 163 433 201 ianuas,
454 162 504 195 ita
523 167 562 195 ut
581 172 650 194 non
670 160 952 204 praevaricaretur
972 158 1207 203 unusquisque
1227 170 1339 192 suam:
1362 160 1483 193 fratres
1504 159 1593 192 enim
1615 160 1748 194 illorum
1769 168 1978 205 paraverunt
1999 164 2071 198 illis.
2116 166 2143 183 ¹⁷
2164 164 2211 197 Et

302 211 544 244 consummata
557 211 639 242 sunt
653 218 728 251 quae
744 206 964 251 pertinebant
978 205 1021 240 ad
1035 206 1238 240 sacrificium
1255 206 1404 241 Domini.
1442 209 1470 226 ¹⁸
1491 207 1526 239 ln
1541 206 1596 240 illa
1612 206 1665 240 die
1680 211 1821 250 egerunt
1837 208 1956 249 Phase,
1972 214 2007 244 et
2020 211 2212 245 offerebant

301 257 431 290 hostias
457 266 560 299 super
585 254 724 288 Domini
750 253 964 292 sacrificium,
992 253 1179 286 secundum
1208 256 1417 297 praeceptum
1444 253 1530 298 regis
1558 253 1664 288 Iosiae.
1716 255 1744 274 ¹⁹
1770 254 1817 288 Et
1842 259 1985 299 egerunt
2010 257 2068 292 filii
2095 259 2210 300 Israel,

302 304 360 347 qui
384 302 515 337 inventi
538 305 621 336 sunt
643 302 676 334 in
700 304 854 345 tempore
877 299 944 340 illo,
970 300 1093 334 Phase:
1119 303 1154 334 et
1176 300 1265 333 diem
1289 301 1415 334 festum
1440 311 1640 344 azymorum
1665 312 1724 345 per
1746 301 1816 335 dies
1839 305 1986 347 septem:
2035 306 2063 326 ²⁰
2086 308 2120 339 et
2142 317 2209 340 non

302 354 354 385 est
377 350 586 385 celebratum
616 348 721 382 Phase
744 347 812 381 tale
836 347 870 380 in
895 347 1009 387 Israel,
1034 358 1055 381 a
1076 347 1290 391 temporibus
1313 347 1480 382 Samuelis
1504 348 1694 392 prophetae:
1743 351 1767 368 ‘²¹
1792 353 1828 383 et
1850 360 1967 384 omnes
1990 362 2082 396 reges
2108 352 2210 387 Israel

303 409 368 431 non
387 397 647 431 celebraverunt
663 395 731 429 tale
749 395 882 428 Pascha
898 394 998 438 quale
1015 394 1084 438 egit
1103 394 1218 434 Iosias,
1237 397 1272 427 et
1288 395 1500 435 Sacerdotes,
1518 398 1553 428 et
1570 395 1710 435 Levitae,
1728 398 1763 429 et
1781 395 1898 436 Iudaei,
1916 399 1951 431 et
1967 398 2077 432 omnis
2096 399 2209 441 Israel,

301 445 360 489 qui
378 444 511 478 inventi
528 446 609 476 sunt
629 442 661 475 in
681 441 950 475 connum-atione
970 441 1196 484 Ierosolymis
1240 444 1265 460 ‘²²
1285 442 1419 476 Octavo
1438 441 1570 476 decimo
1588 453 1689 482 anne,
1708 445 1874 486 regnante
1894 444 1983 478 Iosia
2001 445 2210 481 celebratum

300 496 351 525 est
381 492 496 524 Phase.

116 541 275 580 Dominum
435 540 460 557 ²³
486 538 533 570 Et
556 537 683 570 directa
709 539 791 570 sunt
815 547 918 580 opera
943 535 1038 569 Iosiae
1062 536 1097 569 in
1122 540 1307 581 conspectu
1332 536 1472 570 Domini
1495 535 1547 569 sui
1571 536 1605 569 in
1630 536 1729 570 eorde
1754 537 1853 581 pleno
1878 539 2078 573 metuentis:
2128 543 2153 560 ²⁴
2177 545 2212 576 et

146 578 241 605 ‘'¹¹¹⁹‘’
301 597 376 629 quasv
400 585 489 619 circa
511 585 605 617 illum
630 584 768 627 quidem
792 583 986 627 conscripta
1007 586 1100 622 sunt,
1123 583 1158 616 in
1182 583 1332 627 pristinis
1355 583 1568 627 temporibus
1592 583 1633 617 de
1656 583 1713 623 eis,
1738 584 1797 627 qui
1820 589 2060 629 peccaverunt,
2085 587 2212 632 quique

302 632 474 677 irreligiosi
493 632 634 665 fuerunt
651 631 686 664 in
706 631 894 664 Dominum
913 641 982 675 prae
1002 631 1094 664 omni
1113 633 1225 674 gente,
1245 634 1280 664 et
1299 630 1357 675 qui
1376 641 1445 664 non
1464 630 1673 674 quaesierunt
1692 631 1798 665 verba
1816 632 1956 666 Domini
1974 644 2076 677 super
2096 635 2210 670 Israel.

145 684 245 705 comm
437 681 462 699 ²⁵
485 679 533 713 Et
555 682 633 723 post
656 689 791 712 omnem
816 680 933 712 actum
956 678 1048 711 hune
1072 677 1179 717 Iosiae,
1203 677 1358 711 ascendit
1381 678 1515 711 Pharao
1538 689 1597 711 rex
1619 678 1773 722 AEgypti,
1797 679 1936 713 veniens
1958 679 1993 713 in
2017 681 2211 716 Chareamis

105 716 113 739 ¹
118 715 286 780 )}}1}r”{,‘}¹‡fs¹¹¹
302 727 344 760 ab
364 727 483 760 itinere
501 737 602 770 super
620 726 846 770 Euphratem,
866 728 901 759 et
918 725 1002 758 exiit
1019 724 1158 758 obviam
1176 724 1223 758 illi
1243 724 1359 758 Iosias.
1402 726 1430 744 ²⁶
1449 724 1496 758 Et
1513 724 1607 758 misit
1623 736 1682 758 rex
1699 725 1843 770 AEgypti
1861 725 1905 760 ad
1924 726 2061 768 Iosiam,
2080 728 2210 764 dicens:

101 786 130 810 m
144 767 287 817 MRde'aO
302 774 391 816 Quid
405 774 488 807 mihi
502 776 536 807 et
549 773 611 807 tibi
625 776 677 806 est
689 784 748 806 rex
764 772 876 806 Iudae?
916 774 943 792 2⁷
958 772 1035 805 Non
1049 782 1125 805 sum
1138 771 1260 805 missus
1274 783 1295 805 a
1307 771 1456 805 Domino
1470 775 1508 805 ut
1522 783 1672 816 pugnem
1685 777 1806 807 contra
1818 776 1867 807 te:
1882 784 1984 818 super
1996 774 2210 819 Euphratem

110 821 281 860 vulneratur
301 821 389 854 enim
410 821 536 854 bellum
555 831 669 853 meum
688 824 750 859 est,
770 820 935 853 festinans
954 819 1130 853 descende.
1174 821 1201 838 ²⁵
1220 819 1267 852 Et
1284 830 1353 852 non
1371 821 1423 853 est
1440 830 1594 852 reversus
1614 819 1720 853 Iosias
1738 830 1840 864 super
1857 832 2009 855 currum:
2029 822 2088 856 sed
2106 834 2211 868 expu-

114 858 273 917 Ielfi}3‚}{{,m
300 879 403 912 gnare
423 879 501 902 eum
523 868 724 907 conabatur,
745 878 815 900 non
835 866 1018 900 attendens
1040 866 1183 900 verbum
1205 866 1381 911 prophetae
1401 877 1443 900 ex
1463 877 1519 899 ore
1541 866 1694 899 Domini:
1740 868 1768 886 ‘³⁰
1788 867 1847 901 sed
1868 868 2049 903 constituit
2069 870 2113 903 ad
2133 881 2211 905 eum

126 908 261 955 mor'i‘tur:
302 915 427 948 bellum
452 915 485 948 in
509 926 631 958 eampo
654 914 834 958 Mageddo.
860 913 907 947 Et
929 913 1180 947 descenderunt
1203 913 1371 958 principes
1395 913 1439 947 ad
1462 924 1575 958 regem
1600 913 1736 948 Iosiam.
1784 916 1814 935 ²³⁰
1837 914 1884 948 Et
1906 915 1995 950 dixit
2017 927 2076 950 rex
2099 918 2211 962 pueris

299 963 378 1002 suis,
405 964 573 995 Amovete
597 972 651 995 me
675 973 696 995 a
721 961 845 1005 praelio,
870 960 1064 994 infirmatus
1088 971 1164 994 sum
1189 960 1279 994 enim
1304 960 1414 995 valde.
1440 961 1488 994 Et
1510 960 1631 994 statim
1656 964 1863 995 amoverunt
1885 972 1964 996 eum
1988 964 2084 1007 pueri
2107 964 2212 1009 ipsius

299 1010 341 1043 de
366 1009 446 1043 acie.
489 1011 513 1029 ³¹
533 1009 580 1043 Et
596 1008 751 1042 ascendit
768 1019 869 1052 super
886 1019 1023 1042 currum
1040 1007 1281 1042 secundarium
1298 1018 1414 1041 suum:
1434 1010 1469 1042 et
1486 1007 1686 1052 perveniens
1706 1008 1963 1052 lerosolymam,
1982 1010 2056 1045 vita
2071 1012 2212 1046 functus

299 1059 362 1096 est,
385 1060 420 1090 et
441 1056 596 1101 sepultus
619 1059 671 1089 est
692 1055 726 1089 in
750 1059 893 1100 paterno
916 1055 1105 1100 sepulchro.
1153 1056 1179 1075 ³2
1202 1055 1249 1089 Et
1270 1055 1304 1088 in
1327 1057 1404 1089 tota
1427 1055 1544 1089 Iudaea
1565 1055 1731 1100 lugebant
1754 1055 1895 1090 Iosiam:
1920 1059 1955 1091 et
1976 1057 2035 1102 qui
2056 1059 2213 1103 praeside-

300 1104 396 1144 bant,
414 1114 492 1137 cum
510 1103 674 1137 uxoribus
691 1103 933 1137 lamentabant
949 1113 1026 1136 eum
1044 1113 1152 1147 usque
1170 1102 1204 1136 in
1220 1102 1313 1136 hunc
1329 1102 1430 1136 diem.
1472 1102 1519 1136 Et
1536 1102 1657 1136 datum
1675 1105 1727 1136 est
1743 1102 1807 1137 hoc
1824 1103 1896 1137 fieri
1911 1114 2045 1149 semper
2061 1105 2095 1139 111
2113 1117 2213 1141 0111110

298 1162 403 1195 genus
431 1151 544 1185 lsrael.

138 1199 250 1239 reliqua
434 1200 460 1217 ³³
480 1198 561 1232 Haec
577 1200 694 1232 autern
712 1197 910 1242 praescripta
926 1200 1008 1231 sunt
1022 1196 1057 1231 in
1073 1197 1159 1231 libro
1176 1197 1396 1230 historiarum
1414 1207 1532 1241 regum
1550 1196 1658 1231 Iudae:
1678 1200 1712 1231 et
1728 1197 1862 1242 singula
1876 1201 1973 1242 gesta
1989 1202 2086 1233 actus
2104 1200 2211 1240 Iosiae,

103 1234 132 1258 ¹¹¹
143 1233 269 1300 ΓᾞΞὶἳὲω
301 1248 336 1279 et
354 1245 424 1279 eius
443 1245 550 1290 gloria
567 1248 602 1279 et
620 1245 813 1279 intellectus
832 1245 903 1278 eius
922 1244 956 1277 in
974 1244 1046 1289 lege
1064 1244 1219 1278 Domini:
1241 1254 1385 1288 quaeque
1404 1247 1500 1289 gesta
1518 1246 1601 1278 sunt
1619 1244 1662 1278 ab
1681 1254 1731 1285 eo,
1751 1247 1786 1279 et
1805 1255 1880 1289 quae
1899 1256 1968 1279 non
1986 1246 2114 1291 scripta
2131 1253 2213 1282 sunt

124 1305 213 1330 Israel
235 1307 263 1330 et
301 1292 334 1325 in
352 1292 438 1326 libro
458 1303 575 1338 regum
597 1292 700 1326 Israel
719 1295 754 1326 et
773 1292 882 1326 Iudae:
926 1293 952 1311 ³⁴
972 1292 1019 1325 Et
1037 1294 1261 1331 assumentes,
1282 1291 1341 1335 qui
1359 1294 1458 1325 erant
1476 1302 1518 1325 ex
1536 1294 1637 1336 gente
1658 1291 1854 1326 Iechoniam
1873 1292 1980 1326 filium
2008 1293 2114 1335 Iosiae,
2135 1306 2212 1329 con-

151 1341 235 1365 Inda.
300 1340 489 1373 stituerunt
511 1350 623 1385 regem
648 1351 708 1384 pro
732 1340 823 1373 Iosia
844 1342 941 1384 patre
964 1350 1036 1379 suo,
1061 1350 1138 1373 cum
1162 1341 1250 1372 esset
1272 1349 1442 1373 annorum
1464 1338 1724 1383 trigintatrium.

643 1421 677 1457 2.
705 1420 848 1457 Ultimi
875 1429 1003 1466 reges
1030 1419 1145 1465 mali,
1171 1419 1206 1465 1,
1226 1419 1368 1456 35—58
1396 1419 1463 1466 (cf.
1491 1419 1514 1455 2
1541 1419 1623 1456 Par
1646 1419 1706 1465 36,
1724 1419 1872 1466 2—21).

119 1480 272 1520 ιρι-,11011133
436 1483 462 1500 ³⁵
487 1481 533 1514 Et
556 1479 715 1524 regnavit
738 1490 840 1523 super
865 1479 969 1512 Israel
992 1478 1166 1512 mensibus
1192 1478 1312 1512 tribus.
1338 1477 1385 1511 Et
1410 1478 1543 1511 amovit
1566 1489 1644 1511 eum
1669 1489 1728 1512 rex
1751 1478 1905 1523 AEgypti,
1931 1490 1973 1513 ne
1999 1483 2156 1524 regnaret
2178 1481 2212 1515 in

106 1515 283 1576 Ῐξέρξζῖἳῗζ
304 1527 534 1571 Ierosolymis:
580 1529 609 1546 ³⁵⁶
628 1530 663 1560 et
682 1526 867 1559 mulctavit
885 1528 1023 1570 gentem
1043 1525 1176 1570 argenti
1195 1525 1329 1558 talenta
1348 1528 1498 1565 centum,
1519 1528 1554 1558 et
1574 1525 1647 1558 auri
1666 1525 1838 1559 talentum
1858 1537 1976 1561 unum.
2021 1529 2048 1547 ³⁷
2069 1527 2116 1562 Et
2135 1538 2212 1563 con-

113 1566 277 1617 AE‘gyptum
301 1575 418 1609 stituit
440 1585 498 1609 rex
520 1574 664 1619 AEgypti
688 1573 816 1607 Ioacim
839 1573 981 1606 fratrem
1003 1572 1121 1617 ipsius,
1144 1583 1257 1617 regem
1282 1572 1376 1606 11ιάεο
1399 1574 1434 1605 et
1458 1572 1658 1606 Ierusalem:
1705 1574 1734 1592 ³⁸
1757 1576 1792 1606 et
1814 1572 1969 1618 alligavit
1991 1574 2213 1619 magistratus

129 1622 259 1651 ducitu1·;
304 1623 442 1661 Ioacim,
466 1626 501 1656 et
523 1621 715 1655 Zaracelem
737 1621 879 1654 fratrem
901 1631 1012 1659 suum,
1037 1623 1071 1653 et
1092 1619 1352 1664 apprehendens
1374 1619 1512 1653 reduxit
1534 1619 1568 1652 in
1588 1619 1791 1664 AEgyptum.

106 1668 219 1709 Ioaqinr
234 1677 283 1695 seu
435 1672 464 1689 ³⁹
489 1670 667 1703 Annorum
688 1671 762 1702 erat
783 1667 911 1701 Ioacim
932 1667 1220 1712 vigintiquinque,
1243 1677 1321 1701 cum
1341 1677 1481 1711 regnare
1502 1666 1661 1711 coepisset
1681 1667 1716 1700 in
1736 1670 1827 1700 terra
1849 1667 1937 1702 Iuda
1956 1670 1991 1702 et
2012 1668 2211 1703 Ierusalem:

130 1704 261 1735 E¹¹³⁰¹¹¹¹‘
302 1720 337 1751 et
359 1717 441 1751 fecit
464 1717 594 1750 malum
617 1716 652 1749 in
675 1718 861 1759 conspectu
884 1715 1034 1749 Domini.
1082 1716 1111 1735 ⁴⁰
1135 1714 1219 1748 Post
1241 1714 1333 1748 hunc
1356 1716 1474 1748 autem
1497 1713 1652 1747 ascendit
1675 1714 1995 1749 Nabuchodonosor
2016 1726 2076 1750 rex
2098 1716 2213 1760 Baby-

302 1764 399 1804 lonis,
421 1768 456 1798 et
476 1764 618 1808 alligans
639 1774 717 1796 eum
737 1762 772 1796 111
792 1773 878 1796 aereo
900 1762 1047 1802 vinculo,
1070 1761 1232 1806 perduxit
1252 1761 1286 1794 111
1308 1761 1553 1804 Babyloniam:
1598 1762 1623 1780 ⁴¹
1646 1763 1681 1794 et
1701 1772 1798 1795 sacra
1818 1772 1902 1795 vasa
1921 1762 2062 1796 Domini
2082 1764 2214 1809 accepit

302 1811 632 1851 Nabuchodonosor,
656 1814 691 1844 et
708 1810 789 1844 tulit
806 1812 841 1843 et
859 1809 1071 1844 consecravit
1088 1810 1123 1842 in
1140 1809 1269 1853 templo
1287 1820 1348 1842 suo
1366 1809 1401 1842 in
1419 1808 1622 1851 Babylonia.
1664 1809 1691 1828 ⁴²
1708 1808 1799 1842 Nam
1817 1809 1859 1843 de
1876 1809 2098 1844 immunditia
2113 1810 2212 1852 illius,

303 1864 336 1892 et
357 1859 606 1903 irreligiositate
626 1857 791 1902 scriptum
812 1860 864 1891 est
882 1857 917 1890 in
941 1856 1027 1890 libro
1047 1860 1242 1901 temporum
1263 1866 1391 1900 regum.
1435 1858 1461 1875 ⁴³
1481 1855 1528 1889 Et
1546 1855 1704 1900 regnavit
1725 1855 1865 1890 Ioachin
1885 1856 1972 1890 filius
1993 1857 2063 1891 eius
2082 1869 2143 1902 pro
2163 1869 2212 1893 eo.

141 1909 260 1935 loachiu
439 1906 524 1940 Cum
544 1908 661 1939 autem
681 1904 890 1938 constitutus
909 1907 997 1937 esset
1016 1915 1085 1943 rex,
1106 1906 1180 1937 erat
1198 1914 1367 1937 annorum
1387 1902 1503 1936 decem
1523 1905 1558 1936 et
1577 1905 1664 1937 octo.
1707 1904 1734 1922 ⁴⁴¹
1755 1902 1927 1948 Regnavit
1946 1907 2063 1938 autem
2081 1915 2213 1939 menses

118 1980 127 1996 ἶ
161 1952 244 2004 ξω,
306 1957 385 1986 tres.
407 1956 442 1986 et
461 1953 531 1986 dies
551 1952 668 1986 (1000111
688 1952 722 1985 111
745 1951 939 1991 Ierusalem,
960 1954 995 1985 et
1014 1951 1096 1984 fecit
1115 1951 1245 1984 malum
1264 1950 1299 1984 in
1319 1953 1504 1994 conspectu
1525 1950 1678 1983 Domini:
1723 1952 1750 1969 ⁴⁵
1769 1953 1804 1983 et
1824 1953 1903 1994 post
1921 1962 2051 1985 annum
2071 1951 2212 1986 mittens

118 1987 280 2011 reeionms,
308 2000 635 2039 Nabuchodonosor,
660 1999 920 2043 transmigravit
942 2009 1020 2032 eum
1044 1998 1078 2031 in
1102 1997 1331 2041 Babyloniam
1355 1997 1456 2031 31111111
1479 2008 1557 2031 cum
1580 1997 1682 2031 sacris
1706 1997 1796 2031 vasis
1820 1998 1969 2032 Domini.

134 2045 267 2071 Sedet-ias
440 2049 469 2067 ⁴⁴³
496 2048 543 2081 Et
569 2046 750 2081 constituit
776 2046 952 2080 Sedeciam
979 2056 1092 2090 regem
1121 2045 1218 2085 Iuda,
1246 2048 1281 2079 et
1309 2044 1504 2084 Ierusalem,
1533 2055 1610 2078 cum
1638 2047 1727 2078 esset
1752 2055 1921 2078 annorum
1948 2045 2071 2090 viginti
2097 2047 2212 2081 unius:

307 2094 463 2138 regnavit
479 2098 595 2128 autem
612 2093 709 2127 annis
726 2093 895 2126 undecim.
935 2094 962 2112 ⁴¹⁷
981 2092 1028 2126 Et
1042 2092 1125 2126 fecit
1139 2092 1270 2125 malum
1286 2092 1319 2125 in
1336 2094 1521 2135 conspectu
1538 2091 1689 2131 Domini,
1706 2093 1741 2125 et
1756 2102 1825 2125 non
1841 2094 1893 2126 est
1908 2092 2037 2126 veritus
2053 2104 2074 2126 a
2090 2093 2213 2135 verbis,

307 2152 382 2185 qu'ce
400 2141 491 2175 dicta
509 2145 590 2174 sunt
606 2141 649 2174 ab
668 2139 811 2173 Ieremia
828 2140 996 2183 propheta
1012 2150 1052 2172 ex
1070 2150 1125 2172 ore
1143 2139 1296 2172 Domini:
1337 2140 1366 2158 ⁴⁸
1383 2141 1417 2171 et
1434 2138 1612 2171 adiuratus
1629 2150 1649 2171 a
1665 2149 1741 2182 rege
1757 2138 2086 2180 Nabuchodonosor,
2104 2140 2212 2184 periu-

308 2199 384 2221 rans
406 2188 574 2221 discessit:
598 2191 633 2221 et
653 2187 812 2220 indurata
837 2186 966 2220 cervice
987 2197 1059 2225 sua,
1082 2190 1116 2219 et
1138 2186 1238 2219 eorde
1259 2196 1330 2225 suo,
1354 2188 1583 2229 transgressus
1605 2188 1657 2218 est
1678 2185 1830 2229 legitima
1851 2186 1991 2220 Domini
2012 2187 2075 2220 Dei
2098 2187 2212 2222 Israel.

98 2244 163 2261 (11111
187 2238 293 2268 populo
441 2237 469 2255 ⁴⁹
496 2236 540 2268 Et
555 2235 656 2268 duces
672 2234 788 2278 populi
803 2234 942 2267 Domini
955 2233 1067 2267 multa
1080 2233 1195 2277 inique
1208 2235 1396 2277 gesserunt,
1411 2235 1445 2265 et
1459 2232 1562 2276 impie
1576 2236 1718 2276 egerunt
1731 2244 1833 2277 super
1846 2244 1963 2267 omnes
1976 2234 2214 2268 immunditias

133 2279 269 2302 perverso
307 2283 476 2325 gentium:
504 2286 538 2315 et
564 2282 759 2326 polluerunt
783 2281 952 2325 templum
977 2280 1117 2314 Domini
1142 2279 1235 2324 quod
1259 2282 1419 2313 sanctum
1444 2282 1518 2313 erat
1542 2279 1576 2312 111
1604 2279 1828 2323 ierosolymis.
1878 2282 1908 2300 ⁵⁰
1933 2280 1979 2314 Et
2003 2281 2097 2315 misit
2122 2281 2214 2315 Deus

307 2333 444 2373 patrum
467 2330 618 2374 ipsorum
641 2340 700 2373 per
720 2328 879 2373 angelum
901 2339 1001 2362 suum
1023 2339 1182 2361 revocare
1204 2338 1271 2367 eos,
1294 2330 1434 2371 propter
1455 2326 1547 2371 quod
1570 2330 1724 2370 parceret
1744 2327 1818 2366 illis,
1842 2330 1876 2361 et
1897 2327 2119 2362 tabernaculo
2140 2339 2211 2363 suo.

277 2407 279 2410 ,
307 2378 331 2396 '¹¹
356 2377 422 2420 Ipsi
444 2388 523 2410 vero
543 2376 806 2410 subsannabant
825 2375 859 2408 in
879 2375 1006 2419 angelis
1025 2375 1109 2408 suis:
1131 2378 1166 2408 et
1185 2385 1254 2419 qua
1273 2374 1327 2408 die
1346 2374 1480 2408 locutus
1501 2378 1552 2407 est
1585 2373 1763 2407 Dominus.
1797 2376 1895 2408 erant
1926 2374 2107 2409 illudentes
2139 2386 2213 2420 pro-

307 2424 417 2467 phetis
444 2424 524 2458 eius.

115 2472 142 2496 m
165 2472 290 2510 Babylo·
497 2471 562 2513 Qui
578 2482 685 2514 usque
702 2470 745 2504 ad
760 2469 973 2504 iracundiam
990 2469 1183 2503 concitatus
1199 2472 1250 2502 est
1265 2480 1367 2512 super
1382 2471 1519 2513 gentem
1535 2478 1633 2502 suam
1649 2471 1789 2512 propter
1804 2468 2089 2512 irreligiositatem
2104 2480 2213 2508 suam,

121 2514 271 2568 dussfflffiu
310 2522 344 2551 et
367 2518 529 2562 praecepit
552 2518 732 2551 ascendere
755 2528 848 2561 reges
872 2517 1119 2551 Chaldaeorum.
1167 2518 1193 2535 ⁵³
1218 2516 1262 2549 Hi
1286 2515 1484 2549 occiderunt
1507 2515 1646 2549 iuvenes
1669 2526 1786 2548 eorum
1809 2515 1844 2548 in
1866 2515 1989 2559 gladio,
2013 2516 2048 2549 in
2071 2516 2213 2550 circuitu

275 2562 279 2566 ’
307 2565 417 2598 sancti
440 2565 557 2609 templi
581 2576 709 2604 eorum,
732 2568 767 2598 et
787 2575 856 2598 non
878 2566 1103 2608 pepercerunt
1125 2563 1250 2603 iuveni,
1274 2566 1309 2596 et
1329 2563 1411 2601 seni,
1434 2565 1469 2596 et
1490 2562 1623 2607 virgini,
1646 2565 1680 2596 et
1701 2562 1924 2596 adolescenti:
1970 2564 1996 2582 ⁵⁴
2017 2562 2076 2597 sed
2098 2574 2214 2597 omnes

307 2612 426 2646 traditi
452 2617 533 2645 sunt
558 2612 593 2645 in
618 2623 740 2645 manus
766 2612 932 2656 ipsorum:
961 2614 995 2644 et
1021 2611 1137 2644 omnia
1161 2621 1258 2644 sacra
1283 2621 1367 2643 vasa
1392 2609 1542 2649 Domini,
1569 2612 1604 2643 et
1628 2609 1755 2654 regales
1781 2610 1967 2654 apothecas
1992 2613 2213 2644 resumentes.

307 2659 461 2693 tulerunt
487 2659 521 2692 in
549 2659 789 2702 Babyloniam,
840 2660 866 2677 ⁵⁵
893 2661 928 2692 et
954 2658 1180 2691 incenderunt
1207 2658 1347 2691 domum
1376 2656 1526 2697 Domini,
1554 2660 1589 2690 et
1616 2656 1843 2690 demolierunt
1869 2667 1984 2690 muros
2013 2657 2212 2691 Ierusalem:

307 2710 340 2739 et
360 2709 468 2739 turn-s
487 2706 557 2740 cius
575 2706 801 2740 incenderunt
819 2705 905 2749 igne,
947 2707 976 2725 5⁶
994 2708 1029 2738 et
1047 2708 1376 2739 consummaverunt
1393 2703 1509 2738 omnia
1526 2703 1714 2737 honorifica
1738 2703 1819 2743 eius,
1846 2706 1881 2737 et
1898 2703 1942 2737 ad
1960 2704 2103 2737 nihilum
2122 2703 2214 2738 rede-

307 2757 440 2795 gerunt,
460 2756 495 2787 et
514 2753 659 2797 reliquos
679 2765 699 2786 a
716 2752 828 2797 gladio
849 2753 1021 2786 duxerunt
1041 2752 1074 2785 in
1094 2752 1319 2795 Babylonem.
1363 2753 1390 2770 ⁵⁷
1411 2751 1458 2784 Et
1476 2753 1575 2784 erant·
1592 2751 1680 2784 servi
1698 2750 1786 2784 illius
1807 2761 1914 2794 usque
1933 2750 2015 2784 dum
2034 2755 2215 2795 regnarent

310 2801 417 2834 l'ersae
437 2801 471 2834 111
492 2801 677 2845 repletione
698 2800 793 2833 verbi
815 2799 953 2833 Domini
973 2799 1007 2833 in
1027 2810 1083 2833 ore
1106 2799 1270 2832 Ieromiae:
1316 2801 1343 2818 ‘³⁸
1365 2809 1543 2842 quousque
1564 2798 1708 2842 benigne
1729 2801 1844 2842 ageret
1864 2801 1955 2832 terra
1974 2797 2122 2832 sabbata
2141 2809 2213 2837 sua,

308 2848 399 2880 omni
423 2850 577 2891 tempore
600 2847 800 2881 desertionis
823 2858 891 2880 suae
915 2846 1148 2880 sabbatizavit
1170 2846 1204 2879 in
1228 2846 1458 2890 applicatione
1481 2856 1650 2879 annorum
1673 2845 1895 2890 septuaginta
1915 2847 2056 2889 septem.

964 2939 1170 2993 PARS
1210 2937 1553 2991 ALTERA.

721 3019 890 3067 Iudaei
922 3025 1045 3080 post
1077 3018 1467 3080 captivitatem,
1501 3016 1698 3074 2,1—9‚
1722 3016 1801 3064 56.

645 3142 683 3183 l.
716 3140 918 3183 Reditus
951 3152 1113 3183 eorum
1145 3139 1406 3182 Zorobabel
1443 3139 1572 3190 (luce,
1605 3139 1647 3191 ⁶2,
1672 3138 1800 3190 1--7,
1825 3137 1893 3179 15.

721 3211 756 3246 1.
783 3211 888 3247 Acta
915 3210 1031 3256 regis
1059 3209 1175 3255 Cyri,
1201 3208 1235 3254 2,
1254 3207 1370 3245 1-15
1399 3207 1467 3254 (cf.
1495 3208 1572 3244 Esr
1597 3206 1632 3253 1,
1650 3206 1800 3252 1—11).

111 3273 298 3313 Redi-«ionem
446 3271 475 3306 2.
524 3273 531 3291 ¹
563 3270 741 3314 Regnante
756 3272 843 3312 Cyro
859 3281 933 3314 rege
950 3270 1129 3304 Persarum
1144 3269 1177 3301 in
1193 3268 1488 3302 consummatione
1504 3267 1599 3300 verbi
1613 3266 1753 3300 Domini
1767 3266 1801 3300 in
1816 3276 1871 3299 ore
1889 3264 2047 3301 Ioremiae,
2087 3266 2098 3283 ²
2112 3264 2213 3298 susci—

111 3311 297 3369 c-aotxvffftm
312 3318 402 3352 tavit
419 3319 587 3352 Dominus
605 3317 763 3362 spiritum
782 3317 860 3360 Cyri
878 3317 962 3361 regis
981 3317 1172 3355 Persarum,
1191 3319 1226 3349 et
1244 3315 1443 3359 praaedicavit
1460 3315 1494 3348 in
1513 3317 1587 3348 toto
1605 3324 1707 3357 regno
1725 3323 1786 3346 suo
1803 3312 1904 3346 simul
1922 3322 1981 3355 per
1997 3311 2212 3355 scripturam,

132 3352 222 3375 1·‹rm1
255 3352 261 3369 ¹
311 3369 322 3384 ²¹
336 3365 464 3399 dicens:
484 3366 563 3398 Haec
577 3365 659 3398 dicit
673 3364 780 3407 Cyrus
795 3375 851 3396 rex
871 3364 1061 3397 Persarum:
1077 3363 1131 3397 Me
1145 3362 1326 3396 constituit
1339 3372 1449 3405 regem
1464 3361 1536 3395 orbi
1551 3364 1717 3394 terrarum
1734 3360 1901 3393 Dominus
1917 3358 2030 3393 lsrael.
2049 3358 2213 3391 Dominus

308 3412 470 3449 excelsus,
516 3415 526 3431 ⁴
549 3415 583 3445 et
605 3410 807 3456 significavit
832 3411 914 3444 mihi
935 3410 1101 3444 aedificaro
1124 3409 1264 3442 domum
1287 3409 1349 3441 sibi
1374 3409 1405 3442 in
1434 3408 1625 3447 [111-1131110111,
1648 3418 1723 3451 quze
1746 3410 1797 3439 est
1818 3406 1851 3439 in
1878 3405 2001 3439 Iuda‘a.
2048 3407 2059 3424 ⁵
2080 3405 2116 3439 Si
2137 3404 2212 3448 quis
