2356 3760
115 91 145 130 4,
171 91 269 130 3-4,
293 91 336 123 30
971 90 1136 124 REGUM
1936 103 2011 142 3123

117 197 196 237 quo
222 196 361 237 ungar.
415 185 431 207 3
455 182 527 224 Cui
553 182 628 223 ait:
656 182 779 230 Vade,
807 187 899 235 pete
925 187 1069 224 mutuo
1096 184 1146 224 ab
1172 183 1359 224 omnibus
1386 185 1526 226 vicinis
1552 188 1632 227 tuis
1658 202 1755 231 vasa
1779 205 1909 233 vacua
1933 206 2013 234 non

116 255 258 295 pauca.
313 244 329 266 4
356 242 411 282 Et
437 241 655 294 ingredere,
685 245 726 281 et
753 240 894 281 claude
921 242 1071 282 ostium
1098 247 1229 285 tuum,
1259 256 1351 283 cum
1378 243 1616 285 intrinsecus
1644 246 1764 287 fueris
1791 254 1848 297 tu,
1878 256 1917 291 et
1944 251 2013 291 filii

116 301 195 341 tui:
223 306 264 341 et
288 300 407 341 mitte
432 300 525 340 inde
550 299 590 338 in
617 298 754 339 omnia
778 312 876 339 vasa
902 299 1004 340 haec:
1032 305 1073 340 et
1098 313 1189 340 cum
1216 300 1335 353 plena
1359 301 1521 347 fuerint,
1549 302 1675 345 tolles.
1729 308 1744 329 5
1772 306 1852 347 Ivit
1877 308 2014 361 itaque

117 359 270 402 mulier.
299 364 340 399 et
365 357 510 399 clausit
536 357 685 397 ostium
712 370 833 410 super
858 370 909 405 se,
939 363 979 398 et
1005 371 1125 411 super
1149 358 1250 399 filios
1277 372 1387 399 suos:
1414 359 1469 399 illi
1496 361 1721 404 offerebant
1746 377 1855 410 vasa,
1884 371 1924 405 et
1949 367 2015 407 illa

116 417 372 458 infundebat.
425 417 440 440 ⁶
459 416 643 468 Cumque
663 415 784 469 plena
802 416 976 456 fuissent
996 429 1106 463 vasa,
1131 417 1235 456 dixit
1256 418 1307 458 ad
1328 417 1455 458 filium
1476 432 1613 459 suum:
1635 421 1746 461 Affer
1765 422 1863 462 mihi
1885 424 2016 464 adhuc

118 490 201 517 vas.
222 476 277 516 Et
293 475 357 515 ille
374 474 602 527 respondit:
624 474 715 515 Non
732 474 875 515 habeo.
921 474 1127 528 Stetitque
1146 475 1290 516 oleum.
1340 477 1353 499 ⁷
1371 476 1493 517 Venit
1511 482 1648 518 autem
1666 479 1744 528 illa,
1764 485 1805 521 et
1821 480 2017 521 indicavit

117 534 271 576 homini
296 533 383 574 Dei.
412 533 467 573 Et
491 532 567 579 ille,
596 532 720 579 Vade,
749 533 894 586 inquit,
924 534 1054 574 vende
1079 533 1224 581 oleum,
1253 539 1293 574 et
1317 534 1438 575 redde
1465 535 1651 577 creditori
1676 542 1766 579 tuo:
1794 543 1839 579 tu
1866 544 2015 587 autem,

117 598 158 634 et
186 592 256 633 filii
285 592 346 633 tui
376 591 503 632 vivite
532 591 581 631 de
610 591 776 644 reliquo.

226 653 241 674 ⁸
265 651 394 691 Facta
418 654 479 690 est
504 654 641 690 autem
668 650 855 703 quaedam
881 650 976 699 dies,
1004 655 1045 691 et
1069 650 1273 692 transibat
1297 650 1453 691 Eliseus
1478 665 1549 705 per
1571 653 1743 694 Sunam:
1770 662 1856 695 erat
1881 662 2018 696 autem

117 710 173 750 ibi
198 709 341 750 mulier
365 721 526 762 magna,
555 721 645 761 quae
670 708 805 749 tenuit
830 722 922 749 eum
948 714 996 750 ut
1021 710 1251 750 comederet
1276 722 1442 762 panem:
1470 723 1643 764 cumque
1669 712 1901 765 frequenter
1925 714 2017 754 inde

118 768 322 815 transiret,
351 767 583 808 divertebat
609 767 662 807 ad
687 780 776 807 eam
804 772 850 808 ut
876 768 1105 809 comederet
1132 781 1291 821 panem.
1349 769 1364 792 ⁹
1390 768 1488 816 Qufe
1515 769 1619 810 dixit
1645 771 1697 811 ad
1722 771 1855 811 virum
1882 785 2017 812 suum:

117 827 412 868 Animadverto
433 826 542 879 quod
560 825 623 865 vir
640 825 715 866 Dei
733 831 898 866 sanctus
917 832 978 867 est
996 826 1083 872 iste,
1106 827 1175 881 qui
1192 826 1343 867 transit
1360 839 1431 880 per
1448 841 1520 868 nos
1538 828 1781 881 frequenter.
1830 832 1865 854 ¹0
1882 830 2020 870 Facia-

118 899 207 926 mus
238 898 329 939 ergo
361 885 396 925 ei
426 884 681 925 coenaculum
711 897 897 938 parvum,
931 890 972 926 et
1001 898 1201 938 ponamus
1233 885 1267 926 ei
1296 885 1338 925 in
1369 898 1414 925 eo
1444 885 1650 931 lectulum,
1684 893 1724 928 et
1754 901 1947 937 mensam,
1981 894 2021 928 et

118 944 269 993 sellam,
302 950 343 984 et
373 943 675 991 candelabrum,
708 948 755 984 ut
785 956 877 983 cum
908 944 1066 984 venerit
1097 945 1149 985 ad
1178 958 1263 993 nos,
1296 950 1463 985 maneat
1492 945 1558 986 ibi.
1619 948 1649 970 11
1680 946 1808 987 Facta
1838 952 1899 987 est
1929 959 2020 997 ergo

118 1004 201 1045 dies
229 1003 429 1056 quaedam,
458 1007 499 1042 et
524 1002 688 1042 veniens
716 1001 884 1043 divertit
910 1002 951 1042 in
978 1003 1245 1051 coenaculum,
1274 1007 1315 1043 et
1340 1003 1541 1056 requievit
1566 1004 1632 1046 ibi.
1690 1007 1720 1029 ¹2
1746 1005 1943 1059 Dixitque
1970 998 2022 1045 ad

119 1062 229 1104 Giezi
244 1074 415 1115 puerum
431 1074 569 1101 suum:
587 1060 698 1101 Voca
713 1061 1011 1101 Sunamitidem
1027 1062 1161 1103 istam.
1181 1061 1258 1111 Qui
1274 1074 1366 1101 cum
1383 1067 1568 1103 vocasset
1584 1076 1685 1112 eam,
1704 1069 1744 1104 et
1759 1064 1827 1104 illa
1842 1063 2023 1105 stetisset

119 1134 254 1163 coram
282 1134 339 1162 00.
396 1121 428 1144 ¹3
454 1119 559 1160 dixit
586 1119 637 1159 ad
665 1132 836 1172 puerum
863 1133 1000 1160 suum:
1030 1120 1212 1174 Loquere
1240 1121 1292 1162 ad
1319 1133 1426 1160 eam:
1459 1121 1574 1167 Ecce,
1604 1121 1739 1162 sedule
1766 1122 1806 1162 in
1834 1122 2021 1163 omnibus

118 1179 360 1220 ministrasti
378 1178 506 1227 nobis,
528 1178 626 1231 quid
644 1178 705 1218 vis
724 1184 771 1219 ut
788 1178 937 1219 faciam
956 1178 1055 1219 tibi?
1076 1180 1276 1233 numquid
1294 1179 1418 1219 habes
1437 1180 1657 1232 negotium,
1679 1185 1719 1220 et
1736 1180 1796 1220 vis
1816 1186 1862 1221 ut
1879 1181 2023 1234 loquar

118 1239 211 1293 regi,
237 1238 321 1279 sive
342 1237 515 1291 principi
538 1236 717 1278 militiae?
742 1237 841 1285 Quae
862 1238 1090 1290 respondit:
1117 1238 1164 1278 In
1187 1237 1320 1279 medio
1343 1237 1483 1290 populi
1506 1238 1585 1278 mei
1606 1238 1760 1279 habito.
1812 1241 1843 1263 ¹⁴
1866 1239 1922 1279 Et
1944 1239 2020 1279 ait:

120 1297 227 1347 Quid
251 1309 342 1350 ergo
368 1296 458 1336 vult
482 1302 529 1336 ut
551 1295 699 1336 faciam
725 1296 783 1336 ei?
815 1296 1012 1349 Dixitque
1036 1296 1165 1337 Giezi:
1202 1297 1262 1337 Ne
1288 1308 1461 1349 quaeras:
1496 1296 1623 1337 filium
1649 1297 1754 1337 enim
1779 1310 1860 1337 non
1883 1297 2021 1345 habet,

119 1361 160 1398 et
182 1356 245 1396 vir
266 1355 350 1397 eius
373 1368 495 1395 senex
518 1359 590 1395 est.
643 1356 674 1378 ¹5
696 1354 894 1407 Praecepit
916 1355 1056 1407 itaque
1078 1360 1126 1395 ut
1147 1359 1314 1396 vocaret
1336 1366 1444 1394 eam:
1470 1368 1559 1408 quae
1581 1368 1673 1396 cum
1697 1360 1845 1396 vocata
1866 1355 2022 1403 fuisset,

119 1420 161 1457 et
183 1414 364 1456 stetisset
388 1418 483 1454 ante
507 1413 670 1459 ostium,
724 1414 758 1436 ¹⁶
781 1413 886 1453 dixit
910 1413 962 1453 ad
986 1426 1094 1453 eam:
1123 1413 1169 1453 111
1193 1418 1376 1467 tempore
1400 1412 1490 1461 isto,
1518 1419 1558 1454 et
1581 1414 1622 1454 in
1646 1414 1722 1454 hac
1746 1414 1887 1454 eadem
1910 1414 2022 1461 hora,

119 1474 151 1515 si
174 1473 262 1514 vita
285 1486 417 1514 comes
440 1472 574 1519 fuerit,
600 1471 769 1512 habebis
793 1471 833 1511 in
859 1476 972 1513 utero
997 1471 1136 1514 filium.
1162 1472 1219 1513 At
1241 1472 1309 1513 illa
1332 1472 1559 1525 respondit:
1586 1472 1677 1513 Noli
1702 1485 1836 1526 quaeso
1862 1472 2024 1513 domine

120 1532 187 1582 mi,
215 1532 278 1572 vir
302 1531 390 1579 Dei,
418 1530 499 1572 noli
525 1530 689 1571 mentiri
715 1530 870 1571 ancillae
895 1535 988 1571 tuae.
1045 1532 1077 1554 ¹⁷
1105 1531 1160 1572 Et
1186 1531 1373 1583 concepit
1399 1531 1552 1579 mulier,
1581 1536 1622 1572 et
1648 1531 1805 1585 peperit
1831 1531 1957 1571 filium
1984 1530 2024 1570 in

119 1596 314 1645 tempore,
346 1595 387 1631 et
414 1590 456 1630 in
484 1590 585 1630 hora
613 1589 766 1637 eadem,
799 1603 880 1642 qua
908 1589 1068 1630 dixerat
1097 1589 1264 1631 Eliseus.

225 1651 260 1674 18
283 1649 420 1690 Crevit
443 1654 581 1689 autem
606 1661 716 1702 puer.
743 1648 798 1688 Et
822 1661 913 1689 cum
938 1654 1043 1689 esset
1067 1649 1254 1702 quaedam
1280 1649 1375 1697 dies,
1402 1654 1443 1689 et
1466 1661 1645 1702 egressus
1669 1648 1766 1689 isset
1790 1649 1838 1689 ad
1864 1653 2023 1702 patrem

120 1723 251 1757 suum,
281 1708 333 1749 ad
359 1720 565 1755 messores,
622 1708 656 1731 ¹⁹
682 1707 740 1747 ait
766 1707 873 1760 patri
900 1720 990 1748 suo:
1020 1707 1154 1761 Caput
1179 1721 1315 1748 meum
1343 1707 1470 1755 doleo,
1500 1712 1625 1761 caput
1650 1720 1786 1748 meum
1814 1706 1941 1748 doleo.
1969 1706 2026 1746 At

120 1768 184 1809 ille
203 1767 308 1809 dixit
325 1779 469 1821 puero:
490 1766 611 1815 Tolle,
632 1771 673 1807 et
690 1766 768 1806 duc
786 1779 878 1806 eum
897 1766 949 1806 ad
967 1771 1140 1807 matrem
1159 1779 1286 1808 suam.
1334 1769 1369 1791 2⁰
1386 1766 1463 1814 Qui
1482 1780 1574 1807 cum
1591 1766 1763 1815 tulisset,
1784 1771 1825 1807 et
1842 1765 2026 1806 duxisset

120 1840 213 1868 eum
244 1826 297 1867 ad
326 1830 500 1867 matrem
531 1838 658 1873 suam,
691 1824 828 1878 posuit
858 1837 950 1865 eum
981 1824 1050 1865 1110
1079 1838 1199 1878 super
1226 1839 1359 1878 genua
1389 1839 1462 1865 sua
1492 1838 1618 1878 usque
1650 1825 1701 1865 ad
1732 1824 1951 1872 meridiem,
1984 1828 2026 1863 et

122 1890 307 1927 mortuus
336 1890 408 1926 est.
465 1886 496 1908 2¹
524 1884 721 1924 Ascendit
749 1889 899 1931 autem,
931 1888 971 1924 et
1000 1883 1214 1924 collocavit
1242 1897 1334 1924 eum
1363 1897 1483 1937 super
1509 1883 1702 1924 lectulum
1731 1882 1905 1924 hominis
1933 1881 2021 1929 Dei,

122 1950 163 1986 et
182 1943 327 1986 clausit
347 1943 516 1984 ostium:
538 1948 578 1983 et
598 1955 766 1995 egressa,
814 1944 846 1966 2²2
866 1942 1031 1983 vocavit
1051 1942 1184 1982 virum
1204 1956 1335 1989 suum,
1358 1947 1398 1983 et
1418 1942 1493 1983 ait:
1514 1942 1633 1982 Mitte
1652 1955 1824 1989 mecum,
1846 1941 2022 1981 obsecro.

122 2017 249 2045 unum
269 2003 318 2043 de
337 2001 483 2055 pueris,
504 2006 545 2042 et
563 2001 732 2047 asinam,
754 2006 800 2041 ut
819 2013 1030 2041 excurram
1049 2014 1176 2053 usque
1196 2001 1247 2041 ad
1266 2001 1471 2042 hominem
1490 2000 1578 2048 Dei,
1600 2005 1641 2040 et
1658 2005 1849 2040 revertar.
1896 2000 1929 2023 2³
1947 1998 2025 2047 Qui

123 2062 181 2103 ait
200 2061 274 2102 illi:
297 2061 429 2109 Quam
450 2061 502 2101 ob
523 2072 687 2100 causam
709 2059 824 2100 vadis
845 2059 896 2099 ad
918 2058 1034 2099 eum?
1057 2059 1175 2100 hodie
1195 2072 1276 2101 non
1297 2065 1393 2100 sunt
1413 2059 1610 2104 Calendae,
1633 2071 1763 2111 neque
1782 2058 2023 2099 Sabbatum.

123 2121 222 2170 Quae
239 2119 467 2174 respondit:
486 2119 665 2159 Vadam:
712 2120 744 2142 2⁴
761 2118 1000 2171 Stravitque
1019 2118 1187 2162 asinam,
1209 2123 1250 2158 et
1266 2118 1459 2171 praecepit
1477 2131 1619 2171 puero:
1640 2117 1762 2165 Mina,
1783 2122 1824 2157 et
1841 2128 2023 2169 propera,

122 2194 172 2221 ne
200 2179 299 2220 mihi
327 2191 484 2220 moram
511 2177 636 2218 facias
665 2177 706 2217 in
735 2177 886 2217 eundo:
917 2182 958 2217 et
985 2177 1061 2217 hoc
1089 2190 1161 2229 age
1191 2177 1300 2230 quod
1329 2177 1517 2230 praecipio
1547 2176 1633 2217 tibi.
1690 2177 1722 2200 25
1750 2176 1939 2216 Profecta
1966 2179 2027 2215 est

122 2239 256 2293 igitur,
287 2243 328 2279 et
356 2237 470 2278 venit
498 2237 550 2278 ad
578 2236 712 2277 virum
740 2236 816 2276 Dei
844 2235 885 2275 in
914 2241 1095 2276 montem
1125 2235 1314 2276 Carmeli:
1345 2249 1518 2289 cumque
1547 2235 1716 2276 vidisset
1744 2247 1833 2275 eam
1862 2234 1924 2274 vir
1950 2232 2026 2273 Dei

124 2302 301 2343 econtra,
324 2296 383 2337 ait
403 2296 455 2337 ad
475 2295 585 2337 Giezi
604 2307 776 2349 puerum
796 2308 934 2335 suum:
956 2294 1061 2335 Ecce
1081 2294 1304 2335 Sunamitis
1325 2293 1404 2335 illa.
1454 2295 1488 2318 ²⁰
1508 2294 1621 2335 Vade
1642 2306 1733 2346 ergo
1754 2293 1795 2333 in
1816 2304 2026 2334 occursum

125 2357 220 2404 eius,
244 2361 285 2397 et
306 2355 371 2397 dic
392 2355 444 2395 ei:
470 2355 596 2395 Recte
617 2367 667 2395 ne
689 2353 823 2407 agitur
844 2353 950 2394 circa
970 2358 1022 2402 te,
1047 2358 1088 2393 et
1109 2353 1214 2394 circa
1235 2353 1369 2393 virum
1390 2358 1521 2401 tuum,
1545 2357 1586 2393 et
1607 2352 1712 2392 circa
1733 2351 1859 2391 filium
1881 2350 2025 2391 tuum?

125 2416 224 2464 Quae
244 2414 472 2468 respondit:
498 2414 635 2455 Recte.
687 2414 720 2436 ²⁷
743 2412 926 2466 Cumque
948 2411 1126 2452 venisset
1147 2412 1201 2452 ad
1222 2412 1356 2452 virum
1378 2411 1453 2452 Dei
1475 2411 1516 2451 in
1538 2415 1732 2457 montem,
1758 2408 2028 2463 apprehendit

125 2474 247 2528 pedes
276 2473 378 2514 eius:
408 2477 449 2513 et
477 2471 645 2513 accessit
672 2471 782 2513 Giezi
810 2476 857 2511 ut
885 2475 1094 2512 amoveret
1122 2483 1223 2512 eam.
1253 2470 1310 2511 Et
1337 2471 1396 2511 ait
1422 2470 1543 2511 homo
1572 2469 1665 2510 Dei:
1694 2468 1868 2508 Dimitte
1896 2467 2025 2507 illam:

127 2533 263 2574 anima
291 2532 398 2573 enim
428 2531 511 2572 eius
539 2531 580 2571 in
611 2529 882 2571 amaritudine
912 2534 984 2577 est,
1017 2534 1057 2570 et
1086 2529 1286 2570 Dominus
1316 2529 1464 2570 celavit
1493 2542 1517 2569 a
1544 2541 1620 2577 me,
1652 2533 1693 2568 et
1721 2540 1801 2568 non
1830 2525 2028 2566 indicavit

126 2591 236 2633 mihi.
289 2592 324 2615 ²⁸
347 2591 446 2639 Quae
469 2590 574 2631 dixit
595 2589 669 2630 illi:
696 2588 906 2643 Numquid
929 2588 1057 2642 petivi
1080 2588 1207 2629 filium
1232 2601 1255 2629 a
1277 2588 1454 2629 Domino
1478 2587 1592 2628 meo?
1617 2586 1817 2639 numquid
1840 2598 1921 2626 non
1944 2583 2027 2625 dixi

126 2650 220 2691 tibi:
244 2650 304 2691 Ne
324 2649 470 2690 illudas
491 2648 580 2690 me?
630 2650 665 2672 ²⁹
686 2648 742 2689 Et
762 2647 826 2688 ille
848 2648 906 2701 ait
927 2648 979 2688 ad
1001 2647 1129 2688 Giezi:
1152 2647 1327 2700 Accinge
1348 2646 1507 2687 lumbos
1529 2651 1634 2692 tuos,
1658 2650 1699 2686 et
1719 2644 1815 2686 tolle
1837 2642 2027 2684 baculum

126 2722 263 2751 meum
277 2709 319 2749 in
333 2721 458 2749 manu
473 2712 558 2755 tua,
576 2712 617 2748 et
630 2707 747 2748 vade.
765 2706 805 2748 Si
821 2705 1039 2748 occurrerit
1053 2705 1129 2746 tibi
1143 2706 1277 2749 homo,
1294 2719 1376 2747 non
1392 2705 1541 2746 salutes
1558 2717 1668 2745 eum:
1686 2708 1727 2744 et
1741 2702 1772 2743 si
1788 2701 2028 2742 salutaverit

127 2773 167 2809 te
201 2767 415 2822 quispiam,
450 2779 532 2808 non
563 2765 807 2819 respondeas
840 2765 914 2805 illi:
949 2770 990 2806 et
1022 2777 1146 2818 pones
1180 2764 1371 2805 baculum
1404 2777 1539 2804 meum
1573 2775 1692 2815 super
1723 2761 1868 2801 faciem
1900 2759 2026 2813 pueri.

127 2828 164 2852 ³⁰
191 2826 316 2868 Porro
346 2831 479 2867 mater
506 2824 621 2879 pueri
652 2824 727 2865 ait:
759 2824 872 2865 Vivit
902 2824 1102 2871 dominus,
1136 2828 1177 2864 et
1206 2823 1312 2864 vivit
1342 2822 1478 2863 anima
1506 2826 1591 2869 tua,
1624 2833 1705 2861 non
1735 2819 1943 2860 dimittam
1973 2822 2024 2859 te.

127 2885 311 2927 Surrexit
331 2897 436 2938 ergo,
459 2889 500 2925 et
520 2888 682 2924 secutus
703 2888 765 2924 est
785 2896 886 2923 eam.
936 2884 968 2907 ³¹
989 2882 1099 2923 Giezi
1121 2887 1259 2923 autem
1280 2885 1540 2935 praecesserat
1560 2884 1654 2920 ante
1675 2891 1754 2927 eos,
1777 2882 1818 2919 et
1838 2881 2030 2931 posuerat

128 2943 319 2985 baculum
349 2956 469 2997 super
497 2942 642 2983 faciem
672 2941 798 2995 pueri,
831 2946 872 2982 et
902 2954 982 2983 non
1013 2946 1101 2981 erat
1130 2954 1223 2989 vox,
1256 2954 1387 2994 neque
1416 2952 1573 2980 sensus:
1605 2950 1870 2990 reversusque
1900 2940 1961 2976 est
1990 2935 2031 2975 in

129 3015 340 3044 occursum
368 3002 463 3049 eius,
494 3006 535 3042 et
562 3000 774 3041 nunciavit
802 3000 848 3049 ei,
879 2999 1033 3040 dicens:
1065 3000 1156 3041 Non
1184 2999 1359 3039 surrexit
1385 3010 1496 3051 puer.
1553 2998 1585 3021 3²
1615 2996 1820 3049 Ingressus
1849 2999 1910 3035 est
1938 3006 2028 3046 ergo

129 3061 286 3102 Eliseus
318 3061 499 3109 domum,
534 3064 575 3101 01
607 3072 696 3100 0000
728 3071 829 3113 puer
859 3062 1045 3099 mortuus
1078 3058 1239 3099 iacebat
1270 3057 1312 3098 in
1343 3056 1490 3097 lectulo
1524 3055 1626 3096 eius:
1686 3056 1719 3079 ³³
1750 3054 2032 3107 ingressusque

129 3120 275 3162 clausit
298 3119 449 3161 ostium
473 3131 593 3172 super
615 3130 668 3166 se,
694 3123 735 3158 et
758 3130 878 3171 super
900 3130 1090 3171 puerum:
1117 3122 1157 3157 et
1181 3116 1314 3158 oravit
1338 3116 1390 3156 ad
1413 3114 1648 3155 Dominum.
1701 3115 1733 3137 ³4
1756 3112 1812 3152 Et
1835 3110 2029 3157 ascendit,

130 3183 171 3220 et
195 3178 383 3220 incubuit
408 3190 528 3231 super
553 3189 742 3230 puerum:
770 3176 988 3230 posuitque
1014 3189 1057 3217 os
1083 3188 1202 3216 suum
1228 3186 1348 3228 super
1373 3187 1416 3215 os
1443 3173 1538 3221 eius,
1567 3178 1608 3213 et
1634 3171 1769 3213 oculos
1795 3183 1887 3211 suos
1913 3180 2033 3222 super

130 3237 266 3279 oculos
284 3237 380 3286 eius,
400 3241 441 3278 et
456 3249 602 3277 manus
620 3247 713 3275 suas
730 3248 850 3289 super
866 3247 1011 3275 manus
1029 3234 1131 3275 eius:
1151 3239 1192 3275 et
1208 3232 1442 3273 incurvavit
1458 3245 1499 3272 se
1517 3244 1636 3284 super
1653 3243 1757 3278 eum,
1778 3234 1818 3270 et
1836 3227 2032 3269 calefacta

131 3301 192 3337 est
218 3309 310 3337 caro
337 3294 463 3349 pueri.
518 3297 550 3319 3⁵
577 3294 633 3334 At
658 3292 723 3333 ille
749 3306 945 3342 reversus,
975 3292 1257 3334 deambulavit
1282 3291 1324 3331 in
1351 3291 1484 3339 domo,
1514 3289 1637 3330 semel
1663 3289 1742 3329 huc
1769 3292 1892 3340 atque
1919 3285 2029 3325 illuc:

131 3359 173 3396 et
201 3354 396 3403 ascendit,
428 3358 469 3395 et
496 3352 684 3394 incubuit
713 3365 833 3405 super
861 3365 972 3393 eum:
1003 3356 1045 3392 et
1073 3350 1265 3393 oscitavit
1293 3362 1393 3403 puer
1422 3348 1582 3402 septies,
1614 3346 1863 3408 aperuitque.-
1882 3342 2027 3384 oculos,

131 3415 167 3437 3⁶
188 3413 244 3454 At
264 3412 330 3454 ille
351 3412 518 3454 vocavit
540 3411 662 3458 Giezi,
688 3415 728 3450 et
751 3411 855 3452 dixit
878 3411 930 3451 ei:
954 3411 1066 3451 Voca
1087 3408 1385 3451 Sunamitidem
1407 3408 1524 3448 hanc.
1550 3407 1649 3455 Quae
1670 3409 1829 3446 vocata.
1853 3410 2029 3453 ingressa

2057 660 2187 685 Sunami-

2039 696 2092 720 ticli
2116 695 2205 720 filium

2054 732 2191 761 impetrat

2084 1648 2172 1678 atquo

2048 1682 2209 1712 resuscitat..
