2356 3760
107 110 159 149 14,
188 109 327 149 18-16‚
354 109 396 142 18
924 110 1203 145 EZECHIELIS
1933 114 2006 154 801

106 205 140 227 ¹⁸
157 208 197 243 et
215 208 294 243 tres
312 203 387 243 viri
405 203 471 243 isti
488 203 641 243 fuerint
657 202 698 242 in
715 202 847 242 medio
866 202 968 242 eius:
988 203 1082 244 vivo
1100 216 1184 257 ego,
1205 203 1303 244 dicit
1321 203 1519 244 Dominus
1538 204 1659 249 Deus,
1680 218 1758 245 non
1776 206 2007 247 liberabunt

106 261 218 308 filios,
243 274 374 315 neque
396 261 516 302 filias:
539 261 609 301 sed
631 261 707 313 ipsi
728 260 801 300 soli
821 260 1117 303 liberabuntur.
1169 264 1203 286 ¹⁹
1225 262 1265 303 Si
1288 267 1425 303 autem
1448 267 1489 303 et
1510 262 1784 316 pestilentiam
1807 264 2007 305 immisero

104 332 224 372 super
253 325 404 360 terram
434 319 556 367 illam,
589 324 630 359 et
660 318 838 359 effudero
870 318 1192 372 indignationem
1222 334 1355 361 meam
1386 333 1506 374 super
1535 333 1624 361 eam
1656 321 1695 360 in
1725 322 1930 374 sanguine,
1962 328 2009 362 ut

105 378 286 418 auferam
315 392 365 419 ex
393 391 440 418 ea
466 377 684 424 hominem,
715 381 757 417 et
783 376 1031 418 iumentum:
1087 380 1124 403 '2⁰
1151 379 1206 419 Et
1235 379 1332 425 Noe,
1364 385 1404 420 et
1432 379 1588 426 Daniel,
1620 384 1660 419 et
1690 379 1762 420 Iob
1790 380 1939 419 fuerint
1969 380 2009 420 in

104 437 237 477 medio
265 437 367 477 eius:
396 436 490 476 vivo
519 448 603 488 ego,
633 434 732 475 dicit
758 435 958 476 Dominus
986 437 1108 483 Deus,
1140 438 1235 490 quia
1262 437 1401 486 filium,
1431 443 1472 478 et
1499 438 1622 478 filiam
1650 451 1731 479 non
1757 437 2008 478 liberabunt:

104 496 175 536 sed
195 495 271 548 ipsi
291 493 450 534 iustitia
470 506 544 533 sua
563 493 798 534 liberabunt
819 494 975 535 animas
997 508 1102 536 suas.
1153 498 1183 519 ²¹
1207 496 1409 544 Quoniam
1433 496 1516 537 haec
1538 496 1637 537 dicit
1658 496 1857 537 Dominus
1881 496 2009 536 Deus:

105 554 224 602 Quod
253 558 294 593 et
323 553 354 592 si
385 557 582 605 quattuor
611 551 760 592 iudicia
788 566 880 593 mea
908 553 1094 606 pessima,
1125 553 1318 607 gladium,
1351 559 1392 594 et
1420 555 1582 596 famem.
1615 568 1660 595 ac
1690 555 1839 596 bestias
1869 554 2008 599 malas,

105 617 146 653 et
176 610 451 665 pestilentiam
483 610 686 651 immisero
718 610 765 652 ini
792 611 1010 652 Ierusalem
1042 617 1088 653 ut
1118 612 1359 652 interficiam
1391 613 1440 653 de
1471 626 1518 653 ea
1548 613 1764 659 hominem,
1798 618 1839 654 et
1870 626 2009 666 pecus:

103 672 135 694 22
156 675 294 710 tamen
315 669 566 722 relinquetur
585 668 625 708 in
647 682 694 709 ea
713 669 887 711 salvatio
909 671 1170 711 educentium
1192 670 1305 715 filios,
1329 676 1369 711 et
1390 671 1509 711 filias:
1531 684 1620 711 0000
1641 672 1716 724 ipsi
1736 672 2012 724 ingredientur

104 728 157 769 ad
183 741 268 777 vos,
299 733 339 768 et
366 727 558 768 videbitis
587 727 695 767 viam
724 741 875 777 eorum,
905 734 946 769 et
973 729 1284 770 adinventiones
1312 742 1462 774 eorum,
1493 734 1533 770 et
1561 730 1866 770 consolabimini
1893 742 2013 782 super

103 787 223 835 malo,
249 786 359 840 quod
380 786 523 827 induxi
545 786 586 826 in
611 786 829 827 Ierusalem
852 787 892 827 in
916 788 1115 835 omnibus,
1142 801 1232 841 quae
1253 788 1474 841 importavi
1496 800 1616 841 super
1637 801 1738 829 eam.
1789 790 1821 812 ²³
1843 788 1898 828 Et
1920 801 2011 828 con-

103 845 346 886 solabuntur
368 858 452 891 vos,
479 857 571 885 cum
595 844 778 886 videritis
802 846 913 886 viam
937 859 1088 893 eorum,
1115 852 1157 887 et
1181 846 1492 887 adinventiones
1516 859 1673 887 eorum:
1699 852 1740 887 et
1764 846 2011 899 cognoscetis

104 905 213 958 quod
241 917 323 945 non
351 903 504 944 frustra
530 903 694 944 fecerim
723 904 871 953 omnia,
904 918 994 958 quae
1021 905 1096 946 feci
1125 905 1165 945 in
1195 918 1253 953 ea,
1285 905 1343 946 ait
1370 905 1570 946 Dominus
1600 905 1722 947 Deus,

102 1008 141 1048 7.
171 1006 557 1058 lerosolymorum
587 1007 920 1058 praevaricatio,
956 1018 1108 1059 poena,
1138 1008 1372 1059 susceptio
1404 1008 1651 1059 nuntiatur,
1686 1008 1751 1059 15,
1778 1007 1922 1058 1-16,
1948 1007 2013 1046 63.

210 1079 273 1121 15.
329 1080 341 1102 1
371 1078 426 1118 Ε1
454 1078 587 1118 factus
616 1083 677 1119 est
705 1091 834 1119 sermo
863 1079 1030 1119 Domini
1058 1079 1110 1120 ad
1137 1093 1213 1127 me,
1244 1079 1398 1120 dicens:
1454 1081 1468 1103 '2
1496 1078 1571 1118 Fili
1599 1078 1784 1123 hominis,
1817 1078 1914 1132 quid
1942 1078 2011 1118 fiet
2040 1082 2194 1107 1⁹r1¹⁵²¹¹0¹¹¹

102 1138 151 1178 de
172 1137 280 1191 ligno
303 1136 398 1177 vitis
421 1150 471 1177 ex
493 1137 681 1177 omnibus
702 1137 819 1190 lignis
842 1150 1066 1185 nemorum,
1092 1151 1182 1191 quae
1203 1143 1300 1178 sunt
1322 1138 1427 1178 inter
1447 1137 1556 1190 ligna
1577 1137 1795 1177 silvarum?
1845 1139 1860 1161 3
1883 1137 2010 1177 Num·
2038 1118 2195 1181 ῗνῒέῶἓῗὲιῖῗ

103 1196 202 1249 quid
218 1195 385 1237 tolletur
402 1195 450 1235 de
468 1209 515 1235 ea
531 1195 698 1248 lignum,
718 1202 765 1236 ut
782 1196 855 1236 fiat
872 1210 985 1249 opus,
1006 1202 1078 1237 aut
1095 1197 1363 1237 fabricabitur
1380 1196 1429 1236 de
1447 1209 1491 1235 ea
1510 1195 1695 1248 paxillus,
1716 1201 1762 1236 ut
1779 1196 2010 1248 dependeat
2044 1189 2185 1217 “ad‘'ms’

101 1255 142 1295 in
170 1268 215 1295 eo
244 1255 532 1308 quodcumque
559 1254 656 1295 vas?
711 1256 726 1278 ⁴
753 1255 857 1295 Ecce
883 1255 965 1308 igni
992 1255 1137 1295 datum
1165 1260 1226 1295 est
1252 1255 1292 1294 in
1320 1267 1471 1295 escam:
1501 1259 1717 1307 utramque
1744 1260 1903 1307 partem
1931 1254 2014 1293 eius

102 1313 357 1366 consumpsit
383 1313 497 1366 ignis,
527 1318 568 1354 et
594 1313 792 1354 medietas
820 1313 902 1353 eius
930 1313 1097 1353 redacta
1123 1319 1184 1353 est
1210 1313 1251 1353 111
1278 1312 1480 1353 favillam:
1510 1312 1709 1365 numquid
1736 1312 1834 1352 utile
1861 1312 1936 1352 erit
1963 1312 2015 1351 ad

103 1372 229 1425 opus?
282 1374 297 1396 5
322 1371 461 1412 Etiam
487 1385 579 1412 011111
604 1377 709 1412 esset
734 1372 949 1424 integrum,
976 1385 1057 1412 non
1083 1377 1171 1412 erat
1195 1376 1339 1424 aptum
1366 1372 1417 1411 ad
1443 1384 1562 1423 opus:
1590 1376 1744 1424 quanto
1770 1370 1897 1423 magis
1923 1383 2015 1410 cum

103 1431 205 1471 illud
232 1430 334 1483 ignis
364 1429 635 1477 devoraverit,
667 1435 708 1470 et
736 1430 1015 1476 combusserit,
1046 1430 1146 1469 nihil
1174 1443 1224 1470 ex
1252 1443 1297 1470 eo
1328 1430 1397 1470 fiet
1425 1429 1580 1482 operis?
1639 1431 1654 1453 ⁶
1682 1430 1903 1482 Propterea
1931 1428 2015 1468 haec

102 1489 201 1530 dicit
221 1488 422 1530 Dominus
444 1489 573 1528 Deus:
598 1488 813 1536 Quomodo
835 1488 989 1541 lignum
1012 1489 1106 1529 vitis
1129 1488 1235 1529 inter
1254 1488 1364 1539 ligna
1384 1488 1591 1533 silvarum,
1616 1488 1726 1541 quod
1747 1488 1839 1528 dedi
1861 1487 1942 1540 igni
1965 1487 2016 1527 ad

102 1548 396 1593 devorandum,
422 1547 477 1587 sic
501 1547 663 1587 tradam
686 1547 940 1588 habitatores
966 1547 1197 1588 Ierusalem.
1253 1549 1266 1571 ⁷
1290 1547 1346 1587 Et
1368 1560 1519 1600 ponam
1542 1547 1685 1587 faciem
1710 1559 1842 1586 meam
1865 1546 1906 1585 in
1929 1559 2014 1585 eos:

102 1607 152 1648 de
170 1607 260 1660 igne
279 1606 547 1659 egredientur,
569 1611 610 1646 et
627 1606 728 1658 ignis
748 1612 961 1647 consumet
979 1619 1064 1647 eos:
1084 1611 1125 1646 et
1143 1606 1276 1647 scietis
1296 1606 1392 1659 quia
1409 1619 1480 1659 ego
1500 1605 1711 1649 Dominus,
1733 1618 1824 1645 cum
1844 1617 2013 1658 posuero

102 1666 247 1706 faciem
273 1678 407 1706 meam
432 1665 472 1705 in
498 1678 576 1711 eos,
633 1666 648 1688 8
673 1670 714 1705 01
739 1665 886 1705 dedero
913 1670 1063 1705 terram
1088 1665 1254 1710 inviam,
1283 1670 1324 1706 et
1348 1664 1593 1705 desolatam:
1620 1678 1665 1705 eo
1692 1664 1801 1717 quod
1826 1662 2015 1717 111101311-

103 1729 259 1766 catores
288 1723 512 1769 extiterint,
544 1723 643 1764 dicit
670 1723 871 1764 Dominus
900 1724 1022 1765 Deus.

208 1783 271 1826 16.
327 1784 340 1807 1
370 1782 426 1823 Ε1
455 1783 588 1823 factus
620 1787 681 1823 est
710 1795 840 1823 sermo
871 1782 1037 1823 Domini
1068 1783 1120 1823 ad
1150 1795 1224 1831 me,
1258 1782 1412 1823 dicens:
1444 1784 1458 1805 '-'
1488 1781 1564 1822 Fili
1594 1781 1767 1822 hominis
1798 1785 1916 1822 notas
1946 1780 2010 1820 fac
2031 1781 2211 1812 ‘1¹¹¹2›³D*20

2031 1818 2147 1842 servata
2167 1824 2201 1842 ac

104 1842 323 1883 Ierusalem
353 1841 678 1883 abominationes
708 1854 819 1882 suas:
876 1844 892 1866 ³
920 1846 961 1881 et
990 1841 1115 1882 dices:
1148 1841 1245 1882 Haec
1274 1841 1373 1882 dicit
1401 1840 1601 1881 Dominus
1630 1840 1740 1880 Deus
1772 1839 2008 1880 Ierusalem:
2046 1853 2186 1877 mundata

104 1901 239 1942 Radix
267 1905 351 1948 tua,
382 1905 424 1941 et
449 1900 656 1953 generatio
686 1904 760 1940 tua
787 1900 836 1940 de
864 1905 972 1940 terra
1000 1900 1213 1940 Chanaan:
1244 1905 1361 1953 pater
1388 1904 1482 1940 tuus
1511 1899 1781 1945 Amorrhaeus,
1813 1904 1853 1939 et
1881 1889 2207 1953 11111101ἃῖξ,,ζζῖ“ξ,ζξζΓ

103 1965 177 2001 tua
197 1959 371 2000 Cethaea.
421 1960 436 1983 ‘¹
458 1959 513 1999 Et
535 1958 699 2012 quando
722 1964 822 1999 nata
843 1972 882 1999 es
904 1959 945 1999 in
967 1959 1030 1999 die
1053 1964 1164 1999 ortus
1187 1959 1247 1999 tui
1269 1972 1349 1999 non
1372 1963 1433 1999 est
1454 1958 1642 2011 praecisus
1664 1957 1877 1998 umbilicus
1900 1961 2006 2001 tuus,
2067 1959 2164 1987 duct&

103 2024 144 2059 et
164 2031 273 2071 aqua
291 2031 373 2059 non
394 2030 433 2057 es
454 2017 540 2058 lota
559 2017 600 2057 in
620 2017 806 2065 salutem,
829 2030 902 2057 nec
922 2017 1004 2057 sale
1024 2017 1156 2066 salita,
1179 2030 1251 2058 1100
1272 2017 1459 2058 involuta
1479 2017 1636 2070 pannis.
1685 2018 1700 2040 ⁵
1722 2016 1812 2057 Non
1833 2015 2013 2069 pepercit

103 2090 224 2130 super
252 2081 292 2117 te
322 2075 460 2117 oculus
490 2081 537 2116 ut
565 2076 717 2116 faceret
746 2076 821 2116 tibi
850 2089 977 2116 unum
1007 2076 1056 2116 de
1086 2076 1158 2125 his,
1189 2076 1378 2116 misertus
1409 2075 1486 2116 tui:
1518 2075 1587 2115 sed
1616 2075 1797 2127 proiecta
1825 2087 1864 2114 es
1894 2085 2014 2126 super

102 2136 248 2177 faciem
272 2140 388 2176 terrae
410 2135 451 2175 in
477 2134 703 2175 abiectione
727 2134 874 2175 animae
897 2140 989 2181 tuae,
1017 2134 1056 2174 in
1081 2134 1144 2175 die
1170 2147 1251 2187 qua
1274 2139 1374 2174 nata
1396 2147 1448 2175 es.
1504 2135 1519 2157 ⁶
1543 2133 1756 2173 Transiens
1781 2138 1919 2174 autem
1944 2144 2015 2185 per

104 2200 156 2242 te,
182 2194 266 2235 vidi
289 2199 329 2234 te
352 2193 579 2235 conculcari
601 2193 641 2233 in
664 2193 859 2246 sanguine
883 2198 966 2234 tuo.
992 2198 1033 2234 et
1055 2193 1139 2233 dixi
1162 2193 1237 2233 tibi
1260 2206 1352 2233 cum
1375 2206 1479 2233 esses
1502 2192 1542 2232 in
1565 2192 1760 2245 sanguine
1782 2196 1873 2232 tuo:
1898 2191 2011 2231 Vive.

103 2253 199 2302 dixi,
226 2253 407 2306 inquam,
435 2252 528 2293 tibi:
556 2252 604 2292 In
628 2251 824 2305 sanguine
849 2256 919 2292 tuo
946 2251 1049 2292 vive.
1106 2253 1119 2275 ⁷
1144 2251 1461 2304 Multiplicatam
1486 2251 1601 2304 quasi
1624 2263 1788 2303 germen
1813 2250 1897 2303 agri
1921 2249 2014 2290 dedi

104 2318 163 2353 te:
190 2317 232 2353 et
255 2311 531 2365 multiplicata
555 2324 607 2359 es,
636 2315 677 2351 et
700 2310 864 2364 grandis
890 2310 1047 2359 effecta,
1075 2316 1116 2351 et
1141 2310 1319 2363 ingressa
1344 2323 1395 2358 08,
1424 2314 1465 2349 01
1490 2309 1710 2362 pervenisti
1736 2309 1787 2349 ad
1813 2309 2013 2349 mundum

103 2370 360 2411 muliebrem:
394 2370 522 2410 ubera
552 2374 626 2410 tua
657 2369 954 2417 intumuerunt,
990 2374 1031 2409 et
1062 2368 1166 2422 pilus
1200 2374 1294 2409 tuus
1326 2367 1590 2421 germinavit:
1624 2372 1665 2408 et
1697 2380 1783 2407 eras
1816 2367 1938 2415 nuda,
1973 2371 2015 2407 et

106 2429 342 2471 confusione
368 2428 500 2482 plena.
558 2429 573 2451 ⁸
599 2427 655 2468 Et
681 2428 852 2468 transivi
878 2440 949 2481 per
975 2432 1026 2475 te,
1056 2432 1097 2469 et
1123 2427 1206 2468 vidi
1233 2432 1292 2468 te:
1320 2432 1361 2468 et
1387 2440 1476 2467 0000
1504 2431 1665 2479 tempus
1692 2431 1822 2474 tuum,
1851 2430 2013 2479 tempus

104 2487 351 2529 amantium:
382 2492 423 2527 et
449 2486 628 2540 expandi
656 2486 853 2527 amictum
880 2499 1017 2527 meum
1045 2499 1165 2540 super
1192 2491 1244 2533 te,
1274 2491 1315 2526 et
1343 2485 1481 2539 operui
1508 2484 1773 2538 ignominiam
1801 2489 1928 2525 tuam.
1959 2484 2015 2524 Et

104 2546 235 2588 iuravi
261 2546 348 2595 tibi,
377 2551 418 2586 et
442 2545 643 2599 ingressus
669 2558 759 2585 sum
786 2550 955 2598 pactum
982 2550 1137 2586 tecum:
1166 2545 1224 2585 ait
1249 2545 1450 2585 Dominus
1476 2544 1605 2584 Deus:
1633 2548 1674 2584 et
1698 2543 1810 2584 facta
1835 2556 1875 2583 es
1901 2543 2011 2583 mihi.

107 2608 122 2630 ⁹
140 2605 197 2646 Et
213 2604 296 2645 lavi
315 2610 355 2646 te
374 2617 493 2658 aqua,
515 2609 556 2645 et
574 2604 796 2644 emundavi
814 2604 1053 2657 sanguinem
1072 2609 1190 2645 tuum
1210 2617 1259 2644 ex
1278 2608 1336 2644 te:
1357 2608 1398 2644 et
1417 2603 1515 2643 unxi
1535 2607 1574 2642 10
1593 2601 1691 2643 oleo.
1739 2603 1775 2626 ¹⁰
1792 2601 1848 2642 Et
1866 2601 2014 2642 vestivi

105 2670 145 2705 te
174 2663 450 2711 discoloribus,
482 2668 524 2704 et
552 2662 729 2703 calceavi
758 2668 798 2703 te
826 2663 1031 2703 ianthino:
1062 2668 1103 2703 et
1132 2662 1239 2703 cinxi
1268 2667 1307 2703 te
1337 2662 1470 2715 bysso,
1502 2666 1543 2701 et
1570 2660 1684 2701 indui
1713 2665 1753 2700 te
1781 2659 2011 2700 subtilibus.

105 2725 137 2747 ¹¹
156 2722 213 2763 Et
231 2722 374 2763 ornavi
393 2727 433 2762 te
452 2726 705 2770 ornamento,
727 2726 769 2762 et
787 2721 880 2762 dedi
900 2721 1076 2761 armillas
1094 2721 1134 2761 in
1154 2721 1343 2761 manibus
1364 2720 1455 2769 tuis,
1477 2724 1518 2760 et
1536 2724 1724 2772 torquem
1744 2718 1849 2758 circa
1867 2717 2014 2759 collum

105 2786 236 2822 tuum.
295 2782 327 2805 ¹²
356 2780 412 2821 Et
441 2780 535 2821 dedi
564 2780 747 2820 inaurem
778 2793 898 2834 super
927 2793 970 2821 os
1001 2784 1131 2827 tuum,
1164 2784 1205 2820 et
1235 2779 1402 2820 circulos
1433 2778 1597 2818 auribus
1628 2777 1719 2825 tuis,
1752 2782 1793 2817 et
1823 2789 2015 2818 coronam

105 2839 258 2881 decoris
272 2839 313 2879 in
329 2839 461 2892 capite
477 2843 561 2880 tuo.
606 2841 637 2864 ¹³
651 2839 708 2880 Et
721 2844 868 2880 ornata
882 2852 921 2880 es
937 2851 1047 2887 auro,
1065 2843 1106 2879 et
1120 2843 1300 2892 argento,
1318 2843 1359 2879 et
1373 2837 1524 2878 vestita
1538 2849 1577 2876 es
1593 2836 1726 2889 bysso,
1743 2840 1784 2876 et
1798 2835 2012 2889 polymito,

106 2903 147 2939 et
162 2897 504 2938 multicoloribus:
523 2897 709 2945 similam,
729 2902 770 2938 et
786 2897 877 2945 mel,
897 2902 938 2938 01
956 2897 1089 2938 01011111
1107 2897 1330 2945 comedisti,
1350 2901 1391 2937 et
1407 2896 1553 2936 decora
1567 2894 1680 2935 facta
1696 2907 1735 2935 es
1753 2894 2016 2935 vehementer

105 2956 243 2997 nimis:
268 2960 309 2996 et
330 2956 536 3009 profecisti
558 2956 600 2996 in
622 2969 803 3009 regnum.
855 2957 887 2980 ¹⁴
910 2956 966 2997 Et
987 2969 1191 3009 egressum
1215 2961 1276 2996 est
1298 2968 1445 2996 nomen
1469 2959 1587 2994 tuum
1610 2953 1650 2993 in
1674 2952 1824 2993 Gentes
1848 2958 2015 3006 propter

105 3015 279 3069 speciem
308 3019 442 3055 tuam:
474 3014 569 3067 quia
596 3015 778 3067 perfecta
805 3027 890 3055 eras
919 3014 960 3055 in
989 3015 1131 3056 decore
1159 3027 1261 3063 meo,
1293 3026 1413 3067 quem
1441 3024 1656 3066 posueram
1684 3024 1805 3065 super
1832 3016 1884 3059 te,
1915 3012 2014 3052 dicit

105 3073 305 3115 Dominus
334 3073 456 3114 Deus.

210 3133 242 3156 ¹⁵
272 3132 328 3172 Et
358 3131 512 3172 habens
545 3130 736 3172 fiduciam
766 3131 808 3172 in
839 3131 1142 3185 pulchritudine
1174 3137 1247 3173 tua
1277 3130 1479 3171 fornicata
1509 3142 1548 3170 es
1580 3128 1621 3170 in
1653 3129 1815 3169 nomine
1848 3134 1937 3169 tuo:
1971 3134 2012 3169 et
2060 3134 2165 3158 Pmffi

2050 3162 2183 3187 meretrix

106 3190 330 3244 exposuisti
359 3189 670 3231 fornicationem
701 3195 816 3230 tuam
847 3190 957 3231 omni
987 3190 1217 3231 transeunti
1247 3194 1293 3230 ut
1323 3189 1406 3229 eius
1437 3188 1561 3229 fieres.
1621 3188 1656 3212 ¹⁶
1685 3187 1741 3228 Et
1770 3200 1931 3227 sumens
1963 3187 2011 3227 de
2045 3196 2188 3222 etinulier

106 3249 360 3290 vestimentis
391 3248 472 3290 tuis
502 3248 633 3289 fecisti
663 3248 738 3289 tibi
768 3248 926 3289 excelsa
955 3249 1048 3291 hinc
1078 3249 1171 3290 inde
1202 3252 1391 3290 consuta:
1423 3252 1464 3288 et
1492 3247 1694 3288 fornicata
1723 3259 1763 3287 es
1794 3259 1913 3299 super
1943 3245 2007 3291 eis,
2026 3232 2203 3293 efffflffssssffi

106 3308 212 3349 810111
238 3321 319 3349 11011
348 3312 409 3348 081
436 3307 605 3355 factum,
636 3320 767 3360 neque
794 3307 981 3348 futurum
1009 3313 1081 3349 est.
1139 3310 1172 3332 ¹⁷
1201 3308 1256 3348 Et
1285 3306 1414 3347 tulisti
1442 3319 1542 3346 vasa
1569 3305 1722 3346 decoris
1751 3304 1812 3345 tui
1840 3305 1888 3345 de
1917 3316 2013 3344 auro

106 3379 208 3415 meo,
232 3371 356 3419 atque
377 3371 544 3420 argento
566 3379 668 3414 meo,
692 3378 783 3419 quae
802 3366 895 3407 dedi
916 3366 1009 3407 tibi:
1032 3372 1073 3408 et
1092 3366 1223 3408 fecisti
1244 3365 1319 3406 tibi
1339 3365 1533 3419 imagines
1554 3363 1808 3407 masculinas,
1832 3367 1872 3403 et
1891 3360 2012 3401 forni-

107 3430 201 3466 cata
227 3437 267 3465 es
294 3425 334 3464 in
363 3425 429 3466 eis.
486 3426 521 3449 18
547 3424 603 3465 Ε1
630 3424 839 3478 sumpsisti
866 3425 1115 3466 vestimenta
1141 3431 1214 3466 tua
1239 3423 1521 3472 multicoloria,
1551 3428 1592 3464 et
1619 3420 1812 3475 operuisti
1839 3419 1943 3459 illas:
1972 3421 2013 3457 et

180 3497 208 3521 H
216 3504 230 3522 e
238 3498 271 3522 tz
280 3504 294 3522 e
303 3504 322 3522 n
330 3505 346 3523 a
354 3505 372 3523 u
380 3505 394 3523 e
402 3505 415 3523 r
423 3516 429 3527 ,
454 3497 579 3530 Vulgata
601 3498 791 3524 Clementina.
1752 3488 1797 3528 51
