2356 3760
106 119 136 157 6,
161 117 279 157 10—7‚
302 116 344 150 26
917 111 1197 146 EZECHIELIS
1937 120 2012 161 795

108 211 296 252 recedens
320 223 344 250 a
365 222 448 257 me;
473 214 514 249 et
537 206 672 249 oculos
696 218 834 246 eorum
857 205 1105 246 fornicantes
1129 210 1221 259 post
1244 204 1353 246 idola
1376 218 1466 246 sua:
1492 211 1532 246 01
1556 206 1826 260 (11311110011001
1850 211 2011 253 sibimet

108 282 229 324 super
259 268 375 309 malis
409 280 498 321 quae
529 266 712 306 fecerunt
743 264 784 303 in
817 263 1013 304 universis
1046 263 1420 305 abominationibus
1452 264 1544 305 suis.
1607 267 1642 289 ¹⁰
1673 265 1727 306 Et
1759 269 1884 310 scient
1917 271 2012 322 quia

110 342 181 382 ego
211 327 413 369 Dominus
441 337 524 366 non
552 324 705 364 frustra
731 322 891 362 locutus
921 335 1010 363 sum
1041 328 1088 363 ut
1115 322 1289 363 facerem
1319 322 1373 363 eis
1403 322 1555 364 malum
1586 323 1672 365 hoc.

214 389 243 410 11
275 386 372 426 Haec
403 384 501 425 dicit
530 380 729 423 Dominus
760 380 889 421 Deus:
921 380 1092 421 Percute
1122 393 1290 421 manum
1321 386 1448 430 tuam,
1482 386 1522 422 et
1553 381 1670 423 allide
1702 384 1845 437 pedem
1876 390 2005 429 tuum,

109 452 148 487 et
176 446 257 486 dic:
288 444 391 486 Heu.
422 442 474 482 ad
501 452 638 481 omnes
668 439 991 480 abominationes
1019 439 1219 480 malorum
1248 440 1391 480 domus
1421 439 1561 480 Israel:
1592 441 1687 494 quia
1713 441 1858 495 gladio,
1888 443 2007 489 fame,

109 510 149 545 et
177 508 290 557 peste
316 500 463 541 ruituri
490 504 597 539 sunt.
656 500 685 521 ¹2
714 497 792 546 Qui
819 497 936 551 longe
964 503 1035 540 est.
1066 502 1179 551 peste
1207 498 1419 539 morietur:
1451 499 1518 551 qui
1547 505 1684 540 autem
1712 513 1848 554 prope,
1879 501 2013 554 gladio

110 566 288 604 corruet:
307 565 347 600 et
364 559 433 612 qui
448 557 610 597 relictus
627 556 761 599 fuerit,
781 562 822 597 et
838 557 1034 604 obsessus,
1053 556 1161 596 fame
1177 557 1390 597 morietur:
1409 562 1448 598 et
1466 557 1675 610 complebo
1692 558 2014 612 indignationem

109 633 243 662 meam
263 618 304 659 in
325 618 391 658 eis.
441 618 473 641 ¹3
493 615 548 656 Et
568 614 702 655 scietis
724 615 819 668 quia
839 628 910 668 ego
931 615 1144 663 Dominus,
1168 628 1260 655 cum
1280 614 1431 655 fuerint
1452 615 1655 656 interfecti
1676 618 1801 658 vestri
1820 618 1861 658 in
1881 619 2014 659 medio

108 678 309 720 idolorum
342 681 571 716 vest-rorum
603 674 644 713 in
678 673 848 714 circuitu
882 686 1044 714 ararum
1077 679 1318 718 vestrarum,
1353 673 1394 714 in
1427 674 1536 714 omni
1570 674 1667 715 colle
1700 676 1866 725 excelso,
1903 682 1943 717 et
1974 678 2014 717 in

109 736 266 779 cunctis
300 732 608 776 summitatibus
643 732 858 776 montium,
896 739 936 773 et
970 733 1115 773 subtus
1150 745 1269 773 omne
1301 731 1456 785 lignum
1491 745 1760 777 nemorosum,
1797 740 1837 774 et
1871 736 2015 776 subtus

110 796 343 837 universam
370 804 563 847 quercum
589 791 837 834 frondosam.
866 791 999 832 locum
1026 791 1095 832 ubi
1123 791 1397 832 accenderunt
1422 791 1546 831 thura
1569 791 1793 832 redolentia
1821 793 2016 834 universis

110 854 226 896 idolis
250 853 342 894 suis.
394 853 426 875 11
448 850 504 891 Ε1
527 850 747 891 extendam
770 863 938 890 manum
961 863 1095 890 meam
1118 862 1238 903 super
1261 863 1344 891 eos:
1370 854 1411 890 et
1432 849 1580 890 faciam
1604 855 1753 890 terram
1777 850 2014 896 desolatam,

109 920 151 955 et
186 912 430 954 destitutam
466 922 489 949 a
524 909 682 950 deserto
718 908 927 949 Deblatha
960 908 1001 948 in
1037 909 1224 950 omnibus
1259 908 1585 949 habitationibus
1621 921 1778 950 eorum:
1815 915 1856 950 et
1890 910 2017 950 scient

111 972 208 1026 quia
234 983 306 1024 ego
333 968 546 1010 Dominus.

216 1030 252 1073 7.
307 1030 321 1052 1
349 1027 405 1068 Ε1
431 1026 565 1067 factus
595 1031 656 1067 est
683 1039 813 1067 sermo
841 1026 1007 1067 Domini
1036 1026 1087 1067 ad
1114 1039 1190 1074 me,
1222 1026 1375 1067 dicens:
1432 1027 1446 1050 2
1474 1026 1530 1066 Et
1557 1030 1603 1066 111
1631 1025 1687 1066 fili
1714 1026 1900 1075 hominis,
1930 1026 2014 1067 haec

2075 390 2151 414 10110

2021 424 2132 449 111-30110
2147 425 2206 454 fiet3

2060 1032 2182 1057 vastitas

2079 1069 2161 1093 terrae

110 1089 207 1131 dicit
238 1086 438 1129 Dominus
469 1085 580 1126 Deus
612 1090 727 1125 terrae
760 1084 900 1126 Israel:
933 1085 1042 1125 Finis
1075 1085 1198 1127 venit.
1233 1085 1347 1125 venit
1376 1084 1466 1125 finis
1498 1097 1617 1138 super
1649 1089 1845 1138 quattuor
1874 1085 2013 1139 plagas
2032 1102 2207 1128 mex-stabius

110 1154 237 1189 terrae.
294 1148 309 1170 3
339 1145 457 1186 Nunc
486 1143 575 1184 finis
605 1156 725 1197 super
752 1149 805 1192 te,
837 1149 877 1184 01
905 1143 1128 1184 immittam
1157 1144 1334 1185 furorem
1363 1156 1499 1183 meum
1528 1142 1569 1182 in
1598 1149 1656 1183 te:
1687 1148 1728 1184 et
1755 1143 1944 1185 iudicabo
1973 1149 2014 1185 te

110 1208 227 1248 iuxta
252 1205 338 1245 vias
364 1209 475 1244 tuas:
504 1208 544 1243 et
568 1215 719 1256 ponam
746 1209 888 1243 contra
914 1208 953 1243 te
980 1215 1117 1243 omnes
1144 1202 1468 1243 abominationes
1494 1206 1598 1242 1003.
1652 1204 1667 1225 1
1693 1201 1747 1242 Et
1772 1215 1853 1243 non
1878 1208 2018 1255 parcet

111 1264 249 1307 oculus
270 1276 384 1304 meus
406 1274 527 1316 super
547 1267 599 1304 te,
624 1266 664 1302 et
684 1274 766 1302 non
787 1261 1023 1302 miserebor:
1047 1261 1116 1301 sed
1138 1261 1224 1301 vias
1246 1265 1338 1301 tuas
1360 1273 1510 1313 ponam
1532 1272 1652 1313 super
1674 1265 1724 1304 te,
1748 1266 1789 1300 et
1810 1260 2018 1301 abomina-

110 1324 241 1366 tiones
265 1327 347 1363 tuae
369 1321 410 1361 in
433 1320 566 1361 medio
591 1320 652 1360 tui
675 1326 812 1360 erunt:
838 1326 879 1360 et
902 1319 1034 1360 scietis
1060 1319 1155 1372 quia
1178 1332 1249 1372 ego
1273 1319 1485 1360 Dominus.
1538 1320 1552 1342 ⁵
1578 1318 1674 1358 Haec
1698 1318 1796 1358 dicit
1819 1318 2020 1360 Dominus

111 1383 240 1424 Deus:
258 1380 438 1422 Afflictio
456 1392 550 1422 una,
571 1377 738 1419 afflictio
757 1391 846 1418 ecce
864 1378 988 1418 venit.
1038 1380 1053 1401 ⁶
1070 1377 1159 1418 finis
1178 1377 1302 1422 venit,
1323 1377 1437 1418 venit
1454 1376 1555 1421 finis,
1575 1376 1785 1429 evigilavit
1803 1377 2020 1417 adversum

112 1448 170 1482 te:
193 1453 282 1481 0000
303 1438 427 1479 venit.
481 1439 493 1461 ⁷
515 1437 636 1478 Venit
657 1436 848 1478 contritio
869 1449 989 1490 super
1009 1443 1060 1481 te,
1085 1436 1153 1489 qui
1173 1436 1336 1476 habitas
1357 1436 1397 1476 in
1418 1440 1543 1476 terra:
1566 1435 1680 1476 venit
1699 1440 1873 1488 tempus,
1896 1448 2021 1488 prope

112 1506 174 1541 est
199 1499 283 1540 dies
310 1496 530 1540 occisionis,
560 1499 600 1536 et
627 1508 707 1536 non
733 1494 869 1549 gloriae
894 1495 1109 1536 montium.
1167 1497 1182 1518 s
1209 1494 1327 1535 Nunc
1354 1495 1403 1535 de
1428 1494 1658 1548 propinquo
1685 1493 1894 1534 effundam
1919 1494 2021 1534 iram

112 1571 246 1600 meam
271 1568 391 1610 super
415 1561 468 1601 te,
495 1560 537 1595 et
562 1553 772 1607 complebo
798 1554 976 1595 furorem
1001 1567 1137 1594 meum
1163 1553 1203 1594 in
1229 1559 1287 1594 te:
1315 1559 1356 1594 et
1380 1553 1568 1594 iudicabo
1595 1558 1635 1593 te
1660 1553 1777 1593 iuxta
1801 1552 1887 1593 vias
1913 1557 2018 1599 tuas,

113 1623 154 1658 et
176 1617 387 1670 imponam
411 1613 487 1655 tibi
512 1612 649 1654 omnia
672 1612 821 1653 scelera
846 1618 935 1653 tua:
991 1614 1005 1637 ⁹
1029 1613 1085 1653 Et
1109 1626 1190 1653 non
1214 1617 1355 1666 parcet
1379 1611 1517 1654 oculus
1541 1624 1665 1657 meus,
1692 1624 1765 1652 nec
1789 1611 2019 1659 miserebor,

113 1676 183 1717 sed
210 1674 297 1716 vias
326 1678 418 1714 tuas
446 1672 656 1725 imponam
684 1671 771 1719 tibi,
802 1677 842 1712 et
871 1671 1196 1713 abominationes
1225 1676 1307 1712 tuae
1334 1671 1375 1712 in
1402 1671 1535 1711 medio
1564 1670 1625 1711 tui
1653 1675 1790 1711 erunt:
1820 1675 1861 1711 et
1888 1670 2021 1710 scietis

114 1734 210 1789 quia
233 1746 305 1787 ego
330 1745 420 1773 sum
444 1731 645 1772 Dominus
669 1730 911 1784 percutiens.
966 1732 1001 1754 1⁰
1024 1730 1129 1771 Ecce
1154 1730 1249 1777 dies,
1277 1743 1366 1771 ecce
1392 1729 1521 1770 venit:
1549 1742 1707 1782 egressa
1730 1734 1792 1769 est
1816 1728 2019 1774 contritio,

114 1792 251 1835 floruit
277 1791 403 1845 virga,
432 1789 677 1843 germinavit
706 1789 913 1842 superbia:
971 1791 1000 1814 11
1030 1789 1231 1843 101001103
1259 1788 1433 1830 surrexit
1461 1788 1501 1828 in
1530 1788 1643 1841 virga
1669 1787 1911 1841 impietatis:
1940 1800 2021 1828 non

114 1866 164 1893 ex
183 1851 249 1899 eis,
272 1854 313 1891 et
331 1863 413 1891 non
433 1862 483 1890 ex
501 1847 664 1902 populo,
687 1861 818 1901 neque
838 1861 887 1889 ex
906 1848 1042 1889 sonitu
1063 1861 1220 1889 eorum:
1242 1854 1282 1888 et
1302 1861 1383 1889 non
1403 1847 1479 1888 erit
1496 1847 1653 1900 requies
1673 1846 1714 1886 in
1734 1846 1800 1887 eis.
1849 1847 1880 1870 12
1900 1845 2022 1886 Venit

114 1917 289 1964 tempus,
322 1907 671 1961 appropinquavit
701 1906 803 1947 dies:
837 1907 905 1960 qui
936 1907 1044 1949 emit,
1078 1920 1159 1947 non
1188 1906 1367 1947 laetetur:
1399 1911 1440 1947 et
1471 1906 1539 1959 qui
1569 1905 1722 1953 vendit,
1754 1918 1836 1946 non
1864 1904 2020 1958 lugeat:

116 1969 212 2023 quia
238 1968 298 2009 ira
325 1979 445 2020 super
473 1978 635 2007 omnem
664 1965 861 2019 populum
891 1965 985 2007 eius.
1045 1967 1076 1989 13
1104 1965 1209 2014 Quia
1238 1965 1306 2019 qui
1335 1965 1489 2010 vendit,
1520 1964 1573 2005 ad
1600 1964 1652 2013 id,
1685 1964 1795 2017 quod
1822 1963 2020 2011 vendidit,

114 2041 196 2070 non
223 2030 462 2068 revertetur.
493 2030 533 2065 et
562 2024 695 2065 adhuc
723 2024 764 2064 in
792 2024 1026 2065 viventibus
1056 2025 1143 2065 vita
1170 2037 1321 2065 eorum.
1352 2023 1452 2064 visio
1482 2023 1588 2064 enim
1617 2022 1669 2063 ad
1697 2035 1859 2064 omnem
1886 2021 2023 2062 multi-

115 2086 301 2128 tudinem
333 2084 416 2126 eius
450 2096 531 2124 non
562 2083 828 2136 regredietur:
863 2088 904 2123 et
937 2083 998 2123 vir
1029 2083 1070 2123 in
1102 2083 1321 2136 iniquitate
1354 2082 1450 2123 111εο
1482 2095 1564 2123 suae
1595 2094 1676 2122 non
1709 2080 2020 2122 confortabitur.

116 2148 147 2170 11
176 2144 318 2186 Canite
348 2143 461 2188 tuba,
493 2146 774 2195 praeparentur
803 2155 953 2184 01111103.
986 2147 1027 2183 01
1056 2155 1137 2183 non
1167 2148 1228 2182 est
1259 2142 1327 2195 qui
1356 2141 1485 2182 vadat
1515 2141 1566 2181 ad
1596 2139 1797 2193 praelium:
1828 2139 1888 2180 ira
1916 2139 2023 2179 enim

115 2217 207 2245 mea
223 2215 343 2256 super
360 2201 595 2242 universum
613 2200 811 2254 populum
829 2200 924 2241 eius.
973 2202 1003 2224 ¹5
1021 2200 1189 2241 Gladius
1207 2200 1322 2241 foris:
1343 2205 1382 2241 et
1400 2199 1536 2253 pestis,
1558 2204 1599 2240 et
1615 2199 1743 2240 fames
1761 2198 2021 2239 intrinsecus:

117 2263 185 2317 qui
201 2262 243 2303 in
261 2274 355 2315 agro
373 2267 446 2309 est,
464 2259 598 2314 gladio
616 2259 830 2300 morietur:
850 2265 890 2300 et
909 2259 977 2312 qui
994 2259 1035 2299 in
1053 2259 1232 2303 civitate,
1252 2258 1497 2312 pestilentia,
1518 2263 1559 2298 et
1575 2258 1683 2298 fame
1701 2257 2020 2298 devorabuntur.

116 2324 151 2346 ¹⁶
166 2322 221 2362 Et
237 2320 509 2362 salvabuntur
525 2318 593 2372 qui
608 2317 787 2371 fugerint
803 2331 852 2358 ex
868 2317 940 2358 eis:
959 2323 999 2358 et
1015 2323 1135 2358 erunt
1149 2317 1191 2358 in
1206 2317 1415 2358 montibus
1433 2317 1548 2371 quasi
1564 2315 1762 2357 columbae
1777 2314 2023 2356 convallium

117 2393 255 2422 omnes
285 2378 445 2431 trepidi,
477 2376 757 2430 unusquisque
786 2376 827 2417 in
856 2376 1075 2430 iniquitate
1105 2389 1188 2417 sua.
1248 2377 1281 2400 1⁷
1312 2376 1462 2417 Omnes
1492 2388 1636 2416 manus
1667 2373 1951 2422 dissolventur,
1983 2377 2025 2413 et

117 2438 254 2480 omnia
279 2449 412 2491 genua
437 2435 565 2476 fluent
592 2435 720 2489 aquis.
776 2436 811 2459 18
841 2435 917 2475 aEt
943 2435 1156 2488 accingent
1182 2448 1222 2475 se
1250 2434 1397 2483 ciliciis,
1427 2440 1468 2475 et
1495 2434 1649 2487 operiet
1675 2446 1741 2474 eos
1767 2431 1954 2480 formido,
1983 2436 2025 2472 et

117 2498 159 2538 in
188 2496 299 2538 omni
326 2495 429 2536 facie
459 2494 653 2543 confusio,
686 2499 725 2535 et
754 2494 796 2534 in
825 2493 1022 2535 universis
1053 2493 1254 2547 capitibus
1285 2507 1423 2535 0010111
1453 2492 1676 2534 calvitium.
1735 2493 1769 2515 19
1797 2491 2024 2544 Argentum

118 2569 257 2598 eorum
275 2555 384 2596 foras
403 2553 648 2607 proiicietur,
670 2558 711 2593 et
730 2565 875 2594 aurum
895 2565 1034 2594 eorum
1053 2553 1094 2593 in
1113 2552 1413 2606 sterquilinium
1433 2552 1519 2593 erit.
1546 2551 1792 2604 bArgentum
1811 2562 1961 2597 eorum,
1984 2554 2025 2589 et

118 2627 263 2656 aurum
291 2625 431 2654 eorum
458 2625 541 2653 non
568 2611 723 2652 valebit
749 2611 918 2652 liberare
947 2625 1012 2653 eos
1040 2611 1081 2652 in
1110 2611 1173 2652 die
1200 2611 1345 2652 furoris
1373 2610 1550 2652 Domini.
1580 2609 1772 2650 Animam
1800 2621 1915 2649 suam
1942 2620 2024 2648 non

118 2673 377 2720 saturabunt,
405 2676 446 2712 et
469 2675 632 2711 ventres
657 2683 796 2711 eorum
820 2683 901 2711 non
926 2670 1223 2724 implebuntur:
1252 2670 1347 2724 quia
1371 2668 1607 2711 scandalum
1632 2667 1860 2721 iniquitatis
1886 2678 2024 2707 eorum

118 2732 276 2772 factum
310 2735 383 2771 est.
446 2731 482 2753 ²⁰
515 2729 571 2770 Et
605 2734 892 2770 ornamentum
926 2728 1139 2770 monilium
1173 2742 1338 2770 suorum
1372 2729 1413 2769 in
1448 2726 1679 2781 superbiam
1712 2730 1948 2779 posuerunt,
1985 2730 2026 2765 et

119 2790 313 2843 imagines
343 2788 698 2830 abominationum
727 2801 904 2832 suarum,
937 2793 977 2828 et
1005 2787 1343 2829 simulachrorum
1371 2787 1554 2828 fecerunt
1584 2798 1633 2826 ex
1661 2797 1725 2826 eo:
1756 2790 1923 2837 propter
1949 2783 2026 2824 hoc

120 2848 213 2890 dedi
239 2848 293 2889 eis
318 2847 420 2888 illud
443 2847 485 2887 in
510 2846 834 2888 immunditiam:
889 2849 920 2871 2¹
946 2852 987 2887 et
1013 2847 1120 2888 dabo
1146 2846 1247 2887 illud
1271 2846 1313 2887 in
1338 2859 1483 2887 manus
1510 2844 1733 2886 alienorum
1760 2843 1812 2883 ad
1838 2842 2026 2896 diripien-

120 2908 230 2955 dum,
261 2912 301 2947 et
327 2906 460 2959 impiis
488 2910 605 2946 terrae
631 2905 672 2946 in
699 2905 891 2959 praedam,
922 2910 963 2946 et
990 2905 1334 2946 contaminabunt
1359 2904 1469 2945 illud.
1526 2905 1557 2928 2²
1584 2903 1639 2943 Et
1667 2906 1852 2942 avertam
1878 2901 2024 2942 faciem

120 2978 254 3006 meam
277 2964 329 3005 ab
352 2964 418 3011 013,
443 2970 485 3004 01
506 2963 721 3005 violabunt
744 2977 939 3005 arcanum
960 2977 1116 3005 meum:
1141 2969 1182 3005 et
1203 2964 1434 3005 introibunt
1454 2963 1496 3003 in
1517 2961 1616 3002 illud
1639 2959 1845 3009 emissarii,
1871 2965 1911 3001 01
1934 2972 2026 3001 000-

120 3024 386 3065 taminabunt
414 3021 525 3063 illud.

224 3084 257 3107 ‘23
285 3082 375 3122 Fac,
397 3080 713 3122 conclusionem:
746 3082 938 3135 quoniam
969 3087 1078 3122 terra
1106 3081 1227 3135 plena
1255 3086 1316 3122 est
1344 3080 1491 3121 iudicio
1521 3078 1778 3132 sanguinum,
1810 3083 1851 3118 et
1880 3077 2046 3139 civitasi

120 3141 241 3195 plena
272 3140 502 3194 iniquitate.
563 3140 596 3163 24
628 3139 684 3180 Et
716 3140 919 3181 adducam
952 3140 1147 3194 pessimos
1180 3140 1229 3180 de
1262 3139 1473 3187 Gentibus,
1510 3143 1551 3179 et
1582 3136 1850 3191 possidebunt
1883 3136 2024 3177 domos

121 3212 272 3241 eorum.
295 3204 337 3240 et
358 3198 560 3252 quiescere
579 3197 728 3238 faciam
749 3199 981 3252 superbiam
1001 3198 1245 3252 potentium,
1269 3203 1310 3238 et
1330 3197 1598 3251 possidebunt
1618 3194 1851 3237 sanctuaria·
1871 3207 2021 3235 eorum.

122 3260 153 3282 ²5
185 3257 388 3311 Angustia
419 3256 741 3310 superveniente,
776 3257 984 3310 requirent
1015 3270 1170 3311 pacem,
1205 3262 1247 3297 et
1278 3269 1360 3297 non
1392 3256 1479 3296 erit.
1540 3257 1575 3279 ‘2⁶
1607 3253 1877 3296 Conturbatio
1910 3264 2028 3304 super

123 3316 480 3358 conturbationem
511 3314 659 3363 veniet,
692 3320 734 3356 et
763 3315 928 3356 auditus
958 3328 1079 3369 super
1110 3315 1316 3356 auditum:
1349 3319 1389 3355 et
1421 3318 1603 3367 quaerent
1632 3312 1829 3353 visionem
1860 3311 1909 3351 de
1938 3322 2028 3363 pro-

257 3442 286 3483 7,
303 3442 344 3476 18
361 3442 534 3483 ³1s15‚2;
561 3442 662 3482 1148,
679 3443 731 3476 37.
757 3462 799 3466 -
824 3442 865 3476 19
890 3442 954 3475 bPr
970 3443 1021 3482 11,
1038 3444 1073 3482 4;
1099 3441 1192 3485 Soph
1218 3443 1247 3480 1,
1274 3440 1330 3480 18;
1356 3439 1408 3474 Sir
1432 3441 1462 3480 5,
1489 3440 1540 3474 10.
1568 3440 1619 3474 13.

2098 1139 2141 1163 est

2072 3080 2188 3109 propter

2049 3114 2222 3145 niquitatem

2057 3149 2201 3174 habitato-

2093 3190 2164 3208 rum.
