<?xml version="1.0" encoding="UTF-8"?>
<!DOCTYPE html PUBLIC "-//W3C//DTD XHTML 1.0 Transitional//EN"
    "http://www.w3.org/TR/xhtml1/DTD/xhtml1-transitional.dtd">
<html xmlns="http://www.w3.org/1999/xhtml" xml:lang="en" lang="en">
 <head>
  <title>
</title>
<meta http-equiv="Content-Type" content="text/html;charset=utf-8" />
  <meta name='ocr-system' content='tesseract 3.04.00' />
  <meta name='ocr-capabilities' content='ocr_page ocr_carea ocr_par ocr_line ocrx_word'/>
</head>
<body>
  <div class='ocr_page' id='page_1' title='image "./bibliasacravulga00helzuoft_0880.png"; bbox 0 0 2356 3760; ppageno 0'>
   <div class='ocr_carea' id='block_1_1' title="bbox 259 145 2163 193">
    <p class='ocr_par' dir='ltr' id='par_1_1' title="bbox 259 145 2163 193">
     <span class='ocr_line' id='line_1_1' title="bbox 259 145 2163 193; baseline -0.001 -12"><span class='ocrx_word' id='word_1_1' title='bbox 259 155 334 193; x_wconf 45' lang='grc' dir='ltr'>ι956</span> <span class='ocrx_word' id='word_1_2' title='bbox 1067 145 1341 180; x_wconf 87' lang='lat' dir='ltr'>PROPHETIA</span> <span class='ocrx_word' id='word_1_3' title='bbox 1942 148 1972 187; x_wconf 86' lang='lat'>4,</span> <span class='ocrx_word' id='word_1_4' title='bbox 2000 146 2097 187; x_wconf 82' lang='lat'>4-5,</span> <span class='ocrx_word' id='word_1_5' title='bbox 2126 147 2163 180; x_wconf 86' lang='lat'>11</span> 
     </span>
    </p>
   </div>
   <div class='ocr_carea' id='block_1_2' title="bbox 51 238 2169 703">
    <p class='ocr_par' dir='ltr' id='par_1_2' title="bbox 51 238 2169 703">
     <span class='ocr_line' id='line_1_2' title="bbox 98 238 1800 305; baseline -0.005 -19"><span class='ocrx_word' id='word_1_6' title='bbox 98 249 212 305; x_wconf 55' lang='lat' dir='ltr'>pfjp&#39;jss</span> <span class='ocrx_word' id='word_1_7' title='bbox 279 249 291 270; x_wconf 79' lang='lat'>¹</span> <span class='ocrx_word' id='word_1_8' title='bbox 316 246 605 285; x_wconf 78' lang='lat' dir='ltr'>Verumtamen</span> <span class='ocrx_word' id='word_1_9' title='bbox 636 243 915 296; x_wconf 83' lang='lat' dir='ltr'>unusquisque</span> <span class='ocrx_word' id='word_1_10' title='bbox 946 253 1026 280; x_wconf 92' lang='lat' dir='ltr'>non</span> <span class='ocrx_word' id='word_1_11' title='bbox 1059 238 1227 279; x_wconf 87' lang='lat' dir='ltr'>iudicet:</span> <span class='ocrx_word' id='word_1_12' title='bbox 1313 243 1354 278; x_wconf 90' lang='lat' dir='ltr'>et</span> <span class='ocrx_word' id='word_1_13' title='bbox 1383 250 1464 279; x_wconf 93' lang='lat' dir='ltr'>non</span> <span class='ocrx_word' id='word_1_14' title='bbox 1496 243 1692 292; x_wconf 80' lang='lat' dir='ltr'>arguatur</span> <span class='ocrx_word' id='word_1_15' title='bbox 1721 239 1800 278; x_wconf 87' lang='lat' dir='ltr'>vir:</span> 
     </span>
     <span class='ocr_line' id='line_1_3' title="bbox 85 289 1680 357; baseline -0.004 -13"><span class='ocrx_word' id='word_1_16' title='bbox 85 289 223 340; x_wconf 43' lang='lat' dir='ltr'>miiziixin&#39;</span> <span class='ocrx_word' id='word_1_17' title='bbox 313 303 486 357; x_wconf 86' lang='lat' dir='ltr'>populus</span> <span class='ocrx_word' id='word_1_18' title='bbox 517 303 622 343; x_wconf 80' lang='lat' dir='ltr'>enini</span> <span class='ocrx_word' id='word_1_19' title='bbox 655 308 749 342; x_wconf 78' lang='lat' dir='ltr'>tuus</span> <span class='ocrx_word' id='word_1_20' title='bbox 779 302 883 340; x_wconf 70' lang='lat' dir='ltr'>sicut</span> <span class='ocrx_word' id='word_1_21' title='bbox 914 299 964 342; x_wconf 81' lang='lat' dir='ltr'>hi,</span> <span class='ocrx_word' id='word_1_22' title='bbox 1051 297 1119 350; x_wconf 91' lang='lat' dir='ltr'>qui</span> <span class='ocrx_word' id='word_1_23' title='bbox 1150 297 1439 337; x_wconf 83' lang='lat' dir='ltr'>contradicunt</span> <span class='ocrx_word' id='word_1_24' title='bbox 1467 297 1680 338; x_wconf 87' lang='lat' dir='ltr'>sacerdoti.</span> 
     </span>
     <span class='ocr_line' id='line_1_4' title="bbox 51 353 2165 408; baseline -0.003 -3"><span class='ocrx_word' id='word_1_25' title='bbox 51 353 242 377; x_wconf 58' lang='lat' dir='ltr'>⁵³⁰⁰s‘¹‘&#39;¹¹¹¹¹¹&#39;</span> <span class='ocrx_word' id='word_1_26' title='bbox 277 365 291 387; x_wconf 75' lang='lat'><em>⁵</em></span> <span class='ocrx_word' id='word_1_27' title='bbox 313 363 367 403; x_wconf 86' lang='lat' dir='ltr'>Et</span> <span class='ocrx_word' id='word_1_28' title='bbox 381 375 539 403; x_wconf 81' lang='lat' dir='ltr'>corrues</span> <span class='ocrx_word' id='word_1_29' title='bbox 556 361 684 402; x_wconf 73' lang='lat' dir='ltr'>hodie.</span> <span class='ocrx_word' id='word_1_30' title='bbox 701 366 738 399; x_wconf 76' lang='lat' dir='ltr'>et</span> <span class='ocrx_word' id='word_1_31' title='bbox 754 362 913 399; x_wconf 81' lang='lat' dir='ltr'>corruet</span> <span class='ocrx_word' id='word_1_32' title='bbox 927 355 1433 408; x_wconf 83' lang='lat' dir='ltr'>etiamprophetatecum:</span> <span class='ocrx_word' id='word_1_33' title='bbox 1482 361 1602 396; x_wconf 90' lang='lat' dir='ltr'>nocte</span> <span class='ocrx_word' id='word_1_34' title='bbox 1616 355 2024 397; x_wconf 85' lang='lat' dir='ltr'>tacerefecimatrem</span> <span class='ocrx_word' id='word_1_35' title='bbox 2038 361 2165 399; x_wconf 86' lang='lat' dir='ltr'>tuam.</span> 
     </span>
     <span class='ocr_line' id='line_1_5' title="bbox 275 413 1736 473; baseline -0.007 -10"><span class='ocrx_word' id='word_1_36' title='bbox 275 423 290 445; x_wconf 75' lang='lat'>⁶</span> <span class='ocrx_word' id='word_1_37' title='bbox 311 421 514 462; x_wconf 66' lang='lat' dir='ltr'>Conticuit</span> <span class='ocrx_word' id='word_1_38' title='bbox 549 419 719 473; x_wconf 78' lang='lat' dir='ltr'>populus</span> <span class='ocrx_word' id='word_1_39' title='bbox 750 430 874 459; x_wconf 75' lang='lat' dir='ltr'>nicus.</span> <span class='ocrx_word' id='word_1_40' title='bbox 959 428 1004 454; x_wconf 91' lang='lat' dir='ltr'>eo</span> <span class='ocrx_word' id='word_1_41' title='bbox 1036 414 1145 466; x_wconf 83' lang='lat' dir='ltr'>quod</span> <span class='ocrx_word' id='word_1_42' title='bbox 1175 426 1256 454; x_wconf 92' lang='lat' dir='ltr'>non</span> <span class='ocrx_word' id='word_1_43' title='bbox 1286 413 1477 454; x_wconf 83' lang='lat' dir='ltr'>habuerit</span> <span class='ocrx_word' id='word_1_44' title='bbox 1505 414 1736 455; x_wconf 81' lang='lat' dir='ltr'>scientiam:</span> 
     </span>
     <span class='ocr_line' id='line_1_6' title="bbox 311 472 2009 533; baseline -0.005 -12"><span class='ocrx_word' id='word_1_45' title='bbox 311 480 402 533; x_wconf 79' lang='lat' dir='ltr'>quia</span> <span class='ocrx_word' id='word_1_46' title='bbox 438 486 480 519; x_wconf 83' lang='lat' dir='ltr'>tu</span> <span class='ocrx_word' id='word_1_47' title='bbox 513 477 720 517; x_wconf 65' lang='lat' dir='ltr'>scientiam</span> <span class='ocrx_word' id='word_1_48' title='bbox 755 473 948 526; x_wconf 82' lang='lat' dir='ltr'>repulisti.</span> <span class='ocrx_word' id='word_1_49' title='bbox 1034 472 1227 525; x_wconf 87' lang='lat' dir='ltr'>repellam</span> <span class='ocrx_word' id='word_1_50' title='bbox 1259 477 1312 522; x_wconf 88' lang='lat' dir='ltr'>te,</span> <span class='ocrx_word' id='word_1_51' title='bbox 1345 486 1394 513; x_wconf 88' lang='lat' dir='ltr'>ne</span> <span class='ocrx_word' id='word_1_52' title='bbox 1425 473 1651 514; x_wconf 89' lang='lat' dir='ltr'>sacerdotio</span> <span class='ocrx_word' id='word_1_53' title='bbox 1682 473 1864 526; x_wconf 84' lang='lat' dir='ltr'>fungaris</span> <span class='ocrx_word' id='word_1_54' title='bbox 1892 473 2009 514; x_wconf 89' lang='lat' dir='ltr'>mihi:</span> 
     </span>
     <span class='ocr_line' id='line_1_7' title="bbox 311 530 1794 585; baseline -0.004 -7"><span class='ocrx_word' id='word_1_55' title='bbox 311 546 346 579; x_wconf 73' lang='lat' dir='ltr'>et</span> <span class='ocrx_word' id='word_1_56' title='bbox 381 538 507 578; x_wconf 70' lang='lat' dir='ltr'>oblita</span> <span class='ocrx_word' id='word_1_57' title='bbox 538 551 576 575; x_wconf 74' lang='lat' dir='ltr'>es</span> <span class='ocrx_word' id='word_1_58' title='bbox 609 535 701 585; x_wconf 71' lang='lat' dir='ltr'>legis</span> <span class='ocrx_word' id='word_1_59' title='bbox 735 533 806 573; x_wconf 82' lang='lat' dir='ltr'>Dei</span> <span class='ocrx_word' id='word_1_60' title='bbox 837 532 909 575; x_wconf 85' lang='lat' dir='ltr'>tui,</span> <span class='ocrx_word' id='word_1_61' title='bbox 995 530 1212 572; x_wconf 89' lang='lat' dir='ltr'>obliviscar</span> <span class='ocrx_word' id='word_1_62' title='bbox 1240 531 1414 572; x_wconf 83' lang='lat' dir='ltr'>filiorum</span> <span class='ocrx_word' id='word_1_63' title='bbox 1444 536 1609 572; x_wconf 90' lang='lat' dir='ltr'>tuorum</span> <span class='ocrx_word' id='word_1_64' title='bbox 1640 537 1682 572; x_wconf 89' lang='lat' dir='ltr'>et</span> <span class='ocrx_word' id='word_1_65' title='bbox 1710 545 1794 585; x_wconf 88' lang='lat' dir='ltr'>ego.</span> 
     </span>
     <span class='ocr_line' id='line_1_8' title="bbox 275 589 2169 643; baseline -0.002 -8"><span class='ocrx_word' id='word_1_66' title='bbox 275 597 539 636; x_wconf 53' lang='grc' dir='ltr'>τὃμοιιιυῑιιιη</span> <span class='ocrx_word' id='word_1_67' title='bbox 582 591 888 632; x_wconf 75' lang='lat' dir='ltr'>nuiltitudinem</span> <span class='ocrx_word' id='word_1_68' title='bbox 929 602 1067 631; x_wconf 87' lang='lat' dir='ltr'>eorum</span> <span class='ocrx_word' id='word_1_69' title='bbox 1108 590 1164 630; x_wconf 91' lang='lat' dir='ltr'>sic</span> <span class='ocrx_word' id='word_1_70' title='bbox 1203 594 1478 643; x_wconf 88' lang='lat' dir='ltr'>peccaverunt</span> <span class='ocrx_word' id='word_1_71' title='bbox 1516 589 1633 630; x_wconf 89' lang='lat' dir='ltr'>mihi:</span> <span class='ocrx_word' id='word_1_72' title='bbox 1741 590 1908 643; x_wconf 75' lang='lat' dir='ltr'>gloriam</span> <span class='ocrx_word' id='word_1_73' title='bbox 1951 603 2089 632; x_wconf 92' lang='lat' dir='ltr'>eorum</span> <span class='ocrx_word' id='word_1_74' title='bbox 2129 591 2169 631; x_wconf 93' lang='lat' dir='ltr'>in</span> 
     </span>
     <span class='ocr_line' id='line_1_9' title="bbox 519 649 1089 703; baseline -0.005 -11"><span class='ocrx_word' id='word_1_75' title='bbox 519 650 782 703; x_wconf 75' lang='lat' dir='ltr'>ignominiam</span> <span class='ocrx_word' id='word_1_76' title='bbox 813 649 1089 689; x_wconf 72' lang='lat' dir='ltr'><strong>commutabo.</strong></span> 
     </span>
    </p>
   </div>
   <div class='ocr_carea' id='block_1_3' title="bbox 275 707 2167 764">
    <p class='ocr_par' dir='ltr' id='par_1_3' title="bbox 275 707 2167 764">
     <span class='ocr_line' id='line_1_10' title="bbox 275 707 2167 764; baseline -0.002 -11"><span class='ocrx_word' id='word_1_77' title='bbox 275 716 290 737; x_wconf 72' lang='lat'><strong>⁸</strong></span> <span class='ocrx_word' id='word_1_78' title='bbox 311 714 452 753; x_wconf 59' lang='lat' dir='ltr'>Pom-11</span> <span class='ocrx_word' id='word_1_79' title='bbox 462 726 482 751; x_wconf 80' lang='lat' dir='ltr'>a</span> <span class='ocrx_word' id='word_1_80' title='bbox 498 710 636 764; x_wconf 76' lang='lat' dir='ltr'>populi</span> <span class='ocrx_word' id='word_1_81' title='bbox 649 709 726 749; x_wconf 77' lang='lat' dir='ltr'>inei</span> <span class='ocrx_word' id='word_1_82' title='bbox 739 707 965 753; x_wconf 81' lang='lat' dir='ltr'>comedent,</span> <span class='ocrx_word' id='word_1_83' title='bbox 1013 711 1054 748; x_wconf 92' lang='lat' dir='ltr'>et</span> <span class='ocrx_word' id='word_1_84' title='bbox 1066 707 1117 748; x_wconf 88' lang='lat' dir='ltr'>ad</span> <span class='ocrx_word' id='word_1_85' title='bbox 1130 707 1393 761; x_wconf 90' lang='lat' dir='ltr'>iniquitatem</span> <span class='ocrx_word' id='word_1_86' title='bbox 1406 719 1544 748; x_wconf 89' lang='lat' dir='ltr'>eorum</span> <span class='ocrx_word' id='word_1_87' title='bbox 1558 707 1836 749; x_wconf 88' lang='lat' dir='ltr'>sublevabunt</span> <span class='ocrx_word' id='word_1_88' title='bbox 1847 708 2004 749; x_wconf 88' lang='lat' dir='ltr'>animas</span> <span class='ocrx_word' id='word_1_89' title='bbox 2016 721 2167 750; x_wconf 89' lang='lat' dir='ltr'>eorum.</span> 
     </span>
    </p>
   </div>
   <div class='ocr_carea' id='block_1_4' title="bbox 73 811 2063 977">
    <p class='ocr_par' dir='ltr' id='par_1_4' title="bbox 73 811 2063 977">
     <span class='ocr_line' id='line_1_11' title="bbox 126 811 1142 867; baseline -0.007 -9"><span class='ocrx_word' id='word_1_90' title='bbox 126 823 185 846; x_wconf 35' lang='grc' dir='ltr'>ΜΨ</span> <span class='ocrx_word' id='word_1_91' title='bbox 277 822 291 841; x_wconf 85' lang='lat'>‘··</span> <span class='ocrx_word' id='word_1_92' title='bbox 315 817 367 857; x_wconf 81' lang='lat' dir='ltr'>Et</span> <span class='ocrx_word' id='word_1_93' title='bbox 397 816 470 857; x_wconf 72' lang='lat' dir='ltr'>erit</span> <span class='ocrx_word' id='word_1_94' title='bbox 501 815 606 855; x_wconf 81' lang='lat' dir='ltr'>sicut</span> <span class='ocrx_word' id='word_1_95' title='bbox 634 812 820 867; x_wconf 85' lang='lat' dir='ltr'>populus,</span> <span class='ocrx_word' id='word_1_96' title='bbox 852 811 908 852; x_wconf 88' lang='lat' dir='ltr'>sic</span> <span class='ocrx_word' id='word_1_97' title='bbox 938 812 1142 853; x_wconf 73' lang='lat' dir='ltr'>sacerdos:</span> 
     </span>
     <span class='ocr_line' id='line_1_12' title="bbox 73 858 1882 925; baseline -0.003 -8"><span class='ocrx_word' id='word_1_98' title='bbox 73 858 235 917; x_wconf 49' lang='lat' dir='ltr'>¹&#39;}{{[T.¹›¹s¹si}.ss&#39;¹</span> <span class='ocrx_word' id='word_1_99' title='bbox 312 884 347 916; x_wconf 77' lang='lat' dir='ltr'>et</span> <span class='ocrx_word' id='word_1_100' title='bbox 383 875 558 916; x_wconf 76' lang='lat' dir='ltr'>visitabo</span> <span class='ocrx_word' id='word_1_101' title='bbox 587 885 708 925; x_wconf 76' lang='lat' dir='ltr'>super</span> <span class='ocrx_word' id='word_1_102' title='bbox 736 884 828 911; x_wconf 85' lang='lat' dir='ltr'>eum</span> <span class='ocrx_word' id='word_1_103' title='bbox 858 871 945 911; x_wconf 88' lang='lat' dir='ltr'>vias</span> <span class='ocrx_word' id='word_1_104' title='bbox 975 871 1071 919; x_wconf 86' lang='lat' dir='ltr'>eius,</span> <span class='ocrx_word' id='word_1_105' title='bbox 1156 875 1198 911; x_wconf 91' lang='lat' dir='ltr'>et</span> <span class='ocrx_word' id='word_1_106' title='bbox 1227 870 1495 924; x_wconf 87' lang='lat' dir='ltr'>cogitationes</span> <span class='ocrx_word' id='word_1_107' title='bbox 1525 870 1609 911; x_wconf 86' lang='lat' dir='ltr'>eius</span> <span class='ocrx_word' id='word_1_108' title='bbox 1638 871 1806 912; x_wconf 87' lang='lat' dir='ltr'>reddam</span> <span class='ocrx_word' id='word_1_109' title='bbox 1837 872 1882 913; x_wconf 86' lang='lat' dir='ltr'>ei.</span> 
     </span>
     <span class='ocr_line' id='line_1_13' title="bbox 83 929 2063 977; baseline -0.002 -2"><span class='ocrx_word' id='word_1_110' title='bbox 83 929 225 958; x_wconf 58' lang='lat'>¹⁸¹¹¹¹¹*“¹¹¹‘³</span> <span class='ocrx_word' id='word_1_111' title='bbox 263 938 295 959; x_wconf 79' lang='lat'>¹0</span> <span class='ocrx_word' id='word_1_112' title='bbox 316 935 367 975; x_wconf 75' lang='lat' dir='ltr'>Et</span> <span class='ocrx_word' id='word_1_113' title='bbox 398 934 623 977; x_wconf 69' lang='lat' dir='ltr'>comedent,</span> <span class='ocrx_word' id='word_1_114' title='bbox 657 936 697 971; x_wconf 82' lang='lat' dir='ltr'>et</span> <span class='ocrx_word' id='word_1_115' title='bbox 726 943 807 971; x_wconf 89' lang='lat' dir='ltr'>non</span> <span class='ocrx_word' id='word_1_116' title='bbox 839 930 1155 970; x_wconf 89' lang='lat' dir='ltr'>saturabuntur:</span> <span class='ocrx_word' id='word_1_117' title='bbox 1240 929 1430 971; x_wconf 86' lang='lat' dir='ltr'>fornicati</span> <span class='ocrx_word' id='word_1_118' title='bbox 1460 934 1568 975; x_wconf 83' lang='lat' dir='ltr'>sunt,</span> <span class='ocrx_word' id='word_1_119' title='bbox 1602 934 1643 970; x_wconf 93' lang='lat' dir='ltr'>et</span> <span class='ocrx_word' id='word_1_120' title='bbox 1672 943 1754 971; x_wconf 92' lang='lat' dir='ltr'>non</span> <span class='ocrx_word' id='word_1_121' title='bbox 1785 936 2063 972; x_wconf 87' lang='lat' dir='ltr'>cessaverunt:</span> 
     </span>
    </p>
   </div>
   <div class='ocr_carea' id='block_1_5' title="bbox 312 988 1589 1047">
    <p class='ocr_par' dir='ltr' id='par_1_5' title="bbox 312 988 1589 1047">
     <span class='ocr_line' id='line_1_14' title="bbox 312 988 1589 1047; baseline -0.002 -14"><span class='ocrx_word' id='word_1_122' title='bbox 312 993 502 1047; x_wconf 80' lang='lat' dir='ltr'>quoniam</span> <span class='ocrx_word' id='word_1_123' title='bbox 536 990 758 1031; x_wconf 86' lang='lat' dir='ltr'>Dominum</span> <span class='ocrx_word' id='word_1_124' title='bbox 789 988 1095 1043; x_wconf 88' lang='lat' dir='ltr'>dereliquerunt</span> <span class='ocrx_word' id='word_1_125' title='bbox 1123 989 1164 1029; x_wconf 90' lang='lat' dir='ltr'>in</span> <span class='ocrx_word' id='word_1_126' title='bbox 1195 1001 1277 1029; x_wconf 92' lang='lat' dir='ltr'>non</span> <span class='ocrx_word' id='word_1_127' title='bbox 1309 988 1589 1030; x_wconf 88' lang='lat' dir='ltr'>custodiendo.</span> 
     </span>
    </p>
   </div>
   <div class='ocr_carea' id='block_1_6' title="bbox 72 1093 2171 1680">
    <p class='ocr_par' dir='ltr' id='par_1_6' title="bbox 72 1093 2171 1680">
     <span class='ocr_line' id='line_1_15' title="bbox 73 1093 1419 1161; baseline -0.002 -23"><span class='ocrx_word' id='word_1_128' title='bbox 73 1101 210 1161; x_wconf 22' lang='grc' dir='ltr'>Ᾰίῐςῑὸξῐι,</span> <span class='ocrx_word' id='word_1_129' title='bbox 262 1101 288 1122; x_wconf 83' lang='grc'>11</span> <span class='ocrx_word' id='word_1_130' title='bbox 315 1098 343 1137; x_wconf 86' lang='lat' dir='ltr'>F</span> <span class='ocrx_word' id='word_1_131' title='bbox 347 1096 554 1140; x_wconf 71' lang='lat' dir='ltr'>ornicatio.</span> <span class='ocrx_word' id='word_1_132' title='bbox 587 1100 628 1135; x_wconf 85' lang='lat' dir='ltr'>et</span> <span class='ocrx_word' id='word_1_133' title='bbox 657 1094 811 1141; x_wconf 84' lang='lat' dir='ltr'>vinum,</span> <span class='ocrx_word' id='word_1_134' title='bbox 844 1099 885 1134; x_wconf 88' lang='lat' dir='ltr'>et</span> <span class='ocrx_word' id='word_1_135' title='bbox 913 1093 1088 1134; x_wconf 77' lang='lat' dir='ltr'>ebrietas</span> <span class='ocrx_word' id='word_1_136' title='bbox 1118 1093 1312 1134; x_wconf 87' lang='lat' dir='ltr'>auferunt</span> <span class='ocrx_word' id='word_1_137' title='bbox 1340 1106 1419 1135; x_wconf 89' lang='lat' dir='ltr'>cor.</span> 
     </span>
     <span class='ocr_line' id='line_1_16' title="bbox 72 1141 2063 1209; baseline -0.002 -12"><span class='ocrx_word' id='word_1_138' title='bbox 72 1141 235 1163; x_wconf 64' lang='lat'>&#39;“&#39;¹‘¹⁴&#39;&#39;&#39;‘&#39;</span> <span class='ocrx_word' id='word_1_139' title='bbox 262 1159 289 1181; x_wconf 74' lang='lat'>¹²</span> <span class='ocrx_word' id='word_1_140' title='bbox 312 1156 490 1209; x_wconf 81' lang='lat' dir='ltr'>Populus</span> <span class='ocrx_word' id='word_1_141' title='bbox 519 1167 632 1194; x_wconf 87' lang='lat' dir='ltr'>meus</span> <span class='ocrx_word' id='word_1_142' title='bbox 661 1153 701 1193; x_wconf 93' lang='lat' dir='ltr'>in</span> <span class='ocrx_word' id='word_1_143' title='bbox 729 1152 837 1206; x_wconf 87' lang='lat' dir='ltr'>ligno</span> <span class='ocrx_word' id='word_1_144' title='bbox 867 1165 939 1193; x_wconf 93' lang='lat' dir='ltr'>suo</span> <span class='ocrx_word' id='word_1_145' title='bbox 968 1152 1250 1205; x_wconf 87' lang='lat' dir='ltr'>interrogavit,</span> <span class='ocrx_word' id='word_1_146' title='bbox 1334 1157 1376 1193; x_wconf 86' lang='lat' dir='ltr'>et</span> <span class='ocrx_word' id='word_1_147' title='bbox 1403 1151 1572 1193; x_wconf 89' lang='lat' dir='ltr'>baculus</span> <span class='ocrx_word' id='word_1_148' title='bbox 1601 1152 1685 1193; x_wconf 91' lang='lat' dir='ltr'>eius</span> <span class='ocrx_word' id='word_1_149' title='bbox 1714 1153 1983 1195; x_wconf 79' lang='lat' dir='ltr'>annunciavit</span> <span class='ocrx_word' id='word_1_150' title='bbox 2011 1154 2063 1195; x_wconf 89' lang='lat' dir='ltr'>ei:</span> 
     </span>
     <span class='ocr_line' id='line_1_17' title="bbox 308 1211 2010 1267; baseline -0.001 -12"><span class='ocrx_word' id='word_1_151' title='bbox 308 1215 472 1267; x_wconf 85' lang='lat' dir='ltr'>spiritus</span> <span class='ocrx_word' id='word_1_152' title='bbox 503 1213 608 1254; x_wconf 77' lang='lat' dir='ltr'>enim</span> <span class='ocrx_word' id='word_1_153' title='bbox 639 1212 958 1253; x_wconf 72' lang='lat' dir='ltr'>fornicationum</span> <span class='ocrx_word' id='word_1_154' title='bbox 988 1211 1150 1264; x_wconf 79' lang='lat' dir='ltr'>decepit</span> <span class='ocrx_word' id='word_1_155' title='bbox 1178 1224 1257 1260; x_wconf 88' lang='lat' dir='ltr'>eos,</span> <span class='ocrx_word' id='word_1_156' title='bbox 1342 1216 1383 1253; x_wconf 91' lang='lat' dir='ltr'>et</span> <span class='ocrx_word' id='word_1_157' title='bbox 1411 1211 1601 1253; x_wconf 90' lang='lat' dir='ltr'>fornicati</span> <span class='ocrx_word' id='word_1_158' title='bbox 1631 1217 1728 1253; x_wconf 89' lang='lat' dir='ltr'>sunt</span> <span class='ocrx_word' id='word_1_159' title='bbox 1757 1225 1781 1253; x_wconf 88' lang='lat' dir='ltr'>a</span> <span class='ocrx_word' id='word_1_160' title='bbox 1809 1213 1895 1254; x_wconf 91' lang='lat' dir='ltr'>Deo</span> <span class='ocrx_word' id='word_1_161' title='bbox 1925 1226 2010 1254; x_wconf 91' lang='lat' dir='ltr'>suo.</span> 
     </span>
     <span class='ocr_line' id='line_1_18' title="bbox 256 1270 2168 1327; baseline -0.003 -12"><span class='ocrx_word' id='word_1_162' title='bbox 256 1276 287 1298; x_wconf 75' lang='lat'>¹³</span> <span class='ocrx_word' id='word_1_163' title='bbox 307 1275 436 1327; x_wconf 80' lang='lat' dir='ltr'>Super</span> <span class='ocrx_word' id='word_1_164' title='bbox 465 1272 602 1326; x_wconf 81' lang='lat' dir='ltr'>capita</span> <span class='ocrx_word' id='word_1_165' title='bbox 628 1271 833 1312; x_wconf 88' lang='lat' dir='ltr'>montium</span> <span class='ocrx_word' id='word_1_166' title='bbox 862 1270 1160 1317; x_wconf 86' lang='lat' dir='ltr'>sacrificabant,</span> <span class='ocrx_word' id='word_1_167' title='bbox 1245 1274 1287 1311; x_wconf 91' lang='lat' dir='ltr'>et</span> <span class='ocrx_word' id='word_1_168' title='bbox 1314 1283 1435 1324; x_wconf 88' lang='lat' dir='ltr'>super</span> <span class='ocrx_word' id='word_1_169' title='bbox 1463 1270 1582 1312; x_wconf 89' lang='lat' dir='ltr'>colles</span> <span class='ocrx_word' id='word_1_170' title='bbox 1611 1271 1892 1312; x_wconf 78' lang='lat' dir='ltr'>accendebant</span> <span class='ocrx_word' id='word_1_171' title='bbox 1920 1271 2168 1324; x_wconf 88' lang='lat' dir='ltr'>thymiama:</span> 
     </span>
     <span class='ocr_line' id='line_1_19' title="bbox 308 1329 2169 1385; baseline -0.002 -12"><span class='ocrx_word' id='word_1_172' title='bbox 308 1333 452 1373; x_wconf 88' lang='lat' dir='ltr'>subtus</span> <span class='ocrx_word' id='word_1_173' title='bbox 486 1344 691 1385; x_wconf 83' lang='lat' dir='ltr'>quercum,</span> <span class='ocrx_word' id='word_1_174' title='bbox 727 1335 768 1370; x_wconf 89' lang='lat' dir='ltr'>et</span> <span class='ocrx_word' id='word_1_175' title='bbox 800 1329 1010 1383; x_wconf 91' lang='lat' dir='ltr'>populum,</span> <span class='ocrx_word' id='word_1_176' title='bbox 1046 1335 1087 1370; x_wconf 89' lang='lat' dir='ltr'>et</span> <span class='ocrx_word' id='word_1_177' title='bbox 1119 1329 1411 1379; x_wconf 79' lang='lat' dir='ltr'>terebinthum,</span> <span class='ocrx_word' id='word_1_178' title='bbox 1501 1329 1597 1383; x_wconf 89' lang='lat' dir='ltr'>quia</span> <span class='ocrx_word' id='word_1_179' title='bbox 1628 1329 1737 1370; x_wconf 87' lang='lat' dir='ltr'>bona</span> <span class='ocrx_word' id='word_1_180' title='bbox 1769 1335 1857 1370; x_wconf 87' lang='lat' dir='ltr'>erat</span> <span class='ocrx_word' id='word_1_181' title='bbox 1888 1329 2035 1370; x_wconf 88' lang='lat' dir='ltr'>umbra</span> <span class='ocrx_word' id='word_1_182' title='bbox 2067 1329 2169 1370; x_wconf 82' lang='lat' dir='ltr'>eius:</span> 
     </span>
     <span class='ocr_line' id='line_1_20' title="bbox 310 1387 1906 1442; baseline -0.001 -10"><span class='ocrx_word' id='word_1_183' title='bbox 310 1392 397 1432; x_wconf 78' lang='lat' dir='ltr'>ideo</span> <span class='ocrx_word' id='word_1_184' title='bbox 424 1390 738 1432; x_wconf 78' lang='lat' dir='ltr'>fornica-buntur</span> <span class='ocrx_word' id='word_1_185' title='bbox 765 1388 855 1430; x_wconf 85' lang='lat' dir='ltr'>filiae</span> <span class='ocrx_word' id='word_1_186' title='bbox 882 1393 1040 1437; x_wconf 81' lang='lat' dir='ltr'>vestrae,</span> <span class='ocrx_word' id='word_1_187' title='bbox 1124 1394 1165 1429; x_wconf 92' lang='lat' dir='ltr'>et</span> <span class='ocrx_word' id='word_1_188' title='bbox 1191 1401 1350 1442; x_wconf 69' lang='lat' dir='ltr'>sponsae</span> <span class='ocrx_word' id='word_1_189' title='bbox 1377 1393 1524 1429; x_wconf 86' lang='lat' dir='ltr'>vestrae</span> <span class='ocrx_word' id='word_1_190' title='bbox 1551 1387 1748 1430; x_wconf 86' lang='lat' dir='ltr'>adulterae</span> <span class='ocrx_word' id='word_1_191' title='bbox 1775 1393 1906 1430; x_wconf 88' lang='lat' dir='ltr'>erunt.</span> 
     </span>
     <span class='ocr_line' id='line_1_21' title="bbox 257 1447 2171 1502; baseline -0.002 -11"><span class='ocrx_word' id='word_1_192' title='bbox 257 1453 287 1475; x_wconf 72' lang='grc'><strong>11</strong></span> <span class='ocrx_word' id='word_1_193' title='bbox 310 1451 399 1491; x_wconf 82' lang='lat' dir='ltr'>Non</span> <span class='ocrx_word' id='word_1_194' title='bbox 420 1449 595 1490; x_wconf 74' lang='lat' dir='ltr'>visitabo</span> <span class='ocrx_word' id='word_1_195' title='bbox 615 1462 735 1502; x_wconf 88' lang='lat' dir='ltr'>super</span> <span class='ocrx_word' id='word_1_196' title='bbox 753 1448 854 1488; x_wconf 87' lang='lat' dir='ltr'>filias</span> <span class='ocrx_word' id='word_1_197' title='bbox 873 1452 1030 1488; x_wconf 88' lang='lat' dir='ltr'>vestras</span> <span class='ocrx_word' id='word_1_198' title='bbox 1050 1461 1142 1488; x_wconf 92' lang='lat' dir='ltr'>cum</span> <span class='ocrx_word' id='word_1_199' title='bbox 1160 1447 1315 1488; x_wconf 88' lang='lat' dir='ltr'>fuerint</span> <span class='ocrx_word' id='word_1_200' title='bbox 1331 1447 1554 1497; x_wconf 84' lang='lat' dir='ltr'>fornicatae,</span> <span class='ocrx_word' id='word_1_201' title='bbox 1629 1453 1671 1488; x_wconf 90' lang='lat' dir='ltr'>et</span> <span class='ocrx_word' id='word_1_202' title='bbox 1687 1460 1809 1501; x_wconf 89' lang='lat' dir='ltr'>super</span> <span class='ocrx_word' id='word_1_203' title='bbox 1825 1460 1995 1501; x_wconf 88' lang='lat' dir='ltr'>sponsas</span> <span class='ocrx_word' id='word_1_204' title='bbox 2014 1451 2171 1488; x_wconf 88' lang='lat' dir='ltr'>vestras</span> 
     </span>
     <span class='ocr_line' id='line_1_22' title="bbox 517 1506 981 1549; baseline -0.004 0"><span class='ocrx_word' id='word_1_205' title='bbox 517 1521 608 1549; x_wconf 89' lang='lat' dir='ltr'>cum</span> <span class='ocrx_word' id='word_1_206' title='bbox 640 1506 981 1548; x_wconf 87' lang='lat' dir='ltr'>adulteraverint:</span> 
     </span>
     <span class='ocr_line' id='line_1_23' title="bbox 309 1564 2169 1622; baseline -0.001 -14"><span class='ocrx_word' id='word_1_207' title='bbox 309 1568 500 1622; x_wconf 84' lang='lat' dir='ltr'>quoniam</span> <span class='ocrx_word' id='word_1_208' title='bbox 516 1567 591 1621; x_wconf 85' lang='lat' dir='ltr'>ipsi</span> <span class='ocrx_word' id='word_1_209' title='bbox 607 1580 699 1607; x_wconf 89' lang='lat' dir='ltr'>eum</span> <span class='ocrx_word' id='word_1_210' title='bbox 715 1565 994 1606; x_wconf 85' lang='lat' dir='ltr'>meretricibus</span> <span class='ocrx_word' id='word_1_211' title='bbox 1011 1565 1374 1613; x_wconf 87' lang='lat' dir='ltr'>conversabantur,</span> <span class='ocrx_word' id='word_1_212' title='bbox 1444 1570 1487 1606; x_wconf 90' lang='lat' dir='ltr'>et</span> <span class='ocrx_word' id='word_1_213' title='bbox 1501 1578 1593 1606; x_wconf 90' lang='lat' dir='ltr'>cum</span> <span class='ocrx_word' id='word_1_214' title='bbox 1610 1564 1854 1606; x_wconf 84' lang='lat' dir='ltr'>effeminatis</span> <span class='ocrx_word' id='word_1_215' title='bbox 1870 1565 2169 1613; x_wconf 84' lang='lat' dir='ltr'>sacrificabant,</span> 
     </span>
     <span class='ocr_line' id='line_1_24' title="bbox 307 1623 1179 1680; baseline -0.005 -12"><span class='ocrx_word' id='word_1_216' title='bbox 307 1633 347 1668; x_wconf 83' lang='lat' dir='ltr'>et</span> <span class='ocrx_word' id='word_1_217' title='bbox 376 1626 551 1680; x_wconf 86' lang='lat' dir='ltr'>populus</span> <span class='ocrx_word' id='word_1_218' title='bbox 581 1639 663 1667; x_wconf 93' lang='lat' dir='ltr'>non</span> <span class='ocrx_word' id='word_1_219' title='bbox 692 1624 921 1678; x_wconf 87' lang='lat' dir='ltr'>intelligens</span> <span class='ocrx_word' id='word_1_220' title='bbox 951 1623 1179 1678; x_wconf 82' lang='lat' dir='ltr'>vapulabit.</span> 
     </span>
    </p>
   </div>
   <div class='ocr_carea' id='block_1_7' title="bbox 60 1728 2172 2080">
    <p class='ocr_par' dir='ltr' id='par_1_7' title="bbox 60 1728 2172 2080">
     <span class='ocr_line' id='line_1_25' title="bbox 60 1728 2169 1793; baseline -0.002 -20"><span class='ocrx_word' id='word_1_221' title='bbox 60 1733 231 1793; x_wconf 41' lang='grc' dir='ltr'>ςξὲῃξίῑῗζξῇξξῐ</span> <span class='ocrx_word' id='word_1_222' title='bbox 363 1733 393 1756; x_wconf 81' lang='lat'>¹⁵</span> <span class='ocrx_word' id='word_1_223' title='bbox 410 1732 450 1772; x_wconf 81' lang='lat' dir='ltr'>Si</span> <span class='ocrx_word' id='word_1_224' title='bbox 468 1731 678 1772; x_wconf 85' lang='lat' dir='ltr'>fornicaris</span> <span class='ocrx_word' id='word_1_225' title='bbox 697 1735 743 1771; x_wconf 91' lang='lat' dir='ltr'>tu</span> <span class='ocrx_word' id='word_1_226' title='bbox 763 1729 898 1779; x_wconf 89' lang='lat' dir='ltr'>Israel,</span> <span class='ocrx_word' id='word_1_227' title='bbox 918 1741 999 1770; x_wconf 91' lang='lat' dir='ltr'>non</span> <span class='ocrx_word' id='word_1_228' title='bbox 1018 1728 1232 1782; x_wconf 86' lang='lat' dir='ltr'>delinquat</span> <span class='ocrx_word' id='word_1_229' title='bbox 1249 1728 1394 1770; x_wconf 86' lang='lat' dir='ltr'>saltem</span> <span class='ocrx_word' id='word_1_230' title='bbox 1415 1728 1535 1770; x_wconf 88' lang='lat' dir='ltr'>Iuda:</span> <span class='ocrx_word' id='word_1_231' title='bbox 1556 1733 1597 1770; x_wconf 89' lang='lat' dir='ltr'>et</span> <span class='ocrx_word' id='word_1_232' title='bbox 1613 1728 1739 1770; x_wconf 89' lang='lat' dir='ltr'>nolite</span> <span class='ocrx_word' id='word_1_233' title='bbox 1756 1728 1911 1783; x_wconf 84' lang='lat' dir='ltr'>ingredi</span> <span class='ocrx_word' id='word_1_234' title='bbox 1928 1728 1969 1769; x_wconf 92' lang='lat' dir='ltr'>in</span> <span class='ocrx_word' id='word_1_235' title='bbox 1987 1728 2169 1782; x_wconf 85' lang='lat' dir='ltr'>Galgala‚</span> 
     </span>
     <span class='ocr_line' id='line_1_26' title="bbox 60 1786 2171 1842; baseline -0.001 -13"><span class='ocrx_word' id='word_1_236' title='bbox 60 1788 68 1792; x_wconf 63' lang='grc'><strong>“</strong></span> <span class='ocrx_word' id='word_1_237' title='bbox 150 1786 155 1793; x_wconf 74' lang='lat'>‘</span> <span class='ocrx_word' id='word_1_238' title='bbox 195 1786 209 1793; x_wconf 66' lang='lat'>‘⁴</span> <span class='ocrx_word' id='word_1_239' title='bbox 238 1789 295 1831; x_wconf 69' lang='lat' dir='ltr'>&#39;et</span> <span class='ocrx_word' id='word_1_240' title='bbox 328 1804 376 1831; x_wconf 90' lang='lat' dir='ltr'>ne</span> <span class='ocrx_word' id='word_1_241' title='bbox 409 1789 669 1831; x_wconf 83' lang='lat' dir='ltr'>ascenderitis</span> <span class='ocrx_word' id='word_1_242' title='bbox 701 1789 741 1829; x_wconf 89' lang='lat' dir='ltr'>in</span> <span class='ocrx_word' id='word_1_243' title='bbox 775 1788 1002 1837; x_wconf 84' lang='lat' dir='ltr'>Bethaven,</span> <span class='ocrx_word' id='word_1_244' title='bbox 1036 1801 1168 1842; x_wconf 90' lang='lat' dir='ltr'>neque</span> <span class='ocrx_word' id='word_1_245' title='bbox 1199 1787 1448 1829; x_wconf 88' lang='lat' dir='ltr'>iuraveritis:</span> <span class='ocrx_word' id='word_1_246' title='bbox 1481 1787 1597 1829; x_wconf 88' lang='lat' dir='ltr'>Vivit</span> <span class='ocrx_word' id='word_1_247' title='bbox 1626 1787 1840 1829; x_wconf 81' lang='lat' dir='ltr'>Dominus.</span> <span class='ocrx_word' id='word_1_248' title='bbox 1902 1789 1936 1811; x_wconf 80' lang='lat'>¹⁶</span> <span class='ocrx_word' id='word_1_249' title='bbox 1967 1786 2171 1835; x_wconf 88' lang='lat' dir='ltr'>Quoniam</span> 
     </span>
     <span class='ocr_line' id='line_1_27' title="bbox 254 1845 2171 1900; baseline -0.002 -9"><span class='ocrx_word' id='word_1_250' title='bbox 254 1851 359 1891; x_wconf 73' lang='lat' dir='ltr'>sicut</span> <span class='ocrx_word' id='word_1_251' title='bbox 389 1862 515 1890; x_wconf 84' lang='lat' dir='ltr'>vacca</span> <span class='ocrx_word' id='word_1_252' title='bbox 544 1848 756 1889; x_wconf 80' lang='lat' dir='ltr'>lasciviens</span> <span class='ocrx_word' id='word_1_253' title='bbox 788 1847 1011 1889; x_wconf 86' lang='lat' dir='ltr'>declinavit</span> <span class='ocrx_word' id='word_1_254' title='bbox 1043 1846 1184 1887; x_wconf 88' lang='lat' dir='ltr'>Israel:</span> <span class='ocrx_word' id='word_1_255' title='bbox 1217 1860 1326 1888; x_wconf 91' lang='lat' dir='ltr'>nunc</span> <span class='ocrx_word' id='word_1_256' title='bbox 1356 1850 1498 1900; x_wconf 90' lang='lat' dir='ltr'>pascet</span> <span class='ocrx_word' id='word_1_257' title='bbox 1527 1859 1593 1888; x_wconf 92' lang='lat' dir='ltr'>eos</span> <span class='ocrx_word' id='word_1_258' title='bbox 1624 1845 1838 1894; x_wconf 87' lang='lat' dir='ltr'>Dominus,</span> <span class='ocrx_word' id='word_1_259' title='bbox 1873 1845 1989 1900; x_wconf 88' lang='lat' dir='ltr'>quasi</span> <span class='ocrx_word' id='word_1_260' title='bbox 2020 1859 2171 1900; x_wconf 87' lang='lat' dir='ltr'>agnum</span> 
     </span>
     <span class='ocr_line' id='line_1_28' title="bbox 255 1904 2172 1960; baseline -0.002 -10"><span class='ocrx_word' id='word_1_261' title='bbox 255 1909 293 1949; x_wconf 91' lang='lat' dir='ltr'>in</span> <span class='ocrx_word' id='word_1_262' title='bbox 326 1908 555 1950; x_wconf 84' lang='lat' dir='ltr'>latitudine.</span> <span class='ocrx_word' id='word_1_263' title='bbox 618 1909 650 1931; x_wconf 79' lang='lat'>¹⁷</span> <span class='ocrx_word' id='word_1_264' title='bbox 683 1907 894 1960; x_wconf 88' lang='lat' dir='ltr'>Particeps</span> <span class='ocrx_word' id='word_1_265' title='bbox 925 1905 1127 1947; x_wconf 90' lang='lat' dir='ltr'>idolorum</span> <span class='ocrx_word' id='word_1_266' title='bbox 1159 1905 1371 1959; x_wconf 89' lang='lat' dir='ltr'>Ephraim,</span> <span class='ocrx_word' id='word_1_267' title='bbox 1405 1905 1568 1947; x_wconf 86' lang='lat' dir='ltr'>dimitte</span> <span class='ocrx_word' id='word_1_268' title='bbox 1601 1918 1705 1946; x_wconf 90' lang='lat' dir='ltr'>eum.</span> <span class='ocrx_word' id='word_1_269' title='bbox 1767 1906 1801 1929; x_wconf 74' lang='grc'><strong>18</strong></span> <span class='ocrx_word' id='word_1_270' title='bbox 1832 1904 2078 1958; x_wconf 85' lang='lat' dir='ltr'>Separatum</span> <span class='ocrx_word' id='word_1_271' title='bbox 2110 1909 2172 1946; x_wconf 87' lang='lat' dir='ltr'>est</span> 
     </span>
     <span class='ocr_line' id='line_1_29' title="bbox 254 1963 2171 2017; baseline -0.002 -9"><span class='ocrx_word' id='word_1_272' title='bbox 254 1967 489 2009; x_wconf 88' lang='lat' dir='ltr'>convivium</span> <span class='ocrx_word' id='word_1_273' title='bbox 535 1980 686 2013; x_wconf 80' lang='lat' dir='ltr'>eorum,</span> <span class='ocrx_word' id='word_1_274' title='bbox 733 1965 1002 2007; x_wconf 85' lang='lat' dir='ltr'>fornicatione</span> <span class='ocrx_word' id='word_1_275' title='bbox 1046 1964 1237 2006; x_wconf 85' lang='lat' dir='ltr'>fornicati</span> <span class='ocrx_word' id='word_1_276' title='bbox 1281 1969 1396 2005; x_wconf 89' lang='lat' dir='ltr'>sunt:</span> <span class='ocrx_word' id='word_1_277' title='bbox 1443 1963 1675 2005; x_wconf 86' lang='lat' dir='ltr'>dilexerunt</span> <span class='ocrx_word' id='word_1_278' title='bbox 1719 1963 1861 2005; x_wconf 79' lang='lat' dir='ltr'>afferre</span> <span class='ocrx_word' id='word_1_279' title='bbox 1905 1963 2171 2017; x_wconf 85' lang='lat' dir='ltr'>ignominiam</span> 
     </span>
     <span class='ocr_line' id='line_1_30' title="bbox 255 2022 2168 2080; baseline -0.003 -12"><span class='ocrx_word' id='word_1_280' title='bbox 255 2032 504 2080; x_wconf 83' lang='lat' dir='ltr'>protectores</span> <span class='ocrx_word' id='word_1_281' title='bbox 521 2026 616 2067; x_wconf 88' lang='lat' dir='ltr'>eius.</span> <span class='ocrx_word' id='word_1_282' title='bbox 662 2027 696 2049; x_wconf 86' lang='lat'>¹⁹</span> <span class='ocrx_word' id='word_1_283' title='bbox 712 2024 876 2078; x_wconf 84' lang='lat' dir='ltr'>Ligavit</span> <span class='ocrx_word' id='word_1_284' title='bbox 891 2037 983 2065; x_wconf 90' lang='lat' dir='ltr'>eum</span> <span class='ocrx_word' id='word_1_285' title='bbox 999 2023 1166 2077; x_wconf 86' lang='lat' dir='ltr'>spiritus</span> <span class='ocrx_word' id='word_1_286' title='bbox 1181 2023 1222 2064; x_wconf 90' lang='lat' dir='ltr'>in</span> <span class='ocrx_word' id='word_1_287' title='bbox 1238 2023 1311 2065; x_wconf 91' lang='lat' dir='ltr'>alis</span> <span class='ocrx_word' id='word_1_288' title='bbox 1327 2023 1421 2073; x_wconf 89' lang='lat' dir='ltr'>suis,</span> <span class='ocrx_word' id='word_1_289' title='bbox 1439 2028 1481 2064; x_wconf 91' lang='lat' dir='ltr'>et</span> <span class='ocrx_word' id='word_1_290' title='bbox 1496 2023 1801 2064; x_wconf 88' lang='lat' dir='ltr'>confundentur</span> <span class='ocrx_word' id='word_1_291' title='bbox 1816 2036 1840 2063; x_wconf 90' lang='lat' dir='ltr'>a</span> <span class='ocrx_word' id='word_1_292' title='bbox 1855 2022 2059 2064; x_wconf 84' lang='lat' dir='ltr'>sacrifieiis</span> <span class='ocrx_word' id='word_1_293' title='bbox 2074 2022 2168 2064; x_wconf 90' lang='lat' dir='ltr'>suis.</span> 
     </span>
    </p>
   </div>
   <div class='ocr_carea' id='block_1_8' title="bbox 79 2128 2172 3006">
    <p class='ocr_par' dir='ltr' id='par_1_8' title="bbox 79 2128 2172 3006">
     <span class='ocr_line' id='line_1_31' title="bbox 91 2128 1617 2191; baseline -0.001 -22"><span class='ocrx_word' id='word_1_294' title='bbox 91 2138 215 2191; x_wconf 41' lang='lat' dir='ltr'>{15³}ssssss</span> <span class='ocrx_word' id='word_1_295' title='bbox 258 2146 295 2174; x_wconf 68' lang='grc' dir='ltr'>ε).</span> <span class='ocrx_word' id='word_1_296' title='bbox 353 2134 364 2155; x_wconf 88' lang='grc'><strong>1</strong></span> <span class='ocrx_word' id='word_1_297' title='bbox 394 2130 545 2171; x_wconf 84' lang='lat' dir='ltr'>Audite</span> <span class='ocrx_word' id='word_1_298' title='bbox 574 2130 650 2170; x_wconf 88' lang='lat' dir='ltr'>hoc</span> <span class='ocrx_word' id='word_1_299' title='bbox 678 2129 920 2176; x_wconf 80' lang='lat' dir='ltr'>sacerdotes,</span> <span class='ocrx_word' id='word_1_300' title='bbox 1004 2134 1045 2169; x_wconf 93' lang='lat' dir='ltr'>et</span> <span class='ocrx_word' id='word_1_301' title='bbox 1073 2128 1278 2169; x_wconf 88' lang='lat' dir='ltr'>attendite</span> <span class='ocrx_word' id='word_1_302' title='bbox 1306 2128 1452 2169; x_wconf 90' lang='lat' dir='ltr'>domus</span> <span class='ocrx_word' id='word_1_303' title='bbox 1483 2128 1617 2173; x_wconf 82' lang='lat' dir='ltr'>Israel,</span> 
     </span>
     <span class='ocr_line' id='line_1_32' title="bbox 79 2186 1588 2242; baseline -0.005 -9"><span class='ocrx_word' id='word_1_304' title='bbox 79 2205 108 2242; x_wconf 57' lang='lat' dir='ltr'>v}</span> <span class='ocrx_word' id='word_1_305' title='bbox 129 2186 227 2233; x_wconf 52' lang='lat' dir='ltr'>prmo}-</span> <span class='ocrx_word' id='word_1_306' title='bbox 311 2197 350 2231; x_wconf 87' lang='lat' dir='ltr'>et</span> <span class='ocrx_word' id='word_1_307' title='bbox 382 2190 526 2231; x_wconf 89' lang='lat' dir='ltr'>domus</span> <span class='ocrx_word' id='word_1_308' title='bbox 556 2188 657 2242; x_wconf 87' lang='lat' dir='ltr'>regis</span> <span class='ocrx_word' id='word_1_309' title='bbox 688 2187 935 2228; x_wconf 86' lang='lat' dir='ltr'>auscultate:</span> <span class='ocrx_word' id='word_1_310' title='bbox 1021 2187 1117 2241; x_wconf 92' lang='lat' dir='ltr'>quia</span> <span class='ocrx_word' id='word_1_311' title='bbox 1146 2186 1261 2228; x_wconf 89' lang='lat' dir='ltr'>vobis</span> <span class='ocrx_word' id='word_1_312' title='bbox 1291 2186 1485 2227; x_wconf 92' lang='lat' dir='ltr'>iudicium</span> <span class='ocrx_word' id='word_1_313' title='bbox 1516 2192 1588 2232; x_wconf 79' lang='lat' dir='ltr'>est,</span> 
     </span>
     <span class='ocr_line' id='line_1_33' title="bbox 81 2238 2169 2303; baseline -0.001 -14"><span class='ocrx_word' id='word_1_314' title='bbox 81 2238 229 2303; x_wconf 54' lang='lat' dir='ltr'>¹&#39;21&#39;Jfssissuj2f&#39;</span> <span class='ocrx_word' id='word_1_315' title='bbox 313 2248 507 2302; x_wconf 84' lang='lat' dir='ltr'>quoniam</span> <span class='ocrx_word' id='word_1_316' title='bbox 543 2248 711 2301; x_wconf 84' lang='lat' dir='ltr'>laqueus</span> <span class='ocrx_word' id='word_1_317' title='bbox 746 2246 846 2287; x_wconf 85' lang='lat' dir='ltr'>facti</span> <span class='ocrx_word' id='word_1_318' title='bbox 881 2246 976 2287; x_wconf 90' lang='lat' dir='ltr'>estis</span> <span class='ocrx_word' id='word_1_319' title='bbox 1012 2245 1291 2299; x_wconf 79' lang='lat' dir='ltr'>speculationi,</span> <span class='ocrx_word' id='word_1_320' title='bbox 1382 2249 1424 2287; x_wconf 90' lang='lat' dir='ltr'>et</span> <span class='ocrx_word' id='word_1_321' title='bbox 1457 2250 1542 2286; x_wconf 90' lang='lat' dir='ltr'>rete</span> <span class='ocrx_word' id='word_1_322' title='bbox 1577 2257 1804 2298; x_wconf 85' lang='lat' dir='ltr'>expansum</span> <span class='ocrx_word' id='word_1_323' title='bbox 1839 2258 1960 2299; x_wconf 89' lang='lat' dir='ltr'>super</span> <span class='ocrx_word' id='word_1_324' title='bbox 1995 2245 2169 2287; x_wconf 88' lang='lat' dir='ltr'>Thabor.</span> 
     </span>
     <span class='ocr_line' id='line_1_34' title="bbox 275 2304 2062 2358; baseline -0.001 -10"><span class='ocrx_word' id='word_1_325' title='bbox 275 2310 289 2332; x_wconf 85' lang='lat'>2</span> <span class='ocrx_word' id='word_1_326' title='bbox 310 2308 366 2348; x_wconf 88' lang='lat' dir='ltr'>Et</span> <span class='ocrx_word' id='word_1_327' title='bbox 397 2307 584 2348; x_wconf 86' lang='lat' dir='ltr'>victimas</span> <span class='ocrx_word' id='word_1_328' title='bbox 616 2305 848 2347; x_wconf 86' lang='lat' dir='ltr'>declinastis</span> <span class='ocrx_word' id='word_1_329' title='bbox 880 2305 920 2345; x_wconf 90' lang='lat' dir='ltr'>in</span> <span class='ocrx_word' id='word_1_330' title='bbox 952 2305 1221 2358; x_wconf 90' lang='lat' dir='ltr'>profundum:</span> <span class='ocrx_word' id='word_1_331' title='bbox 1308 2309 1350 2345; x_wconf 90' lang='lat' dir='ltr'>et</span> <span class='ocrx_word' id='word_1_332' title='bbox 1380 2317 1453 2357; x_wconf 88' lang='lat' dir='ltr'>ego</span> <span class='ocrx_word' id='word_1_333' title='bbox 1485 2304 1667 2345; x_wconf 86' lang='lat' dir='ltr'>eruditor</span> <span class='ocrx_word' id='word_1_334' title='bbox 1697 2304 1880 2345; x_wconf 87' lang='lat' dir='ltr'>omnium</span> <span class='ocrx_word' id='word_1_335' title='bbox 1913 2317 2062 2346; x_wconf 88' lang='lat' dir='ltr'>eorum.</span> 
     </span>
     <span class='ocr_line' id='line_1_35' title="bbox 273 2362 1688 2420; baseline -0.003 -13"><span class='ocrx_word' id='word_1_336' title='bbox 273 2369 289 2392; x_wconf 79' lang='lat'>³</span> <span class='ocrx_word' id='word_1_337' title='bbox 310 2367 396 2420; x_wconf 85' lang='lat' dir='ltr'>Ego</span> <span class='ocrx_word' id='word_1_338' title='bbox 427 2366 507 2407; x_wconf 88' lang='lat' dir='ltr'>seio</span> <span class='ocrx_word' id='word_1_339' title='bbox 537 2365 746 2419; x_wconf 84' lang='lat' dir='ltr'>Ephraim,</span> <span class='ocrx_word' id='word_1_340' title='bbox 831 2369 873 2405; x_wconf 92' lang='lat' dir='ltr'>et</span> <span class='ocrx_word' id='word_1_341' title='bbox 905 2364 1027 2405; x_wconf 87' lang='lat' dir='ltr'>lsrael</span> <span class='ocrx_word' id='word_1_342' title='bbox 1056 2377 1138 2405; x_wconf 92' lang='lat' dir='ltr'>non</span> <span class='ocrx_word' id='word_1_343' title='bbox 1168 2369 1229 2404; x_wconf 88' lang='lat' dir='ltr'>est</span> <span class='ocrx_word' id='word_1_344' title='bbox 1258 2362 1523 2404; x_wconf 85' lang='lat' dir='ltr'>absconditus</span> <span class='ocrx_word' id='word_1_345' title='bbox 1554 2376 1578 2403; x_wconf 90' lang='lat' dir='ltr'>a</span> <span class='ocrx_word' id='word_1_346' title='bbox 1606 2376 1688 2404; x_wconf 88' lang='lat' dir='ltr'>me:</span> 
     </span>
     <span class='ocr_line' id='line_1_36' title="bbox 310 2421 1774 2479; baseline -0.002 -14"><span class='ocrx_word' id='word_1_347' title='bbox 310 2426 405 2479; x_wconf 88' lang='lat' dir='ltr'>quia</span> <span class='ocrx_word' id='word_1_348' title='bbox 434 2438 542 2465; x_wconf 89' lang='lat' dir='ltr'>nunc</span> <span class='ocrx_word' id='word_1_349' title='bbox 570 2424 795 2465; x_wconf 89' lang='lat' dir='ltr'>fornicatus</span> <span class='ocrx_word' id='word_1_350' title='bbox 825 2428 887 2464; x_wconf 92' lang='lat' dir='ltr'>est</span> <span class='ocrx_word' id='word_1_351' title='bbox 916 2423 1125 2476; x_wconf 83' lang='lat' dir='ltr'>Ephraim,</span> <span class='ocrx_word' id='word_1_352' title='bbox 1211 2422 1517 2463; x_wconf 87' lang='lat' dir='ltr'>contaminatus</span> <span class='ocrx_word' id='word_1_353' title='bbox 1547 2426 1609 2463; x_wconf 90' lang='lat' dir='ltr'>est</span> <span class='ocrx_word' id='word_1_354' title='bbox 1640 2421 1774 2463; x_wconf 87' lang='lat' dir='ltr'>Israel.</span> 
     </span>
     <span class='ocr_line' id='line_1_37' title="bbox 273 2481 1827 2536; baseline -0.002 -12"><span class='ocrx_word' id='word_1_355' title='bbox 273 2486 287 2509; x_wconf 79' lang='lat'><strong>⁴</strong></span> <span class='ocrx_word' id='word_1_356' title='bbox 310 2484 400 2524; x_wconf 77' lang='lat' dir='ltr'>Non</span> <span class='ocrx_word' id='word_1_357' title='bbox 429 2484 589 2524; x_wconf 88' lang='lat' dir='ltr'>dabunt</span> <span class='ocrx_word' id='word_1_358' title='bbox 617 2482 884 2536; x_wconf 85' lang='lat' dir='ltr'>cogitationes</span> <span class='ocrx_word' id='word_1_359' title='bbox 912 2495 1005 2523; x_wconf 87' lang='lat' dir='ltr'>suas</span> <span class='ocrx_word' id='word_1_360' title='bbox 1086 2487 1132 2522; x_wconf 90' lang='lat' dir='ltr'>ut</span> <span class='ocrx_word' id='word_1_361' title='bbox 1160 2486 1422 2522; x_wconf 87' lang='lat' dir='ltr'>revertantur</span> <span class='ocrx_word' id='word_1_362' title='bbox 1448 2481 1500 2522; x_wconf 90' lang='lat' dir='ltr'>ad</span> <span class='ocrx_word' id='word_1_363' title='bbox 1527 2481 1661 2522; x_wconf 91' lang='lat' dir='ltr'>Deum</span> <span class='ocrx_word' id='word_1_364' title='bbox 1690 2494 1827 2522; x_wconf 90' lang='lat' dir='ltr'>suum:</span> 
     </span>
     <span class='ocr_line' id='line_1_38' title="bbox 310 2539 2169 2596; baseline -0.002 -13"><span class='ocrx_word' id='word_1_365' title='bbox 310 2543 406 2596; x_wconf 89' lang='lat' dir='ltr'>quia</span> <span class='ocrx_word' id='word_1_366' title='bbox 433 2542 598 2595; x_wconf 87' lang='lat' dir='ltr'>spiritus</span> <span class='ocrx_word' id='word_1_367' title='bbox 628 2541 945 2583; x_wconf 82' lang='lat' dir='ltr'>fornicationum</span> <span class='ocrx_word' id='word_1_368' title='bbox 974 2541 1015 2581; x_wconf 93' lang='lat' dir='ltr'>in</span> <span class='ocrx_word' id='word_1_369' title='bbox 1044 2541 1178 2582; x_wconf 91' lang='lat' dir='ltr'>medio</span> <span class='ocrx_word' id='word_1_370' title='bbox 1207 2553 1359 2587; x_wconf 81' lang='lat' dir='ltr'>eorum,</span> <span class='ocrx_word' id='word_1_371' title='bbox 1443 2545 1485 2580; x_wconf 90' lang='lat' dir='ltr'>et</span> <span class='ocrx_word' id='word_1_372' title='bbox 1512 2539 1737 2581; x_wconf 89' lang='lat' dir='ltr'>Dominum</span> <span class='ocrx_word' id='word_1_373' title='bbox 1766 2553 1848 2581; x_wconf 93' lang='lat' dir='ltr'>non</span> <span class='ocrx_word' id='word_1_374' title='bbox 1878 2544 2169 2594; x_wconf 88' lang='lat' dir='ltr'>cognoverunt.</span> 
     </span>
     <span class='ocr_line' id='line_1_39' title="bbox 273 2598 2172 2654; baseline -0.002 -12"><span class='ocrx_word' id='word_1_375' title='bbox 273 2604 288 2626; x_wconf 81' lang='lat'>⁵</span> <span class='ocrx_word' id='word_1_376' title='bbox 309 2601 365 2642; x_wconf 90' lang='lat' dir='ltr'>Et</span> <span class='ocrx_word' id='word_1_377' title='bbox 395 2601 658 2654; x_wconf 86' lang='lat' dir='ltr'>respondebit</span> <span class='ocrx_word' id='word_1_378' title='bbox 689 2600 923 2654; x_wconf 81' lang='lat' dir='ltr'>arrogantia</span> <span class='ocrx_word' id='word_1_379' title='bbox 957 2599 1079 2640; x_wconf 87' lang='lat' dir='ltr'>Israel</span> <span class='ocrx_word' id='word_1_380' title='bbox 1110 2600 1151 2640; x_wconf 90' lang='lat' dir='ltr'>in</span> <span class='ocrx_word' id='word_1_381' title='bbox 1182 2599 1285 2640; x_wconf 85' lang='lat' dir='ltr'>facie</span> <span class='ocrx_word' id='word_1_382' title='bbox 1317 2599 1419 2640; x_wconf 91' lang='lat' dir='ltr'>eius:</span> <span class='ocrx_word' id='word_1_383' title='bbox 1506 2604 1547 2640; x_wconf 93' lang='lat' dir='ltr'>et</span> <span class='ocrx_word' id='word_1_384' title='bbox 1580 2598 1715 2648; x_wconf 85' lang='lat' dir='ltr'>Israel,</span> <span class='ocrx_word' id='word_1_385' title='bbox 1750 2603 1792 2640; x_wconf 89' lang='lat' dir='ltr'>et</span> <span class='ocrx_word' id='word_1_386' title='bbox 1822 2598 2019 2652; x_wconf 88' lang='lat' dir='ltr'>Ephraim</span> <span class='ocrx_word' id='word_1_387' title='bbox 2051 2603 2172 2640; x_wconf 87' lang='lat' dir='ltr'>ruent</span> 
     </span>
     <span class='ocr_line' id='line_1_40' title="bbox 519 2659 921 2713; baseline -0.002 -13"><span class='ocrx_word' id='word_1_388' title='bbox 519 2660 559 2700; x_wconf 92' lang='lat' dir='ltr'>in</span> <span class='ocrx_word' id='word_1_389' title='bbox 589 2659 807 2713; x_wconf 88' lang='lat' dir='ltr'>iniquitate</span> <span class='ocrx_word' id='word_1_390' title='bbox 837 2672 921 2708; x_wconf 88' lang='lat' dir='ltr'>sua,</span> 
     </span>
     <span class='ocr_line' id='line_1_41' title="bbox 312 2718 928 2760; baseline 0 -1"><span class='ocrx_word' id='word_1_391' title='bbox 312 2726 398 2759; x_wconf 79' lang='lat' dir='ltr'>ruet</span> <span class='ocrx_word' id='word_1_392' title='bbox 430 2719 552 2760; x_wconf 89' lang='lat' dir='ltr'>etiam</span> <span class='ocrx_word' id='word_1_393' title='bbox 591 2719 709 2759; x_wconf 90' lang='lat' dir='ltr'>ludas</span> <span class='ocrx_word' id='word_1_394' title='bbox 740 2732 830 2759; x_wconf 86' lang='lat' dir='ltr'>cum</span> <span class='ocrx_word' id='word_1_395' title='bbox 862 2718 928 2759; x_wconf 77' lang='lat' dir='ltr'>eis</span> 
     </span>
     <span class='ocr_line' id='line_1_42' title="bbox 277 2775 2170 2831; baseline -0.001 -14"><span class='ocrx_word' id='word_1_396' title='bbox 277 2779 292 2801; x_wconf 77' lang='lat'>⁰</span> <span class='ocrx_word' id='word_1_397' title='bbox 316 2778 359 2817; x_wconf 85' lang='lat' dir='ltr'>ln</span> <span class='ocrx_word' id='word_1_398' title='bbox 384 2778 568 2831; x_wconf 71' lang='lat' dir='ltr'>gregibus</span> <span class='ocrx_word' id='word_1_399' title='bbox 593 2777 685 2820; x_wconf 83' lang='lat' dir='ltr'>suis.</span> <span class='ocrx_word' id='word_1_400' title='bbox 713 2782 754 2818; x_wconf 91' lang='lat' dir='ltr'>et</span> <span class='ocrx_word' id='word_1_401' title='bbox 776 2777 816 2817; x_wconf 92' lang='lat' dir='ltr'>in</span> <span class='ocrx_word' id='word_1_402' title='bbox 842 2776 1035 2817; x_wconf 86' lang='lat' dir='ltr'>armentis</span> <span class='ocrx_word' id='word_1_403' title='bbox 1060 2777 1140 2817; x_wconf 91' lang='lat' dir='ltr'>suis</span> <span class='ocrx_word' id='word_1_404' title='bbox 1165 2777 1320 2818; x_wconf 84' lang='lat' dir='ltr'>vadent</span> <span class='ocrx_word' id='word_1_405' title='bbox 1344 2777 1395 2817; x_wconf 89' lang='lat' dir='ltr'>ad</span> <span class='ocrx_word' id='word_1_406' title='bbox 1421 2776 1684 2830; x_wconf 82' lang='lat' dir='ltr'>quaerendum</span> <span class='ocrx_word' id='word_1_407' title='bbox 1708 2775 1946 2825; x_wconf 88' lang='lat' dir='ltr'>Dominum,</span> <span class='ocrx_word' id='word_1_408' title='bbox 2025 2780 2067 2816; x_wconf 91' lang='lat' dir='ltr'>et</span> <span class='ocrx_word' id='word_1_409' title='bbox 2089 2788 2170 2816; x_wconf 92' lang='lat' dir='ltr'>non</span> 
     </span>
     <span class='ocr_line' id='line_1_43' title="bbox 522 2835 1211 2877; baseline -0.001 0"><span class='ocrx_word' id='word_1_410' title='bbox 522 2837 747 2877; x_wconf 81' lang='lat' dir='ltr'>invenient:</span> <span class='ocrx_word' id='word_1_411' title='bbox 780 2835 942 2876; x_wconf 90' lang='lat' dir='ltr'>ablatus</span> <span class='ocrx_word' id='word_1_412' title='bbox 973 2841 1034 2876; x_wconf 88' lang='lat' dir='ltr'>est</span> <span class='ocrx_word' id='word_1_413' title='bbox 1063 2836 1114 2876; x_wconf 90' lang='lat' dir='ltr'>ab</span> <span class='ocrx_word' id='word_1_414' title='bbox 1145 2836 1211 2877; x_wconf 89' lang='lat' dir='ltr'>eis.</span> 
     </span>
     <span class='ocr_line' id='line_1_44' title="bbox 280 2894 1804 2949; baseline 0 -16"><span class='ocrx_word' id='word_1_415' title='bbox 280 2895 292 2917; x_wconf 79' lang='lat'><em>⁷</em></span> <span class='ocrx_word' id='word_1_416' title='bbox 317 2894 360 2933; x_wconf 86' lang='lat' dir='ltr'>ln</span> <span class='ocrx_word' id='word_1_417' title='bbox 392 2895 612 2935; x_wconf 81' lang='lat' dir='ltr'>Dominum</span> <span class='ocrx_word' id='word_1_418' title='bbox 644 2895 899 2948; x_wconf 56' lang='lat' dir='ltr'>praevaricati</span> <span class='ocrx_word' id='word_1_419' title='bbox 929 2900 1036 2944; x_wconf 91' lang='lat' dir='ltr'>sunt,</span> <span class='ocrx_word' id='word_1_420' title='bbox 1122 2895 1217 2948; x_wconf 89' lang='lat' dir='ltr'>quia</span> <span class='ocrx_word' id='word_1_421' title='bbox 1246 2894 1347 2935; x_wconf 87' lang='lat' dir='ltr'>filios</span> <span class='ocrx_word' id='word_1_422' title='bbox 1378 2894 1529 2935; x_wconf 87' lang='lat' dir='ltr'>alienos</span> <span class='ocrx_word' id='word_1_423' title='bbox 1557 2898 1804 2949; x_wconf 87' lang='lat' dir='ltr'>genuerunt:</span> 
     </span>
     <span class='ocr_line' id='line_1_45' title="bbox 319 2953 1399 3006; baseline 0.004 -15"><span class='ocrx_word' id='word_1_424' title='bbox 319 2966 421 2992; x_wconf 73' lang='lat' dir='ltr'>nunt·</span> <span class='ocrx_word' id='word_1_425' title='bbox 453 2954 663 2994; x_wconf 72' lang='lat' dir='ltr'>devorabit</span> <span class='ocrx_word' id='word_1_426' title='bbox 694 2967 760 2995; x_wconf 89' lang='lat' dir='ltr'>eos</span> <span class='ocrx_word' id='word_1_427' title='bbox 790 2954 937 2994; x_wconf 86' lang='lat' dir='ltr'>mensis</span> <span class='ocrx_word' id='word_1_428' title='bbox 968 2967 1059 2994; x_wconf 89' lang='lat' dir='ltr'>cum</span> <span class='ocrx_word' id='word_1_429' title='bbox 1091 2954 1276 3006; x_wconf 85' lang='lat' dir='ltr'>partibus</span> <span class='ocrx_word' id='word_1_430' title='bbox 1306 2953 1399 2995; x_wconf 84' lang='lat' dir='ltr'>suis.</span> 
     </span>
    </p>
   </div>
   <div class='ocr_carea' id='block_1_9' title="bbox 61 3055 2170 3228">
    <p class='ocr_par' dir='ltr' id='par_1_9' title="bbox 61 3055 2170 3228">
     <span class='ocr_line' id='line_1_46' title="bbox 61 3055 1389 3119; baseline 0.005 -28"><span class='ocrx_word' id='word_1_431' title='bbox 61 3055 256 3119; x_wconf 47' lang='lat' dir='ltr'>0‹‚r¹s&#39;1¹1‘ss1¹.‘s,&#39;v&#39;.1,1</span> <span class='ocrx_word' id='word_1_432' title='bbox 285 3058 298 3077; x_wconf 42' lang='grc' dir='ltr'>Β</span> <span class='ocrx_word' id='word_1_433' title='bbox 320 3056 499 3102; x_wconf 67' lang='lat' dir='ltr'>f&#39;langitn·</span> <span class='ocrx_word' id='word_1_434' title='bbox 531 3058 699 3098; x_wconf 66' lang='lat' dir='ltr'>huet-ina</span> <span class='ocrx_word' id='word_1_435' title='bbox 729 3058 767 3098; x_wconf 92' lang='lat' dir='ltr'>in</span> <span class='ocrx_word' id='word_1_436' title='bbox 798 3058 951 3102; x_wconf 69' lang='lat' dir='ltr'>(iabaa.</span> <span class='ocrx_word' id='word_1_437' title='bbox 1038 3058 1139 3098; x_wconf 87' lang='lat' dir='ltr'>tuba</span> <span class='ocrx_word' id='word_1_438' title='bbox 1169 3058 1207 3097; x_wconf 93' lang='lat' dir='ltr'>in</span> <span class='ocrx_word' id='word_1_439' title='bbox 1241 3058 1389 3098; x_wconf 84' lang='lat' dir='ltr'>Rama:</span> 
     </span>
     <span class='ocr_line' id='line_1_47' title="bbox 321 3114 1566 3170; baseline 0.004 -17"><span class='ocrx_word' id='word_1_440' title='bbox 321 3114 470 3154; x_wconf 68' lang='lat' dir='ltr'>ululat&lt;¹</span> <span class='ocrx_word' id='word_1_441' title='bbox 503 3116 538 3154; x_wconf 86' lang='lat' dir='ltr'>in</span> <span class='ocrx_word' id='word_1_442' title='bbox 577 3117 793 3161; x_wconf 60' lang='lat' dir='ltr'>ssvtlffivon,</span> <span class='ocrx_word' id='word_1_443' title='bbox 879 3122 972 3170; x_wconf 86' lang='lat' dir='ltr'>post</span> <span class='ocrx_word' id='word_1_444' title='bbox 1002 3123 1160 3169; x_wconf 85' lang='lat' dir='ltr'>tergum</span> <span class='ocrx_word' id='word_1_445' title='bbox 1191 3122 1309 3157; x_wconf 91' lang='lat' dir='ltr'>tuum</span> <span class='ocrx_word' id='word_1_446' title='bbox 1342 3117 1566 3158; x_wconf 85' lang='lat' dir='ltr'>Beniamin.</span> 
     </span>
     <span class='ocr_line' id='line_1_48' title="bbox 284 3173 2170 3228; baseline 0.002 -16"><span class='ocrx_word' id='word_1_447' title='bbox 284 3176 297 3195; x_wconf 71' lang='lat'>²⁴</span> <span class='ocrx_word' id='word_1_448' title='bbox 323 3173 510 3225; x_wconf 75' lang='lat' dir='ltr'>Ephraim</span> <span class='ocrx_word' id='word_1_449' title='bbox 535 3174 569 3213; x_wconf 83' lang='lat' dir='ltr'>in</span> <span class='ocrx_word' id='word_1_450' title='bbox 592 3176 838 3216; x_wconf 59' lang='lat' dir='ltr'>‹lt-solatione</span> <span class='ocrx_word' id='word_1_451' title='bbox 858 3177 932 3217; x_wconf 86' lang='lat' dir='ltr'>erit</span> <span class='ocrx_word' id='word_1_452' title='bbox 951 3176 990 3216; x_wconf 92' lang='lat' dir='ltr'>in</span> <span class='ocrx_word' id='word_1_453' title='bbox 1010 3176 1073 3216; x_wconf 90' lang='lat' dir='ltr'>die</span> <span class='ocrx_word' id='word_1_454' title='bbox 1092 3175 1374 3228; x_wconf 81' lang='lat' dir='ltr'>correptionis:</span> <span class='ocrx_word' id='word_1_455' title='bbox 1448 3176 1488 3216; x_wconf 92' lang='lat' dir='ltr'>in</span> <span class='ocrx_word' id='word_1_456' title='bbox 1506 3175 1696 3217; x_wconf 88' lang='lat' dir='ltr'>tribubus</span> <span class='ocrx_word' id='word_1_457' title='bbox 1716 3174 1839 3216; x_wconf 86' lang='lat' dir='ltr'>Israel</span> <span class='ocrx_word' id='word_1_458' title='bbox 1859 3174 2017 3216; x_wconf 91' lang='lat' dir='ltr'>ostendi</span> <span class='ocrx_word' id='word_1_459' title='bbox 2036 3174 2170 3215; x_wconf 85' lang='lat' dir='ltr'>fidem.</span> 
     </span>
    </p>
   </div>
   <div class='ocr_carea' id='block_1_10' title="bbox 74 3288 2173 3422">
    <p class='ocr_par' dir='ltr' id='par_1_10' title="bbox 74 3288 2173 3422">
     <span class='ocr_line' id='line_1_49' title="bbox 532 3288 1908 3342; baseline 0.002 -15"><span class='ocrx_word' id='word_1_460' title='bbox 532 3290 569 3327; x_wconf 89' lang='lat'>2.</span> <span class='ocrx_word' id='word_1_461' title='bbox 600 3288 734 3328; x_wconf 82' lang='lat' dir='ltr'>lsrael</span> <span class='ocrx_word' id='word_1_462' title='bbox 767 3291 808 3329; x_wconf 89' lang='lat' dir='ltr'>et</span> <span class='ocrx_word' id='word_1_463' title='bbox 839 3291 945 3331; x_wconf 84' lang='lat' dir='ltr'>luda</span> <span class='ocrx_word' id='word_1_464' title='bbox 975 3292 1152 3332; x_wconf 78' lang='lat' dir='ltr'>sincere</span> <span class='ocrx_word' id='word_1_465' title='bbox 1182 3292 1385 3332; x_wconf 86' lang='lat' dir='ltr'>converti</span> <span class='ocrx_word' id='word_1_466' title='bbox 1417 3292 1591 3342; x_wconf 86' lang='lat' dir='ltr'>nolunt,</span> <span class='ocrx_word' id='word_1_467' title='bbox 1619 3291 1657 3342; x_wconf 89' lang='grc'>5,</span> <span class='ocrx_word' id='word_1_468' title='bbox 1678 3292 1824 3342; x_wconf 84' lang='grc'><strong>10-7,</strong></span> <span class='ocrx_word' id='word_1_469' title='bbox 1843 3291 1908 3331; x_wconf 86' lang='grc'><strong>16.</strong></span> 
     </span>
     <span class='ocr_line' id='line_1_50' title="bbox 74 3356 2173 3422; baseline 0.001 -24"><span class='ocrx_word' id='word_1_470' title='bbox 74 3357 116 3380; x_wconf 63' lang='grc' dir='ltr'>Μ’</span> <span class='ocrx_word' id='word_1_471' title='bbox 134 3356 304 3385; x_wconf 36' lang='grc'><strong>1151111110</strong></span> <span class='ocrx_word' id='word_1_472' title='bbox 323 3358 435 3398; x_wconf 65' lang='lat' dir='ltr'>Far-ti</span> <span class='ocrx_word' id='word_1_473' title='bbox 468 3367 558 3398; x_wconf 80' lang='lat' dir='ltr'>sunt</span> <span class='ocrx_word' id='word_1_474' title='bbox 599 3360 793 3422; x_wconf 62' lang='lat' dir='ltr'>principes</span> <span class='ocrx_word' id='word_1_475' title='bbox 832 3361 930 3401; x_wconf 83' lang='lat' dir='ltr'>luda</span> <span class='ocrx_word' id='word_1_476' title='bbox 963 3362 1076 3415; x_wconf 86' lang='lat' dir='ltr'>quasi</span> <span class='ocrx_word' id='word_1_477' title='bbox 1109 3368 1361 3402; x_wconf 75' lang='lat' dir='ltr'>assumentes</span> <span class='ocrx_word' id='word_1_478' title='bbox 1393 3362 1631 3403; x_wconf 85' lang='lat' dir='ltr'>terminum:</span> <span class='ocrx_word' id='word_1_479' title='bbox 1717 3375 1838 3415; x_wconf 89' lang='lat' dir='ltr'>super</span> <span class='ocrx_word' id='word_1_480' title='bbox 1868 3374 1934 3402; x_wconf 92' lang='lat' dir='ltr'>eos</span> <span class='ocrx_word' id='word_1_481' title='bbox 1965 3360 2173 3401; x_wconf 80' lang='lat' dir='ltr'>effundam</span> 
     </span>
    </p>
   </div>
   <div class='ocr_carea' id='block_1_11' title="bbox 112 3393 215 3415">
    <p class='ocr_par' dir='ltr' id='par_1_11' title="bbox 112 3393 215 3415">
     <span class='ocr_line' id='line_1_51' title="bbox 112 3393 215 3415; baseline 0 0"><span class='ocrx_word' id='word_1_482' title='bbox 112 3393 128 3415; x_wconf 78' lang='lat' dir='ltr'>fi</span> <span class='ocrx_word' id='word_1_483' title='bbox 138 3397 215 3415; x_wconf 49' lang='lat' dir='ltr'>nstra</span> 
     </span>
    </p>
   </div>
   <div class='ocr_carea' id='block_1_12' title="bbox 95 3420 2172 3533">
    <p class='ocr_par' dir='ltr' id='par_1_12' title="bbox 95 3420 2172 3533">
     <span class='ocr_line' id='line_1_52' title="bbox 104 3420 1129 3470; baseline 0.01 -19"><span class='ocrx_word' id='word_1_484' title='bbox 104 3428 222 3451; x_wconf 56' lang='lat' dir='ltr'>-221um11</span> <span class='ocrx_word' id='word_1_485' title='bbox 532 3431 644 3470; x_wconf 75' lang='lat' dir='ltr'>quasl</span> <span class='ocrx_word' id='word_1_486' title='bbox 676 3432 821 3470; x_wconf 78' lang='lat' dir='ltr'>aquam</span> <span class='ocrx_word' id='word_1_487' title='bbox 856 3420 953 3459; x_wconf 75' lang='lat' dir='ltr'>iram</span> <span class='ocrx_word' id='word_1_488' title='bbox 985 3434 1129 3461; x_wconf 78' lang='lat' dir='ltr'>ineam.</span> 
     </span>
     <span class='ocr_line' id='line_1_53' title="bbox 95 3465 2172 3533; baseline 0.005 -23"><span class='ocrx_word' id='word_1_489' title='bbox 95 3465 230 3492; x_wconf 67' lang='lat'>‘¹¹¹²&#39;¹&#39;&#39;&#39;&#39;&#39;&#39;</span> <span class='ocrx_word' id='word_1_490' title='bbox 271 3479 294 3499; x_wconf 90' lang='lat'>¹¹</span> <span class='ocrx_word' id='word_1_491' title='bbox 321 3476 572 3516; x_wconf 77' lang='lat' dir='ltr'>(&#39;alnniniarn</span> <span class='ocrx_word' id='word_1_492' title='bbox 589 3477 816 3529; x_wconf 67' lang='lat' dir='ltr'>patiensest</span> <span class='ocrx_word' id='word_1_493' title='bbox 840 3477 1042 3529; x_wconf 72' lang='lat' dir='ltr'>Ephraim.</span> <span class='ocrx_word' id='word_1_494' title='bbox 1059 3480 1212 3520; x_wconf 83' lang='lat' dir='ltr'>fractus</span> <span class='ocrx_word' id='word_1_495' title='bbox 1229 3479 1394 3520; x_wconf 88' lang='lat' dir='ltr'>iudicio:</span> <span class='ocrx_word' id='word_1_496' title='bbox 1447 3480 1639 3533; x_wconf 87' lang='lat' dir='ltr'>quoniam</span> <span class='ocrx_word' id='word_1_497' title='bbox 1654 3479 1779 3533; x_wconf 85' lang='lat' dir='ltr'>coepit</span> <span class='ocrx_word' id='word_1_498' title='bbox 1792 3478 1902 3520; x_wconf 86' lang='lat' dir='ltr'>abire</span> <span class='ocrx_word' id='word_1_499' title='bbox 1917 3483 2013 3533; x_wconf 87' lang='lat' dir='ltr'>post</span> <span class='ocrx_word' id='word_1_500' title='bbox 2024 3479 2172 3523; x_wconf 87' lang='lat' dir='ltr'>sordeS.</span> 
     </span>
    </p>
   </div>
  </div>
 </body>
</html>
