2356 3760
287 190 361 229 822
1106 186 1381 221 PROPHETIA
1938 190 1991 230 36,
2018 189 2135 229 7—36,
2161 189 2205 224 36

284 282 389 322 Ecce
412 294 483 335 ego
507 281 547 321 in
570 280 653 321 zelo
676 293 778 325 meo.
804 289 845 321 et
866 280 907 320 in
929 280 1064 321 furore
1086 293 1176 321 meo
1199 280 1360 321 locutus
1383 292 1485 324 sum.
1510 293 1556 321 eo
1581 281 1690 333 quod
1713 280 1993 323 confusionem
2014 283 2201 336 gentium

284 340 570 381 sustinueritis.
635 341 647 363 ⁷
682 339 836 380 Idcirco
868 338 953 379 haee
984 338 1084 379 dicit
1114 339 1317 379 Dominus
1343 338 1473 380 Deus:
1506 338 1594 392 Ego
1624 339 1761 380 levavi
1791 353 1961 381 manum
1992 355 2125 383 meam
2157 346 2205 382 ut

285 399 448 442 Gentes
482 412 571 452 quae
600 399 640 439 in
671 398 841 438 circuitu
872 403 1007 438 vestro
1038 403 1146 446 sunt,
1178 397 1275 450 ipsae
1305 398 1585 439 confusionem
1615 411 1731 439 suam
1761 404 1940 452 portent.

87 476 274 531 ugt‘ffigjfl‘issis
396 470 410 491 ’1
445 469 526 508 Vos
561 473 700 508 autem
735 472 895 507 montes
932 466 1055 506 lsrael
1088 479 1223 508 ramos
1259 472 1415 508 vestros
1449 467 1695 520 germinetis,
1732 472 1773 508 et
1806 468 1987 509 fructum
2022 474 2204 510 vestrum

77 542 268 569 habitabitur.
287 527 467 568 afferatis
498 525 647 579 populo
676 538 766 566 meo
798 525 939 565 lsrael:
969 538 1095 578 prope
1124 526 1230 566 enim
1260 532 1322 566 est
1349 531 1396 566 ut
1424 525 1582 567 veniat:
1641 528 1656 550 ⁹
1685 526 1791 575 Quia
1818 539 1908 567 ecce
1936 540 2007 580 ego
2037 528 2089 568 ad
2117 541 2202 577 vos,

284 593 325 627 et
353 593 569 627 convertar
595 584 647 624 ad
674 596 759 627 vos,
789 590 830 624 et
857 584 1085 633 arabimini,
1115 590 1157 625 et
1184 584 1390 637 accipietis
1417 590 1653 626 sementem.
1711 586 1746 609 ¹⁰
1772 585 1828 626 Et
1854 585 2136 639 multiplicabo
2164 587 2204 627 in

284 645 399 685 vobis
432 644 627 686 homines,
663 655 909 696 omnemque
942 643 1109 684 domum
1147 643 1287 683 Israel:
1322 648 1364 683 et
1395 642 1698 684 habitabuntur
1730 643 1932 691 civitates,
1967 651 2008 685 et
2039 645 2207 686 ruinosa

282 703 636 743 instaurabuntur.
697 704 727 725 ¹¹
757 701 814 742 Et
843 701 1006 755 replebo
1037 714 1109 742 vos
1140 701 1386 747 hominibus,
1419 707 1461 742 et
1489 702 1700 743 iumentis:
1733 708 1774 743 et
1804 702 2203 756 multiplicabuntur,

283 768 323 803 et
351 767 549 802 crescent:
577 768 619 802 et
645 760 831 801 habitare
857 773 930 801 vos
957 760 1105 800 faciam
1131 760 1237 801 sicut
1263 773 1287 800 a
1311 760 1523 813 principio,
1553 760 1751 814 bonisque
1778 761 1941 802 donabo
1967 762 2203 811 maioribus,

284 834 408 874 quam
435 820 636 861 habuistis
662 819 713 859 ab
740 819 874 859 initio:
903 824 944 859 et
968 818 1102 859 scietis
1130 819 1226 872 quia
1251 832 1323 873 ego
1349 819 1562 860 Dominus.
1618 821 1650 843 ¹2
1675 819 1731 861 Et
1756 820 1960 860 adducam
1986 833 2107 874 super
2131 834 2205 862 vos

284 879 467 920 homines
496 879 694 932 populum
722 891 859 918 meum
890 877 1025 927 lsrael,
1056 883 1097 918 et
1125 878 1353 919 hereditate
1381 878 1652 931 possidebunt
1680 884 1738 919 te:
1769 885 1810 919 et
1838 879 1912 919 eris
1942 879 1996 919 eis
2024 879 2066 919 in
2094 879 2205 919 here-

283 938 471 981 ditatem.
502 943 541 978 et
570 951 650 978 non
679 936 804 977 addes
832 936 941 977 ultra
967 942 1015 977 ut
1041 937 1196 990 absque
1224 937 1279 978 eis
1306 937 1370 978 sis.
1428 938 1459 961 13
1488 936 1586 978 Haec
1613 937 1713 978 dicit
1740 937 1941 979 Dominus
1968 938 2097 978 Deus:
2127 938 2205 979 Pro

283 1010 329 1038 eo
365 997 474 1051 quod
509 997 652 1037 dicunt
685 996 735 1036 de
768 995 903 1036 vobis:
938 995 1189 1036 Devoratrix
1222 996 1436 1036 hominum
1470 1009 1522 1041 es,
1559 1000 1600 1036 et
1633 995 1837 1037 suffocans
1870 1002 2034 1050 gentem
2068 1002 2204 1037 tuam:

286 1058 315 1080 ¹⁴
346 1056 570 1109 Propterea
599 1055 783 1096 homines
813 1067 896 1095 non
927 1055 1113 1095 comedes
1144 1054 1331 1108 amplius,
1365 1059 1406 1095 et
1435 1059 1598 1108 gentem
1630 1060 1746 1095 tuam
1777 1068 1858 1096 non
1889 1055 2053 1096 necabis
2083 1055 2203 1105 ultra,

284 1115 340 1155 ait
369 1114 571 1155 Dominus
598 1114 728 1155 Deus:
785 1115 816 1137 ¹5
846 1113 928 1154 Nec
956 1113 1142 1154 auditam
1170 1113 1319 1154 faciam
1347 1113 1388 1154 in
1415 1119 1456 1154 te
1484 1113 1659 1167 amplius
1687 1114 1967 1155 confusionem
1996 1114 2203 1161 Gentium,

284 1179 323 1214 et
362 1173 627 1227 opprobrium
665 1173 910 1226 populorum
948 1185 1211 1226 nequaquam
1250 1172 1446 1226 portabis,
1487 1177 1528 1213 et
1563 1178 1729 1226 gentem
1766 1178 1883 1214 tuam
1920 1186 2001 1214 non
2040 1173 2206 1214 amittes

284 1233 472 1286 amplius,
503 1232 560 1273 ait
590 1232 791 1273 Dominus
820 1231 943 1272 Deus.

89 1302 137 1333 ‘³¹¹¹
154 1305 271 1332 1³¹'01'¹⁰¹
394 1305 428 1327 ¹⁶
450 1303 505 1343 Et
528 1303 685 1343 factum
709 1308 770 1342 est
792 1302 963 1343 verbum
986 1301 1154 1342 Domini
1177 1302 1229 1342 ad
1251 1314 1327 1350 me,
1353 1301 1507 1342 dicens:
1560 1302 1593 1325 ¹⁷
1616 1300 1693 1342 Fili
1715 1301 1890 1343 hominis
1913 1302 2058 1342 domus
2083 1302 2207 1343 Israel

118 1338 241 1362 immun-

94 1373 180 1412 ditias
200 1380 266 1397 suas
286 1362 584 1403 habitaverunt
609 1361 649 1401 in
676 1361 801 1402 humo
828 1373 913 1408 sua,
940 1366 981 1401 et
1006 1360 1240 1414 polluerunt
1268 1373 1357 1401 eam
1384 1360 1425 1401 in
1451 1360 1527 1401 viis
1553 1360 1647 1409 suis,
1676 1365 1717 1401 et
1743 1360 1784 1400 in
1810 1360 1955 1401 studiis
1982 1360 2063 1401 suis
2089 1361 2208 1402 iuxta

105 1411 253 1473 ”gjfffr‘ff
286 1421 593 1462 immunditiam
610 1425 877 1461 menstruatae
893 1420 1005 1461 facta
1022 1425 1084 1461 est
1100 1420 1168 1460 via
1183 1433 1324 1461 eorum
1341 1432 1477 1461 coram
1494 1433 1570 1460 me.
1617 1420 1652 1443 ¹²³
1668 1419 1724 1460 Et
1740 1419 1866 1460 effudi
1882 1419 2207 1473 indignationem

141 1483 217 1505 *¹¹⁸¹-
286 1494 420 1521 meam
448 1492 569 1533 super
594 1492 660 1521 eos
687 1492 759 1533 pro
787 1479 995 1532 sanguine.
1025 1492 1146 1532 quem
1173 1478 1371 1519 fuderunt
1397 1491 1518 1531 super
1542 1484 1707 1527 terram,
1736 1482 1778 1518 et
1803 1477 1845 1518 in
1870 1477 1987 1519 idolis
2014 1478 2095 1519 suis
2121 1478 2207 1533 pol-

283 1539 449 1580 luerunt
475 1552 577 1579 eam.
633 1540 668 1563 ¹⁹
694 1538 750 1579 Et
776 1538 946 1591 dispersi
972 1551 1039 1579 eos
1065 1537 1106 1578 in
1133 1537 1298 1587 Gentes,
1327 1542 1368 1578 et
1393 1537 1584 1579 ventilati
1611 1542 1707 1578 sunt
1733 1537 1774 1577 in
1801 1542 1948 1578 terras:
1976 1537 2095 1578 iuxta
2119 1538 2207 1578 vias

284 1612 436 1640 eorum.
472 1603 513 1638 et
545 1597 857 1638 adinventiones
890 1609 1029 1637 eorum
1062 1596 1241 1637 iudicavi
1273 1609 1351 1637 eos.

93 1671 157 1695 ‘¹¹¹ae
174 1664 265 1690 Dfflffi
392 1669 428 1691 20
442 1667 497 1707 Et
513 1667 679 1720 ingressi
695 1672 793 1707 sunt
808 1666 861 1707 ad
876 1666 1040 1714 Gentes,
1060 1666 1112 1707 ad
1129 1679 1229 1720 quas
1245 1665 1504 1714 introierunt,
1528 1671 1588 1706 aet
1602 1665 1838 1719 polluerunt
1853 1679 2002 1707 nomen
2018 1671 2207 1708 sanctum

117 1700 245 1766 υἷεῖζὶἶῖιιε-
288 1740 436 1775 mcum,
462 1739 554 1767 cum
578 1726 780 1767 diceretur
800 1725 850 1766 de
873 1725 945 1766 eis:
969 1724 1151 1779 Populus
1173 1725 1341 1766 Domini
1362 1725 1438 1766 iste
1461 1730 1534 1771 est,
1558 1730 1599 1765 et
1621 1725 1670 1765 de
1693 1730 1802 1766 terra
1822 1725 1906 1766 eius
1929 1726 2075 1779 egressi
2095 1731 2204 1768 sunt.

132 1774 225 1797 ’ΜΝΞ
287 1788 317 1810 2¹
339 1785 395 1826 Et
416 1785 576 1839 peperci
597 1784 753 1826 nomini
773 1789 916 1825 sancto
937 1797 1040 1833 meo,
1065 1784 1175 1838 quod
1195 1783 1399 1837 polluerat
1419 1784 1565 1825 domus
1589 1784 1713 1825 Israel
1732 1784 1774 1824 in
1795 1783 2008 1833 Gentibus,
2032 1785 2085 1825 ad
2107 1797 2206 1838 quas

283 1845 450 1898 ingresm
481 1850 588 1885 sunt.

122 1911 226 1936 ³⁴¹⁰¹¹⁰0
391 1916 423 1939 2²
450 1914 605 1955 Idcirco
631 1913 738 1955 dices
763 1913 904 1955 domui
930 1913 1071 1954 Israel:
1099 1912 1198 1954 Haec
1222 1912 1322 1954 dicit
1344 1912 1548 1954 Dominus
1572 1913 1702 1954 Deus:
1729 1912 1821 1954 Non
1846 1917 2014 1966 propter
2036 1926 2109 1954 vos
2134 1927 2206 1967 ego

110 1947 249 2012 possffim
286 1973 447 2023 faciam,
467 1973 612 2014 domus
632 1972 767 2022 Israel,
786 1973 856 2013 sed
872 1978 1041 2026 propter
1056 1985 1206 2013 nomen
1222 1977 1412 2013 sanctum
1429 1985 1578 2021 meum,
1594 1971 1703 2025 quod
1719 1970 1922 2025 polluistis
1938 1971 1979 2012 in
1990 1971 2204 2022 Gentibus,

116 2024 242 2078 ,.;.“,¹1¹,¹1¹c¹¹gt.
287 2033 338 2074 ad
368 2045 469 2086 quas
497 2032 693 2074 intrastis.
751 2033 783 2056 ²³
811 2031 867 2072 Et
895 2031 1160 2072 sanctificabo
1190 2044 1339 2072 nomen
1367 2044 1505 2072 meum
1533 2044 1741 2084 magnum,
1774 2031 1884 2084 quod
1911 2030 2117 2084 pollutum
2146 2036 2208 2072 est

97 2089 260 2148 mssffissffin·
286 2092 393 2133 inter
415 2091 579 2140 Gentes,
607 2091 717 2145 quod
740 2090 941 2144 polluistis
965 2090 1007 2131 in
1030 2090 1164 2131 medio
1189 2103 1347 2131 earum:
1373 2095 1420 2131 ut
1444 2089 1575 2130 sciant
1598 2090 1750 2131 Gentes
1775 2089 1872 2143 quia
1894 2103 1966 2143 ego
1990 2090 2204 2140 Dominus,

92 2196 95 2199 ,
126 2159 243 2199 ticam,¹
288 2151 345 2191 ait
374 2150 575 2191 Dominus
605 2149 871 2197 exercituum,
903 2163 996 2190 cum
1024 2149 1305 2190 sanctificatus
1333 2148 1447 2190 fuero
1477 2149 1517 2189 in
1546 2148 1663 2190 vobis
1692 2161 1829 2190 coram
1858 2148 1931 2189 eis:
1988 2150 2021 2173 24
2050 2148 2206 2190 Tollam

91 2196 268 2221 ¹m¹¹¹¹¹'²b¹¹‘
286 2209 437 2263 quippe
462 2222 535 2250 vos
560 2209 609 2249 de
634 2208 848 2257 Gentibus,
876 2214 917 2249 et
941 2208 1195 2262 congregabo
1220 2221 1293 2249 vos
1318 2208 1368 2248 de
1392 2208 1591 2249 universis
1617 2207 1746 2257 terris,
1773 2213 1815 2248 et
1839 2208 2043 2248 adducam
2068 2221 2140 2249 vos
2165 2208 2206 2249 in

284 2275 435 2309 terram
472 2274 664 2309 vestram.
729 2269 760 2292 ²⁵
795 2267 851 2308 Et
886 2267 1096 2308 effundam
1132 2279 1253 2320 super
1286 2279 1359 2308 vos
1395 2279 1546 2320 aquam
1581 2266 1792 2312 mundam,
1830 2271 1871 2307 et
1904 2266 2207 2308 mundabimini

286 2328 337 2368 ab
373 2327 562 2368 omnibus
597 2326 919 2380 inquinamentis
954 2326 1111 2374 vestris,
1149 2331 1190 2366 et
1223 2325 1275 2366 ab
1310 2325 1508 2366 universis
1543 2324 1660 2366 idolis
1694 2325 1840 2366 vestris
1873 2325 2084 2366 mundabo
2119 2339 2204 2367 vos.

285 2388 321 2411 '³⁶
344 2386 417 2426 bEt
437 2386 544 2427 dabo
564 2386 680 2427 vobis
700 2398 767 2426 cor
784 2398 952 2434 novum,
973 2391 1014 2426 et
1033 2384 1222 2439 spiritum
1240 2397 1396 2426 novum
1415 2397 1567 2437 ponam
1586 2384 1627 2425 in
1645 2384 1779 2425 medio
1799 2384 1942 2424 vestri:
1964 2390 2005 2425 et
2023 2384 2206 2425 auferam

287 2458 354 2486 cor
378 2445 585 2499 lapideum
613 2445 662 2485 de
689 2457 809 2486 carne
835 2449 984 2493 vestra,
1013 2448 1055 2485 et
1080 2444 1187 2485 dabo
1215 2443 1332 2485 vobis
1358 2457 1426 2484 cor
1452 2456 1656 2484 carneum.
1711 2444 1745 2467 2⁷
1773 2442 1828 2484 Et
1854 2442 2044 2496 spiritum
2068 2456 2207 2484 meum

286 2517 436 2558 ponam
464 2504 505 2545 in
531 2503 665 2545 medio
692 2503 836 2544 vestri:
865 2509 906 2544 et
932 2502 1080 2543 faciam
1107 2508 1154 2543 ut
1180 2502 1221 2543 in
1247 2502 1462 2556 praeceptis
1487 2502 1587 2543 meis
1615 2501 1845 2551 ambuletis,
1874 2507 1916 2543 et
1940 2501 2092 2543 iudicia
2116 2515 2209 2543 mea

287 2563 541 2607 custodiatis,
571 2569 611 2604 et
638 2562 872 2616 operemini.
927 2563 963 2586 2⁸
988 2561 1044 2602 Et
1070 2561 1313 2602 habitabitis
1339 2561 1380 2602 in
1407 2566 1527 2610 terra,
1557 2574 1681 2615 quam
1708 2560 1801 2601 dedi
1827 2560 2015 2614 patribus
2041 2561 2205 2602 vestris:

287 2627 327 2663 et
348 2622 458 2663 eritis
478 2621 576 2662 mihi
597 2622 637 2662 in
658 2620 868 2675 populum,
892 2626 933 2662 et
952 2634 1024 2674 ego
1045 2634 1111 2662 ero
1132 2620 1248 2662 vobis
1268 2621 1309 2661 in
1329 2620 1476 2661 Deum.
1524 2621 1560 2644 2⁹
1579 2620 1636 2661 Et
1655 2619 1825 2661 salvabo
1846 2632 1919 2661 vos
1939 2632 1989 2660 ex
2008 2620 2206 2660 universis

286 2681 608 2734 inquinamentis
628 2681 792 2721 vestris:
814 2685 853 2720 et
874 2680 1030 2721 vocabo
1050 2679 1317 2729 frumentum,
1339 2684 1380 2720 et
1399 2678 1682 2733 multiplicabo
1701 2678 1814 2726 illud,
1836 2683 1877 2719 et
1895 2691 1977 2720 non
1996 2678 2206 2732 imponam

287 2740 403 2781 vobis
428 2739 591 2780 famem.
645 2741 683 2763 ³⁰
706 2738 762 2780 Et
787 2738 1069 2792 multiplicabo
1094 2738 1275 2779 fructum
1301 2737 1410 2792 ligni,
1437 2744 1478 2778 et
1502 2737 1709 2792 genimina
1734 2737 1829 2791 agri,
1858 2742 1904 2778 ut
1928 2750 2009 2778 non
2034 2737 2207 2791 portetis

287 2798 395 2839 ultra
422 2799 687 2852 opprobrium
714 2798 834 2839 famis
860 2798 901 2839 in
927 2798 1141 2839 Gentibus.
1196 2799 1227 2822 ³¹
1254 2797 1311 2838 Et
1336 2796 1650 2838 recordabimini
1676 2796 1836 2836 viarum
1862 2801 2093 2837 vestrarum
2119 2808 2207 2849 pes-

288 2858 495 2903 simarum,
531 2857 843 2911 studiorumque
875 2870 957 2898 non
991 2857 1209 2897 bonorum:
1245 2861 1286 2896 et
1318 2855 1593 2909 displicebunt
1625 2856 1742 2897 vobis
1774 2855 2014 2908 iniquitates
2046 2860 2204 2905 vestrae,

288 2923 328 2957 et
357 2917 507 2957 scelera
534 2922 682 2957 vestra.
739 2918 772 2941 ³2
801 2916 893 2957 Non
922 2921 1090 2969 propter
1116 2928 1189 2956 vos
1218 2928 1290 2969 ego
1318 2914 1481 2963 faciam,
1511 2914 1570 2956 ait
1596 2915 1798 2956 Dominus
1826 2914 1949 2962 Deus,
1979 2919 2126 2954 notum
2154 2913 2207 2954 sit

289 2976 422 3016 vobis:
457 2975 767 3025 confundimini,
800 2980 841 3016 et
872 2974 1096 3016 erubescite
1127 2986 1249 3028 super
1278 2974 1353 3014 viis
1384 2974 1542 3023 vestris,
1576 2973 1721 3015 domus
1754 2972 1888 3014 Israel.

113 3054 142 3075 ¹¹¹
160 3055 257 3080 ΨΜ
396 3052 428 3075 ³³
445 3050 542 3091 Haec
558 3050 657 3091 dicit
671 3050 873 3091 Dominus
888 3049 1018 3091 Deus:
1038 3048 1084 3089 In
1101 3048 1176 3098 die,
1196 3061 1278 3103 qua
1291 3048 1545 3090 mundavero
1561 3061 1634 3089 vos
1649 3061 1699 3089 ex
1714 3047 1903 3088 omnibus
1918 3046 2206 3100 iniquitatibus

116 3089 254 3146 miiifim
292 3109 448 3153 vestris.
484 3116 523 3150 et
556 3109 778 3150 inhabitari
811 3108 942 3150 fecero
975 3107 1106 3156 urbes,
1142 3113 1182 3149 ct
1215 3108 1498 3149 instauravero
1531 3107 1707 3155 ruinosa,
1767 3107 1801 3131 3⁴
1832 3111 1874 3146 et
1906 3111 2015 3146 terra
2047 3105 2208 3146 deserta

101 3159 266 3183 ³⁰²''‘¹⁵⁰³¹¹‘·
291 3168 411 3208 fuerit
445 3167 619 3215 exculta,
655 3181 744 3222 quae
777 3167 986 3222 quondam
1018 3173 1106 3208 erat
1137 3166 1322 3207 desolata
1352 3166 1393 3206 in
1426 3165 1550 3207 oculis
1583 3165 1713 3207 omnis
1745 3164 1926 3213 viatoris,
1985 3165 2018 3189 ³⁵
2050 3163 2204 3204 dicent:

292 3226 411 3266 Terra
438 3226 503 3266 illa
528 3226 693 3275 inculta,
718 3227 831 3267 facta
854 3232 915 3267 est
939 3232 986 3267 ut
1009 3226 1152 3267 hortus
1176 3224 1421 3279 voluptatis:
1448 3230 1489 3265 et
1513 3224 1701 3265 civitates
1725 3224 1906 3269 desertae,
1933 3227 1974 3264 et
1997 3221 2208 3263 destitutae

290 3291 415 3338 atque
436 3285 627 3335 suffossae,
650 3286 820 3326 munitae
840 3285 1044 3326 sederunt.
1093 3286 1129 3309 ³⁶
1148 3283 1203 3324 Et
1224 3284 1353 3325 scient
1372 3283 1523 3325 Gentes
1546 3295 1814 3337 quaecumque
1834 3280 2035 3323 derelictae
2054 3280 2207 3322 fuerint

289 3344 330 3384 in
358 3343 527 3384 circuitu
556 3350 703 3387 vestro.
733 3345 829 3398 quia
855 3357 926 3398 ego
952 3343 1154 3384 Dominus
1180 3342 1377 3383 aedifieavi
1406 3342 1615 3396 dissipata.
1645 3341 1912 3395 plantavique
1938 3339 2104 3389 inculta,
2133 3352 2205 3393 ego

289 3402 491 3443 Dominus
520 3403 681 3443 locutus
711 3404 797 3453 sim,
830 3408 870 3444 et
899 3403 1074 3444 fecerim.

423 3528 467 3562 20
492 3529 544 3561 als
570 3529 621 3569 52,
648 3530 682 3564 5:
712 3529 799 3562 Rom
825 3530 855 3569 2,
882 3531 933 3563 24.
960 3550 1001 3553 —
1026 3529 1068 3563 26
1094 3529 1183 3572 bSup
1211 3530 1261 3567 11,
1291 3530 1339 3562 19.
