2356 3760
174 113 204 152 3,
231 112 350 152 14—5,
374 113 394 145 5
850 113 914 147 AD
940 113 1226 148 CORINTHIOS
1254 115 1404 150 PRIMA
1973 120 2074 161 1113

174 204 301 246 bitur:
329 210 371 247 et
396 205 712 259 uniuscuiusque
738 218 839 259 opus
867 206 984 259 quale
1011 207 1074 255 sit,
1103 207 1204 261 ignis
1231 208 1434 261 probabit.
1490 210 1521 233 ¹4
1547 208 1588 250 Si
1615 209 1726 250 cuius
1754 223 1854 263 opus
1879 212 2076 253 manserit

174 263 284 316 quod
312 263 663 317 superaedificavit,
694 264 921 305 mercedem
951 265 1132 319 accipiet.
1192 268 1222 291 ¹5
1251 267 1292 308 Si
1322 267 1434 308 cuius
1465 280 1565 321 opus
1595 267 1749 316 arserit,
1781 269 2073 311 detrimentum

171 321 370 374 patietur:
402 322 487 376 ipse
519 327 657 364 autem
688 322 824 363 salvus
856 322 949 363 erit:
998 323 1052 364 sic
1084 330 1223 365 tamen
1256 325 1370 379 quasi
1400 339 1472 379 per
1501 326 1647 379 ignem.
1709 327 1743 351 10
1775 327 1947 369 Nescitis
1980 329 2075 382 quia

171 380 371 433 templum
398 380 475 421 Dei
502 380 607 429 estis,
637 384 679 421 et
704 379 878 433 Spiritus
905 381 982 421 Dei
1009 382 1172 424 habitat
1198 384 1239 423 in
1267 384 1407 425 vobis?
1462 386 1496 408 ¹⁷
1523 384 1564 425 Si
1592 384 1680 438 quis
1708 390 1846 426 autem
1874 387 2073 440 templum

170 437 246 479 Dei
280 438 507 488 violaverit,
545 438 750 492 disperdet
783 438 898 480 illum
931 440 1053 481 Deus.
1097 441 1329 495 3Τθ11111111111
1365 443 1470 487 enim
1505 442 1581 484 Dei
1616 448 1804 485 sanctum
1839 449 1911 493 est,
1964 445 2074 498 quod

171 496 266 538 estis
295 509 379 538 voS.

276 557 309 579 ¹⁸
329 556 459 597 Nemo
479 568 519 596 se
538 555 723 596 seducat:
745 555 776 597 si
797 555 886 609 quis
905 556 1069 598 videtur
1086 557 1193 598 inter
1212 571 1285 599 vos
1305 558 1464 612 sapiens
1485 572 1567 601 esse
1587 559 1628 600 in
1647 560 1723 602 hoc
1742 559 1899 609 saeculo,
1922 560 2072 602 stultus
2100 565 2127 588 ¹¹¹
2150 565 2255 615 quibu*

171 613 245 655 fiat
260 619 308 655 ut
323 614 376 655 sit
390 614 561 668 sapiens.
606 615 640 638 ¹⁹
655 613 865 667 Sapientia
880 615 987 656 enim
1002 615 1122 658 huius
1136 617 1290 665 mundi,
1310 617 1486 659 stultitia
1502 625 1563 659 est
1578 619 1688 672 apud
1703 618 1848 661 Deum.
1866 619 2072 674 Scriptum
2102 606 2251 665 μιῖῗῖῑῖῗέἶίῃ

170 677 230 713 θεῖ
261 672 386 713 θῐ11111;
422 671 793 725 bComprehendam
823 673 1026 727 sapientes
1055 674 1097 715 in
1128 675 1282 716 astutia
1311 689 1462 717 eorum.
1521 679 1557 701 ‘2⁰
1586 677 1642 718 Et
1671 677 1837 718 iterum:

229 730 444 773 cDominus
473 730 589 772 novit
619 731 886 783 cogitationes
916 733 1162 786 sapientium
1245 734 1438 787 quoniam
1468 747 1584 776 vanae
1613 741 1720 777 sunt.

273 792 304 814 2¹
323 790 452 830 Nemo
468 789 608 843 itaque
625 789 820 843 glorietur
836 791 877 831 in
893 791 1139 834 hominibus.
1185 794 1217 816 ²2
1235 792 1384 834 Omnia
1401 793 1507 834 enim
1525 800 1663 835 vestra
1679 799 1786 843 sunt,
1806 794 1890 836 sive
1907 795 2071 844 Paulus,

169 848 252 889 sive
279 847 437 902 Apollo,
468 847 552 889 sive
581 848 748 901 Cephas.
780 848 864 890 sive
891 850 1080 899 mundus,
1112 850 1195 891 sive
1224 851 1322 896 vita.
1354 851 1438 893 sive
1465 865 1586 901 mors,
1618 852 1701 894 sive
1729 853 1957 906 praesentia,
1989 853 2072 894 sive

168 906 325 948 futura:
353 906 489 947 onmia
512 906 618 947 enim
643 912 780 948 Vestra
804 912 917 948 sunt:
970 911 1002 933 ²³
1027 922 1098 950 vos
1124 915 1261 950 autem
1287 910 1453 951 Christi:
1481 910 1663 953 Christus
1689 916 1827 952 autem
1851 911 1938 953 Dei.

270 966 309 1008 4.
365 968 377 989 ¹
407 964 471 1006 Sic
507 978 580 1006 nos
617 965 822 1007 existimet
858 966 980 1008 homo
1021 973 1088 1008 dut
1123 968 1329 1010 ministros
1367 969 1532 1011 Christi:
1572 975 1612 1011 et
1649 970 1947 1024 dispensatores
1984 984 2071 1023 my·
2103 977 2248 1007 disponsa-

168 1024 381 1065 steriorum
407 1023 494 1064 Dei.
551 1026 565 1048 ²
593 1023 669 1065 Hic
695 1024 776 1065 iam
805 1025 999 1079 quaeritur
1024 1026 1130 1067 inter
1156 1027 1453 1080 dispensatores
1480 1035 1527 1069 ut
1553 1028 1680 1070 fidelis
1709 1029 1796 1083 quis
1823 1029 2067 1070 inveniatur.
2101 1014 2250 1078 unt-{7330-

271 1085 286 1108 3
306 1081 404 1123 Mihi
425 1088 562 1123 autem
583 1095 656 1136 pro
676 1082 845 1125 minimo
866 1089 926 1125 est
946 1090 993 1126 ut
1013 1098 1037 1126 a
1056 1085 1172 1126 vobis
1192 1085 1355 1135 iudicer,
1379 1093 1451 1128 aut
1471 1087 1523 1128 ab
1544 1087 1724 1128 humano
1745 1086 1826 1128 die:
1849 1088 1919 1128 sed
1938 1100 2069 1141 neque
2094 1090 2156 1107 111111
2179 1085 2256 1113 sum,

166 1141 366 1195 meipsum
388 1140 533 1182 iudico.
584 1143 599 1165 4
622 1141 731 1182 Nihil
753 1142 858 1183 enim
881 1143 980 1184 mihi
1003 1144 1185 1185 conscius
1208 1158 1315 1185 sum:
1339 1145 1409 1186 sed
1430 1158 1512 1187 non
1534 1146 1575 1186 in
1597 1146 1672 1187 hoc
1695 1146 1937 1187 iustificatus
1960 1159 2067 1188 sum:
2102 1137 2248 1190 ῆιῖἇῖἒέιῗαῑ

168 1200 236 1254 qui
255 1205 393 1241 autem
410 1200 567 1241 iudicat
583 1213 659 1249 me,
680 1200 881 1242 Dominus
900 1207 972 1243 est.
1019 1204 1034 1227 ⁵
1055 1202 1200 1256 Itaque
1218 1202 1344 1244 nolite
1364 1210 1459 1245 ante
1478 1210 1640 1257 tempus
1657 1204 1847 1253 iudicare,
1869 1204 2072 1258 quoadus-

167 1272 244 1313 que
275 1258 415 1299 veniat
443 1258 662 1301 Dominus:
696 1259 764 1313 qui
795 1266 835 1300 et
864 1260 1113 1302 illuminabit
1143 1261 1385 1303 abscondita
1415 1262 1687 1305 tenebrarum.
1720 1268 1761 1303 et
1790 1263 2071 1304 manifestabit

167 1317 334 1360 consilia
361 1317 562 1359 cordium:
593 1323 633 1358 et
662 1323 759 1359 tunc
786 1317 874 1359 laus
903 1318 978 1360 erit
1006 1319 1223 1373 unicuique
1252 1333 1275 1360 a
1302 1320 1400 1362 Deo.

273 1378 288 1400 0
314 1376 410 1418 Haee
435 1381 585 1425 autem,
612 1376 767 1424 fratres,
795 1377 1082 1430 transfiguravi
1106 1377 1147 1418 in
1172 1391 1236 1419 me
1261 1385 1301 1420 et
1324 1378 1484 1432 Apollo.
1511 1385 1678 1433 propter
1702 1393 1791 1421 vos:
1818 1385 1865 1420 ut
1888 1380 1929 1420 in
1953 1380 2069 1422 nobis
2087 1391 2180 1445 {glus
2198 1391 2262 1444 00111,-

167 1435 343 1484 discatis,
377 1448 427 1476 ne
459 1447 581 1488 supra
614 1447 737 1488 quam
769 1435 966 1488 scriptum
1000 1441 1071 1481 est.
1108 1450 1210 1477 unus
1244 1438 1438 1478 adversus
1471 1438 1644 1479 alterum
1677 1438 1841 1479 infletur
1872 1451 1945 1491 pro
1978 1438 2067 1480 alio.
2125 1427 2255 1449 mnam*

169 1496 182 1518 ⁷
203 1493 301 1542 Quis
321 1493 427 1534 enim
447 1498 487 1534 te
507 1492 723 1534 discernit?
745 1493 852 1541 Quid
873 1500 1010 1536 autem
1032 1495 1156 1536 habes
1177 1496 1286 1549 quod
1305 1509 1388 1537 non
1408 1496 1623 1550 accepisti?
1644 1496 1685 1538 Si
1705 1502 1843 1538 autem
1865 1497 2069 1551 accepisti,

167 1552 264 1607 quid
283 1552 464 1606 gloriaris
486 1551 600 1606 quasi
620 1564 701 1593 non
722 1553 946 1605 acceperis?
997 1555 1011 1577 11
1034 1554 1119 1595 Iam
1141 1554 1315 1595 saturati
1335 1554 1441 1604 estis,
1464 1555 1544 1596 iam
1565 1555 1712 1597 divites
1732 1556 1830 1597 facti
1851 1555 1964 1597 estis:
1986 1556 2070 1597 sine

165 1610 281 1653 nobis
309 1611 505 1665 regnatis:
536 1617 577 1652 et
606 1610 764 1652 utinam
793 1612 980 1665 regnetis,
1012 1617 1059 1653 ut
1086 1618 1128 1654 et
1156 1625 1228 1655 nos
1258 1613 1470 1655 vobiscum
1499 1627 1722 1668 regnemus.
1783 1616 1798 1638 ⁹
1826 1615 1933 1656 Puto
1963 1615 2068 1655 enim

166 1670 275 1724 quod
305 1670 415 1711 Deus
446 1683 519 1711 nos
549 1669 768 1723 Apostolos
799 1670 1041 1713 novissimos
1073 1671 1264 1719 ostendit,
1298 1678 1511 1726 tamquam
1543 1673 1665 1715 morti
1697 1673 1941 1714 destinatos:
1975 1673 2071 1727 quia

165 1728 443 1783 spectaculum
468 1727 567 1769 facti
594 1742 732 1769 sumus
758 1729 925 1778 mundo,
954 1735 995 1770 et
1019 1729 1195 1783 Angelis,
1224 1736 1265 1772 et
1290 1731 1534 1773 hominibus.
1591 1734 1625 1756 ¹⁰
1652 1732 1734 1773 Nos
1760 1731 1877 1773 stulti
1903 1737 2071 1785 propter

165 1787 383 1836 Christum,
418 1800 490 1828 vos
525 1792 662 1828 autem
696 1787 916 1840 prudentes
950 1788 990 1828 in
1025 1788 1201 1830 Christo:
1237 1802 1309 1830 nos
1344 1789 1503 1839 infirmi,
1540 1803 1612 1832 vos
1646 1796 1784 1832 autem
1817 1791 1961 1832 fortes:
1997 1804 2070 1832 vos

164 1846 330 1896 nobiles,
362 1859 435 1887 nos
466 1851 603 1887 autem
634 1845 841 1899 ignobiles.
902 1849 931 1871 ¹¹
963 1846 1101 1900 Usque
1132 1847 1172 1887 in
1203 1848 1308 1889 hanc
1338 1849 1480 1889 horam
1512 1855 1552 1890 et
1583 1849 1792 1893 esurimus.
1824 1854 1866 1890 et
1895 1848 2067 1895 sitimus.

165 1911 206 1947 et
221 1905 321 1947 nudi
339 1918 489 1950 sumus.
509 1910 551 1945 et
568 1904 748 1958 colaphis
767 1905 970 1955 caedimur,
991 1911 1032 1946 et
1048 1905 1257 1947 instabiles
1276 1920 1427 1955 sumus,
1474 1909 1504 1931 ¹²
1523 1912 1563 1948 et
1588 1907 1836 1949 elaboramus
1856 1913 2069 1961 operantes

163 1963 352 2006 manibus
375 1963 542 2004 nostris:
568 1962 858 2011 maledicimur,
885 1969 926 2005 et
949 1964 1242 2006 benedicimus:
1268 1965 1590 2019 persecutionem
1614 1966 1806 2020 patimur,
1833 1972 1875 2007 et
1897 1966 2069 2007 sustine-

163 2036 272 2064 mus:
326 2024 357 2047 ¹3
383 2021 724 2075 blasphemamur,
752 2028 793 2063 et
819 2022 1095 2064 obsecramus:
1123 2029 1335 2077 tamquam
1362 2030 1634 2078 purgamenta
1657 2024 1776 2066 huius
1801 2024 1943 2065 mundi
1969 2024 2069 2065 facti

164 2095 314 2129 sumus,
348 2080 529 2122 omnium
559 2079 787 2133 peripsema
816 2094 943 2133 usque
974 2081 1118 2123 adhuc.

267 2141 300 2164 ¹4
327 2139 418 2181 Non
445 2144 492 2180 ut
519 2138 766 2180 confundam
794 2152 878 2188 vos,
907 2139 991 2181 haec
1018 2140 1161 2189 scribo,
1190 2141 1260 2181 sed
1287 2148 1333 2182 ut
1360 2141 1461 2182 filios
1487 2155 1598 2183 meos
1625 2141 1880 2183 charissimos
1906 2155 2063 2183 moneo.
2097 2143 2247 2173 ²90⁵¹0¹¹¹⁵

2126 2180 2218 2209 rogat,

164 2201 196 2224 ¹5
220 2199 326 2240 Nam
351 2198 383 2239 si
408 2197 546 2239 decem
570 2197 697 2237 millia
721 2198 1034 2251 paedagogorum
1059 2199 1245 2240 habeatis
1270 2199 1310 2239 111
1336 2199 1513 2242 Christo:
1540 2201 1609 2241 sed
1634 2214 1715 2242 non
1740 2200 1891 2241 multos
1915 2206 2064 2254 patres.
2123 2221 2162 2253 m·⁴
2180 2214 2222 2253 ¹¹ae

164 2258 270 2299 Nam
293 2257 334 2297 in
358 2255 517 2298 Christo
542 2256 632 2297 Iesu
656 2269 727 2310 per
749 2255 1018 2310 Evangelium
1042 2270 1115 2310 ego
1138 2271 1210 2298 vos
1234 2258 1364 2310 genui.
1418 2260 1452 2282 10
1478 2259 1591 2312 Rogo
1615 2272 1708 2312 ergo
1731 2272 1814 2307 vos,
1841 2251 2272 2315 imitatores,ssss'ffissffiffiss

164 2315 243 2357 mei
263 2320 405 2364 estote,
428 2315 534 2356 sicut
552 2320 593 2355 et
613 2328 685 2368 ego
706 2314 866 2356 Christi.
915 2317 949 2340 ¹⁷
972 2315 1068 2356 Ideo
1089 2316 1178 2357 misi
1199 2316 1250 2356 ad
1270 2329 1343 2357 vos
1365 2317 1637 2363 Timotheum,
1662 2318 1729 2370 qui
1750 2323 1811 2358 est
1830 2317 1935 2357 filius
1955 2330 2068 2357 meus

164 2374 433 2423 charissimus,
462 2379 503 2414 et
527 2373 655 2414 fidelis
680 2372 722 2413 in
747 2373 943 2415 Domino:
972 2374 1040 2428 qui
1066 2388 1139 2416 vos
1165 2375 1503 2416 commonefaciet
1528 2375 1614 2416 vias
1639 2389 1762 2425 meas,
1792 2389 1881 2429 quae
1906 2381 2003 2416 sunt
2028 2375 2068 2415 in

163 2433 323 2475 Christo
356 2432 458 2481 Iesu,
492 2431 597 2473 sicut
627 2431 778 2485 ubique
808 2432 849 2472 in
882 2432 992 2474 omni
1023 2432 1205 2474 Ecclesia
1235 2433 1370 2475 doceo.
1432 2435 1466 2458 ¹⁸
1498 2434 1726 2487 Tamquam
1758 2447 1839 2475 non
1872 2439 2068 2474 venturus

163 2492 238 2533 sim
267 2491 320 2533 ad
348 2504 432 2540 vos,
464 2490 519 2532 sic
547 2489 678 2531 inflati
707 2496 803 2532 sunt
832 2491 1011 2545 quidam.
1069 2493 1104 2516 10
1132 2492 1303 2534 Veniam
1332 2498 1471 2533 autem
1500 2492 1553 2534 ad
1581 2506 1653 2534 vos
1683 2493 1775 2542 cito,
1807 2492 1839 2534 si
1866 2492 2068 2534 Dominus

163 2549 356 2592 voluerit:
377 2555 419 2591 et
437 2562 678 2603 cognoscam
697 2562 779 2591 non
798 2563 1025 2592 sermonem
1044 2563 1196 2600 eorum,
1219 2550 1287 2605 qui
1306 2550 1437 2592 inflati
1457 2557 1564 2601 sunt,
1585 2552 1655 2593 sed
1674 2552 1883 2593 virtutem.
1920 2553 1956 2576 ’10
1976 2552 2068 2592 Νο11

163 2609 270 2650 enim
294 2608 336 2650 in
360 2621 543 2650 sermone
568 2613 629 2649 est
652 2621 821 2662 regnum
846 2608 933 2658 Dei,
960 2609 1031 2650 sed
1054 2609 1095 2649 in
1120 2609 1285 2651 Virtute.
1339 2612 1370 2634 '2¹
1395 2609 1503 2659 Quid
1528 2610 1677 2652 vultis?
1702 2611 1743 2651 in
1769 2610 1881 2664 virga
1906 2609 2068 2650 veniam

163 2668 217 2710 ad
243 2680 328 2717 vos,
360 2680 412 2709 an
439 2666 480 2707 in
510 2666 721 2716 charitate,
753 2672 794 2708 et
822 2667 968 2721 spiritu
995 2667 1346 2710 mansuetudinis?

307 2783 379 2835 II.
417 2783 815 2849 Reprehensio
854 2783 1135 2834 vitiorum
1171 2785 1549 2849 reliquorum,
1588 2785 1636 2843 5,
1663 2784 1813 2846 1—6,
1838 2783 1927 2835 20.

555 2871 593 2912 1.
623 2871 893 2912 Tolerantiae
922 2872 1216 2924 peccatorum
1247 2873 1454 2923 nefastae,
1483 2872 1523 2923 5,
1541 2873 1687 2912 1—13.

267 2941 305 2984 5.
359 2943 374 2965 1
403 2940 579 2982 Omnino
603 2941 770 2983 auditur
792 2944 898 2983 inter
922 2956 993 2984 vos
1018 2943 1245 2989 fornicatio,
1273 2950 1314 2984 et
1339 2943 1430 2984 talis
1455 2942 1682 2988 fornicatio.
1711 2942 1840 2996 qualis
1865 2956 1938 2985 nec
1961 2944 2237 2985 inter-IncestuS

163 3000 325 3045 Gentes,
356 2999 416 3040 ita
443 3006 490 3040 ut
529 3005 710 3041 fuxorem
738 3000 866 3053 patris
895 3000 957 3041 sui
986 3001 1130 3055 aliquis
1159 3002 1321 3043 habeat.
1380 3004 1394 3026 '²
1423 3002 1479 3042 Et
1508 3015 1580 3043 vos
1609 3001 1740 3042 inflati
1769 3002 1883 3043 estis:
1914 3007 1955 3043 et
1983 3016 2064 3043 non
2089 2988 2254 3048 “uffissi‘m'

162 3058 290 3112 magis
314 3057 471 3099 luctum
497 3057 696 3099 habuistis
722 3064 769 3099 ut
793 3058 964 3100 tollatur
988 3060 1037 3100 de
1062 3060 1196 3102 medio
1222 3066 1403 3101 vestrum
1431 3060 1500 3113 qui
1524 3060 1601 3101 hoc
1627 3073 1727 3113 opus
1752 3060 1860 3102 fecit.
1914 3063 1928 3085 3
1958 3061 2064 3114 &Ego
2087 3065 2252 3118 ⁹{ffiss¹t¹g‡¹¹·

164 3117 327 3170 quidem
363 3116 506 3157 absens
541 3130 718 3170 corpore,
755 3130 928 3170 praesens
963 3124 1102 3160 autem
1136 3118 1293 3172 spiritu,
1330 3119 1410 3158 iam
1444 3118 1622 3159 iudicavi
1656 3123 1703 3159 ut
1735 3131 1921 3171 praesens.
1958 3132 2062 3164 eum.
2225 3113 2230 3121 ’

165 3175 233 3229 qui
262 3174 317 3216 sic
347 3179 537 3227 operatus
567 3181 640 3224 est,
697 3177 712 3199 ⁴
740 3175 781 3215 in
811 3176 973 3217 nomine
1002 3177 1168 3218 Domini
1197 3176 1325 3218 nostri
1357 3176 1447 3217 Iesu
1477 3176 1636 3225 Christi,
1669 3177 1921 3230 congregatis
1951 3177 2066 3218 vobis

163 3238 205 3274 et
231 3247 321 3275 meo
350 3232 506 3286 spiritu,
538 3246 630 3273 cuin
658 3233 811 3274 virtute
838 3234 1005 3275 Domini
1033 3235 1163 3277 nostri
1194 3236 1295 3284 Iesu,
1352 3237 1367 3260 ⁵
1396 3235 1554 3276 tradere
1583 3235 1816 3276 huiusmodi
1844 3241 1998 3276 satanae
2025 3235 2066 3275 in

163 3291 374 3333 interitum
404 3290 545 3339 earnis,
576 3296 623 3331 ut
651 3291 815 3345 spiritus
844 3292 980 3335 salvus
1009 3293 1062 3335 sit
1088 3294 1131 3335 in
1159 3293 1222 3335 die
1250 3293 1416 3335 Domini
1443 3293 1573 3335 nostri
1603 3294 1693 3335 Iesu
1722 3293 1881 3335 Christi.

295 3368 336 3426 17
356 3392 431 3425 aInf
455 3392 485 3431 6,
512 3393 567 3429 19:
595 3394 614 3426 2
639 3393 703 3428 eor
727 3394 756 3434 6,
783 3394 834 3428 16.
861 3415 902 3418 -
927 3396 968 3429 19
987 3396 1069 3430 bIob
1088 3396 1119 3436 5,
1146 3396 1197 3431 13.
1223 3417 1265 3420 -
1289 3396 1332 3430 20
1353 3396 1414 3431 cPs
1437 3396 1491 3437 93,
1517 3399 1568 3431 11.
1595 3417 1637 3420 -
1661 3396 1692 3437 4.
1717 3397 1734 3430 1
1760 3397 1800 3429 <12
1825 3396 1888 3429 eor
1913 3395 1942 3430 6.
1968 3395 1996 3427 4.
2023 3413 2065 3418 κ

163 3437 206 3472 12
232 3438 316 3472 eAet
339 3439 391 3480 20,
416 3439 473 3479 342
501 3441 517 3473 1
545 3440 631 3474 Thes
656 3441 687 3480 2,
712 3441 747 3481 9;
774 3442 793 3474 2
818 3441 905 3475 Thes
929 3442 960 3481 3,
985 3442 1015 3476 8.
1043 3463 1083 3467 —
1108 3444 1139 3484 5,
1176 3444 1194 3477 1
1222 3443 1285 3476 va
1311 3443 1364 3484 18,
1391 3444 1408 3476 7
1433 3454 1475 3478 s.:
1502 3444 1554 3484 20,
1581 3445 1631 3476 11.
1660 3463 1701 3466 ψ
1726 3443 1746 3475 3
1771 3442 1847 3475 gCol
1873 3442 1902 3480 2,
1928 3442 1957 3473 5.
