2356 3760
819 141 959 176 RATIO
985 141 1129 176 HUIUS
1154 141 1393 176 EDITIONIS
1987 144 2050 185 XI

169 235 347 276 defensio
373 235 481 289 apud
503 247 581 281 eos,
606 233 674 288 qui
704 247 768 275 me
798 234 1061 288 interrogant,
1093 233 1177 274 haec
1208 239 1285 275 est:
1334 233 1569 286 4Numquid
1600 247 1680 274 non
1710 234 1906 277 habemus
1939 242 2051 290 pote-

168 299 315 335 statem
346 292 618 334 manducandi
649 298 689 333 et
719 292 932 333 bibendi?“
989 292 1144 333 Deinde
1175 305 1264 346 pag.
1297 293 1371 333 239
1401 292 1579 345 exponit,
1612 305 1760 333 nexum
1791 307 1979 336 versuum
2011 296 2050 336 in

168 351 418 393 Clenientina
437 350 659 392 indicatum
682 364 706 391 a
724 351 924 392 modernis
945 350 1026 392 fere
1047 350 1232 391 omnibus
1254 350 1435 404 relinqui,
1459 350 1527 404 qui
1547 363 1707 391 versum
1727 351 1762 391 3.
1786 364 1866 392 non
1887 366 1978 394 cum
1999 355 2048 403 4.,

168 410 237 451 sed
264 423 354 451 cum
383 411 417 450 2.
447 409 708 463 coniungunt.
764 409 818 450 Et
845 423 946 458 ecce,
976 414 1055 450 tres
1083 409 1277 450 editiones
1306 409 1514 463 originales
1542 408 1801 450 Clementinae
1829 423 1966 463 reapse
1993 412 2051 452 ita

168 481 304 509 versus
342 472 531 516 nectunt;
570 467 625 508 ibi
662 467 768 508 enim
807 467 1044 521 impressum
1084 467 1297 509 habemus:
1337 481 1458 516 „nam
1497 467 1746 521 signaculum
1787 467 2050 521 Apostolatus

168 526 243 567 mei
269 539 339 566 vos
369 526 462 567 estis
492 526 532 566 in
557 526 744 567 Domino.
776 528 899 568 3mea
927 526 1104 567 defensio
1135 526 1244 579 apud
1274 539 1351 575 eos,
1381 526 1448 579 qui
1478 539 1541 567 mc
1570 526 1833 579 interrogant,
1864 526 1948 567 haec
1977 533 2049 569 est.

167 587 181 609 ‘¹
202 584 410 638 Numquid
437 584 538 625 etc.“
592 584 703 625 Inter
729 597 889 625 versum
917 586 951 626 2.
976 590 1017 626 et
1043 585 1078 626 3.
1105 591 1165 625 est
1192 590 1390 638 punctum
1417 584 1562 633 minus,
1591 584 1696 625 inter
1722 585 1756 625 3.
1787 589 1828 625 et
1854 585 1889 626 4.
1915 590 2050 625 autem

168 648 365 696 punctum
396 643 543 683 maius:
577 656 667 697 ergo
699 656 836 684 versus
868 644 903 685 2.
937 648 978 684 et
1008 644 1042 684 3.
1077 648 1307 684 nectuntur.
1368 643 1504 683 Nexus
1536 656 1560 683 a
1590 642 1759 696 Cornely
1790 642 2051 697 impugnatus

166 701 206 742 in
231 701 347 742 malis
373 700 616 742 editionibus
642 701 901 742 Clementinae
926 701 1142 743 invenitur.
1170 727 1219 730 —
1248 701 1359 742 ldem
1400 701 1429 742 C
1447 715 1468 742 o
1486 714 1505 741 r
1522 714 1547 741 11
1564 714 1584 741 0
1601 700 1614 741 l
1630 714 1656 754 y
1696 701 1736 741 in
1763 702 2052 743 commentario

166 760 218 800 ad
238 761 260 800 2
280 760 356 801 Cor
375 761 409 809 1,
432 760 480 800 13
497 774 526 801 s.
549 773 638 813 pag.
660 760 710 800 30
730 765 889 801 textum
911 760 1094 814 Vulgatae
1114 760 1168 801 sic
1189 759 1417 813 descripsit:
1454 760 1603 813 „Spero
1624 764 1774 808 autem,
1798 760 1907 813 quod
1927 774 2052 814 usque

166 818 205 859 in
226 818 347 859 finem
367 818 626 871 cognoscetis.
677 820 708 843 ¹4
727 819 841 860 Sicut
861 819 1105 872 cognovistis
1127 832 1198 859 nos
1220 832 1269 859 ex
1289 824 1417 872 parte,
1441 818 1549 872 quod
1569 818 1695 872 gloria
1715 823 1852 859 vestra
1872 819 2051 859 511111115.“

165 877 313 918 Postea
338 890 428 931 pag.
457 877 507 917 35
535 877 799 925 demonstrat,
829 877 1171 918 constructionem
1200 877 1525 931 interpunctione
1554 877 1806 918 (Jlenientina
1832 877 2052 918 indicatam

166 935 323 976 duobus
345 935 610 976 incommodis
632 935 826 981 laborare,
852 942 891 977 et
915 936 1060 977 rectius
1086 950 1206 976 unam
1230 936 1474 977 sententiam
1498 935 1733 976 continuam
1757 936 2052 989 agnoscendam

166 1008 261 1044 esse,
290 994 353 1035 cui
381 993 505 1035 verba
530 994 660 1042 „sicut
687 1001 727 1035 et
754 995 998 1048 cognovistis
1027 1008 1097 1035 nos
1125 1008 1173 1035 ex
1201 995 1341 1048 parte“
1370 994 1646 1047 parenthetice
1673 993 1825 1035 inserta
1851 994 1944 1035 sint.
2001 994 2055 1035 Et

166 1053 269 1098 vide,
296 1052 379 1094 haec
404 1053 650 1094 constructio
675 1052 715 1093 in
742 1053 869 1094 tribus
895 1053 1139 1094 editionibus
1164 1053 1424 1094 Clementinae
1448 1052 1707 1107 originalibus
1732 1053 1812 1093 iam
1837 1052 2052 1101 indica-tur,

166 1111 234 1152 ubi
256 1111 441 1165 legimus:
466 1112 616 1165 „Spero
640 1117 777 1152 autem
802 1112 910 1165 quod
934 1126 1060 1165 usque
1084 1112 1123 1152 in
1147 1112 1267 1153 finem
1292 1112 1550 1166 cognoscetis,
1577 1114 1608 1136 ¹4
1626 1111 1730 1152 sicut
1753 1116 1793 1152 et
1811 1111 2054 1165 cognovistis

165 1183 236 1211 nos
262 1183 310 1211 ex
335 1175 463 1223 parte,
491 1170 599 1224 quod
622 1170 749 1224 gloria
774 1176 909 1212 vestra
932 1171 1110 1212 sumus.“
1163 1171 1418 1212 Constructio
1445 1170 1707 1217 (i'lmnontina,
1736 1184 1858 1223 quam
1884 1170 2054 1222 Cornely

164 1228 432 1282 impugnavit,
461 1228 501 1269 in
530 1229 644 1269 malis
674 1234 837 1270 tantum
866 1229 1110 1271 editionibus
1139 1230 1346 1283 reperitur.
1403 1254 1451 1257 —
1498 1229 1535 1269 K
1553 1228 1727 1269 aulen
1771 1228 1810 1268 in
1844 1229 2054 1282 aopusculo

165 1301 236 1328 suo
265 1287 313 1327 de
343 1287 547 1328 latinitate
578 1287 761 1341 Vulgatae
792 1302 880 1342 pag.
914 1290 959 1329 11
992 1288 1144 1334 asserit,
1176 1288 1215 1328 in
1247 1287 1498 1328 clementina.
1527 1287 1641 1328 initio
1671 1286 1886 1328 cuiuslibet
1916 1300 2054 1328 versus

164 1346 341 1387 litteram
366 1346 630 1387 maiusculam
655 1347 843 1399 conspici,
871 1352 911 1387 et
935 1346 1139 1387 numerale
1165 1347 1412 1400 .,quattuor“
1437 1359 1594 1400 semper
1618 1359 1710 1386 cum
1736 1351 1753 1386 t
1778 1346 1895 1387 unico
1921 1346 2050 1386 scribi.

166 1405 347 1458 Utraque
387 1405 552 1445 assertio
592 1404 693 1446 falsa
731 1411 808 1445 est:
849 1405 888 1445 in
928 1405 1223 1458 exemplaribus
1264 1405 1521 1455 originalibus
1562 1404 1766 1445 numerale
1806 1406 2053 1458 „quattuor”

164 1476 320 1517 semper
344 1477 435 1504 cum
461 1468 478 1504 t
502 1463 652 1517 duplici
676 1463 876 1513 scribitur,
903 1469 944 1505 et
969 1464 1083 1504 initio
1110 1477 1297 1505 versuum
1324 1478 1427 1517 saepe
1453 1463 1590 1505 littera
1614 1463 1841 1504 minuscula
1865 1463 2050 1505 habetur.

166 1522 467 1563 Vercelloniana
495 1522 670 1563 editione
702 1522 860 1563 Kaulen
890 1522 930 1563 in
960 1536 1132 1563 errorem
1163 1523 1353 1564 inductus
1383 1528 1454 1564 est.

268 1597 395 1638 Nemo
432 1602 492 1638 est
529 1597 596 1650 qui
633 1597 841 1648 infitietur,
880 1598 1209 1652 orthographiam
1247 1604 1287 1639 et
1325 1598 1691 1651 interpunctionem
1730 1597 1915 1651 Vulgata}
1952 1596 2054 1637 seria
2081 1606 2229 1646 orthogra-

165 1655 402 1710 probatione
429 1660 552 1709 atque
577 1657 690 1710 gravi
719 1657 945 1698 mutatione
974 1657 1166 1712 indigere,
1197 1662 1240 1698 at
1267 1657 1350 1698 haec
1377 1657 1552 1698 mutatio
1581 1670 1660 1697 non
1690 1670 1713 1697 a
1740 1656 1834 1697 viris
1866 1642 2261 1710 bprivatismlssfssgffigssffi,

164 1715 203 1755 in
227 1714 402 1756 editione
424 1715 675 1756 Clementina
697 1717 837 1770 (quam
862 1716 916 1757 sic
940 1722 1051 1757 veste
1074 1730 1147 1756 sua
1170 1716 1332 1770 propria
1354 1716 1559 1769 spoliant),
1584 1715 1653 1756 sed
1678 1715 1728 1756 ab
1753 1714 2055 1756 internationali
2070 1714 2260 1774 ffissssifffiffi-

164 1773 442 1815 commissione
476 1773 745 1815 ecclesiastica
778 1774 818 1815 in
854 1788 961 1816 nova
995 1775 1169 1816 editione
1206 1774 1389 1829 Vulgata}
1424 1774 1506 1815 fieri
1542 1774 1673 1815 debet.
1737 1774 1913 1815 Mutatio
1949 1773 2055 1814 enim
2094 1768 2229 1826 1111551611·-

165 1832 459 1887 orthographiae
487 1838 527 1873 et
555 1833 892 1887 interpunctionis
921 1833 1139 1875 maioribus
1169 1833 1345 1875 obnoxia
1373 1839 1434 1875 est
1463 1832 1775 1874 difficultatibus
1806 1846 1929 1887 quam
1958 1845 2056 1873 non·
2076 1821 2241 1849 d⁰¹¹n¹³t¹¹¹²

164 1891 261 1932 nulli
290 1891 450 1932 acriculi
479 1892 671 1945 cogitant.

266 1967 326 2008 De
355 1967 644 2021 orthographia
671 1967 819 2008 Latina
847 1973 1027 2022 tempore
1056 1968 1328 2009 recentissimo
1357 1968 1488 2009 multa
1516 1966 1744 2020 conscripta
1771 1971 1812 2007 et
1841 1972 2054 2019 tamquam
2125 1975 2194 2006 quia

164 2039 271 2067 nova
290 2026 505 2067 venditata
525 2031 631 2073 sunt,
656 2040 745 2080 quae
765 2027 989 2067 Germanus
1012 2027 1236 2080 philologus
1274 2027 1305 2067 B
1324 2040 1342 2067 r
1359 2040 1382 2067 a
1399 2040 1438 2067 m
1458 2026 1482 2067 b
1501 2040 1524 2066 a
1541 2039 1560 2067 c
1578 2026 1603 2066 h
1640 2025 1719 2065 iam
1741 2029 1837 2065 ante
1857 2025 1906 2065 45
1929 2038 2055 2065 annos
2099 2010 2220 2076 gffffi‘a

162 2084 306 2126 litteris
337 2084 656 2139 consignaverat.
717 2085 778 2125 Ex
816 2086 1033 2139 copusculis
1065 2086 1147 2126 eius
1180 2085 1349 2139 quilibet
1379 2085 1528 2126 discere
1560 2088 1706 2138 potest,
1740 2097 1863 2137 quam
1894 2083 2056 2124 incertae
2079 2088 2239 2142 2¹3}ssssssssss

163 2144 244 2184 sint
280 2143 418 2184 multae
455 2157 515 2184 res
553 2143 883 2197 orthographicae.
948 2144 1026 2185 Sed
1064 2144 1276 2185 audiamus
1317 2144 1465 2185 Italum
1504 2143 1634 2184 virum
1673 2142 1852 2191 doctum,
1906 2142 2052 2190 (leci,
2130 2153 2186 2178 fuit

163 2202 426 2256 professorem
457 2201 497 2242 in
528 2202 635 2256 regia
666 2202 930 2244 universitate
964 2204 1159 2245 Romana.
1221 2203 1297 2243 Hic
1328 2203 1367 2243 in
1401 2202 1688 2256 dgrammatica
1719 2201 1867 2241 Latina
1897 2199 2053 2242 scribit:

163 2261 238 2309 „In
268 2260 440 2302 materia
469 2260 509 2302 di
541 2261 757 2315 ortografia
786 2261 915 2303 latina
946 2275 1026 2303 una
1057 2268 1167 2303 certa
1196 2261 1341 2303 liberta
1372 2261 1462 2302 dev'
1495 2274 1621 2302 essere
1652 2273 1841 2301 concessa
1880 2272 1904 2300 a
1941 2259 2053 2307 tutti,

164 2320 243 2360 fino
272 2333 295 2360 a
322 2319 394 2361 che
423 2333 475 2360 un
505 2333 687 2361 consesso
716 2320 757 2360 di
785 2320 891 2361 dotti
919 2334 999 2361 non
1028 2320 1108 2361 fissi
1136 2320 1382 2371 l'ortografia
1409 2333 1479 2373 per
1507 2320 1518 2360 i
1547 2319 1641 2361 testi
1669 2317 1861 2360 destinati
1891 2317 1928 2359 al
1954 2330 2054 2371 gran

163 2378 352 2432 pubblico
373 2392 392 2419 e
410 2391 480 2431 per
498 2377 524 2418 il
541 2378 668 2420 latino
687 2379 891 2420 moderno.
926 2379 957 2420 Il
977 2379 1104 2420 latino
1124 2393 1203 2420 non
1224 2379 1323 2420 ebbe
1344 2379 1383 2419 in
1404 2392 1549 2420 nessun
1570 2383 1707 2431 tempo
1724 2377 1839 2418 unita
1857 2376 1897 2417 di
1914 2376 2051 2430 grafia.

163 2437 197 2478 E
220 2451 392 2478 nessuno
415 2437 599 2478 scrittore
617 2462 665 2466 —
684 2438 733 2478 110
757 2438 819 2479 dei
843 2438 1047 2492 maggiori,
1074 2439 1123 2479 ne
1146 2438 1209 2479 dei
1239 2438 1382 2478 minori
1400 2464 1448 2467 —
1468 2437 1568 2478 miro
1593 2437 1672 2478 alla
1694 2435 1930 2477 uniformita
1952 2435 2057 2475 nella

164 2495 380 2550 ortografia
399 2496 600 2549 propria.“
648 2496 769 2537 Nuda
789 2496 929 2538 electio
951 2502 991 2538 et
1011 2502 1200 2538 constans
1222 2510 1316 2537 usus
1338 2496 1593 2550 quarundam
1614 2496 1836 2536 formarum
1856 2493 2056 2535 scribendi

164 2559 266 2596 teste
308 2553 556 2595 eBrambach
596 2554 857 2608 scriptoribus
898 2555 1053 2597 Latinis
1092 2555 1290 2603 „obscura
1329 2555 1561 2609 diligentia“
1602 2553 1867 2608 apparuisset.
1937 2552 2054 2593 Unde

163 2613 356 2667 sequitur,
389 2613 486 2667 quid
515 2613 564 2654 de
593 2614 907 2668 praesumptione
937 2614 1193 2655 sentiendum
1223 2614 1287 2663 sit,
1320 2614 1615 2667 Hieronymum
1644 2613 1831 2654 habuisse
1862 2611 2053 2660 „niodum

163 2671 361 2713 scribendi
386 2671 487 2713 bene
511 2672 683 2721 fixum“;
709 2677 770 2714 est
794 2673 928 2727 opinio
954 2673 1050 2714 ficta
1073 2678 1113 2714 et
1138 2686 1256 2714 vana.
1309 2672 1568 2726 Comparatio
1593 2672 1776 2713 codicum
1801 2670 2054 2717 Latinorum,

164 2730 308 2784 quibus
344 2730 621 2772 Wordsworth
656 2736 697 2772 et
731 2730 866 2773 White
902 2731 962 2772 usi
997 2737 1109 2781 sunt;
1146 2732 1270 2772 immo
1305 2731 1555 2785 comparatio
1591 2731 1769 2785 partium
1804 2729 2053 2770 diversarum

163 2789 340 2831 eiusdem
368 2789 514 2831 codicis
542 2803 589 2831 ea
614 2789 869 2840 confirmant,
899 2804 988 2845 quae
1015 2790 1244 2832 Brambach
1271 2795 1312 2832 et
1339 2790 1427 2831 Ceci
1455 2790 1503 2831 de
1531 2790 1728 2831 varietate
1757 2787 2053 2842 orthographiae

163 2848 321 2890 docent.

251 2971 268 2989 a
289 2962 522 3008 Sprachliches
547 2962 743 2997 Handbuch
768 2974 826 2997 zur
850 2963 1038 2997 biblischen
1063 2963 1220 3007 Vulgata.
1270 2963 1432 3007 Freiburg
1454 2962 1475 2996 i.
1503 2962 1558 2996 ΒΓ.
1584 2960 1679 2994 1904.

249 3011 267 3036 b
289 3010 324 3044 Si
344 3010 494 3044 Ecclesia
513 3021 582 3044 non
601 3010 792 3055 impedivit,
813 3010 994 3055 quominus
1015 3010 1160 3044 editores
1182 3010 1337 3055 Vulgatae
1357 3010 1576 3044 Clementinae
1596 3006 1875 3051 orthographiam
1896 3010 1931 3041 et
1950 3007 2052 3041 inter-

163 3056 381 3102 punctionem
406 3057 477 3091 eius
501 3060 688 3098 mutarent,
713 3060 830 3091 tamen
855 3068 923 3091 non
947 3057 1145 3097 declaravit,
1170 3057 1244 3091 illas
1269 3057 1435 3091 editiones
1460 3055 1631 3101 principiis
1657 3054 1739 3088 artis
1764 3053 1888 3088 criticae
1913 3065 2051 3088 consen-

162 3107 280 3138 taneas
298 3114 377 3137 esse.
420 3103 652 3138 Wordsworth
670 3107 705 3138 et
723 3104 837 3138 White
856 3108 891 3138 et
907 3104 1024 3138 Nestle
1042 3104 1166 3148 aliique
1184 3104 1247 3138 viri
1265 3104 1369 3143 docti,
1389 3114 1534 3148 quorum
1551 3101 1676 3136 iudicia
1693 3100 1819 3141 audivi,
1839 3104 1912 3135 arte
1931 3104 2051 3135 tenent

162 3154 386 3195 accurateque
400 3150 600 3191 defendunt,
616 3151 863 3185 Clementinam
877 3151 947 3185 sine
968 3151 1211 3195 orthographia
1230 3154 1264 3184 et
1282 3150 1557 3195 interpunctione
1577 3148 1713 3194 propria
1733 3148 1905 3192 principiis
1926 3148 2051 3181 criticis

162 3209 230 3232 non
251 3197 463 3242 respondere.
508 3198 597 3240 Quid
619 3198 761 3232 mirum?
809 3198 894 3243 Ipsae
917 3198 1158 3242 ephemerides,
1180 3209 1248 3231 non
1269 3198 1380 3231 solum
1402 3197 1618 3237 „criticorum
1640 3195 1908 3229 Germanorunr‘
1933 3205 2050 3228 verum

162 3245 264 3278 etiam
289 3245 466 3285 italorum,
488 3245 615 3289 scripta
636 3245 732 3279 varia
752 3256 830 3279 cum
853 3245 1009 3279 omnibus
1032 3245 1198 3279 erroribus
1221 3244 1490 3289 orthographicis
1513 3244 1633 3283 citant,
1657 3244 1697 3276 ut
1718 3241 1904 3276 subtilitati
1926 3242 2050 3275 criticae

161 3292 384 3325 satisfaciant.

255 3346 269 3364 0
292 3338 354 3372 Die
372 3337 646 3381 Neugestaltung
665 3337 724 3371 der
742 3337 980 3372 Lateinischen
995 3338 1244 3382 Orthographie
1262 3338 1297 3371 in
1315 3337 1423 3370 ihrem
1439 3336 1650 3370 Verhaltniss
1670 3345 1728 3368 zur
1746 3333 1877 3368 Schule.
1914 3333 2047 3377 Leipzig

163 3385 257 3418 1868.
284 3405 325 3409 —
351 3384 613 3418 Hiilfsbiichlein
636 3385 691 3417 fiir
715 3384 927 3419 Lateinische
953 3385 1276 3429 Rechtschreibung.
1326 3384 1461 3428 Leipzig
1487 3383 1580 3417 1884.

249 3432 268 3457 d
292 3432 392 3465 Parte
418 3430 448 3465 I:
474 3431 683 3475 Morfologia.
733 3431 844 3465 Roma
867 3432 962 3472 1905,
988 3444 1063 3477 pag.
1089 3432 1119 3465 8.

254 3487 268 3504 e
293 3477 552 3512 Hiilfsbiichlein
576 3479 630 3512 fiir
655 3478 866 3513 Lateinische
893 3478 1216 3524 Rechtschreibung,
1243 3489 1316 3523 pag.
1345 3477 1402 3511 v1.
