2356 3760
118 108 148 147 1,
174 107 272 146 9—1,
301 107 339 140 21
761 107 1158 141 LAMENTATIONES
1186 107 1400 142 IEREMIAE
1946 114 2021 153 777

1003 205 1139 238 TETH.

133 260 148 282 9
168 258 313 299 Sordes
343 258 427 299 eius
455 259 497 299 in
525 258 697 312 pedibus
726 258 822 305 eius,
1136 272 1208 300 nec
1237 260 1452 301 recordata
1480 266 1542 301 est
1571 261 1660 302 finis
1690 262 1768 302 sui:

168 317 355 369 deposita
384 322 445 358 est
473 317 746 365 vehementer,
1136 331 1217 359 non
1246 319 1401 359 habens
1431 319 1746 361 consolatorem:

167 375 260 416 vide
288 375 463 418 Domine
493 374 755 416 affiictionem
785 387 930 423 meam,
1136 377 1329 429 quoniam
1360 383 1516 418 erectus
1546 383 1607 419 est
1636 378 1834 421 inimicus.

1023 449 1117 484 IOD.

115 506 151 527 ¹⁰
167 504 335 545 Manum
364 516 481 544 suam
509 503 620 543 misit
649 503 777 544 hostis
1136 505 1188 544 ad
1218 506 1355 546 onmia
1384 506 1667 547 desiderabilia
1696 508 1796 548 eius:

168 562 263 615 quia
292 562 397 602 vidit
426 562 577 602 Gentes
1135 563 1333 616 ingressas
1363 565 1641 605 sanctuarium
1672 579 1802 615 suum,

167 621 215 661 de
246 620 393 674 quibus
423 632 669 673 praeceperas
699 633 748 660 ne
778 620 980 662 intrarent
1137 621 1178 661 in
1208 622 1416 663 ecclesiam
1446 628 1573 665 tuam.

1001 696 1136 729 CAPH.

114 751 144 773 ¹¹
166 749 308 790 Omnis
338 748 512 802 populus
542 748 626 789 eius
654 762 831 802 gemens,
1137 756 1178 791 et
1208 763 1389 804 quaerens
1419 764 1585 804 panem:

166 808 367 848 dederunt
395 807 574 861 pretiosa
604 820 774 861 quaeque
804 821 876 861 pro
907 808 995 849 cibo
1137 809 1189 850 ad
1217 809 1523 850 refocillandam
1554 810 1744 851 animam.

165 866 258 907 vide
287 865 461 907 Domine
491 870 531 906 et
562 866 783 914 considera,
1137 868 1330 921 quoniam
1359 868 1472 909 facta
1500 881 1590 908 sum
1620 868 1720 910 vilis.

982 976 1156 1009 LAMED.

113 1031 144 1054 ¹2
165 1029 199 1070 O
229 1043 301 1071 vos
331 1042 481 1077 omnes⁷
515 1029 584 1082 qui
614 1029 796 1070 transitis
825 1042 897 1082 per
925 1030 1047 1075 viam,
1135 1031 1349 1075 attendite,
1382 1036 1422 1072 et
1452 1031 1587 1072 videte
2076 1032 2178 1093 ifjtsjgn

165 1089 196 1129 si
226 1093 287 1129 est
316 1087 430 1129 dolor
459 1087 562 1128 sicut
592 1087 707 1129 dolor
735 1101 866 1129 meus:
1136 1090 1329 1143 quoniam
1358 1090 1627 1130 vindemiavit
1657 1102 1721 1131 me
2067 1082 2185 1141 «faigm.

165 1152 211 1187 ut
239 1147 399 1188 locutus
429 1152 490 1187 est
519 1146 719 1187 Dominus
1134 1148 1174 1188 in
1204 1148 1267 1188 die
1296 1148 1364 1189 irae
1393 1148 1537 1189 furoris
1568 1148 1640 1188 sui.
2072 1140 2179 1197 ἲζῗῇζζξξ·

1008 1216 1122 1250 ΜΕΜ.
2049 1208 2200 1237 (1111111111ῑὲ

114 1272 144 1294 ¹³
164 1270 225 1310 De
243 1270 399 1311 excelso
417 1269 528 1310 misit
545 1269 679 1323 ignem
696 1269 737 1310 in
755 1270 911 1311 ossibus
929 1270 1039 1314 meis,
1133 1276 1174 1311 et
1203 1271 1381 1311 erudivit
1410 1283 1491 1310 me:
2042 1244 2209 1325 ξψῖἶῖἐιφιιιγ

164 1328 361 1382 expandit
390 1334 475 1369 rete
504 1328 676 1381 pedibus
706 1328 815 1375 meis,
1133 1329 1337 1369 convertit
1365 1342 1430 1369 me
1459 1334 1698 1370 retrorsum:
2032 1315 2218 1338 “³¹¹⁸‘'“Hffl'

164 1388 302 1441 posuit
330 1400 394 1427 me
424 1386 661 1430 desolatam,
1134 1392 1225 1428 tota
1254 1387 1318 1427 die
1346 1400 1518 1428 moerore
1549 1387 1789 1429 confectam.

1011 1455 1124 1489 NUN.

114 1512 143 1534 ¹4
164 1509 359 1564 vigilavit
376 1510 515 1563 iugum
534 1508 801 1562 iniquitatum
820 1522 1022 1550 mearum:
1135 1510 1174 1549 in
1205 1523 1330 1550 manu
1360 1510 1443 1550 eius

164 1568 395 1609 convolutae
411 1572 519 1613 sunt,
539 1572 580 1608 θῖ
596 1567 799 1621 impositae
816 1567 916 1609 collo
935 1581 1043 1609 meo:
1134 1568 1342 1609 infirmata
1370 1573 1431 1609 est
1461 1569 1590 1609 virtus
1620 1581 1728 1608 mea:

164 1627 278 1668 dedit
306 1640 370 1667 me
399 1626 600 1668 Dominus
630 1626 670 1666 in
700 1639 837 1669 manu.
1135 1628 1184 1667 (le
1214 1640 1296 1680 qua
1324 1640 1405 1668 non
1434 1632 1575 1680 potero
1606 1640 1774 1680 surgere.

965 1701 1164 1735 SAMECH.

113 1758 143 1781 ¹⁵
164 1755 348 1797 Abstulit
377 1768 515 1797 omnes
545 1755 780 1808 magnificos
810 1768 920 1796 meos
1082 1752 1085 1755 ’
1134 1756 1333 1797 Dominus
1364 1756 1412 1796 de
1442 1755 1574 1796 medio
1605 1755 1701 1795 mei:

164 1815 330 1856 vocavit
359 1815 576 1855 adversum
605 1827 669 1854 me
700 1819 874 1867 tempus,
1133 1820 1180 1855 ut
1209 1820 1437 1856 contereret
1465 1814 1612 1855 electos
1642 1827 1770 1855 meos:

164 1873 342 1915 torcular
371 1873 546 1914 calcavit
574 1873 775 1914 Dominus
1134 1873 1278 1926 virgini
1308 1873 1399 1914 filiae
1430 1874 1543 1914 Iuda.

1022 1941 1114 1976 AIN.

114 1998 147 2021 ¹⁶
168 1996 343 2038 aIdcirco
374 2009 445 2049 ego
475 1995 650 2049 plorans.
1133 2002 1173 2037 et
1203 1997 1341 2037 oculus
1371 2009 1484 2036 meus
1514 1996 1717 2036 deducens
1747 2009 1892 2050 aquas:

166 2055 262 2109 quia
288 2054 406 2107 longe
434 2054 568 2095 factus
599 2059 659 2094 est
689 2067 713 2094 a
741 2067 805 2094 me
835 2054 1075 2097 consolator.
1135 2060 1375 2096 convertens
1405 2055 1584 2095 animam
1613 2067 1764 2095 meam:

163 2114 261 2155 facti
291 2118 387 2154 sunt
417 2113 486 2153 filii
515 2113 593 2153 mei
622 2112 782 2166 perditi,
1133 2113 1326 2167 quoniam
1355 2113 1531 2154 invaluit
1560 2113 1758 2155 inimicus.

1012 2188 1119 2221 PHE.

112 2245 145 2267 ¹⁷
163 2242 375 2296 Expandit
405 2241 500 2283 Sion
529 2254 675 2282 manus
705 2254 809 2289 suas
1132 2255 1214 2283 non
1243 2247 1304 2283 est
1335 2242 1403 2296 qui
1433 2243 1662 2284 consoletur
1691 2255 1798 2283 eam:

163 2300 379 2342 mandavit
407 2300 608 2342 Dominus
638 2300 855 2341 adversum
886 2300 1009 2341 Iacob
1132 2300 1172 2340 in
1202 2301 1373 2341 circuitu
1403 2301 1486 2341 eius
1515 2301 1652 2342 hostes
1682 2301 1783 2341 eius:

163 2360 275 2401 facta
303 2364 364 2400 est
395 2358 613 2400 Ierusalem
1133 2359 1247 2413 quasi
1276 2359 1434 2413 polluta
1462 2360 1680 2400 menstruis
1710 2360 1814 2400 inter
1843 2371 1920 2400 eos.

996 2433 1129 2467 SADE.

112 2490 146 2512 ¹⁸
166 2488 302 2529 Iustus
331 2493 392 2528 est
421 2487 633 2535 Dominus,
1132 2488 1227 2541 quia
1251 2501 1293 2529 os
1319 2488 1402 2528 eius
1428 2488 1480 2528 ad
1504 2488 1756 2529 iracundiam
1781 2486 2014 2541 provocavi.

164 2546 302 2588 audite
332 2546 496 2587 obsecro
526 2545 702 2586 universi
732 2545 883 2600 populi,
1131 2552 1171 2587 et
1200 2546 1337 2587 videte
1367 2547 1546 2588 dolorem
1575 2559 1730 2587 meum:

163 2605 337 2659 virgines
366 2617 476 2653 meae,
509 2610 550 2644 et
578 2604 744 2645 iuvenes
773 2604 852 2645 mei
1131 2605 1320 2646 abierunt
1348 2606 1388 2646 in
1419 2605 1717 2658 captivitatem.

994 2674 1129 2709 COPH.

112 2730 146 2754 ¹⁹
163 2728 317 2770 Vocavi
347 2727 496 2769 amicos
525 2740 648 2775 meos
1130 2734 1170 2769 et
1199 2728 1275 2782 ipsi
1305 2729 1552 2782 deceperunt
1580 2741 1662 2768 me:

163 2787 392 2828 sacerdotes
421 2786 512 2835 mei,
544 2791 585 2827 et
614 2798 726 2827 senes
756 2786 835 2827 mei
1130 2787 1171 2828 in
1200 2787 1299 2828 urbe
1329 2786 1560 2840 consumpti
1590 2792 1703 2826 sunt:

165 2845 260 2899 quia
289 2845 535 2898 quaesierunt
563 2845 699 2886 cibum
729 2844 805 2885 sibi
1129 2851 1177 2886 ut
1205 2846 1475 2887 refocillarent
1505 2845 1683 2886 animam
1713 2857 1841 2885 suam.

1015 2914 1112 2949 RES.

111 2962 147 2993 '³¹’
163 2968 265 3010 Vide
293 2967 468 3008 Domine
499 2967 692 3020 quoniam
721 2967 904 3016 tribulor,
1131 2969 1400 3010 conturbatus
1430 2973 1491 3009 est
1520 2972 1662 3008 venter
1690 2980 1821 3008 meus:

164 3027 405 3068 subversum
422 3030 483 3066 est
501 3038 568 3067 cor
584 3039 721 3066 meum
738 3026 779 3066 in
796 3026 1048 3080 memetipsa,
1131 3028 1324 3081 quoniam
1354 3026 1625 3067 amaritudine
1655 3025 1775 3079 plena
1803 3039 1904 3068 sum.

163 3085 259 3127 foris
287 3083 480 3126 interficit
508 3084 677 3137 gladius,
1130 3092 1171 3128 et
1200 3086 1310 3128 domi
1338 3097 1445 3126 mors
1475 3085 1613 3126 similis
1643 3091 1715 3126 est.

1019 3155 1105 3189 SIN.

111 3211 142 3233 2¹
162 3208 392 3250 Audierunt
422 3207 517 3261 quia
544 3207 761 3260 ingemisco
791 3221 875 3262 ego,
1128 3215 1169 3251 et
1198 3223 1279 3251 non
1309 3213 1369 3249 est
1399 3208 1468 3261 qui
1498 3207 1727 3249 consoletur
1755 3220 1837 3248 me:

163 3280 301 3308 omnes
313 3265 464 3308 inimici
476 3265 555 3306 mei
568 3266 785 3307 audierunt
796 3267 951 3308 malum
962 3281 1099 3309 meum
1128 3268 1256 3310 laetati
1285 3272 1392 3315 sunt,
1425 3266 1618 3320 quoniam
1647 3271 1694 3308 tu
1723 3266 1871 3307 fecisti:

164 3325 371 3367 adduxisti
400 3325 506 3366 diem
537 3324 835 3375 consolationis,
1127 3332 1167 3368 et
1197 3327 1297 3368 fient
1325 3325 1472 3366 similes
1501 3325 1591 3366 mei.

243 3403 516 3464 161ᾗ71ἠ4η176
