2356 3760
141 134 192 173 io,
219 134 359 172 18-11,
386 135 406 165 s
875 132 1130 165 sECUNDUM
1157 132 1313 166 LUCAM
1933 137 2033 178 1021

141 225 274 279 fulgur
295 226 344 265 de
367 225 461 266 caelo
485 225 709 265 cadentem.
761 226 794 248 1⁹
817 224 921 264 Ecce
944 224 1036 265 dedi
1058 224 1173 265 vobis
1196 229 1444 277 potestatem
1467 225 1649 266 calcandi
1673 240 1794 279 supra
1815 233 2032 281 serpentes,

140 289 181 324 et
203 284 443 337 scorpiones,
468 289 509 323 et
530 296 649 335 super
671 295 832 323 omnem
854 282 1051 322 virtutem
1073 282 1242 323 inimici:
1267 288 1307 323 et
1328 283 1427 323 nihil
1450 283 1565 324 vobis
1587 284 1760 325 nocebit.
1811 288 1846 310 2⁰
1867 286 2035 327 Verum—

141 349 278 382 tamen
300 342 340 382 in
363 343 438 383 hoc
460 341 584 382 nolite
605 341 779 394 gaudere
802 340 897 393 quia
918 341 1083 393 spiritus
1106 341 1221 381 vobis
1244 342 1531 382 subiiciuntur:
1554 342 1729 395 gaudete
1751 349 1900 393 autem,
1926 345 2035 397 quod

140 401 306 441 nomina
334 406 470 441 vestra
496 399 647 452 scripta
674 404 769 439 sunt
796 398 836 438 in
865 398 979 440 oaelis.

244 461 274 483 21
300 459 368 499 ain
388 459 477 511 ipsa
494 458 594 499 hora
613 457 816 497 exultavit
835 456 989 510 Spiritu
1010 464 1163 505 sancto,
1186 464 1227 498 et
1247 458 1368 499 dixit:
1392 459 1595 499 Confiteor
1615 459 1689 499 tibi
1710 465 1838 512 pater,
1859 460 2033 501 Domine
2063 460 2187 519 ‚wl'jflfgjj'
2201 502 2211 512 H

106 534 110 540 ·
139 517 223 558 eaeli
254 522 295 557 et
325 523 451 565 terrae,
486 516 595 569 quod
626 515 873 556 abscondisti
904 516 988 556 haec
1019 529 1043 556 a
1073 516 1336 568 sapientibus,
1380 523 1420 557 et
1450 517 1732 570 prudentibus,
1776 523 1817 558 et
1847 518 2033 558 revelasti
2056 504 2219 555 vinifito‘tu'ia

139 589 187 616 ea
216 575 406 628 parvulis.
440 575 578 615 Etiam
609 573 748 614 Pater:
783 575 975 627 quoniam
1006 574 1061 614 sic
1092 574 1246 627 placuit
1277 580 1371 615 ante
1403 580 1453 616 te.
1513 577 1544 599 22
1575 576 1724 616 Omnia
1753 576 1852 616 mihi
1882 576 2036 617 tradita

139 639 235 674 sunt
261 647 285 674 a
309 634 431 674 Patre
456 646 557 673 meo.
585 632 642 672 Et
666 645 784 673 nemo
811 633 887 673 scit
913 633 1001 685 quis
1027 633 1079 674 sit
1104 633 1241 681 Filius,
1269 634 1343 673 nisi
1369 634 1508 674 Pater:
1537 640 1577 674 et
1604 635 1691 687 quis
1717 635 1769 675 sit
1794 635 1928 681 Pater,
1960 635 2035 674 nisi

142 691 274 737 Filius,
307 699 348 733 et
377 692 440 732 eui
469 691 643 731 voluerit
671 691 795 731 Filius
825 691 1012 732 revelare.

243 752 274 775 ²²³
305 751 360 791 Et
390 762 606 790 conversus
638 749 689 789 ad
720 749 935 803 discipulos
967 763 1071 797 suos,
1104 750 1226 791 dixit:
1263 750 1401 791 bBeati
1433 751 1547 799 oculi,
1580 751 1648 803 qui
1675 751 1818 792 vident
1848 765 1937 804 quae
1964 754 2230 813 Vos<¹¹¹¹{Jg252131531x

139 809 297 850 videtis.
351 810 383 833 21
406 808 507 849 1)180
533 808 638 848 8111111
665 808 791 855 vobis,
820 809 926 862 quod
953 808 1071 849 multi
1096 809 1317 862 prophetae,
1345 814 1386 850 et
1409 822 1519 862 reges
1544 809 1762 850 voluerunt
1786 810 1921 850 videre
1948 823 2036 863 quae
2100 824 2179 848 «nen.

139 881 209 909 vos
237 868 395 911 videtis,
424 872 465 907 et
490 879 571 907 non
597 867 806 907 viderunt:
834 872 875 908 et
901 868 1039 907 audire
1066 881 1155 921 quae
1181 868 1342 909 auditis.
1371 874 1412 908 et
1437 881 1518 908 non
1545 868 1771 908 audierunt.

473 959 510 998 9.
542 958 766 999 Parabola
796 957 1070 999 Samaritani
1100 959 1425 1010 misericordis,
1452 960 1518 1009 10,
1535 936 1706 1001 25—5'7.

242 1032 273 1055 2⁵
309 1030 381 1071 CEt
409 1043 498 1070 ecce
528 1030 695 1083 quidam
724 1029 995 1083 Legisperitus
1024 1030 1198 1070 surrexit
1227 1036 1390 1071 tentans
1420 1030 1544 1079 illum,
1576 1034 1616 1070 et
1645 1029 1797 1070 dicens:
1830 1029 2034 1083 Magister,
2083 1032 2201 1056 ‘'⁶⁰³4“

139 1089 237 1142 quid
265 1089 449 1129 faciendo
480 1088 609 1128 vitam
638 1094 832 1128 aeternam
861 1088 1099 1141 possidebo?
1156 1090 1191 1112 26
1218 1089 1275 1129 At
1302 1089 1366 1129 ille
1395 1089 1500 1129 dixit
1528 1089 1580 1129 ad
1608 1101 1718 1128 eum:
1751 1088 1798 1127 111
1826 1088 1910 1141 lege
1940 1088 2037 1141 quid

137 1147 334 1201 scriptum
361 1146 445 1188 est?
474 1147 678 1200 quomodo
703 1146 823 1200 legis?
877 1148 911 1171 2⁷
939 1146 1009 1187 Ille
1034 1147 1280 1200 respondens
1306 1147 1428 1188 dixit:
1458 1147 1629 1200 dDiliges
1655 1146 1876 1188 Dominum
1902 1147 2035 1186 Deum

139 1212 257 1247 tuum
283 1219 333 1246 ex
359 1211 448 1246 toto
475 1205 594 1246 corde
620 1210 703 1249 tuo,
733 1211 774 1245 et
798 1218 848 1245 ex
875 1210 965 1246 tota
989 1205 1127 1245 anima
1152 1211 1235 1253 tua,
1264 1211 1305 1246 et
1330 1219 1380 1245 ex
1406 1206 1593 1246 omnibus
1620 1205 1773 1245 viribus
1800 1205 1891 1253 tuis,
1920 1210 1961 1245 et
1987 1218 2036 1245 ex

137 1264 247 1306 omni
267 1270 404 1304 mente
425 1270 515 1305 tua:
539 1270 579 1304 et
601 1264 831 1316 proximum
854 1272 972 1304 tuum
993 1264 1098 1305 sicut
1118 1264 1305 1317 teipsum.
1355 1265 1390 1287 ²⁸
1410 1264 1608 1316 Dixitque
1628 1263 1700 1303 illi:
1727 1264 1851 1303 Recte
1872 1276 2036 1315 respon-

137 1323 250 1364 disti:
278 1323 353 1364 hoc
378 1324 454 1370 fac,
482 1330 522 1363 et
548 1323 671 1363 vives.
726 1324 760 1346 2⁹
789 1322 857 1362 Ille
884 1327 1021 1362 autem
1048 1322 1186 1363 volens
1212 1322 1430 1362 iustificare
1456 1322 1644 1375 seipsum,
1672 1322 1776 1361 dixit
1802 1322 1853 1361 ad
1882 1321 2032 1361 lesum:

138 1382 192 1422 Et
222 1382 310 1434 quis
340 1388 401 1421 est
429 1394 542 1422 meus
572 1380 804 1433 proximus?

241 1442 277 1464 ³⁰
308 1439 535 1492 Suscipiens
570 1446 707 1479 autem
743 1438 864 1487 Iesus,
900 1439 1021 1479 dixit:
1059 1439 1192 1480 Homo
1227 1439 1392 1491 quidam
1426 1439 1699 1480 descendebat
1731 1439 1782 1478 ab
1818 1436 2244 1501 ierusalem‘'{‚}sffi,¹‡gfflfi‘'

137 1499 177 1538 in
203 1498 368 1545 Iericho,
389 1503 430 1538 et
453 1497 595 1538 incidit
618 1497 658 1537 111
681 1497 870 1542 latrones,
894 1497 962 1550 qui
986 1497 1109 1537 etiam
1134 1497 1465 1550 despoliaverunt
1488 1511 1597 1537 eum:
1624 1502 1665 1537 et
1687 1496 1814 1549 plQffis
1838 1495 2036 1549 impositis
2164 1495 2167 1496 ⁷
2212 1491 2217 1496 ⁸

139 1557 328 1597 abierunt
347 1556 543 1597 semivivo
563 1555 714 1597 relicto.
762 1558 794 1579 ³¹
814 1555 975 1596 Accidit
995 1561 1134 1596 autem
1154 1561 1201 1596 ut
1221 1556 1405 1597 sacerdos
1427 1556 1593 1609 quidam
1615 1555 1875 1596 descenderet
1895 1555 2036 1595 eadem

138 1616 221 1656 via:
243 1620 284 1655 et
303 1615 389 1655 viso
410 1615 476 1656 illo
496 1614 731 1667 praeterivit.
779 1616 812 1639 ³2
831 1614 1024 1655 Similiter
1043 1620 1084 1655 et
1103 1614 1260 1662 Levita,
1283 1628 1375 1655 cum
1395 1620 1500 1655 esset
1519 1628 1631 1655 secus
1652 1614 1797 1662 locum,
1820 1618 1861 1654 et
1881 1613 2037 1653 videret

137 1688 242 1720 eum,
276 1673 522 1727 pertransiit.
583 1675 616 1697 ³³
647 1673 929 1713 Samaritanus
962 1679 1100 1713 autem
1134 1673 1300 1726 quidam
1332 1674 1409 1713 iter
1440 1673 1601 1717 faciens,
1636 1672 1749 1712 venit
1780 1685 1892 1712 secus
1925 1685 2034 1712 eum:

137 1738 178 1773 et
206 1733 348 1773 videns
377 1746 482 1781 eum,
514 1732 787 1773 misericordia
814 1737 951 1772 motus
980 1737 1052 1773 est.
1109 1734 1142 1756 3⁴
1171 1732 1226 1772 Et
1256 1732 1500 1785 appropians
1531 1731 1713 1784 alligavit
1741 1730 1911 1771 vulnera
1939 1730 2034 1779 eius,

138 1791 354 1832 infundens
370 1791 515 1837 oleum,
532 1797 573 1831 et
588 1790 747 1830 vinum:
766 1796 806 1831 et
821 1790 1033 1843 imponens
1049 1790 1161 1831 illurn
1177 1791 1217 1830 in
1233 1791 1461 1831 iumentum
1477 1804 1607 1839 suum,
1625 1789 1744 1830 duxit
1758 1789 1798 1829 in
1815 1788 2034 1837 stabulum,

137 1857 177 1890 et
201 1863 340 1890 curam
364 1850 448 1890 eius
471 1849 564 1902 egit.
616 1851 648 1873 ³³³
673 1849 728 1889 Et.
752 1849 879 1889 altera
902 1849 965 1889 die
989 1849 1161 1902 protulit
1185 1850 1285 1890 duos
1310 1849 1507 1898 denarios,
1534 1854 1575 1890 et
1598 1848 1711 1889 dedit
1734 1847 1969 1893 stabulario,
1995 1851 2037 1887 et

136 1909 212 1949 ait:
231 1908 376 1949 Curam
396 1908 499 1948 illius
516 1908 638 1948 habe:
657 1914 698 1948 et
715 1907 1000 1960 quodcumque
1017 1908 1377 1961 supererogaveris,
1395 1921 1467 1958 ego
1484 1921 1575 1948 cum
1592 1907 1745 1947 rediero
1761 1906 1929 1947 reddam
1946 1904 2032 1946 tibi.

240 1969 276 1991 3⁶
302 1966 399 2015 Quis
424 1966 569 2007 horum
595 1966 719 2006 trium
745 1965 908 2006 videtur
932 1966 1007 2006 tibi
1033 1966 1240 2019 proximus
1266 1966 1387 2007 fuisse
1412 1966 1478 2011 illi,
1508 1966 1576 2019 qui
1600 1965 1743 2006 incidit
1766 1965 1807 2005 in
1832 1963 2033 2005 latrones?
2055 1965 2222 1995 stl’Pli‘r‘ss'iO·

135 2028 169 2050 ³⁷
192 2026 249 2066 At
270 2025 334 2065 ille
357 2025 478 2066 dixit:
506 2024 582 2074 Qui
605 2024 701 2065 fecit
723 2025 1036 2065 misericordiam
1061 2025 1103 2065 in
1125 2024 1249 2066 illum.
1302 2024 1357 2065 Et
1379 2025 1437 2065 ait
1458 2024 1513 2065 illi
1539 2025 1666 2065 Iesus:
1692 2023 1816 2072 Vade,
1842 2028 1882 2064 et
1904 2028 1949 2063 tu
1972 2022 2037 2062 fac

136 2084 329 2125 similiter.

453 2142 519 2182 10.
549 2142 612 2182 De
643 2152 735 2182 uno
764 2142 1027 2182 necessario
1057 2142 1101 2182 et
1130 2141 1353 2192 oratione,
1380 2142 1447 2191 10,
1466 2142 1639 2192 38—11,
1657 2141 1723 2181 13.

239 2209 275 2230 ²³⁸
302 2206 477 2247 Factum
506 2211 567 2247 est
594 2211 745 2254 autem,
776 2206 874 2246 dum
902 2205 1018 2254 irent,
1050 2211 1091 2246 et
1118 2206 1202 2258 ipse
1230 2206 1402 2247 intravit
1428 2206 1469 2246 in
1499 2205 1706 2259 quoddam
1735 2203 1964 2245 castellum:
1995 2209 2036 2243 et
2079 2208 2196 2266 &3434

136 2265 279 2306 mulier
307 2265 495 2318 quaedam
522 2264 688 2305 Martha
714 2264 889 2313 nomine,
919 2264 1080 2317 excepit
1106 2264 1220 2304 illum
1247 2265 1288 2304 in
1317 2265 1484 2305 domum
1513 2277 1640 2311 suam,
1696 2265 1732 2288 3⁹
1760 2268 1801 2304 et
1828 2262 1921 2303 huic
1949 2250 2232 2308 eratari1‘1'201i0t‘1'u-‚

135 2336 248 2365 soror
266 2323 429 2364 nomine
450 2323 590 2369 Maria,
615 2336 704 2376 quae
725 2323 848 2363 etiam
870 2323 1012 2363 sedens
1033 2335 1145 2363 secus
1167 2323 1288 2375 pedes
1309 2322 1487 2371 Domini,
1511 2322 1706 2363 audiebat
1726 2321 1896 2362 verbum
1918 2320 2033 2361 illius.

135 2384 172 2406 4⁰
192 2382 356 2422 Martha
377 2387 515 2422 autem
538 2381 753 2434 satagebat
774 2381 879 2422 circa
900 2381 1088 2434 frequens
1110 2381 1398 2422 ministerium:
1423 2394 1513 2434 quae
1534 2381 1661 2429 stetit,
1686 2385 1727 2420 et
1748 2380 1823 2420 ait:
1847 2378 2033 2426 Domine,

136 2454 217 2482 non
243 2446 305 2481 est
330 2440 405 2481 tibi
431 2453 536 2480 curae
562 2440 672 2493 quod
697 2453 809 2480 soror
833 2453 924 2480 mea
949 2440 1112 2493 reliquit
1137 2453 1201 2480 me
1227 2440 1354 2480 solam
1380 2439 1633 2480 ministrare?
1687 2439 1751 2479 dic
1777 2451 1868 2491 ergo
1894 2436 1962 2485 illi,
1990 2442 2037 2477 ut

136 2513 199 2540 me
226 2499 404 2540 adiuvet.
459 2500 491 2523 4¹
518 2498 573 2539 Et
597 2498 843 2552 respondens
870 2498 975 2539 dixit
999 2498 1055 2539 illi
1080 2498 1299 2539 Dominus:
1327 2498 1501 2545 Martha,
1530 2498 1704 2545 Martha,
1733 2496 1891 2538 solicita
1915 2508 1967 2544 es,
1995 2500 2037 2535 et

135 2558 311 2599 turbaris
342 2570 436 2610 erga
464 2557 650 2610 plurima.
709 2559 741 2581 42
771 2557 895 2598 Porro
927 2570 1053 2598 unum
1084 2563 1146 2598 est
1175 2557 1456 2598 necessarium.
1488 2557 1618 2597 Maria
1647 2556 1846 2609 optimam
1876 2559 2035 2607 partem

136 2616 265 2669 elegit,
298 2629 388 2669 quae
416 2629 496 2657 non
526 2615 732 2657 auferetur
761 2615 811 2656 ab
841 2629 899 2657 ea.

240 2675 304 2717 11.
359 2676 372 2698 1
402 2674 458 2715 Ε1
490 2674 646 2715 factum
680 2680 758 2715 est:
794 2688 887 2715 curn
920 2680 1024 2715 esset
1056 2674 1098 2715 in
1131 2675 1310 2727 quodam
1344 2675 1430 2716 loco
1464 2687 1593 2723 ora-ns,
1629 2678 1676 2714 ut
1709 2672 1893 2719 cessavit,
1930 2670 2034 2710 dixit
2068 2671 2207 2732 ‘’fggffj*

136 2747 239 2774 unus
267 2746 316 2773 ex
343 2733 547 2786 discipulis
574 2733 658 2773 eius
685 2733 738 2773 ad
763 2746 874 2773 eum:
903 2733 1089 2781 Domine,
1119 2733 1217 2775 doce
1244 2746 1315 2774 nos
1344 2746 1467 2781 orare,
1496 2733 1601 2773 sicut
1627 2731 1766 2772 docuit
1793 2736 1833 2771 et
1861 2730 2032 2770 Ioannes
2179 2726 2190 2731 '⁴

135 2791 351 2845 discipulos
385 2805 488 2833 suos.
550 2794 565 2816 2
597 2791 653 2832 Et
686 2792 743 2832 ait
775 2791 868 2832 illis:
904 2792 1005 2832 Cum
1039 2791 1175 2840 oratis,
1211 2791 1349 2832 dicite:

194 2850 344 2899 CPater,
432 2849 708 2891 sanctificetur
740 2863 887 2891 nomen
917 2856 1047 2891 11111111.
1131 2850 1338 2891 Adveniat
1366 2863 1533 2903 regnum
1564 2855 1692 2889 tuum.

152 2911 168 2932 3
188 2909 341 2949 Panem
370 2913 556 2950 nostrum
587 2908 872 2961 quotidianum
902 2909 955 2949 da
983 2908 1098 2950 nobis
1128 2908 1258 2950 hodie.

153 2969 168 2991 ⁴
188 2967 244 3007 Et
265 2967 426 3007 dimitte
447 2967 563 3008 nobis
585 2972 755 3020 peccata
776 2972 926 3012 nostra,
944 2967 1143 3020 siquidem
1166 2972 1207 3008 et
1227 2967 1302 3020 ipsi
1325 2966 1569 3007 dimittimus
1593 2965 1701 3006 omni
1724 2963 1889 3005 debenti
1905 2962 2032 3004 nobis,

188 3025 244 3066 Et
271 3038 320 3065 ne
347 3038 419 3066 nos
445 3025 613 3066 inducas
641 3025 682 3065 in
709 3025 993 3067 tentationem.

239 3085 255 3108 5
278 3083 334 3124 Et
356 3083 414 3124 ait
436 3084 489 3124 ad
510 3083 615 3124 illos:
642 3084 738 3132 Quis
762 3089 944 3124 vestrum
967 3084 1136 3125 habebit
1159 3084 1346 3129 amicum,
1371 3088 1413 3124 et
1434 3083 1510 3123 ibit
1533 3083 1585 3123 ad
1606 3082 1720 3122 illum
1742 3081 1877 3123 media
1899 3085 2029 3126 nocte,
2071 3077 2196 3136 ρξ’,ζζξζξξξῃ

136 3148 177 3182 81
201 3142 309 3183 (11881
332 3142 406 3181 illi:
432 3141 583 3191 Amice,
611 3143 826 3183 commoda
849 3142 949 3183 mihi
973 3147 1053 3183 tres
1078 3156 1214 3196 panes,
1271 3144 1286 3165 ⁶
1311 3141 1504 3195 quoniam
1529 3141 1681 3182 amicus
1706 3154 1819 3181 meus
1844 3139 1959 3180 venit
1982 3138 2031 3178 de
2054 3146 2219 3176 exponitur-

137 3200 205 3240 via
222 3201 275 3241 ad
291 3214 368 3249 me,
389 3205 430 3241 et
447 3213 529 3241 non
547 3200 677 3241 habeo
697 3201 807 3254 quod
824 3214 975 3254 ponam
995 3207 1090 3242 ante
1108 3201 1233 3247 illum,
1283 3202 1297 3224 ⁷
1316 3204 1356 3241 et
1374 3200 1438 3240 ille
1457 3199 1618 3241 deintus
1637 3199 1883 3252 respondens
1902 3197 2030 3238 dicat:

140 3258 230 3299 Noli
246 3259 346 3299 mihi
365 3258 559 3299 molestus
577 3272 673 3306 esse,
694 3259 776 3299 iam
795 3259 945 3300 ostium
964 3259 1146 3300 clausum
1165 3264 1237 3305 est,
1259 3264 1300 3299 et
1318 3258 1431 3311 pueri
1450 3258 1528 3299 mei
1547 3271 1706 3298 mecum
1725 3262 1821 3298 sunt
1839 3256 1880 3296 in
1899 3253 2031 3297 cubili,

137 3330 218 3358 non
243 3330 408 3370 possum
435 3329 605 3369 surgere,
635 3322 675 3357 et
700 3317 796 3357 dare
822 3317 908 3358 tibi.
965 3319 980 3341 ⁸
1007 3318 1061 3358 Et
1087 3317 1118 3358 si
1144 3317 1207 3357 ille
1233 3316 1552 3369 perseveraverit
1579 3316 1760 3370 pulsans:
1789 3315 1878 3355 dico
1904 3312 2029 3353 vobis.

139 3453 173 3486 n
230 3453 241 3471 ²
268 3388 481 3488 81131ἆὲ911,
506 3408 557 3442 25.
592 3429 632 3432 ἡ
665 3409 707 3442 83
730 3409 802 3443 bMt-
826 3410 877 3448 13,
910 3410 959 3443 111.
1066 3410 1107 3443 85
1135 3409 1202 3441 th
1227 3409 1279 3449 22,
1304 3409 1361 3447 35;
1400 3408 1453 3441 Mc
1478 3409 1530 3449 12,
1557 3408 1608 3441 88.
1643 3429 1683 3431 —
1715 3408 1756 3441 27
1780 3407 1848 3439 th
1874 3406 1902 3444 e,
1929 3405 1958 3436 5.
1992 3421 2033 3424 —

182 3479 190 3494 ,
221 3459 239 3485 ,ι
268 3461 294 3485 ε.
321 3459 337 3487 t
374 3456 390 3494 ·,
439 3481 446 3489 .
