2356 3760
318 145 397 186 8445
1134 138 1407 173 PROPHETIA
2030 139 2061 180 8,
2087 139 2184 180 3—9‚
2209 140 2229 174 3

130 237 243 297 ’,1.ῑῖἻὶ
262 237 295 261 (1(
422 238 437 259 ³
456 236 512 276 Et
528 234 662 276 levavi
683 234 818 276 oculos
838 246 959 274 meos.
981 237 1020 272 et
1041 232 1142 272 vidi:
1164 238 1205 272 et
1223 244 1312 272 ecce
1332 231 1432 271 aries
1452 244 1556 272 unus
1575 230 1717 272 stabat
1735 235 1830 272 ante
1849 231 2053 285 paludem,
2074 232 2229 275 habens

113 275 471 337 ⁸¹¹1‘›1‘1‘an{‡¹.'='1'¹'cornua
494 294 662 336 excelsa.
689 299 729 333 et
754 305 877 332 unum
905 290 1098 331 excelsius
1123 290 1250 330 altero
1275 294 1400 343 atque
1424 302 1690 331 succrescens
1716 289 1866 331 Postea
1915 292 1930 315 4
1953 291 2037 332 vidi
2061 292 2229 333 arietem

316 353 505 394 cornibus
526 352 794 393 ventilantem
817 355 956 390 contra
979 348 1256 394 Occidentem,
1279 353 1320 389 et
1339 353 1483 390 contra
1502 348 1760 402 Aquilonem,
1783 354 1824 389 et
1843 354 1987 390 contra
2005 350 2227 399 Meridiem,

315 417 355 452 et
385 425 523 453 omnes
554 410 691 451 bostiae
720 421 799 449 non
829 411 1022 460 poterant
1049 406 1233 447 resistere
1261 406 1308 455 ei,
1339 420 1469 461 neque
1498 407 1658 447 liberari
1687 407 1736 447 de
1765 420 1890 448 manu
1919 408 2022 449 eius:
2051 409 2229 463 fecitque

315 471 536 511 secundum
575 468 830 509 voluntatem
866 478 994 508 suam.
1032 470 1072 504 et
1106 465 1392 517 magnificatus
1427 470 1499 506 est.
1562 467 1577 490 ⁵
1611 466 1667 506 Et
1700 478 1772 519 ego
1808 465 2104 520 intelligebam:
2140 480 2230 509 ecce

316 536 452 569 autem
485 529 615 568 hircus
645 537 857 578 caprarum
889 523 1081 564 veniebat
1109 523 1161 564 ab
1190 523 1412 565 Occidente
1440 537 1560 577 super
1588 524 1731 565 faciem
1763 524 1891 565 totius
1920 529 2048 573 terrae,
2079 531 2120 567 et
2148 539 2229 568 non

316 588 513 633 tangebat
537 592 703 625 terram:
729 595 846 636 porro
872 582 1003 622 hircus
1026 582 1209 623 habebat
1230 595 1356 624 cornu
1378 582 1533 635 insigne
1557 583 1662 623 inter
1684 582 1820 624 oculos
1842 596 1948 625 suos.
2002 586 2018 608 ⁶
2040 584 2095 625 Et
2117 585 2231 626 venit

316 659 442 698 usque
465 645 516 684 ad
538 643 704 683 arietem
728 641 839 682 illum
863 645 1094 687 cornutum,
1120 653 1239 694 quem
1264 640 1444 681 videram
1469 646 1649 682 stantem
1672 647 1767 682 ante
1790 646 1965 695 portam,
1989 649 2030 683 et
2051 643 2232 685 cucurrit

315 705 364 744 ad
398 716 488 743 eum
522 702 562 742 in
594 702 751 754 impetu
782 699 1036 740 fortitudinis
1067 712 1161 740 suae.
1225 701 1238 723 ⁷
1271 700 1454 754 Cumque
1487 700 1858 754 appropinquasset
1888 714 2014 755 prope
2046 702 2228 751 arietem,

315 763 505 802 efferatus
533 767 594 801 est
621 760 660 800 in
689 772 792 801 eum.
823 763 864 799 et
890 758 1089 811 percussit
1115 757 1303 799 arietem:
1332 763 1374 799 et
1400 758 1643 800 comminuit
1669 759 1749 800 duo
1777 773 1931 801 cornua
1956 760 2052 809 eius,
2082 766 2123 802 et
2148 774 2230 802 non

315 825 478 874 poterat
508 819 608 859 aries
639 818 821 858 resistere
852 817 904 857 ei:
937 829 1112 870 cumque
1142 830 1235 858 eum
1265 817 1442 858 misisset
1471 817 1511 858 in
1543 822 1706 866 terram,
1739 817 2007 867 conculcavit,
2040 823 2082 860 et
2111 832 2230 861 nemo

316 879 458 933 quibat
487 878 655 918 liberare
683 876 850 917 arietem
880 876 928 916 de
956 888 1082 916 manu
1110 875 1206 917 eius.
1266 878 1281 900 ⁸
1310 876 1457 917 Hircus
1485 881 1625 917 autem
1653 889 1867 929 caprarum
1896 890 2068 931 magnus
2096 878 2231 919 factus

315 943 374 978 est
406 937 542 977 nimis:
575 948 749 988 cumque
780 934 984 981 crevisset,
1016 936 1195 975 fractum
1226 939 1288 976 est
1317 948 1443 976 cornu
1474 948 1682 989 magnum,
1715 939 1756 976 et
1786 940 1877 977 orta
1906 941 2004 977 sunt
2034 941 2232 991 quattuor

315 1009 463 1037 cornua
494 995 634 1036 subter
662 994 761 1034 illud
790 1006 861 1047 per
889 998 1089 1047 quattuor
1116 998 1262 1035 ventos
1291 994 1387 1036 caeli.

134 1062 172 1105 β’(
192 1066 278 1118 {vm}
423 1058 438 1078 ⁹
456 1055 515 1094 Dc
534 1067 614 1094 uno
632 1058 770 1094 autem
790 1065 839 1093 ex
857 1052 911 1092 eis
930 1065 1133 1105 egressum
1153 1058 1215 1093 est
1232 1065 1356 1094 cornu
1375 1066 1502 1094 unum
1522 1053 1747 1094 modicum:
1767 1057 1808 1094 et
1824 1053 1982 1095 facturn
2001 1059 2063 1095 est
2078 1055 2232 1108 grande

134 1098 288 1168 ¹”J{{311i¹1¹1}⁵'
316 1119 457 1154 contra
481 1112 701 1156 Meridiem,
728 1116 769 1152 et
791 1116 936 1152 contra
958 1111 1180 1157 Orientem,
1205 1117 1248 1152 et
1269 1116 1414 1153 contra
1435 1111 1733 1153 fortitudinem.
1787 1114 1823 1137 ¹⁰
1844 1112 1900 1153 Et
1922 1113 2231 1167 magnificatum

173 1166 247 1189 “¹¹¹'‘
315 1178 376 1213 est
396 1184 523 1225 usque
544 1171 595 1212 ad
616 1169 902 1211 fortitudinem
924 1170 1026 1211 caeli:
1049 1175 1090 1211 et
1109 1170 1257 1212 deiecit
1276 1171 1326 1212 de
1345 1171 1600 1220 fortitudine,
1623 1175 1665 1212 et
1684 1171 1734 1212 de
1754 1170 1891 1220 stellis,
1914 1176 1956 1212 et
1975 1171 2233 1214 conculcavit

312 1244 390 1271 eas.
447 1233 476 1254 ¹¹
505 1230 560 1271 Et
586 1242 714 1284 usque
741 1230 792 1270 ad
820 1229 1043 1283 principem
1070 1229 1325 1271 fortitudinis
1352 1230 1662 1283 magnificatum
1688 1235 1768 1271 est:
1797 1234 1839 1270 et
1864 1230 1916 1271 ab
1943 1243 1989 1271 eo
2017 1230 2114 1272 tulit
2140 1231 2231 1285 iuge

312 1289 566 1337 sacrificium,
598 1293 640 1329 et
668 1288 815 1330 deiecit
841 1288 976 1330 locum
1006 1288 1343 1330 sanctificationis
1373 1289 1468 1330 eius.
1528 1291 1559 1313 1²
1590 1288 1732 1330 Robur
1761 1293 1900 1329 autem
1931 1289 2076 1329 datum
2106 1294 2169 1330 est
2197 1289 2232 1330 ei

313 1354 457 1389 contra
480 1348 570 1399 iuge
595 1347 837 1388 sacrificium
862 1352 1030 1401 propter
1054 1352 1241 1401 peccata:
1268 1352 1310 1389 et
1333 1352 1616 1401 prosternetur
1639 1347 1790 1388 veritas
1815 1346 1856 1387 in
1882 1351 2001 1396 terra,
2029 1352 2070 1388 et
2092 1347 2229 1397 faciet,

313 1411 353 1448 ct
382 1407 699 1461 prosperabitur.

152 1467 267 1526 ‘t'jffi‘ffig
421 1468 452 1491 ¹³
480 1466 535 1506 Et
562 1465 701 1506 audivi
730 1478 857 1506 unum
886 1466 935 1506 de
962 1465 1113 1507 sanctis
1140 1465 1397 1519 loquentem:
1427 1470 1468 1506 et
1495 1465 1601 1506 dixit
1627 1478 1732 1506 unus
1759 1469 1926 1506 sanctus
1955 1464 2072 1507 alteri
2098 1465 2232 1507 nescio

162 1508 263 1567 auditi
316 1525 378 1566 cui
408 1524 611 1578 loquenti:
644 1525 866 1578 Usquequo
897 1524 1010 1573 visio,
1042 1529 1085 1565 et
1112 1524 1203 1578 iuge
1232 1524 1487 1573 sacrificium,
1519 1529 1561 1565 et
1589 1528 1805 1578 peccatum
1835 1523 2111 1573 desolationis,
2144 1537 2234 1578 quae

312 1584 424 1625 facta
452 1589 531 1625 est:
562 1588 603 1624 et
631 1583 924 1631 sanctuarium,
956 1588 997 1624 et
1025 1583 1226 1625 fortitudo
1257 1583 1589 1625 conculcabitur?
1648 1585 1678 1608 ¹4
1707 1583 1764 1624 Et
1791 1582 1897 1624 dixit
1926 1583 1979 1624 ei:
2012 1583 2151 1637 Usque
2180 1583 2233 1624 ad

314 1655 523 1696 vesperam
557 1647 598 1683 et
628 1655 760 1689 mane,
795 1642 878 1683 dies
910 1642 991 1683 duo
1024 1641 1150 1683 millia
1181 1642 1371 1683 trecenti:
1405 1648 1448 1683 et
1477 1642 1748 1683 mundabitur
1777 1641 2071 1683 sanctuarium.

154 1700 266 1761 fflffljsl}
421 1703 451 1725 ¹⁵
480 1701 653 1742 Factum
684 1705 746 1741 est
773 1705 913 1741 autem
943 1714 1035 1742 cum
1065 1700 1245 1743 viderem
1274 1714 1347 1755 ego
1376 1700 1523 1742 Daniel
1552 1700 1762 1750 visionem,
1794 1705 1836 1742 et
1864 1713 2085 1754 quaererem
2114 1700 2232 1741 intel—

149 1774 269 1801 apvarvt
314 1760 542 1813 ligentiam:
576 1772 666 1801 ecce
696 1759 813 1800 stetit
842 1759 884 1800 in
915 1765 1136 1813 conspectu
1167 1773 1257 1802 meo
1290 1760 1405 1815 quasi
1435 1759 1587 1814 species
1619 1759 1706 1801 viri.
1767 1761 1801 1783 ¹⁶
1832 1759 1888 1800 Et
1918 1758 2058 1800 audivi
2089 1771 2232 1800 vocem

313 1819 387 1860 viri
415 1819 520 1859 inter
549 1818 657 1860 Ulai:
687 1823 728 1859 et
754 1818 960 1867 clamavit,
990 1824 1032 1860 et
1058 1819 1134 1860 ait:
1163 1818 1328 1861 Gabriel
1353 1819 1419 1860 fac
1444 1818 1668 1872 intelligere
1696 1818 1822 1858 istum
1850 1817 2061 1859 visionem.
2118 1819 2151 1842 1⁷
2178 1817 2235 1859 Et

313 1878 438 1927 venit,
470 1884 511 1919 et
539 1878 656 1919 stetit
683 1877 802 1918 iuxta
830 1878 899 1918 ubi
930 1891 1002 1931 ego
1031 1878 1214 1919 stabam:
1246 1891 1421 1932 cumque
1451 1877 1641 1925 venisset,
1672 1889 1828 1930 pavens
1858 1876 1990 1918 corrui
2017 1876 2059 1917 in
2086 1876 2233 1918 faciem

314 1950 459 1981 meam.
489 1941 530 1977 et
556 1937 615 1977 ait
640 1937 692 1977 ad
719 1949 801 1977 me:
832 1936 1017 1990 Intellige
1044 1936 1099 1977 fili
1125 1936 1313 1985 hominis,
1344 1936 1539 1990 quoniam
1565 1936 1606 1976 in
1633 1940 1818 1989 tempore
1843 1934 1934 1976 finis
1961 1934 2235 1989 complebitur

315 1996 426 2037 visio.
487 1998 520 2020 1⁸
550 1996 734 2049 Cumque
763 1995 998 2049 loqueretur
1027 1996 1079 2037 ad
1109 2009 1185 2043 me,
1218 1995 1420 2050 collapsus
1449 2008 1540 2037 sum
1570 2007 1722 2048 pronus
1752 1994 1794 2035 in
1823 1998 1993 2035 terram:
2026 1998 2067 2035 et
2096 1993 2236 2048 tetigit

315 2068 389 2103 me,
422 2060 462 2095 et
490 2054 639 2095 statuit
667 2068 731 2095 me
760 2054 800 2095 in
828 2055 958 2108 gradu
987 2068 1089 2103 meo,
1148 2056 1183 2079 1⁹
1211 2054 1399 2108 dixitque
1427 2053 1545 2095 mihi:

120 2120 147 2143 ὃ(
165 2117 301 2168 ‘Ji-*i‘jfflss
422 2114 508 2162 Ego
529 2113 743 2155 ostendam
766 2113 840 2153 tibi
862 2127 952 2166 quae
971 2114 1113 2154 futura
1132 2118 1230 2154 sunt
1248 2113 1289 2153 in
1310 2112 1532 2154 novissimo
1553 2111 1870 2154 maledictionis:
1893 2111 2088 2166 quoniam
2108 2111 2236 2153 habet

141 2156 281 2218 pr’5i‘11e‘1'1r2
319 2178 479 2225 tempus
502 2172 621 2212 finem
644 2185 775 2212 suum.
826 2173 862 2196 2⁰
882 2171 1008 2217 Aries.
1034 2185 1155 2225 quem
1177 2171 1317 2212 vidisti
1338 2171 1488 2213 habere
1509 2184 1673 2219 cornua,
1697 2184 1768 2212 rex
1789 2171 2003 2212 Medorum
2026 2175 2088 2212 est
2109 2175 2234 2225 atque

314 2231 542 2271 Persarum.
600 2232 631 2255 2¹
660 2230 785 2272 Porro
815 2230 948 2271 hircus
978 2243 1206 2284 caprarum,
1236 2243 1307 2271 rex
1335 2231 1569 2273 Graecorum
1598 2235 1672 2271 est.
1703 2235 1745 2271 et
1773 2243 1899 2271 cornu
1926 2230 2092 2284 grande,
2125 2230 2235 2284 quod

314 2294 403 2330 erat
427 2290 532 2330 inter
558 2288 693 2331 oculos
718 2289 815 2334 eius,
842 2290 927 2343 ipse
952 2295 1014 2330 est
1037 2302 1108 2330 rex
1133 2289 1300 2343 primus,
1353 2291 1386 2313 22
1412 2289 1530 2338 Quod
1556 2294 1695 2330 autem
1720 2289 1851 2330 fracto
1877 2288 1944 2330 illo
1970 2293 2236 2329 surrexerunt

315 2353 513 2402 quattuor
530 2361 601 2402 pro
619 2361 683 2389 eo:
704 2353 902 2401 quattuor
918 2361 1028 2402 reges
1046 2348 1095 2389 de
1111 2352 1232 2402 gente
1250 2348 1333 2389 eius
1351 2353 1609 2402 consurgent,
1629 2348 1699 2389 sed
1716 2361 1798 2389 non
1814 2347 1856 2388 in
1872 2347 2117 2388 fortitudine
2134 2346 2231 2388 eius.

313 2409 345 2431 2³
368 2407 421 2447 Et
446 2413 539 2461 post
560 2420 728 2460 regnum
752 2420 903 2451 eorum.
929 2420 1021 2448 cum
1044 2407 1247 2448 creverint
1268 2407 1520 2461 iniquitates,
1546 2411 1764 2460 consurget
1784 2419 1855 2447 rex
1876 2406 2094 2460 impudens
2115 2405 2230 2455 facie,

313 2471 355 2507 et
384 2465 610 2519 intelligens
641 2466 951 2519 propositiones.
1010 2468 1042 2490 2¹¹
1072 2470 1115 2507 et
1142 2466 1405 2508 roborabitur
1433 2465 1635 2508 fortitudo
1666 2465 1763 2513 eius,
1795 2465 1866 2506 sed
1896 2477 1978 2506 non
2007 2464 2049 2506 in
2079 2464 2234 2506 viribus

313 2525 412 2565 suis:
446 2530 487 2565 et
517 2538 640 2578 supra
671 2537 794 2578 quam
827 2525 934 2566 credi
965 2530 1114 2579 potest,
1149 2525 1340 2566 universa
1370 2525 1566 2573 vastabit,
1600 2529 1641 2566 et
1672 2523 1992 2579 prosperabitur,
2025 2528 2067 2565 et
2096 2523 2232 2565 faciet.

314 2583 370 2624 Et
402 2583 618 2624 interficiet
648 2584 850 2627 robustos
886 2588 928 2625 et
959 2584 1156 2637 populum
1190 2589 1427 2625 sanctorum
1487 2586 1518 2608 25
1550 2584 1776 2625 secundum
1810 2582 2069 2625 voluntatem
2102 2595 2232 2631 suam,

314 2647 355 2682 et
372 2642 568 2693 dirigetur
586 2642 701 2683 dolus
720 2642 760 2683 in
779 2655 904 2683 manu
923 2643 1025 2684 eius:
1046 2650 1087 2684 et
1104 2656 1172 2685 cor
1189 2657 1309 2685 suum
1327 2642 1621 2696 magnificabit,
1641 2647 1683 2683 et
1700 2642 1741 2683 in
1760 2641 1878 2696 copia
1893 2654 2029 2683 rerum
2048 2641 2233 2683 omnium

314 2701 472 2742 occidet
489 2700 701 2754 plurimos:
721 2706 762 2742 et
779 2707 923 2742 contra
940 2701 1164 2756 principem
1181 2702 1413 2756 principum
1431 2706 1660 2755 consurget,
1680 2706 1723 2742 et
1739 2701 1824 2742 sine
1840 2713 1967 2741 manu
1986 2704 2232 2742 conteretur.

315 2761 349 2783 ²⁶
373 2759 429 2800 Et
454 2760 553 2801 visio
579 2773 744 2813 vespere
769 2766 810 2800 et
834 2774 965 2809 mane,
994 2774 1083 2814 quae
1107 2761 1219 2802 dicta
1242 2766 1315 2811 est,
1343 2774 1441 2802 vera
1464 2766 1543 2802 est:
1570 2765 1616 2801 tu
1642 2773 1734 2814 ergo
1760 2759 1959 2802 visionem
1983 2758 2110 2813 signa,
2139 2758 2235 2812 quia

316 2823 409 2870 post
436 2819 585 2860 multos
614 2819 698 2860 dies
727 2819 814 2860 erit.

258 2922 275 2932 ,Α
422 2879 455 2901 ²⁷
483 2877 537 2918 Et
563 2891 634 2931 ego
660 2878 806 2919 Daniel
832 2878 981 2932 langui,
1010 2884 1051 2919 et
1076 2879 1272 2933 aegrotavi
1298 2892 1369 2933 per
1395 2878 1497 2920 dies:
1526 2891 1701 2932 cumque
1727 2877 2002 2925 surrexissem,
2031 2875 2233 2918 faciebam

319 2947 439 2987 opera
468 2936 578 2988 regis,
609 2941 650 2977 et
677 2938 896 2991 stupebam
926 2938 978 2978 ad
1007 2937 1216 2982 visionem.
1248 2944 1290 2979 et
1317 2951 1398 2979 non
1427 2943 1516 2979 erat
1544 2937 1614 2992 qui
1641 2937 1993 2991 interpretaretur.

478 3051 514 3089 3.
546 3050 608 3091 De
637 3053 843 3105 tempore
873 3052 1100 3092 adventus
1132 3051 1301 3092 Christi
1333 3052 1377 3093 et
1406 3054 1539 3104 regni
1570 3052 1843 3103 Messianici‚
1870 3051 1911 3102 9,
1930 3050 2083 3091 1—27.

131 3128 298 3186 '¹'ffJJ‘ffjJ13ff
423 3131 460 3173 9.
518 3134 527 3155 ¹
564 3132 607 3171 ln
642 3145 746 3173 anno
779 3133 909 3185 primo
942 3133 1055 3173 Darii
1088 3132 1158 3174 filii
1190 3133 1353 3174 Assueri
1385 3134 1435 3175 de
1466 3133 1618 3175 semine
1650 3133 1876 3181 Medorum,
1912 3131 1981 3186 qui
2011 3131 2233 3185 imperavit

154 3205 277 3223 mmm-2:
320 3202 438 3242 super
466 3203 629 3237 regnum
659 3191 957 3233 (Ilialdzeorunu
1013 3195 1028 3216 2
1054 3192 1174 3233 Anno
1202 3205 1282 3233 uno
1309 3193 1420 3245 regni
1448 3192 1544 3241 eius,
1574 3205 1646 3245 ego
1674 3191 1821 3232 Daniel
1847 3190 2028 3232 intellexi
2054 3190 2095 3230 in
2122 3189 2233 3231 libris

323 3261 553 3288 ⁴¹»numerum
588 3262 797 3292 annorum.
831 3251 879 3290 (1(ι
912 3265 991 3304 quo
1023 3251 1157 3291 factus
1188 3256 1250 3291 est
1279 3264 1410 3292 sermo
1442 3251 1609 3293 Domini
1641 3251 1692 3291 ad
1726 3250 1939 3290 Ieremiam
1970 3249 2229 3303 prophetam,

322 3313 365 3346 ut
389 3306 687 3359 complerentur
709 3308 968 3350 desolationis
994 3309 1212 3350 Ierusalem
1235 3310 1498 3363 septuaginta
1520 3309 1627 3350 anni.
1715 3309 1771 3350 Et
1793 3308 1909 3362 posui
1930 3307 2075 3348 faciem
2098 3320 2231 3349 meam

319 3365 368 3405 ad
402 3365 618 3405 Domimnn
651 3366 776 3405 Deum
809 3381 941 3407 meum
969 3381 1109 3421 rogare
1136 3373 1178 3409 et
1204 3368 1409 3421 deprecari
1438 3369 1476 3409 in
1506 3368 1675 3418 ieiuniis,
1705 3380 1833 3417 saccO,
1863 3372 1904 3408 et
1930 3366 2072 3408 cinere.

450 3481 480 3522 9,
505 3482 523 3513 κ
546 3480 598 3513 arr
621 3481 673 3519 25,
700 3481 753 3520 11;
778 3484 830 3521 ει),
858 3483 905 3516 io.
