2356 3760
109 138 139 176 1,
165 136 283 174 26-2,
310 136 351 168 24
756 130 901 164 LIBER
925 132 969 164 11.
996 132 1372 166 mcHABAEORUM
1926 139 2002 180 933

110 232 245 282 patres
273 227 432 275 0100103,
461 230 503 266 01
528 223 791 265 sanctificasti
818 236 902 264 eos:
957 225 992 247 2⁶
1019 224 1154 277 accipe
1181 225 1420 266 sacrificium
1447 238 1518 277 pro
1546 225 1732 268 universo
1759 230 1908 281 populo
1935 235 2006 272 tuo

112 286 247 335 Israel,
276 291 317 326 et
343 284 502 326 custodi
527 288 687 336 partem
713 287 839 328 tuam,
868 286 910 321 et
934 282 1153 323 sanctifica.
1209 285 1242 307 2⁷
1269 283 1475 337 Congrega
1500 283 1785 336 dispersionem
1812 293 1990 328 nostram

110 345 237 385 libera
262 358 340 390 eos,
370 343 438 397 qui
465 341 648 383 serviunt
673 339 884 385 Gentibus,
914 345 955 379 01
980 345 1236 393 contemptos
1264 346 1305 382 et
1330 341 1586 382 abominatos
1613 342 1780 395 respice:
1809 350 1852 384 ut
1879 323 2009 386 sciant

110 403 261 444 Gentes
281 402 377 456 quia
394 407 440 442 tu
459 413 498 441 es
516 400 626 440 Deus
644 403 793 439 noster.
841 400 875 422 23
893 397 1038 451 Afflige
1057 399 1329 451 opprimentes
1348 413 1431 443 nos,
1453 404 1493 440 et
1511 400 1799 441 contumeliam
1817 402 2008 443 facientes

111 462 151 502 in
179 461 379 515 superbia.
434 461 470 483 29
495 457 706 499 Constitue
731 456 929 509 populum
955 461 1073 496 tuum
1099 457 1139 496 in
1165 457 1251 498 loco
1277 463 1418 499 sancto
1445 463 1527 505 tuo,
1561 458 1684 498 asicut
1709 459 1813 499 dixit
1837 460 2006 513 Moyses.

110 522 147 544 ³⁰
173 520 411 561 Sacerdotes
429 521 577 558 'autem
604 514 834 568 psallebant
860 515 1046 568 hymnos,
1076 528 1285 569 usquequo
1313 520 1600 569 consumptum
1628 522 1731 556 esset
1757 517 2007 559 sacrificium.

110 580 143 603 31
177 578 278 618 Cum
313 581 452 617 autem
486 578 774 626 consumptum
809 578 914 614 esset
946 573 1198 618 sacrificium,
1235 587 1283 613 ex
1317 574 1476 614 residua
1509 588 1615 627 aqua
1649 575 1862 616 Nehemias
1896 576 2011 616 iussit

112 636 267 689 lapides
293 635 463 676 maiores
490 631 690 686 perfundi.
744 633 777 656 32
803 632 921 679 Quod
947 636 994 672 ut
1019 632 1175 672 factum
1201 637 1273 675 est,
1302 645 1349 671 ex
1376 632 1429 672 eis
1455 632 1621 673 flamma
1645 646 1812 673 accensa
1837 639 1914 673 est:
1942 634 2011 674 sed

113 708 162 735 ex
184 693 348 741 lumine,
376 692 484 746 quod
507 690 664 730 refulsit
688 690 738 730 ab
764 689 893 739 altari,
920 695 1165 742 consumpta
1187 695 1259 730 est.
1311 692 1346 714 33
1371 690 1428 730 Ut
1452 704 1544 730 vero
1569 691 1831 731 manifestata
1854 698 1914 732 est
1936 705 2009 740 res,

113 752 398 793 renunciatum
427 754 488 790 est
514 748 595 801 regi
624 749 837 789 Persarum
868 749 976 801 quod
1003 748 1043 788 in
1071 748 1170 792 1000,
1201 748 1241 788 111
1270 762 1349 801 (1110
1378 749 1510 801 ignem
1539 749 1834 789 absconderant
1861 750 1912 794 hi,
1944 750 2012 803 qui

112 810 302 851 translati
323 810 497 856 fuerant,
520 807 760 851 sacerdotes,
784 820 892 860 aqua
911 807 1114 859 apparuit,
1137 807 1186 847 de
1208 820 1289 860 qua
1309 806 1535 850 Nehemias,
1558 811 1599 846 et
1619 806 1683 859 qui
1707 820 1797 846 cum
1818 821 1863 848 eo
1884 813 2010 855 erant,

112 870 433 923 purificaverunt
460 865 665 907 sacrificia.
721 867 753 890 ³⁴
780 864 1046 906 Considerans
1074 870 1211 905 autem
1239 878 1320 909 rex,
1350 870 1391 905 et
1417 878 1499 905 rem
1527 864 1738 917 diligenter
1764 865 2010 913 examinans,

113 928 210 968 fecit
231 927 266 968 ei
287 925 499 979 templum,
524 929 570 964 ut
593 924 784 977 probaret
806 924 913 977 quod
935 924 1091 964 factum
1114 928 1212 964 erat.
1262 925 1294 948 ³⁵
1316 928 1357 963 et
1378 937 1468 963 cum
1491 923 1713 976 probasset,
1738 923 2012 964 sacerdotibus

113 986 285 1027 donavit
303 984 435 1025 multa
452 983 571 1031 bona,
593 987 635 1023 et
653 982 733 1022 alia
750 987 874 1035 atque
894 982 973 1022 alia
990 995 1170 1029 munera,
1192 987 1233 1022 et
1251 981 1449 1034 accipiens
1468 994 1592 1021 manu
1611 994 1695 1028 sua,
1718 981 1924 1021 tribuebat
1943 981 2008 1021 eis.

113 1047 149 1069 ³⁶
165 1042 401 1098 Appellavit
419 1046 557 1082 autem
576 1040 791 1081 Nehemias
809 1041 916 1080 hunc
932 1040 1064 1081 locum
1086 1041 1120 1080 N
1124 1040 1309 1093 ephthar,
1331 1040 1438 1093 quod
1456 1039 1748 1092 interpretatur
1764 1039 2010 1079 Purificatio.

114 1104 295 1145 Vocatur
330 1106 468 1142 autem
506 1100 615 1153 apud
651 1099 784 1152 plures
822 1099 965 1152 Nephi.
1030 1098 1068 1141 2.
1124 1101 1137 1122 ¹
1176 1098 1388 1138 Invenitur
1424 1103 1561 1138 autem
1598 1098 1637 1137 in
1674 1097 2010 1150 descriptionibus
2026 1100 2204 1125 (1613111υῆ-

119 1161 295 1202 [eremiae
323 1159 544 1213 prophetae,
578 1158 686 1212 quod
715 1158 832 1198 iussit
861 1171 926 1198 eos
956 1157 1088 1210 ignem
1119 1157 1296 1209 accipere
1327 1157 1394 1209 qui
1424 1156 1788 1209 transmigrabant:
1818 1160 1865 1196 ut
1894 1155 2012 1209 signi·
2035 1135 2196 1194 0111οᾆ0ῗῆ3

116 1220 283 1261 ficatum
305 1224 377 1265 est,
401 1223 443 1258 et
463 1222 510 1258 ut
529 1216 745 1257 mandavit
766 1215 1075 1269 transmigratis.
1125 1217 1139 1239 2
1161 1215 1216 1255 Ε1
1236 1215 1348 1255 dedit
1369 1214 1443 1254 illis
1464 1214 1590 1267 legem
1612 1227 1660 1254 ne
1682 1214 2013 1254 obliviscerentur
2039 1205 2192 1233 ²¹¹³³⁰⁰¹¹³³⁸¹

117 1282 322 1332 praecepta
349 1275 527 1323 Domini,
564 1280 605 1315 et
638 1279 684 1315 ut
717 1288 798 1315 non
833 1279 1065 1315 exerrare-nt
1098 1273 1303 1313 mentibus
1333 1273 1517 1312 videntes
1544 1271 1787 1312 simulachra
1812 1284 1944 1320 aurea,
1976 1276 2017 1311 et

117 1342 320 1390 argentea,
350 1340 391 1375 et
417 1339 658 1376 ornamenta
683 1346 833 1374 eorum.
887 1335 903 1356 3
928 1332 984 1372 Ε1
1009 1331 1088 1371 alia
1112 1330 1345 1371 huiusmodi
1371 1330 1518 1371 (110003.
1546 1330 1790 1369 hortabatur
1814 1343 1863 1369 ne
1888 1329 2015 1382 legem

118 1399 356 1436 amoverent
382 1407 406 1434 a
430 1393 549 1434 corde
575 1406 659 1432 suo.
713 1394 728 1415 1
754 1391 856 1431 Erat
881 1395 1019 1430 autem
1045 1389 1085 1429 in
1112 1389 1200 1441 ipsa
1224 1388 1435 1441 scriptura,
1465 1388 1667 1440 quomodo
1695 1387 2014 1435 tabernaculum,

118 1459 159 1494 et
189 1466 324 1493 arcam
355 1452 472 1492 iussit
500 1450 703 1503 propheta
732 1449 870 1489 divino
901 1461 1091 1500 responso
1123 1447 1173 1487 ad
1204 1460 1244 1486 se
1275 1447 1383 1487 facto
1415 1446 1597 1487 comitari
1629 1458 1775 1493 secum,
1808 1458 2016 1498 usquequo

118 1512 217 1552 exiit
239 1511 279 1551 in
302 1515 498 1557 montem,
529 1508 587 1548 bin
613 1521 691 1560 (1110
715 1507 874 1560 Moyses
899 1506 1092 1554 ascendit,
1119 1511 1160 1545 et
1182 1505 1287 1545 vidit
1309 1504 1385 1545 Dei
1407 1504 1687 1544 hereditatem.
1738 1505 1753 1527 ⁵
1777 1503 1831 1543 Et
1855 1503 2017 1543 veniens

117 1570 174 1611 ibi
200 1568 388 1610 Ieremias
414 1566 571 1607 invenit
595 1566 728 1607 locum
753 1565 971 1622 speluncae:
1000 1569 1040 1604 et
1065 1563 1385 1610 tabernaculum,
1414 1567 1454 1603 et
1479 1576 1625 1609 arcam,
1653 1566 1694 1601 et
1718 1561 1844 1601 altare
1869 1560 2017 1601 incensi

118 1628 259 1669 intulit
279 1627 384 1675 111110,
408 1632 449 1666 et
470 1625 619 1667 ostium
642 1624 859 1665 obstruxit.
912 1625 927 1647 ⁶
948 1623 1003 1663 Et
1024 1627 1279 1663 accesserunt
1301 1622 1467 1675 quidam
1488 1620 1617 1665 simul,
1643 1620 1710 1673 qui
1732 1620 2016 1673 sequebantur,

120 1694 167 1728 ut
187 1691 380 1728 notarent
401 1685 474 1725 sibi
496 1683 649 1724 locum:
674 1687 715 1723 et
735 1696 816 1723 non
839 1687 1063 1735 potuerunt
1084 1681 1275 1721 invenire.
1329 1682 1342 1703 ⁷
1366 1680 1423 1720 Ut
1445 1684 1581 1719 autem
1604 1678 1795 1727 cognovit
1818 1677 2017 1723 Ieremias,

120 1746 287 1799 culpans
310 1744 409 1793 illos,
434 1743 556 1783 dixit:
581 1742 699 1790 Quod
722 1741 884 1793 ignotus
908 1740 984 1780 erit
1004 1740 1127 1787 100113,
1151 1740 1279 1780 donec
1301 1743 1516 1790 congreget
1536 1738 1646 1777 Deus
1669 1736 2019 1790 congregationem

120 1804 271 1858 populi,
300 1808 341 1844 et
364 1801 564 1855 propitius
590 1801 681 1840 fiat:
736 1801 751 1822 3
777 1804 818 1840 01
843 1804 941 1839 111110
965 1797 1165 1839 Dominus
1192 1797 1380 1838 ostendet
1404 1797 1500 1843 haec,
1527 1801 1568 1836 01
1593 1795 1807 1848 apparebit
1831 1795 2021 1834 maiestas

120 1863 297 1908 Domini,
323 1866 364 1902 et
385 1861 512 1901 nubes
535 1859 620 1903 erit,
646 1859 751 1900 sicut
772 1864 813 1899 et
834 1858 965 1911 Moysi
987 1857 1341 1901 manifestabatur,
1366 1860 1407 1896 et
1435 1855 1555 1895 <sicut
1577 1867 1668 1894 cum
1689 1853 1880 1895 Salomon
1902 1852 2021 1906 petiit

121 1928 166 1963 ut
188 1921 299 1963 locus
322 1919 645 1961 sanctificaretur
666 1930 814 1970 magno
836 1917 935 1961 Deo,
960 1915 1255 1955 manifestabat
1276 1915 1371 1954 haec.
1425 1916 1440 1937 ⁹
1462 1913 1672 1966 Magnifice
1695 1911 1843 1952 etenim
1866 1910 2022 1963 sapien-

123 1981 223 2022 tiam
251 1978 478 2020 tractabat:
508 1984 548 2018 et
575 1981 622 2016 ut
648 1975 891 2029 sapientiam
918 1975 1083 2017 habens,
1115 1973 1265 2014 obtulit
1291 1971 1530 2021 sacrificium
1558 1969 1834 2017 dedicationis,
1864 1974 1904 2009 et
1931 1982 2022 2009 con-

123 2037 407 2080 summationis
433 2035 586 2088 templi.
642 2037 677 2059 ¹⁰
703 2034 839 2075 dSicut
864 2038 905 2074 et
928 2033 1089 2086 Moyses
1115 2032 1260 2073 orabat
1286 2032 1337 2071 ad
1362 2030 1596 2078 Dominum,
1624 2034 1665 2069 et
1689 2027 1897 2069 descendit
1922 2026 2022 2080 ignis

123 2099 172 2139 de
204 2096 310 2146 caelo,
346 2101 386 2136 et
417 2093 670 2147 consumpsit
701 2092 997 2139 holocaustum,
1032 2090 1087 2131 sic
1124 2096 1183 2130 eet
1213 2089 1405 2131 Salomon
1437 2088 1580 2135 oravit,
1615 2093 1656 2128 et
1686 2085 1894 2128 descendit
1924 2084 2024 2138 ignis

124 2157 173 2197 de
190 2155 297 2202 caelo,
318 2159 359 2195 et
375 2152 629 2206 consumpsit
644 2151 941 2192 holocaustum.
988 2152 1018 2174 ¹¹
1037 2150 1093 2190 Et
1109 2148 1214 2189 dixit
1230 2149 1400 2201 Moyses,
1431 2153 1489 2187 feo
1509 2147 1616 2199 quod
1634 2159 1714 2186 non
1732 2145 1785 2185 sit
1801 2148 2025 2185 comestum

126 2215 235 2269 quod
258 2219 343 2254 erat
367 2225 438 2266 pro
462 2216 642 2265 peccato,
668 2214 958 2262 consumptum
981 2214 1053 2249 est.
1106 2210 1137 2231 12
1159 2206 1352 2248 Similiter
1374 2211 1415 2246 et
1437 2204 1626 2246 Salomon
1651 2209 1741 2244 octo
1765 2202 1906 2243 diebus
1929 2200 2026 2241 cele-

125 2272 262 2314 bravit
290 2270 601 2313 dedicationem.
660 2271 691 2293 13
722 2268 1008 2308 Inferebantur
1037 2271 1173 2306 autem
1204 2265 1244 2304 111
1274 2263 1623 2316 descriptionibus,
1655 2267 1696 2302 et
1725 2259 2023 2302 commentariis
2049 2258 2207 2319 (10111161ὲῖ11)-

127 2330 331 2373 Nehemiae
363 2330 448 2371 liaec
481 2328 640 2369 eadem:
677 2332 717 2368 et
750 2331 797 2367 ut
830 2330 1066 2367 construens
1101 2323 1388 2364 bibliothecam
1423 2320 1683 2374 congregavit
1715 2320 1763 2360 de
1796 2317 2024 2371 regionibus
2084 2310 2171 2358 sacm‘,

125 2390 260 2437 libros,
287 2394 328 2429 et
350 2387 662 2441 Prophetarum,
689 2391 729 2426 et
752 2385 900 2430 David,
928 2389 968 2424 et
992 2381 1182 2436 epistolas
1208 2383 1377 2435 Regum,
1404 2385 1445 2420 et
1468 2380 1517 2420 de
1541 2377 1728 2419 donariis.
1782 2378 1813 2400 11
1835 2375 2028 2416 Similiter

127 2454 266 2490 autem
291 2453 332 2488 et
358 2446 481 2487 Iudas
507 2458 564 2491 ea,
593 2458 682 2498 quae
707 2444 942 2485 deciderant
966 2455 1037 2495 per
1062 2440 1223 2488 bellum,
1252 2439 1361 2493 quod
1386 2438 1500 2479 nobis
1527 2437 1740 2479 acciderat,
1768 2433 2027 2487 congregavit

128 2506 275 2555 omnia,
304 2510 346 2546 et
370 2510 466 2545 sunt
492 2504 602 2557 apud
627 2517 711 2544 nos.
767 2505 797 2527 ¹5
822 2502 863 2543 Si
889 2514 981 2555 ergo
1007 2499 1244 2540 desideratis
1270 2498 1365 2543 haec,
1394 2496 1547 2537 mittite
1574 2495 1643 2548 (1111
1667 2494 1874 2547 perferant
1899 2491 2025 2531 vobis.

128 2567 163 2591 ¹⁶
195 2564 339 2605 Acturi
372 2563 512 2616 itaque
546 2562 870 2615 purificationem
905 2559 1136 2613 scripsimus
1170 2557 1304 2598 vobis:
1341 2556 1441 2596 bene
1475 2567 1566 2607 ergo
1600 2552 1767 2599 facietis,
1804 2551 1835 2591 si
1869 2548 2025 2603 egeritis
2052 2546 2207 2606 dssaggfssf'*

128 2625 200 2665 hos
231 2623 327 2664 dies.
386 2623 419 2647 ¹⁷
450 2622 561 2662 Deus
592 2626 742 2668 autem,
776 2619 844 2673 qui
874 2617 1064 2659 liberavit
1093 2615 1289 2670 populum
1320 2627 1450 2661 suum,
1484 2618 1524 2653 01
1553 2611 1730 2652 reddidit
1758 2608 2026 2649 hereditatem
2076 2616 2184 2646 templi.

130 2682 329 2729 0100111113,
364 2685 406 2721 01
435 2693 616 2733 regnum,
650 2684 692 2720 et
722 2677 1007 2723 sacerdotium,
1042 2681 1083 2716 et
1113 2673 1490 2715 sanctificationem,
1551 2672 1584 2694 1⁸
1620 2669 1743 2709 esicut
1774 2666 1959 2720 promisit
1990 2665 2029 2704 in

129 2741 227 2795 lege,
255 2752 465 2793 speramus
492 2738 602 2791 quod
627 2738 708 2779 cito
734 2737 862 2778 nostri
888 2734 1155 2778 miserebitur,
1184 2738 1226 2773 et
1251 2730 1510 2784 congregabit
1537 2729 1586 2769 de
1612 2728 1686 2767 sub
1713 2725 1806 2766 caelo
1833 2725 1873 2764 in
1899 2723 2031 2765 locum

130 2804 331 2840 sanctum.
392 2799 426 2822 ¹⁹
456 2797 621 2850 Eripuit
651 2796 757 2836 enim
787 2809 860 2836 nos
892 2795 940 2835 de
971 2792 1127 2846 magnis
1158 2789 1355 2845 periculis,
1389 2795 1428 2829 et
1458 2787 1589 2828 locum
1621 2783 1822 2838 purgavit.

701 2888 740 2926 2.
771 2885 983 2927 Praefatio
1014 2883 1229 2933 auctoris,
1258 2883 1297 2932 2,
1316 2880 1486 2920 20ss33.

236 2963 273 2986 '2⁰
291 2961 353 3001 De
376 2961 481 3001 Iuda
500 2972 596 3000 vero
617 2958 865 3005 Machabaeo,
890 2962 931 2998 et
951 2956 1145 2997 fratribus
1168 2953 1262 2996 eius,
1287 2957 1328 2992 et
1349 2952 1397 2991 de
1419 2947 1559 3001 templi
1580 2946 1716 2999 magni
1736 2943 2028 2998 purificatione.
2072 2940 2201 2999 ‘'3ssssssssOE

133 3026 174 3062 et
195 3021 244 3061 de
267 3032 345 3060 arae
366 3018 639 3060 dedicatione:
689 3019 720 3041 ’21
743 3016 814 3057 3οᾶ
835 3021 876 3057 01
897 3016 946 3056 (10
968 3014 1124 3068 praeliis,
1151 3025 1239 3066 quae
1261 3010 1466 3064 pertinent
1488 3007 1538 3047 ad
1560 3003 1809 3045 Antiochum
1832 3000 2029 3047 Nobilem,
2084 3010 2197 3056 insons

134 3085 175 3121 et
201 3078 329 3119 filium
357 3077 439 3117 eius
467 3076 737 3129 Eupatorem:
793 3077 824 3099 22
853 3079 893 3115 01
919 3074 969 3115 (10
995 3069 1371 3115 illuminationibus,
1403 3079 1491 3119 quae
1518 3065 1566 3105 de
1593 3062 1687 3103 caelo
1714 3062 1834 3101 factae
1861 3064 1956 3100 sunt
1982 3058 2033 3098 ad
2075 3048 2198 3105 ᾋζζΪ-ξῖξῖἶ

135 3150 214 3186 eos,
239 3137 308 3190 qui
329 3149 402 3189 pro
426 3134 572 3175 Iudaeis
593 3134 756 3174 fortiter
776 3133 971 3181 fecerunt,
996 3132 1055 3172 ita
1076 3135 1123 3171 ut
1144 3129 1373 3170 universam
1396 3124 1610 3177 regionem,
1635 3134 1725 3162 cum
1748 3119 1867 3172 pauci
1889 3121 2032 3163 essent,

134 3195 402 3243 vindicarent,
441 3198 483 3233 et
518 3192 735 3233 barbaram
771 3190 1079 3232 multitudinem
1115 3188 1315 3240 fugarent,
1379 3185 1410 3208 23
1446 3187 1487 3222 01
1521 3178 1836 3221 famosissimum
1872 3176 1912 3216 in
1948 3178 2035 3215 toto

136 3254 232 3295 orbe
262 3252 461 3306 templum
490 3255 788 3303 recuperarent,
820 3254 861 3290 et
888 3249 1099 3289 civitatem
1128 3246 1356 3286 liberarent,
1388 3246 1428 3281 et
1455 3239 1572 3293 leges,
1604 3251 1693 3291 quae
1721 3235 1882 3276 abolitae
1911 3236 2036 3277 erant,

136 3312 460 3359 restituerentur,
493 3309 671 3350 Domino
703 3321 795 3348 cum
827 3307 937 3348 omni
968 3304 1267 3359 tranquillitate
1297 3299 1473 3353 propitio
1504 3298 1613 3338 facto
1645 3295 1732 3336 illis.
1791 3296 1822 3317 ²⁴
1856 3292 2038 3342 Itemque

267 3389 466 3455 rinei-ant
489 3412 542 3451 30,
567 3412 597 3445 3.
623 3411 658 3451 52
696 3411 751 3444 inf
775 3412 805 3450 ·2,
833 3411 883 3444 18.
918 3431 960 3433 --
991 3410 1022 3450 2,
1053 3409 1072 3441 4
1095 3407 1163 3440 th
1185 3406 1237 3441 34,
1263 3405 1291 3437 1.
1397 3403 1416 3435 8
1445 3403 1476 3435 01
1507 3401 1558 3444 Rg
1582 3400 1612 3436 s,
1640 3399 1694 3438 143
1729 3398 1747 3430 2
1774 3397 1838 3429 par
1860 3394 1890 3433 0,
1915 3393 1963 3425 14.
1997 3408 2036 3412 ὦ

142 3460 180 3494 10
204 3460 275 3492 (ΠΛ-
300 3460 331 3499 9,
355 3460 406 3493 23.
430 3480 472 3483 —
499 3460 534 3492 02
560 3459 625 3491 Par
648 3459 677 3497 7,
702 3459 731 3491 1.
757 3479 798 3481 -
824 3459 862 3491 11
898 3457 961 3489 mv
987 3457 1038 3495 10,
1066 3455 1105 3487 ie
1130 3465 1154 3487 s.
1181 3473 1220 3476 μ
1248 3451 1287 3484 18
1314 3450 1381 3483 th
1404 3449 1457 3488 30,
1482 3449 1513 3482 3.
1539 3448 1570 3481 5.
