2356 3760
115 77 168 118 se,
194 77 313 116 45591,
338 76 358 110 3
921 75 1210 109 PSALMORL'M
1934 82 2009 122 535

138 172 152 193 ⁴
171 169 372 218 Quoniam
399 168 506 209 mille
533 169 629 210 anni
656 174 751 209 ante
778 167 912 209 oculos
940 172 1043 215 11108,
1112 173 1326 221 tamquam
1353 168 1434 209 dies
1463 168 1660 214 hesterna.
1691 185 1778 223 quae
1804 175 2007 226 praeteriit.

380 227 436 268 Et
465 227 652 268 custodia
678 227 719 267 in
748 231 879 273 nocte,

139 288 154 310 5
173 298 262 339 quae
290 298 362 339 pro
392 285 516 327 nihilo
546 285 761 333 habentur,
794 296 933 325 eorum
964 284 1058 324 anni
1089 289 1218 325 erunt.

139 346 154 368 ⁶
172 345 292 385 Mane
310 345 415 386 sicut
432 344 558 384 herba
574 348 769 391 transeat,
826 355 946 383 mane
966 342 1120 391 floreat,
1141 347 1181 383 et
1200 348 1398 384 transeat:
1464 356 1627 397 vespere
1646 344 1817 391 decidat,
1838 347 2009 396 induret,

365 408 421 452 ¹et
450 408 618 443 arescat.

139 504 153 525 ⁷
172 501 276 551 Quia
303 500 521 542 defecimus
549 500 591 540 in
618 499 678 540 ira
705 504 788 548 tua,
872 504 912 540 et
940 499 980 539 in
1008 499 1141 540 furore
1170 504 1240 539 tuo
1271 499 1426 540 turbati
1454 513 1603 541 sumus.
2059 510 2171 537 promer

140 562 155 585 ⁸
172 559 349 601 Posuisti
367 558 605 612 iniquitates
625 563 784 599 nostras
804 558 843 598 in
863 562 1083 612 conspectu
1102 562 1193 598 tuo:
1251 557 1441 598 saeculum
1460 564 1644 599 nostruin
1659 559 1698 599 in
1718 559 2012 601 illuminatione
2026 549 2143 572 ¹⁷⁴³⁰⁰²ffl²
2157 551 2216 570 ’m‘

381 617 521 658 Vultus
550 617 623 658 tui.

140 680 155 701 ⁹
173 677 376 726 Quoniam
401 688 539 717 01111168
565 675 648 716 dies
673 675 801 716 nostri
825 675 1078 716 defecerunt:
1148 678 1188 715 et
1212 674 1253 714 in
1277 673 1335 714 ira
1361 680 1433 715 tua
1457 675 1688 716 defecimus.
1760 677 1867 716 Anni
1892 677 2015 717 nostri

382 735 486 776 sicut
516 746 665 775 aranea
692 734 1022 775 meditabuntur:

123 796 157 818 ¹0
178 794 281 836 adies
304 806 504 835 annorum
526 798 759 834 nostrorum
782 792 823 833 in
846 792 953 847 ipsis,
979 792 1241 846 septuaginta
1263 791 1369 832 anni.
1445 791 1487 832 Si
1510 798 1648 832 autem
1670 792 1711 832 in
1734 793 2018 845 potentatibus

383 851 593 905 octoginta
622 852 735 892 anni:

174 918 215 953 ct
256 910 429 965 amplius
471 923 622 975 eorum,
663 910 778 951 labor
819 915 860 951 et
905 909 1029 951 dolor.
1127 909 1330 957 Quoniam
1365 909 1601 962 supervenit
1643 910 1933 951 mansuetudo:
1980 914 2019 950 et

383 982 656 1022 corripiemur.

122 1065 152 1088 ¹¹
175 1063 273 1113 Quis
294 1063 411 1105 novit
432 1067 683 1116 potestatem
706 1062 774 1103 irae
794 1067 892 1103 tuae:
970 1066 1009 1102 et
1032 1074 1114 1115 prae
1136 1060 1281 1102 timore
1303 1065 1374 1101 tuo
1397 1059 1498 1101 iram
1521 1065 1636 1101 tuam
1686 1063 1717 1084 ¹2
1740 1060 2017 1101 dinumerare?
2048 1053 2198 1112 {gifess'gffl

174 1123 398 1163 Dexteram
429 1127 545 1162 tuam
575 1121 630 1162 sic
660 1126 803 1162 notam
832 1121 915 1161 fac:
1000 1126 1041 1161 et
1071 1119 1250 1160 eruditos
1281 1119 1399 1160 corde
1429 1119 1469 1159 in
1500 1119 1711 1172 sapientia,
2035 1123 2211 1153 confugiunt.

124 1183 154 1205 ¹3
175 1181 418 1223 Convertere
445 1180 621 1221 Domine
649 1179 885 1233 usquequo?
969 1184 1008 1219 et
1037 1177 1300 1232 deprecabilis
1330 1182 1415 1218 esto
1445 1190 1564 1231 super
1591 1190 1727 1218 servos
1756 1182 1859 1219 tuos.

125 1242 155 1264 ¹⁴
178 1239 338 1294 Repleti
371 1252 510 1280 sumus
543 1252 664 1280 mane
697 1238 971 1279 misericordia
1004 1242 1094 1278 tua:
1183 1241 1224 1277 et
1257 1235 1544 1284 exultavimus,
1582 1241 1621 1276 et
1656 1235 1847 1276 delectati
1880 1248 2020 1277 sumus

386 1298 574 1340 omnibus
605 1298 746 1338 diebus
775 1297 935 1338 nostris.

126 1360 158 1383 ¹⁵
178 1357 327 1399 Laetati
351 1370 490 1398 sumus
513 1370 586 1410 pro
611 1357 764 1404 diebus,
787 1356 933 1409 quibus
958 1368 1030 1395 nos
1054 1353 1295 1394 humiliasti:
1375 1352 1501 1399 annis,
1530 1353 1675 1406 quibus
1700 1352 1876 1394 vidimus
1900 1352 2018 1393 mala.

125 1418 159 1441 ¹⁶
179 1417 348 1470 Respice
373 1416 414 1457 in
439 1428 575 1456 servos
602 1421 706 1462 tuos,
735 1420 775 1455 et
800 1414 842 1455 in
867 1426 990 1467 opera
1015 1419 1105 1453 tua:
1186 1418 1227 1452 et
1253 1411 1376 1465 dirige
1403 1411 1503 1452 filios
1530 1425 1680 1453 eorum.

127 1477 157 1499 ¹⁷
176 1476 231 1517 Et
261 1475 313 1516 sit
342 1474 533 1528 splendor
560 1473 726 1515 Domini
756 1473 832 1514 Dei
862 1471 989 1513 nostri
1019 1483 1139 1525 super
1168 1483 1251 1519 nos,
1345 1475 1385 1510 et
1415 1483 1537 1523 opera
1566 1483 1763 1511 manuum
1793 1477 2023 1512 nostrarum

386 1533 510 1586 dirige
539 1545 660 1586 super
688 1545 779 1573 nos:
863 1535 903 1572 et
933 1544 1033 1584 opus
1064 1543 1260 1571 manuum
1290 1534 1522 1570 nostrarum
1552 1529 1688 1583 dirige.

809 1639 967 1692 90(91).
999 1639 1223 1681 Protectio
1253 1639 1344 1680 Del.

231 1723 243 1746 ¹
273 1721 380 1762 Laus
409 1719 565 1761 Cantici
596 1718 743 1759 David.
777 1717 861 1758 XC.

178 1797 257 1846 Qui
286 1796 449 1838 habitat
479 1795 519 1837 in
550 1794 751 1836 adiutorio
782 1792 991 1841 Astissimi,
1076 1792 1116 1833 in
1147 1792 1399 1845 protectione
1428 1791 1504 1832 Dei
1534 1791 1617 1832 eaeli
1647 1791 1976 1833 commorabitur.
2067 1790 2142 1815 ΒΜ
2163 1790 2191 1814 ¹¹¹

146 1858 161 1880 ²
177 1856 298 1897 Dicet
320 1855 517 1897 Domino:
544 1854 762 1907 Susceptor
786 1865 899 1893 meus
925 1857 1041 1899 estu,
1068 1856 1108 1892 et
1133 1851 1333 1904 refugium
1358 1863 1513 1891 meum:
1581 1851 1690 1890 Deus
1716 1863 1828 1891 meus
1853 1850 2023 1904 sperabo
2051 1831 2193 1885 sebaim]

390 1927 431 1955 in
461 1926 565 1954 eum.

143 1977 159 1999 ³
177 1973 379 2023 Quoniam
407 1973 491 2026 ipse
517 1971 707 2013 liberavit
734 1983 798 2010 me
825 1970 874 2011 de
901 1970 1045 2023 laqueo
1074 1969 1327 2018 venantium,
1409 1973 1449 2009 et
1477 1981 1501 2008 a
1526 1968 1650 2008 verbo
1679 1980 1830 2021 aspero.

147 2035 163 2058 ⁴
179 2032 363 2086 Scapulis
381 2032 462 2072 suis
480 2029 744 2072 obumbrabit
763 2029 856 2070 tibi:
914 2034 953 2069 et
972 2028 1046 2068 sub
1064 2029 1206 2081 pennis
1225 2027 1308 2068 eius
1326 2027 1524 2080 sperabis:
1581 2028 1596 2050 ⁵
1613 2027 1737 2068 Scuto
1757 2025 2026 2067 circumdabit

390 2096 431 2132 te
460 2089 611 2130 veritas
641 2089 743 2129 eius:

180 2164 261 2192 non
290 2149 452 2191 timebis
483 2162 507 2189 a
534 2148 680 2190 timore
709 2152 921 2195 nocturno,
1010 2147 1025 2169 ⁶
1053 2146 1089 2186 A
1118 2145 1270 2199 sagitta
1298 2144 1464 2186 volante
1493 2144 1533 2184 in
1563 2144 1638 2191 die,

181 2217 208 2250 a·
231 2208 392 2263 negotio
422 2206 734 2262 perambulante
761 2206 802 2247 in
831 2204 1025 2246 tenebris:
1109 2204 1160 2245 ab
1188 2204 1363 2251 incursu,
1395 2208 1435 2244 et
1463 2203 1662 2244 daemonio
1691 2203 1925 2244 meridiano.

148 2271 162 2292 ⁷
181 2268 338 2310 Cadent
364 2280 388 2308 a
411 2267 537 2308 latere
563 2272 635 2307 tuo
662 2265 781 2313 mille,
856 2270 894 2305 et
922 2263 1061 2304 decem
1087 2262 1214 2303 millia
1239 2276 1263 2303 a
1288 2262 1441 2303 dextris
1468 2262 1565 2302 tuis:
1639 2262 1691 2302 ad
1716 2268 1757 2302 te
1782 2267 1921 2302 autem
1947 2273 2026 2302 non

393 2324 753 2380 appropinquabit.

149 2386 476 2427 ⁸Verumtamen
509 2383 633 2426 oculis
659 2383 740 2424 tuis
768 2381 1060 2423 considerabis:
1147 2386 1187 2422 et
1219 2380 1530 2421 retributionem
1563 2384 1824 2433 peccatorum
1857 2378 2024 2419 videbis.

149 2493 164 2516 ⁹
182 2491 385 2540 Quoniam
413 2495 460 2531 tu
488 2502 528 2530 es
556 2488 731 2530 Domine
759 2500 849 2541 spes
877 2499 986 2528 mea:
1069 2485 1325 2527 Altissimum
1353 2484 1525 2539 posuisti
1552 2484 1753 2538 retugium
1781 2490 1911 2525 tuum.
2058 2481 2203 2542 5¹33}ss-

130 2552 165 2575 1⁰
183 2550 275 2592 Non
299 2549 466 2591 accedet
490 2548 543 2589 ad
566 2552 607 2588 te
630 2547 804 2588 malum:
883 2551 924 2587 et
951 2545 1155 2599 flagellum
1178 2558 1261 2586 non
1280 2541 1629 2598 appropinquabit
1653 2542 1916 2584 tabernaculo
1941 2546 2024 2582 tuo.

130 2611 161 2634 ¹¹
184 2609 409 2658 bQuoniam
428 2606 578 2661 angelis
604 2606 684 2647 suis
704 2605 921 2647 mandavit
945 2605 994 2645 de
1019 2610 1078 2645 te:
1157 2608 1204 2644 ut
1229 2602 1465 2644 custodiant
1488 2608 1529 2643 te
1553 2602 1594 2642 in
1619 2602 1806 2643 omnibus
1831 2601 1906 2641 viis
1930 2600 2023 2642 tuis.

130 2671 161 2693 ¹2
185 2668 233 2709 In
260 2667 451 2708 manibus
480 2666 709 2720 portabunt
737 2670 798 2706 te:
881 2677 930 2704 ne
959 2664 1065 2704 forte
1094 2662 1278 2704 offendas
1308 2662 1360 2702 ad
1389 2661 1566 2714 lapidem
1597 2660 1741 2714 pedem
1772 2666 1901 2700 tuum.

130 2729 161 2752 ¹³
181 2727 310 2780 Super
335 2726 529 2780 aspidem,
562 2729 604 2765 et
633 2723 865 2765 basiliscum
891 2722 1138 2763 ambulabis:
1204 2726 1245 2762 et
1269 2719 1524 2762 conculcabis
1547 2719 1703 2761 leonem
1729 2724 1769 2759 et
1795 2718 2022 2759 draconem.

131 2788 161 2811 ¹⁴
182 2785 385 2835 Quoniam
416 2785 457 2825 in
488 2797 553 2825 me
585 2782 777 2837 speravit,
812 2782 991 2823 liberabo
1025 2794 1136 2822 eum:
1222 2784 1433 2834 protegam
1467 2792 1570 2827 611111,
1614 2777 1806 2832 quoniam
1838 2776 2030 2830 cognovit

391 2856 540 2885 nomen
568 2855 717 2884 meum.

130 2906 160 2928 ¹⁵
181 2903 384 2945 Clamabit
402 2903 454 2943 ad
470 2915 546 2951 1116,
566 2906 607 2942 et
623 2915 695 2955 ego
713 2900 930 2942 exaudiam
948 2910 1061 2940 6111113
1129 2911 1222 2940 cum
1239 2898 1325 2952 ipso
1343 2910 1432 2937 sum
1450 2896 1491 2936 in
1508 2895 1788 2936 tribulatione:
1862 2893 2028 2947 eripiam

391 2974 483 3002 eum
512 2965 553 3001 et
581 2959 813 3014 glorificabo
843 2971 948 3000 eum.

131 3023 164 3046 ¹⁶
181 3020 454 3075 Longitudine
484 3019 640 3060 dierum
668 3018 830 3071 replebo
862 3029 972 3058 eum:
1057 3021 1098 3057 et
1126 3016 1340 3058 ostendam
1370 3013 1425 3054 illi
1454 3012 1631 3053 salutare
1661 3025 1808 3053 meum.

707 3122 754 3162 91
767 3120 872 3171 (92).
903 3119 1057 3172 Opera
1086 3119 1165 3159 Dei
1196 3116 1453 3168 magnifica.

234 3209 248 3232 1
277 3205 462 3247 Psalmus
492 3204 660 3249 Cantici,
694 3204 742 3244 In
771 3203 835 3244 die
864 3202 1037 3243 sabbati.
1070 3201 1177 3242 XCI.

2065 3265 2201 3290 Dominus

150 3286 165 3308 ²
184 3285 345 3326 Bonum
371 3288 432 3324 est
459 3281 643 3323 confiteri
668 3280 864 3322 Domino:
945 3285 986 3320 et
1012 3278 1181 3332 psallere
1208 3274 1362 3318 nomini
1388 3279 1459 3315 tuo
1487 3270 1704 3314 Altissime.
2056 3298 2214 3325 laudandus

150 3345 166 3368 3
182 3343 247 3383 Ad
272 3341 606 3383 annunciandum
630 3352 750 3380 mane
768 3338 1084 3379 misericordiam
1110 3342 1244 3377 tuam:
1313 3337 1353 3374 et
1377 3332 1595 3373 veritatem
1620 3336 1735 3371 tuam
1760 3340 1831 3381 per
1854 3329 2025 3367 noctem.
2105 3337 2155 3361 est,

264 3422 318 3464 89,
344 3403 483 3456 103811
507 3422 561 3462 is,
586 3421 617 3455 s.
644 3441 686 3444 —
711 3420 765 3461 90,
790 3420 830 3453 11
857 3419 928 3452 bMt
954 3419 985 3459 4,
1012 3418 1047 3459 ὅς
1073 3417 1119 3451 Le
1146 3419 1176 3457 4,
1204 3415 1255 3449 10.
