2356 3760
269 192 346 233 814
1082 188 1357 222 PROPHETIA
1899 192 1939 224 27
1950 219 1957 232 ,
1983 191 2125 232 20-28,
2152 193 2194 227 18

268 289 494 338 posuerunt
519 284 670 324 ferrum
698 282 991 322 fabrefactum:
1019 286 1163 328 stacte,
1192 287 1234 322 et
1259 281 1440 322 calamus
1466 281 1507 321 in
1535 282 1812 335 negotiatione
1839 288 1923 325 tua.
1979 287 2016 310 2⁰
2040 286 2188 327 Dedan

268 343 476 384 institores
505 342 565 383 tui
595 341 635 382 in
666 341 874 393 tapetibus
904 340 957 380 ad
985 340 1222 381 sedendum.
1281 342 1312 364 2¹
1340 340 1505 387 Arabia,
1537 346 1578 381 et
1607 340 1786 381 universi
1814 342 2016 396 principes
2045 344 2188 390 Cedar,

268 401 345 455 ipsi
376 401 650 453 negotiatores
683 411 828 439 manus
861 404 960 439 tuae:
995 412 1087 439 cum
1120 399 1245 451 agnis.
1280 404 1322 439 et
1353 399 1560 447 arietibus,
1596 404 1637 440 et
1668 399 1800 440 hoedis
1832 407 2035 443 venerunt
2067 403 2119 444 ad
2151 409 2192 444 te

269 460 544 513 negotiatores
565 459 635 499 tui.
685 459 716 481 ²2
736 457 978 497 Venditores
997 457 1117 501 Saba,
1140 462 1181 498 et
1202 457 1366 502 Reema,
1388 457 1464 510 ipsi
1483 458 1759 511 negotiatores
1780 458 1858 499 tui:
1880 472 1972 500 cum
1992 461 2192 502 universis

269 519 409 572 primis
435 517 700 560 aromatibus,
727 521 767 556 et
790 515 926 568 lapide
951 516 1140 569 pretioso,
1167 521 1208 557 et
1232 529 1343 565 auro,
1371 516 1481 569 quod
1504 522 1807 569 proposuerunt
1831 517 1872 558 in
1897 524 2081 559 mercatu
2106 525 2190 561 tuo.

269 579 302 603 ²³
328 578 481 621 Haran,
509 581 547 616 et
573 575 719 622 Chene,
747 579 787 615 et
812 574 928 615 Eden
953 575 1228 628 negotiatores
1254 575 1332 615 tui:
1359 575 1479 621 Saba,
1506 574 1643 623 Assur,
1671 581 1713 616 et
1737 575 1933 617 Chelmad
1959 578 2193 619 venditores

269 637 342 677 tui.
406 637 438 659 ²⁴
472 635 547 687 ipsi
582 633 856 687 negotiatores
891 633 951 674 tui
986 633 1255 674 multifariam
1290 633 1509 674 involucris
1544 633 1770 687 hyacinthi,
1808 639 1850 675 et
1884 635 2191 689 polymitorum,

269 706 545 747 gazarumque
569 692 854 746 pretiosarum,
883 704 973 746 quae
997 692 1217 738 obvolutze,
1244 697 1286 732 et
1310 692 1489 733 astrictae
1513 698 1630 733 erant
1653 692 1839 733 funibus:
1866 695 2005 735 cedros
2031 708 2194 749 quoque

270 753 479 793 habebant
501 752 541 792 in
562 750 910 805 negotiationibus
931 751 1024 792 tuis.
1073 752 1105 776 ‘2⁵
1126 751 1262 791 Naves
1282 751 1417 797 maris,
1440 750 1641 804 principes
1663 752 1722 792 tui
1742 752 1783 792 in
1803 753 2081 806 negotiatione
2102 759 2193 794 tua:

269 817 311 853 et
337 811 491 864 repleta
521 824 572 854 es.
603 816 643 851 et
670 809 899 863 glorificata
924 810 1044 850 nimis
1072 810 1112 850 in
1141 810 1260 851 corde
1288 810 1422 850 maris.
1479 811 1515 834 2⁶
1544 809 1591 850 In
1619 810 1735 863 aquis
1763 810 1903 851 multis
1931 812 2196 853 adduxerunt

271 877 311 911 te
330 870 500 923 remiges
520 869 599 910 tui:
620 873 769 909 ventus
788 873 927 909 auster
945 868 1141 909 contrivit
1159 873 1200 909 te
1219 868 1259 909 in
1279 869 1398 909 corde
1417 868 1552 910 maris.
1600 870 1634 892 '²⁷
1654 869 1821 910 Divitiae
1840 875 1932 919 tuae,
1954 875 1996 911 et
2014 870 2195 912 thesauri

276 929 348 973 tui.
374 934 415 969 et
438 928 654 981 multiplex
676 927 997 968 instrumentum
1022 932 1153 972 tuum.
1178 933 1318 968 nautae
1342 927 1401 968 tui
1425 932 1466 968 et
1487 927 1780 981 gubernatores
1804 928 1877 972 tui,
1904 929 1973 982 qui
1996 930 2197 971 tenebant

270 987 561 1041 supellectilem
590 992 718 1032 tuam,
748 991 789 1027 et
814 985 966 1039 populo
994 991 1066 1027 tuo
1093 992 1314 1040 praeerant:
1343 986 1418 1026 viri
1446 999 1609 1040 quoque
1636 985 1852 1028 bellatores
1879 988 1952 1035 tui,
1982 988 2051 1042 qui
2078 993 2196 1029 erant

270 1047 310 1087 in
337 1052 378 1087 te
404 1060 495 1087 eum
523 1046 715 1086 universa
739 1044 1007 1086 multitudine
1033 1050 1118 1093 tua,
1148 1058 1239 1099 quae
1264 1050 1326 1086 est
1350 1045 1391 1085 in
1417 1045 1551 1086 medio
1577 1045 1658 1086 tui:
1686 1046 1836 1087 cadent
1860 1046 1901 1087 in
1928 1047 2047 1087 corde
2072 1047 2196 1088 maris

269 1106 310 1146 in
344 1105 408 1146 die
441 1105 567 1145 ruinae
600 1109 692 1145 tuae.
754 1105 790 1128 ²⁸
821 1103 857 1144 A
889 1104 1025 1145 sonitu
1060 1103 1247 1145 clamoris
1278 1104 1602 1157 gubernatorum
1635 1109 1801 1145 tuorum
1835 1105 2198 1147 conturbabuntur

271 1164 435 1205 classes:
493 1165 529 1188 2⁹
558 1163 615 1204 Et
644 1163 894 1204 descendent
923 1163 972 1203 de
1003 1163 1178 1204 navibus
1208 1162 1290 1203 suis
1321 1176 1472 1211 omnes,
1506 1163 1575 1216 qui
1606 1163 1806 1204 tenebant
1834 1176 2011 1204 remum:
2044 1170 2193 1213 nautae,

270 1228 312 1264 et
342 1222 520 1263 universi
551 1222 844 1275 gubernatores
876 1222 998 1262 maris
1029 1222 1070 1262 in
1102 1227 1211 1262 terra
1241 1222 1432 1263 stabunt:
1490 1223 1528 1246 ³⁰
1558 1227 1599 1262 et
1629 1222 1844 1263 eiulabunt
1874 1236 1995 1276 super
2025 1228 2066 1264 te
2097 1236 2196 1265 voce

270 1294 432 1331 magna,
467 1287 509 1322 et
541 1280 782 1322 clamabunt
814 1293 970 1321 amare:
1004 1285 1046 1322 et
1077 1280 1350 1334 superjacient
1382 1280 1593 1334 pulverem
1626 1281 1830 1334 capitibus
1863 1281 1957 1331 suis,
1991 1286 2034 1323 et
2065 1282 2197 1323 cinere

271 1345 602 1394 conspergentur.
650 1342 682 1364 ³¹
702 1339 759 1380 Et
776 1340 925 1380 radent
944 1352 1065 1393 super
1084 1345 1124 1380 te
1144 1339 1370 1384 calvitium,
1392 1344 1433 1380 et
1453 1339 1718 1393 accingentur
1736 1339 1892 1381 ciliciis:
1913 1345 1955 1381 et
1973 1339 2198 1394 plorabunt

270 1406 311 1440 te
342 1400 382 1440 in
415 1398 689 1439 amaritudine
721 1398 867 1439 animae
897 1398 1061 1452 ploratu
1093 1398 1359 1440 amarissimo.
1418 1400 1451 1423 ³²
1482 1398 1538 1439 Et
1569 1403 1780 1440 assument
1810 1411 1931 1452 super
1961 1404 2002 1440 te
2033 1411 2197 1440 carmen

270 1458 452 1512 lugubre,
477 1464 518 1499 et
539 1457 737 1511 plangent
758 1463 817 1498 te:
841 1458 941 1506 Quae
962 1463 1024 1498 est
1045 1462 1093 1498 ut
1114 1457 1257 1511 Tyrus,
1283 1471 1373 1511 quae
1395 1457 1606 1498 obmutuit
1627 1457 1667 1498 in
1689 1457 1823 1498 medio
1845 1457 1994 1499 maris?
2043 1459 2076 1483 ³³
2098 1458 2198 1507 Quae

270 1518 310 1558 in
341 1517 454 1558 exitu
484 1516 811 1570 negotiationum
841 1521 1007 1557 tuarum
1038 1517 1087 1557 de
1116 1516 1218 1556 mari
1247 1515 1425 1569 implesti
1455 1515 1628 1569 populos
1657 1515 1828 1557 multos:
1858 1516 1900 1557 in
1929 1516 2197 1558 multitudine

271 1576 510 1617 divitiarum
542 1582 720 1621 tuarum,
754 1580 795 1616 et
824 1575 1071 1628 populorum
1102 1580 1267 1616 tuorum
1300 1575 1443 1616 ditasti
1472 1587 1584 1628 reges
1615 1580 1744 1616 terrae.
1803 1577 1836 1600 ³4
1868 1575 1987 1616 Nunc
2017 1576 2199 1617 contrita

271 1648 310 1676 es
340 1648 363 1675 a
390 1634 504 1682 mari,
534 1634 575 1674 in
603 1633 816 1687 profundis
845 1646 1047 1687 aquarum
1076 1646 1171 1687 opes
1200 1639 1293 1682 tuae,
1325 1638 1366 1674 et
1393 1633 1524 1674 omnis
1552 1633 1778 1674 multitudo
1806 1639 1891 1681 tua,
1924 1647 2014 1688 quae
2041 1640 2129 1675 erat
2156 1634 2197 1675 in

270 1693 403 1734 medio
433 1693 505 1741 tui,
536 1693 782 1734 ceciderunt.
838 1694 871 1716 ³⁵
900 1692 1089 1734 Universi
1117 1692 1372 1733 habitatores
1400 1691 1626 1733 insularum
1655 1692 1961 1746 obstupuerunt
1988 1706 2109 1747 super
2136 1698 2196 1734 te:

270 1759 312 1793 et
342 1765 454 1805 reges
488 1765 628 1792 earum
662 1764 801 1793 onmes
835 1756 1084 1805 tempestate
1116 1751 1290 1805 perculsi
1323 1756 1594 1792 mutaverunt
1627 1751 1779 1792 vultus.
1841 1753 1877 1776 ³⁶
1911 1751 2197 1805 Negotiatores

269 1811 515 1865 populorum
536 1809 807 1851 sibilaverunt
826 1823 948 1863 super
967 1815 1025 1851 te:
1048 1810 1100 1850 ad
1120 1809 1293 1851 nihilum
1314 1810 1494 1851 deducta
1513 1823 1565 1859 es,
1588 1815 1629 1851 et
1648 1823 1730 1851 non
1751 1810 1826 1851 eris
1846 1823 1976 1864 usque
1995 1811 2037 1851 in
2056 1823 2197 1865 perpe-

270 1876 401 1911 tuum.

95 1940 144 1958 rex
167 1933 234 1993 rtyri
378 1929 442 1972 28.
499 1931 510 1953 ¹
535 1928 592 1969 Et
612 1928 748 1969 factus
771 1933 833 1969 est
856 1940 986 1970 sermo
1010 1928 1177 1969 Domini
1201 1928 1253 1969 ad
1275 1941 1352 1976 me,
1378 1928 1533 1969 dicens:
1585 1930 1600 1952 2
1622 1927 1698 1968 Fili
1721 1928 1909 1977 hominis,
1935 1928 2000 1969 dic
2021 1928 2196 1982 principi

106 1975 225 2043 333³ssss
273 1988 387 2042 Tyri:
415 1988 513 2029 Haec
538 1987 638 2028 dicit
661 1987 864 2028 Dominus
888 1987 1018 2028 Deus:
1044 1987 1105 2028 Eo
1132 1987 1242 2041 quod
1267 1987 1475 2028 elevatum
1499 1992 1562 2028 est
1585 2000 1653 2028 cor
1676 1992 1808 2036 tuum,
1835 1992 1878 2028 et
1901 1987 2059 2028 dixisti:
2085 1987 2197 2028 Deus

82 2040 247 2105 ssffisssssstss'
272 2060 343 2100 ego
372 2060 473 2095 sum,
504 2051 545 2087 et
570 2046 612 2087 in
639 2046 837 2087 cathedra
862 2046 938 2087 Dei
966 2046 1049 2087 sedi
1076 2046 1117 2086 in
1146 2046 1265 2087 corde
1291 2046 1433 2087 maris:
1462 2059 1556 2087 cum
1583 2046 1635 2086 sis
1662 2046 1797 2095 homo,
1827 2051 1869 2087 et
1894 2059 1977 2087 non
2003 2047 2127 2095 Deus,
2156 2051 2199 2087 et

272 2105 420 2147 dedisti
447 2118 515 2146 cor
540 2111 659 2146 tuum
688 2105 803 2159 quasi
831 2118 899 2147 cor
924 2105 1012 2146 Dei.
1067 2107 1082 2130 ³
1108 2105 1214 2146 Ecce
1240 2105 1465 2159 sapientior
1490 2118 1530 2146 es
1557 2109 1603 2146 tu
1630 2104 1819 2146 Daniele:
1847 2118 1968 2146 omne
1994 2110 2197 2146 secretum

270 2178 351 2206 non
373 2170 434 2205 est
455 2164 744 2205 absconditum
766 2177 790 2204 a
810 2169 862 2205 te.
912 2166 926 2188 1
949 2164 997 2204 In
1018 2164 1222 2217 sapientia
1241 2169 1283 2205 et
1302 2163 1525 2217 prudentia
1544 2168 1618 2204 tua
1638 2164 1771 2205 fecisti
1791 2164 1867 2205 tibi
1887 2163 2196 2205 fortitudinem:

269 2229 311 2264 et
343 2223 552 2277 acquisisti
585 2236 742 2271 aurum,
777 2228 817 2263 et
850 2228 1066 2276 argentum
1097 2223 1138 2263 in
1170 2222 1372 2263 thesauris
1404 2223 1498 2263 tuis.
1558 2224 1573 2247 ⁵
1606 2223 1653 2263 In
1685 2222 1953 2264 multitudine
1985 2223 2197 2277 sapientiae

270 2288 363 2326 tuae.
399 2288 439 2323 et
470 2282 511 2323 in
543 2282 822 2335 negotiatione
854 2286 929 2322 tua
959 2281 1244 2335 multiplicasti
1276 2281 1352 2322 tibi
1383 2281 1689 2322 fortitudinem:
1723 2286 1765 2322 et
1796 2281 2005 2322 elevatum
2037 2287 2099 2323 est
2130 2294 2198 2323 cor

270 2348 389 2382 tuum
421 2341 461 2381 in
492 2341 636 2382 robore
667 2346 751 2382 tuo.
814 2342 829 2365 ⁶
859 2340 1084 2394 Propterea
1113 2340 1198 2381 haec
1230 2340 1329 2381 dicit
1358 2340 1561 2381 Dominus
1592 2340 1722 2381 Deus:
1755 2339 1815 2381 Eo
1848 2340 1959 2394 quod
1989 2339 2197 2381 elevatum

271 2406 331 2440 est
347 2413 414 2441 eor
430 2405 548 2440 tuum
566 2399 681 2453 quasi
697 2412 765 2440 cor
779 2399 873 2440 Dei:
921 2400 935 2423 ⁷
951 2399 1099 2440 idcirco
1116 2412 1206 2440 ecce
1222 2412 1294 2453 ego
1311 2399 1515 2440 adducam
1531 2411 1653 2453 super
1667 2404 1707 2440 te
1724 2398 1876 2440 alienos
1891 2399 2197 2440 robustissimos

271 2459 485 2500 Gentium:
507 2464 548 2499 et
567 2458 788 2499 nudabunt
806 2458 962 2512 gladios
982 2471 1076 2500 suos
1095 2471 1217 2512 super
1235 2458 1584 2512 pulchritudinem
1605 2458 1816 2511 sapientiae
1835 2463 1929 2507 tuae,
1951 2462 1993 2499 et
2011 2457 2198 2512 polluent

271 2519 457 2559 decorem
486 2523 618 2558 tuum.
678 2519 693 2541 ⁸
723 2517 988 2565 Interficient,
1019 2522 1061 2558 et
1088 2517 1308 2558 detrahent
1336 2522 1395 2558 te:
1425 2522 1467 2558 et
1494 2516 1675 2558 morieris
1704 2517 1745 2557 in
1773 2516 1943 2558 interitu
1973 2516 2198 2558 occisorum

268 2577 309 2617 in
334 2577 453 2617 corde
478 2576 612 2617 maris.
668 2578 683 2601 ⁹
709 2576 922 2630 Numquid
946 2576 1083 2616 dicens
1107 2576 1302 2630 loqueris:
1328 2576 1439 2616 Deus
1464 2589 1536 2629 ego
1561 2589 1664 2623 sum,
1692 2589 1828 2616 coram
1853 2575 2197 2616 interficientibus

269 2641 328 2676 te:
350 2648 442 2675 cum
463 2635 514 2676 sis
534 2634 669 2683 homo,
691 2640 733 2675 et
751 2648 833 2676 non
852 2635 976 2679 Deus,
998 2635 1038 2675 in
1058 2647 1184 2675 manu
1204 2634 1479 2676 occidentium
1500 2634 1565 2675 te?
1613 2636 1649 2659 ¹⁰
1666 2635 1798 2676 Morte
1818 2634 2195 2675 incircumcisorum

269 2694 450 2736 morieris
475 2694 516 2734 in
541 2707 667 2734 manu
694 2693 938 2735 alienorum:
967 2693 1063 2747 quia
1087 2706 1160 2747 ego
1185 2693 1347 2735 locutus
1373 2706 1475 2739 811111,
1504 2693 1563 2734 ait
1587 2693 1790 2734 Dominus
1815 2693 1939 2734 Deus.

73 2756 255 2817 2¹¹¹⁰,{,533,⁰;
376 2755 404 2777 ¹¹
428 2752 483 2793 Et
504 2753 638 2793 factus
660 2758 721 2793 est
742 2765 872 2793 sermo
894 2752 1061 2793 Domini
1082 2753 1135 2793 ad
1155 2765 1231 2801 me,
1255 2753 1411 2793 dicens:
1434 2752 1510 2793 Fili
1531 2752 1707 2794 hominis
1728 2752 1821 2793 leva
1840 2752 2056 2806 planctum
2076 2764 2198 2806 super

74 2808 78 2814 '
99 2797 227 2852 assflssmr.
270 2824 405 2865 regem
429 2812 542 2865 Tyri:
594 2813 625 2836 ¹2
648 2816 689 2852 et
711 2811 818 2852 dices
841 2811 894 2852 ei:
920 2811 1018 2852 Haec
1040 2811 1140 2852 dicit
1161 2811 1364 2852 Dominus
1386 2811 1516 2852 Deus:
1542 2811 1602 2851 Tu
1625 2810 1881 2864 signaculum
1903 2810 2194 2859 similitudinis,

268 2871 411 2924 plenus
436 2870 649 2924 sapientia,
676 2876 718 2911 et
741 2871 946 2924 perfectus
971 2870 1125 2919 decore,
1179 2872 1211 2895 ¹³
1233 2870 1275 2911 in
1299 2869 1451 2911 deliciis
1475 2869 1655 2924 paradisi
1678 2869 1755 2910 Dei
1778 2869 1912 2910 fuisti:
1938 2869 2069 2910 omnis
2092 2868 2196 2922 lapis

269 2929 470 2983 pretiosus
502 2929 802 2983 operimentum
833 2934 972 2970 tuum:
1005 2929 1174 2977 sardius,
1208 2929 1404 2983 topatius,
1438 2934 1479 2970 et
1508 2928 1643 2982 iaspis,
1677 2927 1965 2982 chrysolithus,
1998 2933 2040 2969 et
2070 2940 2193 2981 onyX,

269 2994 310 3029 et
340 2987 514 3033 berillus,
546 2988 774 3041 sapphirus,
806 2993 847 3028 et
876 2987 1160 3032 carbunculus,
1192 2992 1234 3028 et
1262 2988 1521 3041 smaragdus:
1553 3000 1698 3028 aurum
1729 3000 1830 3040 opus
1859 2986 2014 3028 decoris
2042 2986 2123 3027 tui:
2154 2991 2196 3027 et

269 3047 471 3088 foramina
500 3052 573 3087 tua
601 3047 642 3087 in
672 3047 748 3091 die,
782 3060 864 3100 qua
892 3046 1082 3088 conditus
1112 3059 1164 3095 es,
1198 3052 1431 3100 praeparata
1459 3052 1567 3088 sunt.
1653 3047 1685 3070 ¹⁴¹
1715 3046 1775 3086 Tu
1805 3045 1957 3086 cherub
1986 3049 2192 3094 extentus

269 3111 309 3145 et
326 3112 554 3158 protegens,
574 3111 615 3146 et
631 3106 748 3159 posui
766 3111 806 3146 te
823 3106 864 3146 in
881 3111 1022 3147 monte
1039 3110 1181 3146 sancto
1199 3105 1287 3154 Dei,
1305 3105 1347 3146 in
1364 3105 1497 3146 medio
1514 3105 1699 3159 lapidum
1716 3104 1939 3158 ignitorum
1957 3103 2191 3145 ambulasti.

270 3165 300 3187 ¹⁵
329 3164 538 3205 Perfectus
567 3164 608 3205 in
638 3164 712 3205 viis
742 3165 823 3205 tuis
853 3177 877 3205 a
904 3164 968 3205 die
997 3164 1244 3205 conditionis
1273 3169 1366 3213 tuae,
1399 3164 1527 3205 donec
1554 3163 1727 3204 inventa
1755 3168 1817 3204 est
1844 3162 2041 3216 iniquitas
2069 3162 2111 3202 in
2139 3167 2191 3203 te.

270 3223 304 3246 ¹⁶
326 3222 371 3262 In
392 3223 657 3264 multitudine
678 3223 967 3273 negotiationis
987 3228 1069 3264 tuae
1087 3223 1244 3276 repleta
1262 3228 1359 3264 sunt
1377 3222 1573 3264 interiora
1591 3228 1665 3263 tua
1682 3221 1914 3275 iniquitate,
1936 3226 1977 3262 et
1995 3221 2192 3275 peccasti:

269 3287 310 3321 et
325 3281 419 3321 eieci
436 3288 475 3321 te
491 3282 539 3322 de
555 3288 695 3323 monte
707 3282 793 3326 Dei.
808 3287 849 3323 et
863 3282 1021 3336 perdidi
1037 3286 1077 3323 te
1093 3295 1115 3323 0
1131 3281 1282 3322 cherub
1299 3286 1526 3335 protegens,
1544 3281 1593 3322 de
1608 3281 1742 3322 medio
1757 3280 1942 3334 lapidum
1956 3279 2192 3333 ignitorum.

270 3340 303 3363 ¹⁷
331 3338 384 3379 Et
412 3339 617 3380 elevatum
644 3346 706 3381 est
732 3354 800 3381 cor
825 3346 943 3381 tuum
970 3340 1011 3381 in
1038 3340 1181 3381 decore
1208 3345 1298 3381 tuo:
1327 3340 1540 3393 perdidisti
1566 3339 1813 3393 sapientiam
1839 3344 1956 3380 tuam
1981 3338 2023 3379 in
2050 3338 2194 3379 decore

270 3405 353 3441 tuo,
373 3398 411 3437 in
428 3404 578 3438 terram
594 3400 743 3451 proieci
758 3405 816 3440 te:
835 3405 930 3440 ante
946 3399 1092 3440 faciem
1106 3411 1247 3452 regum
1263 3399 1356 3439 dedi
1372 3404 1412 3440 te
1427 3404 1475 3440 ut
1489 3404 1702 3439 cernerent
1716 3403 1768 3439 te.
1813 3398 1848 3422 ¹⁸
1864 3397 1912 3438 In
1926 3396 2194 3438 multitudine

268 3456 537 3510 iniquitatum
580 3463 757 3506 tuarum,
802 3463 843 3499 et
883 3457 1104 3511 iniquitate
1146 3457 1436 3511 negotiationis
1479 3463 1560 3498 tuae
1600 3456 1783 3511 polluisti
1824 3455 2193 3497 sanctificationem

269 3523 403 3556 tuam:
432 3515 654 3569 producam
682 3529 773 3569 ergo
800 3517 933 3569 ignem
960 3517 1009 3557 de
1034 3517 1167 3557 medio
1195 3516 1266 3561 tui,
1296 3516 1364 3569 qui
1391 3516 1579 3557 comedat
1606 3521 1657 3558 te.
1686 3520 1727 3556 et
1752 3515 1858 3556 dabo
1886 3520 1926 3556 te
1950 3514 1991 3555 in
2017 3514 2192 3555 cinerem
