2356 3760
301 186 379 227 694
835 234 843 246 .
1112 182 1387 217 PROPHETIA
1945 184 1998 225 30,
2024 185 2165 225 29-32,
2191 185 2212 218 6

349 284 401 318 ad
421 278 649 331 perdendas
670 284 810 327 gentes
834 276 872 316 in
895 276 1078 319 nihilum.
1155 281 1197 317 et
1217 277 1377 318 frenum
1399 278 1553 323 erroris,
1580 277 1690 331 quod
1711 283 1797 319 erat
1819 278 1861 318 in
1882 279 2061 320 maxillis
2081 292 2211 332 popu-

560 336 702 377 lorum.

295 397 330 419 ²⁹
348 395 563 436 Canticum
593 396 667 435 erit
698 394 813 435 vobis
896 393 999 434 sicut
1029 407 1110 434 nox
1140 395 1407 435 sanctiticatae
1435 394 1735 438 sollemnitatis,

348 460 390 495 et
415 454 559 495 laetitia
587 454 716 494 cordis
745 453 850 492 sicut
879 452 947 505 qui
975 453 1106 506 pergit
1134 466 1227 493 cum
1256 453 1369 496 tibia.
1453 459 1500 494 ut
1526 454 1652 495 intret
1680 454 1721 494 in
1749 459 1932 495 montem
1961 455 2128 496 Domini
2158 455 2210 496 ad

559 514 704 552 fortem
743 510 872 551 lsrael.

295 574 333 596 ³⁰
349 572 403 612 Et
425 572 609 612 auditam
630 570 754 610 faciet
774 569 974 610 Dominus
994 569 1163 623 gloriam
1185 571 1294 611 vocis
1316 583 1409 613 suae.
1486 576 1528 612 et
1547 576 1742 613 terrorem
1765 572 1919 612 brachii
1940 572 2001 612 sui
2022 573 2211 614 ostendet

350 631 387 671 in
415 629 731 671 comminatione
757 629 914 674 furoris,
943 634 985 669 et
1010 628 1178 670 flamma
1202 630 1304 681 ignis
1330 630 1585 671 devorantis:
1666 630 1806 671 allidet
1832 631 1872 671 in
1899 631 2075 679 turbine,
2104 636 2144 672 et
2170 631 2210 672 in

558 688 692 741 lapide
721 688 940 741 grandinis.

296 751 325 773 ³¹
349 748 382 787 A
413 760 511 788 voce
541 747 646 787 enim
677 746 842 787 Domini
874 747 1043 800 pavebit
1071 747 1198 788 Assur
1280 747 1395 800 virga
1423 760 1648 801 perc-ussus.

295 809 327 832 32
349 807 401 846 Et
427 806 503 847 erit
526 806 723 847 transitus
748 805 871 855 virgae
892 806 1102 850 fundatus.
1183 819 1306 859 quam
1330 807 1578 860 requiescere
1601 807 1725 848 faciet
1747 807 1948 849 Dominus
1972 821 2093 862 super
2117 821 2208 849 eum

348 865 387 905 in
418 865 626 918 tympanis
656 870 698 905 et.
726 865 910 905 citharis:
994 870 1036 905 et
1065 865 1102 905 in
1136 865 1247 905 bellis
1277 865 1490 919 praecipuis
1520 866 1774 919 expugnabit
1803 880 1881 908 eos.

293 926 326 949 ³³
347 924 585 977 Praeparata
613 929 675 965 est
703 924 811 964 enim
841 924 893 965 ab
922 924 1007 964 heri
1037 924 1238 977 Topheth,
1323 937 1348 965 a
1376 937 1466 977 rege
1496 930 1738 978 praeparata,

348 983 564 1036 profunda
596 988 638 1024 et
667 983 853 1024 dilatata.
887 983 1152 1024 Nutrimenta
1180 983 1276 1031 eius,
1360 983 1462 1035 ignis
1492 988 1535 1024 et
1561 983 1672 1036 ligna
1699 984 1849 1026 multa:

349 1042 470 1082 flatus
500 1042 666 1084 Domini
696 1043 802 1082 sicut
830 1047 987 1082 torrens
1017 1042 1220 1095 sulphuris
1303 1043 1551 1083 succendens
1581 1055 1683 1084 eam.

821 1156 860 1197 5.
889 1157 1117 1209 AEgyptus
1148 1158 1192 1197 et
1222 1157 1459 1209 Dominus,
1487 1158 1555 1209 31,
1575 1159 1696 1200 1-9.

128 1242 253 1301 Ᾰξζέΰῖῐζξξ
297 1241 360 1285 31.
416 1244 429 1266 ¹
456 1241 528 1282 Vae
555 1241 622 1294 qui
649 1240 904 1281 descendunt
929 1240 970 1281 in
996 1239 1223 1294 AEgyptum
1251 1241 1304 1282 ad
1330 1241 1540 1291 auxilium,
1621 1242 1662 1283 in
1689 1242 1802 1296 equis
1829 1247 2050 1296 sperantes,

111 1297 268 1343 cadumim
349 1305 390 1341 et
407 1301 605 1342 habentes
625 1299 816 1340 fiduciam
835 1312 956 1353 super
975 1300 1192 1354 quadrigis,
1215 1300 1312 1354 quia
1329 1300 1470 1341 multae
1488 1306 1602 1341 sunt:
1676 1306 1717 1342 et
1735 1315 1855 1355 super
1873 1301 2092 1355 equitibus.
2115 1301 2212 1355 quia

151 1353 227 1375 ξω·
559 1358 769 1413 praevalidi
799 1358 937 1399 nimis:

349 1424 390 1459 et
418 1432 499 1460 non
529 1424 625 1459 suut
655 1417 794 1459 confisi
823 1430 944 1471 super
972 1422 1161 1459 sanctum
1193 1418 1328 1467 Israel,
1413 1424 1454 1459 et
1482 1418 1706 1460 Dominum
1735 1432 1817 1460 non
1846 1418 2129 1473 requisierunt.

313 1480 329 1503 ²
352 1479 442 1532 lpse
473 1483 611 1518 autem
641 1477 801 1530 sapiens
831 1477 1006 1518 adduxit
1034 1477 1201 1526 malum,
1286 1482 1328 1518 et
1355 1477 1483 1518 verba
1511 1491 1585 1519 sua
1613 1491 1694 1519 non
1725 1477 1915 1519 abstulit:

349 1544 390 1578 et
429 1541 646 1590 consurget
684 1541 828 1577 contra
867 1536 1035 1577 domum
1074 1536 1355 1590 pessimorum,
1451 1542 1491 1578 et
1531 1542 1675 1578 contra
1714 1537 1912 1578 auxilium
1952 1536 2210 1591 operantium

560 1596 833 1649 iniquitatem.

313 1657 329 1681 ³
349 1655 565 1709 AEgyptus,
596 1655 730 1702 homo,
761 1659 803 1694 et
830 1667 911 1695 non
939 1655 1068 1695 Deus:
1152 1660 1193 1695 et
1221 1655 1314 1708 equi
1343 1667 1495 1703 eorum,
1526 1667 1630 1701 caro.
1662 1661 1702 1696 et
1731 1668 1813 1696 non
1841 1655 2025 1709 spiritus:

349 1720 391 1755 et
415 1714 617 1756 Dominus
642 1713 856 1754 inclinabit
880 1726 1049 1754 manum
1076 1726 1204 1762 suam,
1285 1718 1327 1754 et
1351 1719 1513 1754 corruet
1538 1713 1768 1760 auxiliator.

349 1778 392 1815 et
420 1774 539 1815 cadet
569 1772 632 1813 cui
661 1778 881 1826 praestatur
910 1772 1119 1821 auxilium,
1203 1771 1405 1826 simulque
1435 1786 1574 1814 omnes
1604 1779 1907 1815 consumentur.

122 1881 260 1926 P0¹¹fi1111³
314 1882 329 1904 ⁴
350 1879 456 1928 Quia
483 1879 568 1920 haec
597 1878 697 1918 dicit
724 1877 925 1918 Dominus
956 1877 1008 1918 ad
1036 1890 1119 1918 me:

101 1919 278 1991 ‘ff-sslgstustssssn
349 1938 564 1987 Quomodo
594 1937 626 1978 si
654 1936 790 1990 rugiat
806 1936 879 1980 leo.
901 1941 942 1977 et
959 1935 1119 1977 catulus
1136 1936 1263 1978 leonis
1281 1950 1403 1991 super
1419 1938 1599 1991 praedam
1618 1950 1746 1981 suam.
1821 1943 1862 1978 et
1879 1950 1972 1978 cum
1991 1937 2211 1978 occurrerit

106 1988 273 2048 mistim*
560 1997 594 2037 ei
623 1995 847 2036 multitudo
877 2001 1101 2049 pastorum,

349 2070 374 2096 a.
400 2069 499 2097 voce
529 2069 668 2097 eorum
697 2068 779 2096 non
808 2055 1059 2104 formidabit,
1144 2060 1186 2096 et
1214 2068 1240 2096 a
1266 2055 1533 2096 multitudine
1562 2067 1702 2096 eorum
1731 2067 1813 2096 non
1842 2055 2030 2109 pavebit:

349 2115 404 2156 sic
430 2115 648 2156 descendet
672 2114 874 2155 Dominus
900 2114 1152 2155 exercituum
1231 2120 1279 2155 ut
1303 2114 1509 2168 praelietur
1534 2127 1655 2168 super
1678 2120 1862 2156 montem
1888 2114 1996 2163 Sion,
2024 2118 2066 2155 et
2091 2127 2214 2168 super

559 2173 700 2215 collem
731 2173 826 2214 eius.

313 2237 327 2258 ³
349 2234 462 2274 Sicut
494 2246 589 2273 aves
622 2232 818 2280 volantes,
853 2231 908 2272 sic
939 2237 1125 2285 proteget
1156 2232 1357 2273 Dominus
1389 2232 1642 2272 exercituum
1676 2232 1907 2281 Ierusalem,
1993 2237 2208 2287 protegens

559 2297 601 2332 et
628 2291 815 2337 liberans,
848 2291 1048 2331 transiens
1077 2296 1119 2331 et
1148 2290 1323 2332 salvans.

405 2365 419 2386 ⁶
444 2361 738 2404 Convertimini
764 2362 867 2402 sicut
893 2362 933 2401 in
960 2361 1209 2415 profundum
1235 2362 1489 2403 recesseratis
1515 2361 1585 2402 filii
1612 2361 1747 2403 Israel.
1805 2363 1818 2384 ⁷
1847 2362 1894 2402 In
1920 2361 1983 2402 die
2009 2362 2117 2403 enim
2141 2362 2209 2402 illa

297 2422 460 2462 abiiciet
485 2421 548 2461 vir
574 2420 684 2462 idola
710 2420 866 2474 argenti
894 2420 966 2468 sui,
997 2426 1038 2461 et
1064 2420 1174 2461 idola
1201 2421 1287 2461 auri
1315 2421 1387 2463 sui.
1419 2433 1509 2474 quae
1535 2421 1720 2461 fecerunt
1746 2420 1862 2461 vobis
1890 2433 2036 2462 manus
2063 2426 2211 2462 vestrae

296 2482 337 2522 in
366 2486 593 2535 peccatum.

313 2553 328 2575 8
348 2552 404 2592 Et
434 2552 551 2592 cadet
582 2551 708 2591 Assur
736 2550 776 2591 in
805 2550 939 2603 gladio
968 2563 1050 2591 non
1080 2550 1167 2593 viri.
1252 2555 1294 2591 et
1321 2550 1480 2604 gladius
1508 2563 1590 2591 non
1620 2549 1795 2591 hominis
1824 2549 1988 2591 vorabit
2017 2563 2121 2593 eum.

349 2616 389 2652 et
417 2611 547 2664 fugiet
576 2623 656 2651 non
687 2622 711 2650 a
738 2609 840 2650 facie
869 2609 1010 2663 gladii:
1094 2615 1135 2650 et
1163 2610 1330 2650 iuvenes
1360 2609 1444 2650 eius
1474 2609 1692 2663 vectigales
1722 2614 1859 2650 erunt:

314 2671 329 2694 ⁹
350 2674 391 2710 et
423 2669 623 2710 fortitudo
659 2668 742 2709 eius
777 2681 801 2708 a
834 2673 985 2709 terrore
1019 2669 1222 2715 transibit,
1313 2674 1353 2709 et
1386 2669 1601 2722 pavebunt
1633 2668 1835 2722 fugientes
1868 2667 2070 2722 principes
2104 2668 2210 2709 eius:

349 2729 455 2769 dixit
482 2728 702 2769 Dominus:
734 2727 847 2768 cuius
876 2727 978 2781 ignis
1008 2732 1070 2768 est
1097 2728 1138 2768 in
1168 2728 1275 2769 Sion.
1361 2734 1402 2768 et
1431 2728 1614 2768 caminus
1644 2728 1728 2768 eius
1757 2727 1799 2768 in
1830 2727 2060 2769 Ierusalem.

749 2855 787 2895 6.
818 2853 1045 2906 Tempora
1074 2855 1259 2895 iustitiae
1291 2855 1335 2896 et
1363 2856 1505 2908 pacis,
1533 2856 1600 2906 32,
1620 2855 1764 2895 1—20.

123 2938 264 2967 ''¹³¹1'0·“i¹1
299 2936 360 2997 32.
417 2940 426 2961 ¹
462 2938 563 2978 Ecce
592 2937 633 2978 in
663 2937 821 2978 iustitia
848 2937 1035 2989 regnabit
1064 2951 1145 2983 rex,
1231 2944 1272 2979 et
1300 2938 1502 2992 principes
1532 2939 1572 2979 in
1602 2938 1750 2979 iudicio
1780 2942 1996 2991 praeerunt.

107 2974 278 3032 fissz‘i‘fffr'sslssl
315 2998 329 3018 '-’
351 2996 403 3035 Et
434 2997 509 3036 erit
539 2997 599 3037 vir
628 2996 733 3037 sicut
763 2997 831 3050 qui
861 2990 1126 3038 absconditur
1155 3011 1180 3038 a
1208 3003 1344 3040 vento.
1429 3003 1471 3038 et
1499 2997 1605 3038 celat
1633 3010 1674 3038 se
1704 3010 1728 3037 a
1757 3002 2015 3050 tempestate.

350 3054 451 3094 sicut
484 3056 556 3096 rivi
588 3068 786 3109 aquarum
816 3056 857 3096 in
886 3056 965 3103 siti,
1050 3062 1091 3096 et
1119 3057 1267 3097 umbra
1294 3062 1420 3110 petrae
1449 3056 1716 3110 prominentis
1746 3056 1787 3096 in
1817 3062 1926 3096 terra
1954 3056 2126 3097 deserta.

315 3116 329 3135 ²²
354 3113 441 3153 Non
467 3114 701 3161 caligabunt
725 3114 829 3155 oculi
854 3115 1095 3159 videntium,
1175 3121 1214 3156 et
1240 3129 1355 3156 aures
1381 3115 1636 3156 audientium
1661 3115 1875 3168 diligenter
1898 3115 2203 3155 auscultabunt.

316 3173 329 3195 ‘¹
352 3171 398 3211 Et
435 3185 501 3212 eor
530 3174 748 3214 stultorum
778 3174 976 3223 intelliget
1005 3174 1228 3216 scientiam,
1313 3180 1355 3215 et
1382 3175 1521 3225 lingua
1550 3174 1764 3215 balborum
1795 3173 1988 3215 velociter
2015 3173 2206 3227 loquetur

560 3239 595 3271 et
629 3233 758 3284 plane.

315 3290 330 3312 5
354 3289 440 3328 Non
476 3291 688 3330 vocabitur
720 3291 826 3332 ultra
857 3292 899 3336 is,
936 3292 1003 3346 qui
1035 3292 1226 3345 insipiens
1258 3299 1330 3335 est.
1366 3293 1568 3346 princeps:
1657 3306 1786 3346 neque
1818 3290 2102 3332 fraudulentus
2135 3304 2206 3346 ap-

560 3349 777 3401 pellabitur
806 3351 951 3392 maior:

314 3409 329 3429 ὅ
350 3406 499 3447 stultus
530 3408 635 3447 enim
666 3409 781 3449 fatua
812 3409 1010 3463 loquetur.
1095 3416 1135 3451 et
1165 3423 1232 3450 cor
1261 3410 1345 3451 eius
1375 3411 1495 3451 faciet
1527 3411 1800 3464 iniquita-tem.

350 3472 394 3505 ut
425 3466 607 3518 perficiat
637 3467 948 3511 simulationem.
1034 3477 1075 3510 et
1102 3469 1296 3522 loquatur
1325 3470 1377 3510 ad
1406 3469 1629 3510 Dominum
1659 3468 1950 3510 fraudulenter.

348 3531 390 3565 et
419 3538 591 3565 vacuam
622 3526 747 3565 faciat.
776 3527 953 3567 animam
985 3528 1207 3569 esurientis,
1293 3535 1331 3569 et
1363 3535 1507 3581 potum
1538 3528 1689 3569 sitienti
1722 3528 1891 3568 auferat.
