2356 3760
143 81 196 119 11,
221 79 340 116 0-1-2,
367 80 408 112 19
1022 78 1176 111 TOBIAE
1957 89 2028 129 431

144 179 281 214 autem
311 173 478 213 sedebat
508 185 619 213 secus
649 171 770 215 viam,
803 171 983 222 quotidie
1013 171 1054 211 in
1083 171 1293 224 supercilio
1323 172 1484 217 montis,
1518 175 1622 213 unde
1652 178 1841 228 respicere
1870 185 2031 231 poterat

144 232 193 272 de
214 231 446 285 longinquo.
501 233 516 255 ⁶
537 231 591 271 Et
613 230 710 270 dum
732 240 781 267 ex
803 229 944 268 eodem
966 229 1051 270 loco
1074 229 1350 282 specularetur
1370 231 1593 271 adventum
1617 232 1710 277 eius,
1736 236 1836 276 vidit
1859 250 1882 277 a
1901 238 2028 288 longe,

144 296 185 330 et
213 290 317 331 illico
349 290 516 344 agnovit
546 287 776 328 venientem
807 286 933 326 filium
965 300 1102 327 suum:
1134 300 1375 341 currensque
1405 290 1617 330 nunciavit
1646 290 1731 331 viro
1762 305 1844 335 3110,
1878 288 2029 337 diceris:

144 349 248 389 Ecce
274 349 387 389 venit
412 348 515 388 filius
540 352 647 386 tuus,
705 346 718 368 ⁷
743 344 940 398 Dixitque
968 345 1152 399 Raphael
1177 347 1229 386 ad
1256 347 1442 387 Tobiam:
1469 348 1523 388 At
1550 348 1618 388 ubi
1643 349 1840 391 introieris
1867 353 2030 394 domum

145 413 271 452 tuam,
299 407 439 448 statim
464 405 588 445 adora
610 403 833 444 Dominum
856 405 989 444 Deum
1015 410 1151 444 tuum:
1177 410 1218 445 et
1240 406 1390 458 gratias
1415 419 1535 459 agens
1560 407 1605 449 ei.
1633 409 1776 448 accede
1801 410 1851 449 ad
1875 416 2029 462 patrem

145 472 275 513 tuum,
300 472 340 506 et
360 463 539 505 osculare
561 476 664 503 eum.
717 464 732 486 s
752 462 983 516 Statimque
1004 462 1075 503 lini
1095 476 1215 516 super
1235 463 1369 504 oculos
1391 464 1473 504 eius
1494 478 1543 505 ex
1563 465 1652 506 felle
1675 466 1749 507 isto
1772 467 1900 520 piscis.
1926 470 2032 521 quod

145 531 282 578 portas
316 529 462 564 tecum.
499 522 598 562 scias
632 521 738 561 enim
773 522 964 574 quoniam
998 535 1095 562 mox
1127 522 1358 575 aperientur
1390 523 1493 563 oculi
1527 524 1620 565 eius.
1658 531 1696 564 et
1730 525 1884 566 videbit
1920 533 2034 579 pater

145 588 239 622 tuus
267 582 403 622 lumen
433 581 527 624 caeli,
559 586 599 621 et
629 580 669 620 in
699 584 864 633 aspectu
894 585 965 621 tuo
994 580 1202 633 gaudebit.

251 643 266 665 ⁹
288 641 400 681 Tunc
422 639 682 693 praecucurrit
704 639 825 683 00013,
852 638 920 692 qui
942 639 1060 679 simul
1082 640 1216 680 fuerat
1237 639 1277 679 in
1300 639 1384 679 via:
1409 644 1449 680 et
1472 640 1585 693 quasi
1608 641 1776 682 nuncius
1799 644 2027 689 adveniens,
2053 647 2133 685 Ram
2154 647 2219 672 ¹⁸¹¹?

2050 682 2134 710 precis
2153 682 2222 706 litus

144 699 422 740 blandimento
444 711 526 739 suae
545 698 684 739 caudae
703 698 920 750 gaudebat.
972 700 1006 721 ¹0
1025 698 1080 738 Et
1101 711 1342 751 consurgens
1364 711 1489 738 0100113
1512 704 1627 751 pater
1647 699 1740 742 eius,
1765 701 1887 754 coepit
1909 702 2030 742 01100-
2047 716 2136 741 fluum
2150 717 2227 742 videt

144 758 242 799 dens
258 759 428 812 pedibus
445 770 619 798 currere:
638 762 678 797 et
694 757 794 797 data·
808 770 933 797 manu
949 770 1086 809 puero,
1105 757 1278 797 occurrit
1295 756 1459 797 obviam
1474 757 1554 798 filio
1572 771 1655 798 3110.
1701 760 1731 782 11
1748 758 1802 799 Et
1818 760 2033 813 suscipiens

144 817 349 858 osculatus
370 822 432 858 est
452 829 544 857 eum
567 829 659 856 cum
682 829 805 856 uxore
827 829 910 861 3110,
935 822 976 855 01
998 822 1208 869 coeperunt
1231 816 1350 856 ambo
1376 815 1468 856 flere
1489 829 1571 869 11110
1591 817 1751 869 gaudio.
1802 819 1832 841 ¹²
1854 819 2034 872 (Sumque

145 877 382 917 adorassent
412 876 557 921 Deum,
593 880 633 915 et
663 875 814 928 gratias
847 875 1031 928 egissent.
1067 875 1346 915 consederunt.
1410 877 1439 899 ¹³
1472 874 1584 915 Tunc
1616 888 1777 916 sumens
1810 876 1955 917 Tobias
1988 878 2036 918 de

143 934 234 976 felle
261 934 392 988 piscis,
421 934 555 974 linivit
583 933 718 975 oculos
744 933 872 987 patris
900 934 971 974 sui.
1030 935 1059 957 11
1087 933 1140 973 Ε1
1168 933 1361 974 sustinuit
1390 933 1504 987 quasi
1531 934 1741 975 dimidiam
1768 935 1848 975 fere
1875 935 2035 976 horam:

143 999 185 1035 et
204 994 329 1047 coepit
348 993 495 1046 albugo
515 1006 565 1033 ex
584 992 707 1033 oculis
727 993 822 1036 eius.
846 993 959 1045 quasi
979 992 1218 1032 membrana
1237 993 1314 1036 ovi,
1337 992 1481 1046 egredi.
1531 995 1561 1016 15
1581 993 1712 1041 Quam
1733 994 2037 1047 apprehendens

145 1052 292 1094 Tobias
317 1052 445 1093 traxit
471 1052 522 1092 ab
549 1051 672 1092 oculis
698 1052 793 1099 eius,
821 1051 1043 1104 statimque
1070 1051 1201 1091 visum
1227 1051 1390 1104 recepit.
1446 1053 1479 1075 ¹⁶
1504 1051 1559 1092 Et
1583 1051 1865 1105 glorificabant
1888 1054 2035 1103 Deum,

143 1112 228 1165 ipse
256 1111 455 1155 videlicet,
487 1116 529 1151 et
558 1124 659 1152 uxor
687 1110 782 1155 01113,
814 1117 853 1151 01
883 1124 1021 1152 01111103
1052 1110 1120 1163 (1111
1150 1110 1330 1151 sciebant
1361 1124 1464 1151 eum.
1524 1112 1556 1133 ¹⁷
1585 1110 1839 1164 Dicebatque
1869 1112 2034 1153 Tobias:

144 1170 345 1211 Benedico
371 1175 410 1211 te
434 1170 608 1211 Domine
632 1170 741 1211 Deus
769 1169 901 1212 lsrael.
930 1169 1024 1223 quia
1047 1174 1092 1209 tu
1117 1169 1325 1222 castigasti
1348 1182 1423 1210 me.
1450 1174 1490 1209 et
1517 1174 1560 1209 tu
1585 1168 1752 1209 salvasti
1776 1183 1857 1210 me:
1883 1178 1923 1211 et
1947 1185 2034 1212 ecce

143 1243 214 1283 ego
244 1229 361 1270 video
393 1229 562 1270 Tobiam
591 1228 718 1268 filium
746 1242 894 1269 meum.

250 1291 283 1312 ¹⁸
314 1288 497 1341 Ingressa
524 1293 585 1328 est
612 1288 736 1328 etiam
765 1293 857 1340 post
885 1293 1040 1340 septem
1070 1286 1152 1327 dies
1180 1288 1280 1327 Sara
1308 1298 1410 1326 uxor
1438 1285 1505 1325 filii
1534 1286 1628 1330 01113,
1660 1293 1698 1327 01
1728 1288 1856 1327 omnis
1885 1288 2038 1329 familia

144 1361 255 1396 sana,
279 1353 320 1388 et
340 1360 497 1400 pecora.
521 1352 562 1386 et
583 1346 735 1390 00111011,
760 1352 799 1386 01
822 1346 993 1398 pecunia
1012 1344 1144 1384 multa
1165 1344 1318 1385 uxoris:
1342 1345 1410 1385 sed
1432 1350 1472 1385 et
1493 1344 1561 1385 illa
1580 1346 1763 1398 pecunia,
1789 1359 1909 1399 quam
1933 1360 2035 1388 rece-

143 1412 260 1460 perat
286 1419 310 1446 a
335 1405 506 1445 Gabelo:
562 1406 595 1428 19
621 1410 661 1444 01
689 1404 870 1444 narravit
896 1403 1133 1456 parentibus
1160 1403 1240 1443 suis
1267 1403 1404 1444 omnia
1431 1403 1624 1444 beneficia
1648 1404 1735 1450 Dei,
1766 1418 1854 1458 quae
1879 1406 2037 1446 fecisset

144 1465 249 1505 circa
279 1476 371 1504 eum
404 1476 475 1516 per
507 1463 723 1507 hominem,
760 1463 828 1516 qui
860 1476 951 1503 eum
985 1462 1169 1502 duxerat.
1231 1463 1267 1485 ‘²⁰
1298 1462 1586 1516 Veneruntque
1619 1463 1767 1504 Achior
1798 1469 1838 1504 et
1872 1464 2038 1505 Nabath

143 1522 371 1564 consobrini
400 1522 546 1566 Tobiae.
576 1522 800 1575 gaudentes
830 1522 882 1562 ad
912 1521 1092 1564 Tobiam,
1124 1527 1165 1561 et
1193 1521 1522 1574 congratulantes
1551 1522 1585 1562 ei
1615 1522 1663 1562 de
1692 1522 1878 1563 omnibus
1909 1523 2034 1568 bonis,

143 1595 234 1636 quae
262 1582 367 1623 circa
395 1581 508 1621 illum
538 1581 772 1622 ostenderat
802 1581 923 1621 Deus.
983 1582 1011 1604 '³¹
1045 1579 1097 1620 Et
1127 1593 1198 1633 per
1227 1587 1382 1633 septem
1413 1580 1494 1621 dies
1525 1580 1746 1633 epulantes,
1779 1595 1916 1622 0011103
1946 1596 2037 1623 cum

140 1641 289 1695 gaudio
318 1653 465 1693 magno
493 1640 622 1694 gavisi
651 1646 757 1681 sunt.

557 1745 595 1785 3.
625 1744 825 1796 Raphaei
855 1745 1151 1797 semetipsum
1181 1744 1367 1796 revelat,
1395 1746 1461 1796 12,
1479 1745 1624 1784 1-„22

248 1817 311 1860 12.
367 1819 380 1841 ¹
409 1816 521 1857 Tunc
550 1816 713 1857 vocavit
742 1815 793 1856 ad
821 1828 861 1856 se
890 1815 1035 1855 Tobias
1064 1815 1191 1856 filium
1219 1829 1349 1860 31111111,
1380 1816 1563 1869 dixitque
1592 1815 1645 1855 ei:
1692 1815 1797 1864 Quid
1825 1830 2037 1869 possumus

142 1877 238 1918 dare
270 1876 355 1917 Viro
388 1875 455 1916 isti
486 1881 639 1920 sancto,
675 1874 744 1928 qui
775 1874 887 1915 venit
919 1874 1078 1914 tecum?
1138 1876 1152 1898 '2
1186 1875 1448 1928 Respondens
1482 1874 1638 1921 Tobias,
1673 1874 1776 1915 dixit
1807 1876 1914 1928 patri
1945 1889 2035 1917 suo:

142 1936 276 1983 Pater,
306 1948 428 1988 quam
453 1934 679 1974 mercedem
705 1933 893 1974 dabimus
919 1933 977 1973 ei?
1005 1939 1076 1974 0111
1103 1933 1201 1987 quid
1226 1934 1392 1986 dignum
1418 1934 1567 1987 poterit
1593 1946 1676 1973 esse
1703 1934 1902 1975 beneficiis
1929 1935 2036 1975 eius?

143 1997 158 2019 3
186 1995 251 2035 Me
280 1994 399 2035 duxit
429 1998 470 2034 et
498 1993 660 2034 reduxit
689 2005 846 2041 sanum,
878 1993 1091 2046 pecuniam
1123 2006 1146 2033 a
1175 1992 1326 2034 Gabelo
1357 1993 1440 2046 ipse
1470 1993 1631 2046 recepit,
1666 2006 1830 2034 uxorem
1860 1994 1944 2047 ipse
1973 2008 2036 2034 me

142 2053 291 2094 habere
316 2052 423 2096 fecit.
451 2057 493 2093 et
518 2052 764 2092 daemonium
791 2051 842 2091 ab
868 2065 914 2092 ea
940 2051 1023 2104 ipse
1050 2052 1310 2105 compescuit,
1336 2052 1531 2105 gaudium
1557 2052 1793 2105 parentibus
1820 2052 1902 2093 eius
1928 2053 2034 2096 fecit.

142 2112 341 2166 meipsum
368 2125 391 2152 0
416 2111 679 2152 devoratione
705 2110 823 2164 piscis
850 2110 1009 2163 eripuit,
1039 2115 1077 2151 te
1105 2123 1265 2164 quoque
1291 2110 1426 2151 videre
1452 2110 1546 2151 fecit
1572 2110 1708 2151 lumen
1734 2111 1828 2157 caeli,
1857 2117 1897 2151 01
1922 2112 2036 2152 bonis

142 2171 329 2212 omnibus
355 2183 426 2224 per
449 2183 543 2211 eum
566 2169 709 2223 repleti
733 2182 884 2210 sumus.
913 2169 1019 2217 Quid
1043 2169 1098 2210 illi
1123 2170 1175 2210 ad
1200 2169 1283 2210 haec
1309 2170 1530 2223 poterimus
1556 2169 1723 2222 dignum
1748 2170 1867 2210 dare?
1920 2172 1935 2194 ⁴
1959 2171 2037 2211 Sed

141 2235 236 2283 peto
265 2235 304 2270 te
329 2234 447 2282 pater
471 2228 538 2277 mi,
567 2233 614 2269 ut
638 2240 752 2283 roges
778 2240 882 2271 eum.
910 2228 942 2268 si
967 2228 1071 2268 forte
1097 2227 1333 2281 dignabitur
1357 2228 1619 2269 medietatem
1646 2228 1695 2268 de
1721 2228 1918 2271 omnibus.
1949 2242 2037 2282 quae

142 2288 268 2330 allata
293 2293 400 2335 sunt,
429 2287 505 2328 sibi
532 2300 745 2328 assumere.

245 2350 260 2372 5
284 2347 339 2388 Ε1
363 2352 555 2388 vocantes
580 2359 683 2395 eum,
709 2351 826 2400 pater
849 2345 1009 2390 scilicet,
1036 2351 1077 2386 et
1100 2345 1215 2395 filius,
1243 2346 1424 2387 tulerunt
1447 2359 1539 2386 011111
1563 2346 1603 2386 10
1627 2351 1804 2398 partem:
1830 2351 1870 2386 et
1894 2359 2031 2399 rogare

141 2411 354 2460 coeperunt
390 2411 437 2446 ut
473 2406 709 2459 dignaretur
745 2405 955 2446 dimidiam
992 2410 1151 2458 partem
1189 2406 1382 2449 0011111101,
1424 2418 1512 2459 quae
1549 2404 1784 2448 attulerant,
1825 2411 2034 2458 acceptam

140 2466 301 2507 habere.
348 2466 363 2489 ⁶
378 2464 490 2505 Tunc
505 2464 610 2505 dixit
624 2465 678 2505 eis
694 2463 867 2505 occulte:
885 2464 1117 2505 Benedicite
1132 2464 1265 2505 Deum
1281 2464 1375 2509 01011,
1394 2470 1435 2505 01
1449 2477 1583 2505 0010111
1600 2464 1786 2505 omnibus
1802 2463 2033 2504 viventibus

142 2524 391 2566 confitemini
418 2523 463 2569 ei,
495 2523 590 2577 quia
615 2523 711 2564 fecit
737 2523 947 2564 vobiscum
975 2523 1290 2564 misericordiam
1317 2536 1443 2565 suam.
1503 2525 1515 2546 ⁷
1543 2523 1707 2564 Etenim
1734 2528 2033 2563 sacramentum

140 2584 242 2637 regis
265 2583 510 2624 abscondere
533 2583 684 2624 bonum
707 2588 785 2623 est:
810 2596 932 2635 opera
953 2588 1090 2623 01110111
1112 2582 1188 2623 Dei
1209 2582 1385 2623 revelare
1408 2588 1448 2623 et
1470 2582 1651 2623 confiteri
1672 2581 1936 2622 honorificum
1959 2587 2030 2622 est.

143 2644 159 2667 e
180 2643 296 2684 Bona
315 2648 375 2684 est
395 2642 524 2683 oratio
545 2655 638 2682 cum
658 2641 816 2687 ieiunio,
839 2647 879 2682 01
899 2641 1153 2695 eleemosyna
1173 2642 1300 2695 magis
1322 2654 1445 2695 quam
1466 2641 1675 2682 thesauros
1696 2640 1782 2680 auri
1800 2641 2033 2680 recondere:

144 2704 159 2726 ⁹
187 2702 380 2756 quonia-m
408 2701 664 2753 eleemosyna
691 2714 715 2742 a
740 2706 871 2741 morte
898 2700 1054 2745 liberat,
1085 2706 1126 2741 et
1152 2700 1241 2754 ipsa
1267 2706 1338 2745 est,
1370 2713 1459 2753 quae
1485 2705 1632 2753 purgat
1660 2704 1838 2752 peccata,
1869 2704 1909 2739 et
1936 2698 2035 2739 facit

139 2761 319 2802 invenire
351 2760 666 2802 misericordiam
699 2764 740 2801 et
771 2759 900 2800 vitam
932 2765 1138 2801 1010101101.
1201 2761 1236 2784 ¹⁰
1267 2759 1344 2808 Qui
1377 2765 1513 2800 autem
1545 2758 1702 2799 faciunt
1732 2762 1958 2811 peccatum,
1993 2762 2034 2798 et

138 2820 411 2873 iniquitatem,
442 2820 577 2861 hostes
607 2824 703 2860 sunt
732 2818 877 2860 animae
904 2832 996 2860 suae.
1056 2820 1085 2843 ¹¹
1114 2818 1329 2859 Manifesto
1360 2831 1450 2871 ergo
1481 2818 1595 2859 vobis
1624 2816 1851 2863 veritatem,
1883 2821 1923 2857 et
1951 2829 2032 2857 non

140 2879 389 2920 abscondam
407 2891 431 2919 a
447 2879 562 2920 vobis
580 2878 784 2920 occultum
802 2890 1039 2919 sermonem.
1086 2879 1117 2902 ¹²
1135 2878 1307 2926 Quando
1325 2877 1468 2918 orabas
1486 2890 1578 2917 cum
1594 2875 1793 2928 lacrymis.
1814 2880 1854 2916 et
1871 2875 2032 2928 sepelie-

140 2937 212 2979 bas
236 2942 431 2986 mortuos‚
459 2943 501 2978 et
525 2937 831 2991 derelinquebas
856 2937 1074 2990 prandium
1100 2941 1229 2981 1111110,
1258 2942 1298 2977 01
1322 2941 1504 2977 10011003
1530 2934 1805 2976 abscondebas
1831 2947 1902 2987 per
1926 2934 2032 2974 diem

138 2996 179 3037 in
206 2997 326 3038 domo
354 3001 437 3043 tua,
467 3001 507 3037 et
533 3002 651 3037 nocte
677 2995 895 3049 sepeliebas
923 3009 1000 3043 eos,
1030 3008 1101 3049 ego
1128 2995 1259 3036 obtuli
1284 2995 1508 3036 orationem
1535 3000 1650 3034 tuam
1675 2993 1864 3034 Domino.
1921 2995 1951 3017 13
1977 2993 2032 3033 Ε1

140 3055 236 3109 quia
264 3060 454 3108 acceptus
484 3068 571 3096 eras
600 3056 699 3101 Deo,
731 3068 890 3096 necesse
919 3055 998 3095 fuit
1028 3060 1074 3095 ut
1105 3055 1279 3096 tentatio
1309 3054 1501 3107 probaret
1530 3058 1581 3094 te.
1640 3054 1672 3076 11
1702 3052 1757 3093 Ε1
1786 3065 1893 3092 nunc
1922 3051 2033 3091 misit

138 3127 203 3155 me
222 3115 422 3156 Dominus
443 3119 490 3155 ut
509 3127 691 3155 curarem
711 3118 762 3163 te,
785 3118 826 3155 01
844 3114 986 3154 Saram
1007 3126 1173 3154 uxorem
1194 3113 1263 3154 filii
1283 3113 1343 3153 tui
1362 3126 1387 3153 a
1405 3112 1602 3153 daemonio
1622 3111 1845 3152 liberarem.
1896 3112 1925 3134 15
1944 3110 2030 3164 Ego

139 3173 245 3214 enim
260 3186 349 3214 sum
366 3172 551 3227 Raphael
563 3172 752 3226 Angelus,
768 3186 872 3213 unus
888 3186 937 3213 ex
951 3178 1118 3226 septem,
1137 3172 1205 3226 qui
1220 3178 1400 3213 astamus
1415 3176 1509 3212 ante
1523 3170 1758 3211 Dominum.
1802 3171 1836 3193 ¹⁶
1849 3168 2030 3222 Cumque

138 3232 223 3272 haec
246 3232 465 3277 audissent.
490 3232 647 3273 turbati
669 3237 775 3277 sunt,
801 3237 841 3272 et
863 3236 1083 3272 trementes
1106 3231 1336 3272 ceciderunt
1359 3242 1478 3283 super
1499 3236 1649 3270 terram
1672 3229 1713 3269 in
1734 3227 1878 3268 faciem
1901 3240 2026 3267 suam.

139 3292 171 3314 ¹⁷
192 3291 389 3344 Dixitque
410 3291 464 3332 eis
484 3290 679 3344 Angelus:
702 3291 789 3331 Pax
809 3290 936 3334 vobis,
959 3289 1083 3331 nolite
1104 3290 1256 3331 timere.
1306 3290 1340 3313 ¹8
1360 3288 1524 3329 Etenim
1546 3301 1637 3329 curn
1659 3300 1784 3328 essem
1806 3286 2025 3327 vobiscum.

136 3363 208 3403 per
235 3349 493 3391 voluntatem
521 3350 597 3390 Dei
626 3363 753 3390 eram:
784 3349 916 3403 ipsum
946 3349 1182 3395 benedicite,
1214 3353 1253 3388 et
1283 3353 1447 3388 cantate
1476 3347 1540 3388 illi.
1600 3348 1634 3371 ¹⁹
1663 3346 1839 3386 Videbar
1866 3343 2026 3396 quidem

137 3408 348 3450 vobiscum
372 3409 630 3453 manducare,
657 3414 697 3449 et
722 3408 874 3449 bibere:
901 3408 969 3449 sed
993 3421 1064 3461 ego
1090 3408 1176 3448 cibo
1202 3406 1403 3448 invisibili.
1430 3412 1469 3446 et
1495 3411 1605 3459 potu.
1633 3405 1700 3458 qui
1725 3404 1774 3444 ab
1800 3399 2025 3442 hominibus

2097 1292 2185 1322 atque

2083 1333 2202 1352 uxorem

2056 1363 2085 1387 et
2106 1362 2226 1387 comites

2106 1398 2176 1422 eius.

2076 1817 2161 1841 Pater
2181 1818 2210 1842 et,

2106 1852 2181 1877 filius

2074 1888 2144 1912 bene
2150 1888 2212 1912 ficia

2102 1923 2182 1948 ducis

2055 1960 2227 1983 remunerari

2086 1993 2197 2019 volunt.

2057 2349 2103 2374 hic
2123 2350 2222 2375 autem

2062 2386 2216 2411 veritatem

2054 2421 2221 2446 manifestat
