2356 3760
1973 150 2012 168 ...Ι

116 131 170 170 30,
195 131 339 167 41-31,
365 130 406 162 32
973 125 1170 159 GENESIs·
1972 130 2019 154 0·

118 223 157 263 in
179 222 388 263 canalibus
410 230 504 263 ante
524 220 660 261 oculos·
681 220 873 260 arietum:
896 225 1012 260 erant
1032 226 1171 260 autem
1193 219 1287 260 alba
1306 227 1347 259 et
1366 219 1481 271 nigra
1502 232 1683 271 quaeque.
1707 221 1866 261 Laban:
1890 228 2021 261 cetera

117 294 225 329 vero,
252 281 387 329 Iacob,
418 278 615 332 separatis
645 279 751 319 inter
772 291 812 319 se
832 278 1032 332 gregibus.
1082 279 1114 303 ⁴¹
1138 278 1269 331 Igitur
1291 277 1455 331 quaudo
1476 276 1607 329 primo
1630 281 1812 330 tempore
1835 280 2022 320 ascende-

118 340 269 381 bantur
297 352 403 386 oveS,
433 337 613 391 ponebat
644 337 767 378 Iacob
796 336 928 390 virgas
957 337 997 377 in
1027 336 1234 377 cana-libus
1265 348 1465 390 aquarum
1493 340 1589 375 ante
1617 335 1752 376 oculos
1781 337 1954 377 arietum
1982 343 2022 378 et

118 399 269 446 mium,
288 402 336 438 ut
351 397 393 436 in
410 408 550 437 earum
568 395 914 449 contemplatione
932 395 1209 449 conciperent:
1255 398 1286 419 ⁴²
1305 394 1470 448 quando
1488 406 1583 434 vero
1602 393 1778 434 serotina
1797 395 2020 435 admissura

117 463 216 506 erat,
237 461 278 497 et
297 459 516 508 conceptus
537 459 755 500 extremus,
776 467 858 495 non
876 454 1059 507 ponebat
1077 467 1156 494 eas.
1177 454 1387 507 Factaque
1406 457 1503 493 sunt
1522 465 1569 493 ea
1589 465 1678 505 quae
1697 458 1813 493 erant
1832 454 2020 495 serotina.

117 516 276 557 Laban:
306 520 347 554 et
374 527 464 567 quae
490 513 609 566 primi
636 512 843 566 temporis,
875 512 1010 554 Iacob.
1066 514 1098 537 ⁴3
1124 512 1375 565 Ditatusque
1402 516 1463 551 est
1489 511 1611 552 homo
1640 510 1747 551 ultra
1774 511 1954 553 modum.
1985 518 2022 551 et

117 573 262 614 habuit
287 585 424 627 greges
452 572 615 614 multos.
646 571 811 611 ancillas
840 577 881 611 et
907 584 1056 614 servos,
1087 571 1260 612 camelos
1289 576 1330 611 et
1357 570 1502 610 asinos.

405 687 443 726 8.
474 686 604 726 lacob
635 686 871 726 revertens
901 697 1001 726 cum
1033 685 1185 726 Laban
1216 685 1472 736 paciscitur,
1502 686 1568 736 31,
1588 685 1734 726 1—55.

221 762 283 806 31.
340 765 349 786 ¹
377 763 604 816 Postquam
629 766 766 802 autem
792 761 951 802 audivit
976 762 1102 802 verba
1127 761 1300 802 filiorum
1327 761 1469 801 Laban
1494 761 1736 802 dicentium:
1763 760 1872 801 Tulit
1899 761 2020 801 Iacob

116 822 252 862 omnia
283 834 373 875 quae
399 821 565 862 fuerunt
588 820 716 874 patris
740 820 880 868 nostri,
905 824 947 860 et
968 820 1017 860 de
1040 819 1144 860 illius
1167 819 1365 860 facultate
1389 820 1557 869 ditatus,
1581 821 1715 861 fact-us
1739 825 1801 860 est
1822 819 2017 872 inclytus:

115 882 129 904 ²
148 880 443 921 animadvertit
462 893 624 933 quoque
642 879 788 920 faciem
806 878 962 923 Laban.
984 879 1095 932 quod
1113 892 1194 920 non
1213 883 1318 919 esset
1336 891 1430 932 erga
1447 892 1488 919 se
1507 879 1612 920 sicut
1630 879 1715 919 heri
1733 883 1775 919 et
1792 878 2022 919 nudiuster-

115 939 207 983 tius,
268 941 284 963 ³
316 939 493 979 maxime
527 939 686 979 dice-nte
719 938 795 979 sibi
827 938 1023 978 Domino:
1060 938 1279 979 Revertere
1312 938 1353 978 in
1386 942 1537 978 terram
1569 943 1735 991 patrum
1768 942 1946 984 tuorum,
1982 944 2021 977 et

115 998 168 1039 ad
185 998 488 1052 generationem
507 1002 636 1040 1113111,
657 1010 805 1050 eroque
823 1002 971 1038 tecum.
1018 999 1034 1021 ⁴
1051 997 1175 1045 Misit,
1196 1001 1237 1037 et
1255 996 1421 1037 vocavit
1441 996 1594 1038 Rachel
1612 1002 1653 1037 et
1671 996 1787 1037 Liam
1805 996 1847 1036 in
1866 1008 2019 1049 agrum.

115 1057 185 1097 ubi
210 1057 407 1110 pascebat
430 1069 581 1111 greges,
627 1058 641 1080 5
666 1056 853 1109 dixitque
879 1056 953 1096 eis:
980 1055 1107 1096 Video
1132 1055 1279 1096 faciem
1303 1055 1432 1109 patris
1457 1055 1583 1096 vestri
1609 1056 1719 1109 quod
1743 1068 1825 1095 non
1850 1055 1904 1095 sit
1928 1068 2020 1103 erga

115 1129 178 1156 me
207 1115 312 1156 sicut
340 1115 437 1164 heri,
468 1120 510 1156 et
537 1114 852 1155 nudiustertius:
884 1115 994 1155 Deus
1024 1119 1163 1155 autem
1191 1114 1320 1168 patris
1349 1114 1427 1154 mei
1456 1114 1536 1155 fuit
1565 1127 1736 1155 mecum.
1798 1115 1813 1138 ⁶
1841 1113 1896 1154 Et
1926 1113 2022 1166 ipsae

115 1174 242 1215 nostis
264 1174 375 1228 quod
393 1174 493 1215 totis
515 1174 668 1215 viribus
688 1173 788 1214 meis
809 1173 1016 1214 servierim
1035 1173 1144 1227 patri
1164 1179 1313 1214 vestro.
1366 1174 1379 1196 ⁷
1400 1173 1480 1213 Sed
1500 1178 1541 1213 et
1561 1177 1679 1226 pater
1698 1178 1832 1213 vester
1852 1172 2021 1213 circum-

116 1233 229 1274 venit
253 1246 329 1278 me,
357 1238 399 1274 et
423 1233 605 1274 mutavit
629 1232 856 1273 mercedem
882 1246 1016 1273 meam
1042 1232 1181 1274 decem
1207 1232 1382 1273 vicibus:
1411 1237 1451 1272 et
1476 1236 1616 1272 tamen
1641 1245 1723 1272 11011
1749 1231 1904 1272 dimisit
1929 1244 2021 1271 eum

114 1292 224 1333 Deus
252 1296 300 1333 ut
326 1296 490 1333 noceret
516 1291 626 1332 mihi.
686 1296 701 1315 δ’
727 1291 768 1333 Si
797 1291 960 1345 quando
989 1291 1111 1332 dixit:
1140 1291 1274 1331 Variae
1300 1295 1419 1331 erunt
1446 1291 1648 1331 mercedes
1677 1295 1776 1331 tuae:
1805 1289 2021 1343 pariebant

115 1364 253 1392 omnes
282 1364 377 1392 oves
406 1351 538 1392 varios
567 1351 703 1392 foetus.
739 1350 902 1403 quando
931 1362 1027 1390 vero
1056 1349 1281 1390 econtrario
1311 1349 1387 1390 ait:
1417 1349 1523 1390 Alba
1551 1363 1722 1403 quaeque
1751 1348 1921 1402 accipies
1949 1361 2021 1402 pro

114 1410 317 1450 mercede:
338 1423 476 1451 omnes
494 1422 631 1464 greges
650 1408 741 1449 alba
761 1414 1017 1462 pepererunt.
1068 1410 1083 1432 ⁹
1102 1408 1293 1462 Tulitque
1311 1409 1422 1449 Deus
1441 1408 1717 1449 substantiam
1735 1407 1864 1462 patris
1883 1407 2020 1448 vestri.

115 1473 154 1509 et
191 1468 304 1509 dedit
337 1468 448 1509 mihi.
512 1470 548 1491 ¹0
581 1468 808 1521 Postquam
844 1467 951 1508 enim
986 1472 1206 1521 conceptus
1242 1467 1381 1508 ovium
1418 1472 1579 1521 tempus
1615 1467 1850 1515 advenerat,
1887 1465 2022 1507 levavi

115 1526 250 1568 oculos
267 1540 390 1575 meOS‚
410 1531 452 1568 et
468 1527 553 1567 vidi
570 1527 611 1567 in
629 1526 779 1567 somnis
798 1526 1062 1567 ascendentes
1080 1539 1210 1567 mares
1229 1539 1349 1579 super
1364 1526 1549 1571 feminas,
1570 1527 1703 1567 varios
1721 1530 1762 1567 et.
1779 1524 2018 1566 maculosos.

115 1591 156 1626 et
179 1585 430 1626 diversorum
456 1585 647 1627 colorum.
700 1587 731 1609 ¹¹
755 1586 954 1639 Dixitque
979 1585 1144 1639 angelus
1168 1585 1244 1626 Dei
1269 1585 1321 1626 ad
1346 1599 1409 1626 me
1433 1585 1475 1626 in
1498 1585 1667 1626 somnis:
1696 1584 1843 1625 Iacob?
1869 1584 1925 1624 Et
1949 1597 2021 1637 ego

116 1644 321 1698 respondi:
346 1644 514 1685 Adsum.
568 1647 598 1669 ¹²
623 1643 700 1693 Qui
724 1644 799 1685 ait:
824 1645 936 1685 Leva
959 1644 1094 1685 oculos
1119 1649 1222 1688 tuos.
1249 1649 1290 1685 et
1313 1644 1405 1685 vide
1428 1644 1637 1685 universos
1661 1643 1861 1685 masculos
1885 1656 2022 1683 ascen-

114 1703 256 1744 dentes
287 1716 406 1757 super
435 1704 619 1749 feminas,
652 1703 797 1748 varios,
830 1703 1068 1752 maculosos⁷
1102 1709 1226 1757 atque
1257 1716 1469 1756 respersos.
1502 1703 1595 1744 Vidi
1626 1702 1733 1743 0111111
1764 1702 1902 1743 onmia
1933 1715 2023 1755 quae

114 1762 212 1803 fecit
232 1762 309 1803 tibi
331 1762 485 1803 Laban.
538 1764 569 1787 ¹3
592 1762 678 1816 Ego
701 1776 792 1803 sum
814 1763 924 1803 Deus
949 1762 1104 1807 Bethel,
1134 1762 1224 1803 aubi
1247 1762 1400 1803 unxisti
1422 1762 1612 1815 lapidem,
1638 1766 1679 1802 et
1701 1766 1847 1803 votum
1870 1760 2022 1801 vovisti

114 1821 224 1862 mihi.
258 1822 375 1862 Nunc
405 1834 496 1875 ergo
526 1834 653 1876 surge.
685 1828 726 1862 et
755 1822 940 1875 egredere
969 1822 1019 1863 de
1048 1826 1153 1862 terra
1184 1822 1271 1865 hac.
1303 1826 1508 1862 revertens
1538 1821 1579 1861 in
1608 1827 1759 1861 terram
1788 1819 2021 1860 nativitatis

114 1886 207 1921 tuae.
267 1882 300 1905 ¹⁴
332 1880 729 1934 Responderuntque
762 1880 915 1922 Rachel
947 1886 985 1921 et
1018 1881 1108 1921 Lia:
1145 1880 1355 1934 Numquid
1385 1880 1583 1921 habemus
1614 1879 1763 1920 residui
1796 1879 2021 1932 quidquam

114 1940 155 1980 in
172 1939 452 1988 facultatibus,
473 1944 515 1981 01
532 1939 760 1980 110101111310
779 1940 924 1980 domus
942 1940 1070 1992 patris
1090 1939 1242 1979 nostri?
1290 1941 1321 1963 ¹5
1341 1939 1485 1979 Nonne
1506 1939 1620 1992 quasi
1640 1938 1790 1979 alienas
1809 1937 2020 1991 reputavit

115 2012 198 2040 nos.
234 2004 275 2038 et
307 1998 505 2041 vendidit..
541 1998 799 2051 comeditque
831 1998 1008 2051 pretium
1042 1998 1252 2038 nostrum?
1315 1999 1348 2021 ¹⁶
1380 1998 1459 2038 Sed
1492 1998 1602 2038 Deus
1636 1997 1731 2038 tulit
1765 2010 1860 2050 opes
1892 1996 2022 2049 patris

116 2057 254 2105 nostri,
274 2061 315 2097 et
331 2069 397 2097 eas
414 2056 586 2097 tradidit
603 2057 731 2100 nobis,
751 2070 797 2097 ac
818 2056 907 2096 filiis
925 2057 1092 2097 nostris:
1112 2057 1219 2097 unde
1237 2056 1372 2097 onmia
1392 2069 1482 2109 quae
1497 2056 1692 2109 praecepit
1708 2055 1784 2096 tibi
1800 2056 1923 2104 Deus,
1942 2055 2019 2095 fac.

115 2116 148 2138 ¹⁷
168 2115 352 2156 Surrexit
369 2114 509 2168 itaque
530 2115 665 2162 Iacob,
687 2120 728 2156 et
746 2115 946 2169 impositis
965 2114 1112 2158 liberis,
1134 2128 1181 2156 ac
1199 2115 1437 2169 coniugibus
1457 2115 1538 2155 suis
1558 2127 1679 2168 super
1696 2114 1883 2158 camelos,
1905 2114 2019 2155 abiit.

116 2176 150 2197 ¹⁸
184 2173 375 2227 Tulitque
409 2187 572 2215 omnem
606 2174 880 2215 substantiam
917 2188 1045 2216 suam.
1082 2178 1121 2214 et
1155 2187 1304 2228 greges.
1341 2179 1381 2214 et
1418 2174 1618 2227 quidquid
1651 2174 1692 2214 in
1725 2172 2021 2227 Mesopotamia

115 2233 370 2286 acquisierat,
402 2245 570 2287 pergens
601 2233 654 2274 ad
684 2233 799 2274 Isaac
828 2239 988 2287 patrem
1018 2246 1137 2274 suum
1167 2233 1208 2273 in
1238 2238 1387 2273 terram
1418 2233 1625 2274 Chanaan.

219 2293 255 2316 ¹⁹
272 2292 334 2332 Eo
355 2296 537 2345 tempore
556 2291 659 2333 ierat
678 2292 820 2333 Laban
841 2292 893 2333 ad
912 2292 1141 2333 tondendas
1163 2305 1270 2337 oves,
1293 2296 1334 2333 et
1355 2291 1507 2333 Rachel
1526 2292 1664 2332 furata
1684 2297 1745 2332 est
1764 2291 1871 2332 idola
1892 2291 2019 2344 patris
2056 2308 2072 2325 a
2095 2300 2193 2325 Laban

114 2351 187 2392 sui.
246 2352 282 2374 '2⁰
313 2350 535 2404 Noluitque
568 2350 690 2392 Iacob
722 2351 906 2392 confiteri
937 2364 1072 2392 socero
1104 2364 1175 2391 suo
1209 2351 1318 2405 quod
1348 2351 1516 2401 fugeret.
1576 2352 1607 2374 ²¹
1638 2351 1823 2404 Cumque
1854 2350 2018 2390 abiisset
2031 2336 2216 2396 mgffissfffl'

116 2415 201 2450 tam
232 2410 317 2463 ipse
349 2423 472 2463 quam
504 2410 639 2450 onmia
673 2424 762 2464 quae
793 2410 887 2451 iuris
920 2410 981 2451 sui
1013 2414 1139 2457 erant,
1174 2414 1215 2451 et
1246 2423 1364 2450 amne
1396 2410 1633 2450 transmisso
1665 2414 1849 2463 pergeret
1880 2414 2021 2449 contra

115 2473 298 2509 montem
323 2468 492 2512 Galaad,
546 2470 578 2493 ²2
604 2469 845 2510 nunciatum
871 2474 932 2510 est
956 2469 1099 2510 Laban
1125 2469 1188 2510 die
1214 2469 1335 2509 tertio
1363 2469 1473 2522 quod
1496 2469 1655 2522 fugeret
1682 2468 1816 2509 Iacob.
1870 2469 1903 2492 ²3
1929 2467 2019 2516 Qui.

115 2527 336 2581 assumptis
373 2527 567 2568 fratribus
606 2528 699 2573 suis,
738 2533 973 2582 persecutus
1012 2533 1073 2568 est
1111 2541 1203 2568 eum
1241 2528 1382 2568 diebus
1421 2533 1596 2581 septem:
1635 2532 1677 2568 et
1714 2526 2021 2580 comprehendit

115 2599 208 2627 011111
231 2586 273 2626 111
295 2586 436 2627 Μο1110
459 2586 628 2628 Galaad.
680 2588 713 2611 ‘2⁴
737 2587 931 2640 Viditque
954 2587 996 2627 in
1020 2587 1170 2627 somnis
1195 2587 1398 2627 dicentem
1422 2586 1498 2627 sibi
1520 2587 1674 2627 Deum:
1700 2586 1807 2627 Cave
1830 2599 1880 2626 ne
1906 2585 2021 2639 quid-

116 2657 240 2699 quam
265 2657 404 2699 aspere
427 2645 606 2699 loquaris
631 2651 774 2686 contra
799 2645 934 2686 Iacob.
989 2647 1020 2670 '2⁵
1047 2646 1217 2699 Iamque
1244 2645 1366 2686 Iacob
1392 2645 1633 2686 extenderat
1657 2645 1699 2686 in
1723 2649 1862 2685 monte
1888 2644 2021 2684 taber-

115 2703 325 2744 naculum:
352 2717 527 2758 cumque
550 2703 615 2745 1110
640 2709 880 2745 consecutus
904 2705 1049 2745 fuisset
1074 2718 1166 2745 eum
1192 2717 1285 2744 cum
1308 2704 1503 2745 fratribus
1529 2704 1622 2747 suis.
1648 2704 1690 2744 in
1716 2703 1857 2744 eodem
1881 2703 2021 2743 Monte

115 2761 274 2803 Galaad
295 2762 387 2803 fixit
406 2763 642 2804 tentorium.
691 2765 727 2788 ‘2⁶
746 2764 803 2804 Et
823 2763 927 2805 dixit
949 2764 1001 2804 ad
1023 2763 1164 2804 Iacob:
1189 2776 1312 2817 quare
1332 2763 1391 2804 ita
1413 2763 1540 2816 egisti,
1564 2768 1609 2803 ut
1631 2762 1735 2803 clam
1756 2775 1820 2803 me
1842 2762 2021 2815 abigeres

118 2820 218 2861 filias
240 2834 350 2862 meas
372 2822 487 2876 quasi
507 2822 692 2876 captivas
712 2821 871 2876 gladio?
920 2824 953 2846 2⁷
975 2822 1055 2863 Cur
1073 2822 1286 2876 ignorante
1306 2835 1371 2863 me
1391 2822 1528 2876 fugere
1548 2821 1727 2870 voluisti,
1750 2833 1823 2862 nec
1842 2820 2021 2862 indicare

115 2879 226 2929 mihi,
252 2884 300 2921 ut
322 2893 585 2934 prosequerer
608 2886 648 2922 te
673 2894 766 2921 cum
788 2881 950 2935 gaudio.
977 2886 1018 2922 et
1042 2881 1222 2926 canticis,
1249 2886 1290 2922 et
1313 2881 1535 2934 tympanis,
1562 2886 1601 2921 et
1627 2879 1817 2921 citharis?
1870 2881 1905 2904 ²⁸
1930 2879 2022 2920 Non

116 2952 156 2979 es
185 2951 327 2992 passus
358 2944 405 2980 ut
435 2939 636 2981 oscularer
667 2939 768 2981 filios
799 2953 909 2981 meos
940 2944 982 2981 et
1013 2939 1133 2980 filias:
1166 2939 1291 2980 stulte
1322 2944 1512 2993 operatus
1543 2953 1601 2980 es:
1648 2944 1689 2980 et
1718 2952 1827 2979 nunc
1858 2938 2021 2992 quidem

115 2999 151 3022 2⁹
178 2996 290 3038 valet
316 3011 462 3039 manus
491 3011 582 3039 mea
609 2999 775 3040 reddere
803 2999 879 3040 tibi
906 2998 1080 3039 malum:
1111 2999 1181 3039 sed
1207 2999 1318 3039 Deus
1347 2998 1475 3052 patris
1505 2998 1629 3039 vestri
1656 2998 1742 3039 heri
1770 2997 1875 3038 dixit
1902 2997 2020 3037 mihi:

116 3056 224 3097 Cave
252 3069 301 3097 ne
328 3055 507 3110 loquaris
536 3062 679 3098 contra
707 3057 830 3099 Iacob
861 3057 1086 3111 quidquam
1115 3057 1265 3098 durius,
1323 3058 1360 3082 3⁰
1386 3057 1499 3106 Esto,
1531 3057 1583 3098 ad
1611 3062 1703 3098 tuos
1731 3056 1787 3097 ire
1816 3056 2020 3109 cupiebas,

117 3122 157 3155 et
185 3115 381 3156 desiderio
410 3121 497 3156 erat
524 3116 600 3157 tibi
628 3116 772 3157 domus
800 3116 928 3170 patris
956 3116 1035 3157 tui:
1066 3128 1137 3157 cur
1162 3116 1322 3157 furatus
1351 3129 1391 3156 es
1419 3116 1514 3156 deos
1542 3115 1677 3157 meos?
1733 3117 1765 3140 3¹
1794 3114 2023 3168 Respondit

118 3173 260 3214 Iacob:
279 3173 399 3223 Quod
415 3174 540 3215 inscio
558 3179 599 3215 te
616 3175 823 3229 profectus
842 3188 944 3224 sum,
964 3175 1084 3216 timui
1101 3188 1150 3216 ne
1168 3175 1367 3215 violenter
1384 3174 1560 3215 auferres
1580 3174 1682 3215 filias
1701 3179 1806 3215 tuas.
1853 3175 1885 3198 ³²
1903 3173 2023 3222 Quod

117 3237 255 3273 autem
289 3232 388 3273 furti
420 3245 485 3273 me
519 3234 670 3286 arguis:
706 3234 817 3288 apud
851 3247 1149 3287 quemcumque
1182 3234 1382 3274 inveneris
1417 3233 1512 3274 deos
1546 3240 1651 3282 tuos,
1687 3238 1854 3273 necetur
1886 3244 2022 3272 coram

116 3291 310 3331 fratribus
340 3291 499 3333 nostris.
555 3297 746 3341 scrutare,
778 3293 979 3346 quidquid
1008 3298 1173 3333 tuorum
1203 3292 1314 3345 apud
1342 3304 1406 3332 me
1435 3292 1648 3337 inveneris.
1689 3295 1729 3332 et
1759 3291 1882 3332 aufer.
1936 3291 2020 3330 haec

117 3349 265 3398 dicenS,
295 3350 513 3403 ignorabat
542 3351 652 3404 quod
682 3351 835 3391 Rachel
862 3351 1001 3391 furata
1030 3356 1133 3392 esset
1162 3351 1282 3392 idola.

2066 754 2187 785 Fugiens

2054 797 2119 815 curu
2142 797 2181 814 sui
2190 798 2198 814 1

248 3454 302 3495 31,
326 3427 482 3498 Ιὲἶζςιίῥ
507 3454 559 3491 28.
586 3454 636 3488 18.
