2356 3760
141 420 241 444 mulier

119 455 262 486 fugienda,

141 1041 236 1065 Gloria

132 1077 244 1101 Domini

99 1112 126 1136 in
142 1112 276 1141 oporibus

114 1148 257 1173 omnibus.

128 2095 155 2119 111
177 2095 242 2120 ezelo

296 160 373 201 660
1179 159 1323 193 LIBER
1921 161 1973 201 42,
2000 161 2140 200 12—43,
2166 161 2208 195 19

350 267 373 293 a
403 254 656 354 detractgone
686 253 727 294 in
759 253 938 351 cilxsitate.
979 257 1018 293 et
1051 252 1277 295 obiectione
1315 253 1454 307 plebis.
1541 258 1582 294 et
1613 253 1841 295 confundat
1870 258 1911 295 te
1948 255 1988 295 in
2020 253 2207 296 multitu-

586 326 651 353 me
680 325 792 366 popu
810 325 832 351 1.

299 419 329 441 ¹²
351 417 473 459 Omni
498 417 653 458 homini
678 416 759 457 noli
784 416 992 457 intendere
1019 417 1058 458 in
1083 417 1232 471 speeie:
1312 422 1353 457 et
1377 417 1417 457 in
1442 418 1574 459 medio
1602 417 1815 458 mulierum
1840 418 1921 459 noli
1946 419 2204 460 commorari:

300 479 329 500 ¹³
350 476 399 518 de
433 475 687 517 vestimentis
721 475 827 515 enim
862 476 1047 529 procedit
1079 476 1200 520 tinea,
1289 482 1331 516 et
1364 489 1388 516 a
1420 476 1585 517 muliere
1618 476 1812 531 iniquitas
1848 476 1934 518 viri.

297 537 327 559 ¹⁴
348 535 488 576 Melior
511 541 570 575 est
595 534 702 575 enim
726 534 921 587 iniquitas
946 535 1032 577 viri.
1061 549 1183 589 quam
1208 534 1352 575 mulier
1376 535 1642 580 benefaciens,
1722 541 1763 576 et
1786 535 1930 577 mulier
1953 536 2206 578 confundens

557 593 597 634 111
627 593 904 647 opprobrium.

942 720 1161 774 PARS
1203 721 1563 774 ALTERA.

387 809 565 861 Laus
605 809 722 860 Dei
759 809 830 860 in
867 811 1119 861 natura
1159 811 1227 861 et
1263 809 1567 873 historia,
1607 808 1711 874 42,
1739 809 1986 875 15-50,
2015 809 2118 862 23.

1146 898 1292 918 ῐνσ-«νψ
1310 904 1321 912 ι

631 954 672 1004 Ι.
711 955 865 1004 Laus
906 953 1011 1003 Dei
1052 952 1111 1003 111
1153 954 1381 1015 natura,
1421 953 1869 1015 42‚15—43,37.

299 1043 326 1065 ¹5
348 1041 503 1081 Memor
529 1053 594 1081 ero
623 1039 746 1094 igitur
772 1052 939 1093 operum
966 1038 1145 1082 Domini.
1228 1044 1268 1080 et
1296 1053 1386 1093 quae
1412 1039 1495 1081 vidi
1523 1040 1793 1082 annunciabo.
1880 1042 1927 1082 In
1954 1042 2207 1084 sermonibus

556 1099 721 1140 Domini
753 1111 875 1152 opera
904 1098 1000 1139 eius.

296 1160 328 1183 ¹⁶
346 1158 413 1200 Sol
444 1157 677 1199 illuminans
707 1171 779 1211 per
810 1157 947 1198 omnia
976 1157 1167 1211 respexit,
1263 1164 1304 1199 et
1333 1157 1461 1212 gloria
1490 1158 1657 1200 Domini
1687 1158 1853 1213 plenum
1885 1166 1946 1201 est
1976 1174 2077 1214 opus
2109 1160 2204 1202 eius.

295 1219 324 1241 ¹⁷
346 1218 490 1259 Nonne
520 1217 722 1258 Dominus
753 1217 850 1258 fecit
880 1221 1043 1257 sanctos
1127 1229 1314 1257 enarrare
1345 1217 1483 1258 onmia
1512 1217 1714 1259 mirabilia
1744 1231 1829 1265 sua,

345 1290 435 1331 quae
464 1276 724 1318 confirmaxit
751 1275 953 1317 Dominus
984 1275 1243 1329 omnipotens
1325 1275 1497 1317 stabiliri
1525 1277 1566 1318 in
1594 1277 1722 1332 gloria
1749 1278 1846 1319 sua?

292 1337 326 1360 ¹⁸
344 1336 564 1390 Abyssum.
596 1340 636 1376 01
665 1348 732 1377 001
758 1335 972 1377 11011111111111
1000 1334 1285 1389 investigavit:
1369 1340 1410 1376 et
1437 1335 1478 1376 in
1507 1336 1662 1377 astutia
1689 1348 1829 1378 eorum
1858 1337 2121 1391 excogitavit.

294 1397 327 1420 ¹⁹
345 1395 546 1449 Cognovit
577 1395 683 1435 enim
713 1394 915 1436 Dominus
946 1407 1108 1435 omnem
1138 1394 1363 1443 scientiam,
1448 1400 1490 1436 et
1517 1395 1697 1449 inspexit
1725 1395 1766 1436 in
1795 1395 1955 1449 signum
1985 1396 2072 1440 aevi.

345 1454 598 1495 annuncians
635 1467 724 1508 quae
758 1453 1054 1508 praeterierunt,
1089 1458 1130 1494 et
1163 1467 1253 1507 quae
1286 1458 1586 1508 superventura
1619 1459 1727 1502 sunt,
1816 1454 2001 1496 revelans
2036 1455 2209 1510 vestigia

557 1513 822 1555 occultorum.

292 1575 328 1597 ‘²0
346 1573 436 1614 Non
466 1572 649 1626 praeterit
675 1572 789 1613 illum
819 1572 949 1613 01111113
978 1571 1195 1625 cogitatus,
1279 1576 1321 1612 01
1348 1586 1429 1613 11011
1459 1573 1676 1614 abscondit
1703 1586 1743 1614 se
1773 1573 1824 1614 ab
1853 1587 1898 1615 eo
1928 1573 2033 1615 ullus
2061 1587 2206 1616 sermo.

292 1634 322 1656 2¹
343 1631 550 1685 Magnalia
572 1631 783 1685 sapientiae
805 1644 888 1671 suae
911 1630 1139 1672 decoravit:
1212 1630 1280 1684 qui
1303 1635 1365 1671 est
1387 1636 1483 1671 ante
1506 1631 1699 1672 saeculum
1723 1636 1764 1673 et
1785 1645 1915 1686 usque
1936 1632 1978 1673 in
2001 1633 2206 1683 saeculum,

343 1704 474 1744 neque
503 1690 709 1732 adiectum
737 1694 810 1735 031,
840 1691 872 1714 2²
900 1702 1031 1743 neque
1059 1689 1270 1737 minuitur,
1353 1694 1394 1730 et
1421 1703 1503 1732 non
1531 1694 1622 1744 eget
1650 1689 1818 1732 alicuius
1847 1691 2025 1734 consilio.

291 1751 324 1774 23
342 1750 474 1799 Quam
493 1749 778 1791 desiderabilia
794 1748 932 1790 omnia
948 1761 1072 1802 opera
1087 1748 1183 1797 eius,
1252 1754 1294 1789 et
1309 1753 1526 1803 tamquam
1543 1749 1730 1799 scintilla,
1751 1763 1841 1804 quae
1857 1755 1918 1791 est
1934 1751 2206 1793 considerare!

291 1810 323 1834 ‘³⁴
342 1809 492 1850 Omnia
526 1809 611 1850 haec
648 1808 808 1853 vivunt,
848 1813 890 1849 et
924 1813 1096 1849 manent
1131 1808 1172 1849 in
1209 1807 1413 1850 saeeulum.
1508 1814 1549 1850 et
1584 1808 1625 1850 in
1662 1809 1773 1850 omni
1802 1809 2045 1852 necessitate
2072 1810 2210 1852 omnia

555 1868 786 1909 obaudiunt
815 1867 861 1908 ei.

290 1929 322 1952 25
343 1927 494 1969 Omnia
521 1927 710 1981 duplicia,
742 1940 870 1968 unum
899 1932 1043 1968 contra
1072 1939 1211 1975 unum,
1295 1932 1337 1968 et
1364 1940 1446 1968 non
1473 1926 1571 1968 10011
1600 1926 1827 1981 quidquam
1856 1928 2004 1970 deesse.

290 1986 673 2040 2611111113(1111113(]110
711 1985 971 2028 confirmavit
1007 1986 1127 2027 bona.
1220 1985 1276 2027 Et
1314 1985 1402 2039 quis
1450 1986 1671 2027 satiabitur
1711 1986 1854 2028 videns
1890 1986 2061 2041 gloriam
2099 1987 2208 2029 eius?

291 2091 355 2136 43.
412 2095 424 2116 1
443 2092 684 2133 Altitudinis
702 2092 1009 2132 firmamentum
1027 2091 1290 2145 pulchritudo
1309 2091 1392 2132 eius
1411 2096 1483 2141 est,
1556 2091 1708 2146 species
1727 2091 1811 2133 caeli
1828 2092 1869 2133 in
1888 2092 2042 2134 visione
2058 2092 2207 2148 gloriae.

312 2153 326 2176 ²
344 2151 411 2192 Sol
439 2151 480 2191 in
510 2156 678 2205 aspectu
709 2150 962 2191 annuncians
991 2150 1032 2191 in
1062 2150 1186 2195 exitu,
1271 2163 1343 2191 vas
1373 2150 1613 2192 admirabile
1643 2164 1744 2205 opus
1774 2151 1932 2193 excelsi.

307 2213 322 2235 ³
342 2210 389 2251 In
411 2210 635 2251 meridiano
660 2210 794 2251 exurit
817 2215 979 2252 terram.
1038 2214 1080 2250 et
1100 2209 1141 2250 in
1165 2213 1386 2263 conspectu
1410 2210 1564 2250 ardoris
1587 2210 1671 2251 eius
1695 2210 1784 2264 quis
1806 2211 1962 2265 poterit
1984 2211 2208 2254 sustinere?

343 2270 567 2311 Fornacem
598 2269 830 2310 custodiens
859 2268 900 2309 in
931 2268 1120 2322 operibus
1150 2268 1322 2310 ardoris:
1406 2270 1421 2293 ‘²
1450 2268 1664 2322 tripliciter
1692 2269 1751 2311 301
1780 2283 1952 2311 exurens
1982 2276 2155 2321 montes,

344 2329 478 2370 radios
506 2329 644 2383 igneos
673 2328 887 2377 emrfflans,
972 2333 1013 2368 et
1040 2327 1242 2381 refulgens
1271 2327 1394 2369 radiis
1423 2327 1504 2368 suis
1534 2328 1716 2369 obcaecat
1745 2328 1893 2370 0011103.

311 2390 325 2412 ⁵
344 2388 516 2441 Magnus
546 2387 748 2429 Dominus
780 2387 848 2441 qui
878 2386 975 2427 10011
1004 2386 1131 2431 illum.
1217 2392 1258 2428 et
1286 2386 1328 2427 in
1358 2387 1612 2428 sermonibus
1643 2387 1727 2428 eius
1756 2387 1971 2430 festinavit
1999 2388 2087 2430 iter.

311 2448 326 2471 ⁶
344 2447 399 2488 Et
427 2447 524 2488 luna
553 2447 593 2487 in
623 2446 812 2488 omnibus
841 2446 881 2487 in
911 2451 1095 2500 tempore
1124 2459 1209 2495 suo,
1294 2446 1470 2487 ostensio
1500 2446 1707 2500 temporis,
1740 2452 1781 2487 et
1809 2446 1970 2501 signum
1998 2448 2086 2490 aevi.

312 2507 326 2529 ⁷
344 2506 380 2547 A
408 2506 507 2547 luna
536 2506 696 2559 signum
727 2505 805 2547 diei
834 2505 939 2554 festi,
1024 2505 1224 2546 luminare
1255 2506 1365 2559 quod
1394 2505 1594 2546 minuitur
1623 2505 1664 2546 in
1694 2506 2060 2548 consummatione.

311 2567 326 2589 ⁸
344 2565 492 2606 Mensis
522 2566 745 2606 secundum
775 2578 924 2605 nomen
953 2564 1036 2605 eius
1066 2569 1138 2609 est,
1223 2577 1403 2605 crescens
1432 2564 1673 2606 mirabiliter
1700 2564 1741 2606 in
1771 2567 2136 2608 consummatione.

311 2626 326 2648 ⁹
347 2624 425 2664 Vas
455 2630 681 2665 castrorum
709 2623 750 2664 in
779 2623 956 2669 excelsis,
1040 2624 1080 2664 in
1110 2624 1368 2665 firmamento
1398 2623 1482 2665 caeli
1509 2623 1770 2677 resplendens
1797 2623 1979 2678 gloriose.

293 2685 328 2707 ¹⁰
345 2683 505 2737 Species
537 2682 620 2724 caeli
650 2683 777 2737 gloria
807 2682 1029 2728 stellarum,
1116 2683 1317 2724 mundum
1348 2682 1583 2724 illuminans
1613 2683 1654 2724 in
1685 2683 1850 2725 excelsis
1881 2684 2095 2727 Dominus.

292 2745 322 2766 1¹
347 2743 392 2783 111
422 2743 554 2783 verbis
583 2742 714 2783 sancti
743 2742 913 2783 stabunt
944 2742 995 2783 ad
1023 2742 1230 2791 iudicium,
1314 2748 1355 2783 01
1382 2755 1464 2783 11011
1493 2742 1682 2783 deficient
1711 2743 1752 2783 in
1780 2742 1926 2797 vigiliis
1954 2744 2047 2785 suis.

295 2803 326 2826 1²
346 2802 448 2843 Vide
491 2815 642 2844 arcum.
686 2806 727 2842 et
768 2801 937 2842 benedic
989 2814 1094 2849 eum,
1155 2801 1244 2855 aqui
1287 2801 1384 2842 10011
1427 2801 1559 2842 illum:
1656 2801 1776 2843 valde
1813 2802 2017 2856 speciosus
2063 2808 2124 2844 est
2167 2803 2209 2844 in

558 2860 770 2914 splendore
800 2874 886 2901 suo.

293 2922 324 2943 ¹³³
345 2920 520 2973 Gyravit
552 2919 691 2960 caelum
725 2920 766 2960 in
798 2919 969 2960 circuitu
1000 2919 1135 2973 gloriae
1166 2933 1259 2965 suae,
1346 2933 1491 2960 manus
1524 2919 1683 2961 Excelsi
1715 2926 1964 2973 aperuerunt
1994 2920 2120 2962 illum.

295 2981 323 3001 ¹¹
350 2979 521 3032 imperio
548 2992 618 3020 suo
646 2978 888 3019 acceleravit
913 2979 1061 3023 nivem,
1142 2985 1183 3020 et
1208 2978 1406 3020 accelerat
1431 2979 1731 3020 coruscationes
1757 2979 1944 3020 emittere
1969 2980 2106 3021 iudicii
2132 2980 2205 3022 sui.

295 3039 324 3061 ¹⁵
351 3038 566 3091 Propterea
595 3037 725 3091 aperti
753 3043 849 3079 sunt
876 3037 1068 3082 thesauri,
1151 3043 1192 3079 et
1218 3038 1488 3080 evolaverunt
1515 3038 1673 3079 nebulae
1700 3038 1806 3079 sicut
1833 3052 1940 3080 aves.

295 3097 328 3118 Μ’
354 3096 393 3136 111
426 3097 707 3145 magnitudine
738 3110 812 3137 sua
842 3097 978 3150 posuit
1008 3097 1148 3140 nubes.
1235 3102 1276 3138 01
1306 3097 1505 3138 confracti
1535 3104 1631 3138 sunt
1661 3097 1816 3151 lapides
1846 3098 2066 3152 grandinis.

295 3156 326 3177 ¹7
353 3155 394 3194 ln
414 3163 632 3209 conspectu
652 3156 735 3196 eius
754 3156 1126 3197 commovebuntur
1144 3162 1315 3200 montes,
1385 3161 1425 3197 et
1444 3156 1484 3196 in
1503 3156 1719 3197 voluntate
1738 3156 1822 3197 eius
1841 3156 2039 3211 aspirabit
2059 3157 2205 3199 Notus.

295 3213 436 3254 1*Vox
480 3215 649 3255 tonitrui
690 3215 773 3255 eius
814 3215 1047 3256 verberabit
1089 3221 1251 3261 terram,
1348 3221 1570 3269 tempestas
1613 3215 1824 3269 aquilonis,
1869 3222 1909 3257 et,
1948 3216 2206 3270 congregatio

557 3274 739 3326 spiritus:

295 3332 329 3354 ¹⁹
348 3337 386 3371 et
407 3332 506 3372 sicut
531 3333 615 3372 avis
636 3333 841 3385 deponens
862 3334 914 3374 ad
933 3334 1170 3383 sedendum,
1193 3333 1369 3389 aspergit
1389 3333 1538 3383 nivem,
1611 3342 1651 3375 et
1670 3334 1775 3375 sicut
1792 3333 1952 3375 locusta
1971 3334 2206 3389 demergens

555 3392 769 3432 descensus
800 3392 895 3433 eius.

427 3517 480 3557 43,
512 3517 552 3550 12
577 3518 650 3551 aGn
675 3519 706 3553 9,
735 3520 786 3552 123.
