2356 3760
106 92 159 130 11,
185 90 324 130 14-12,
350 89 390 121 25
941 86 1174 120 NEHEMIAE
1924 97 1995 137 421

108 184 212 225 filius
235 183 374 227 Ahazi,
403 183 507 223 filius
530 179 826 222 Mosollamoth.
854 179 957 220 filius
981 180 1157 225 Emnler,
1210 183 1240 205 11
1263 186 1304 221 et
1326 182 1470 221 fratres
1494 195 1630 223 eorum
1654 191 1838 236 potentes
1862 189 1996 229 nimis:

108 248 272 283 centum
303 242 553 295 vigintioctO.
586 245 626 280 et
655 238 895 291 praepositus
925 251 1063 279 eorum
1094 239 1257 279 Zabdiel
1288 239 1391 279 filius
1420 241 1662 292 potentium.

214 303 244 325 ¹⁵
276 300 332 341 Et
364 301 412 341 de
445 299 597 340 Levitis
629 296 786 337 Serneia
817 296 921 336 filius
955 297 1109 345 Hasub,
1147 297 1250 337 filius
1283 298 1504 340 Azaricam.
1540 299 1643 339 filius
1673 300 1862 348 Hasabia,
1898 304 1999 344 filius
2013 310 2046 335 de
2070 311 2191 339 Levitis:

110 361 224 402 Boni.
275 361 311 384 ¹⁶
331 364 370 399 et
392 355 588 399 Sabathai
610 360 650 395 et
673 355 858 398 Iozabed.
883 368 1002 408 super
1022 355 1160 395 omnia
1179 369 1311 408 opera,
1337 369 1425 409 quae
1446 363 1561 397 erant
1582 358 1800 399 forinsecus
1821 360 1861 400 in
1882 362 1999 402 domo

108 420 195 460 Dei.
227 433 251 459 a
278 415 525 472 principibus
554 413 803 455 Levitarum.
862 415 893 437 ¹⁷
923 414 978 454 Et
1006 414 1220 454 Mathania
1249 414 1353 454 filius
1382 415 1526 459 Micha.
1557 416 1660 457 filius
1689 417 1869 465 Zebedei,
1900 419 2003 459 filius

109 478 248 531 Asaph
266 476 451 529 princeps
471 473 522 514 ad
541 472 806 519 laudandum,
828 478 869 513 et
889 473 939 513 ad
960 472 1236 513 confitendum
1258 473 1297 512 in
1317 473 1510 521 oratione,
1533 479 1573 514 et
1594 475 1789 516 Becbecia
1806 478 2004 518 secundus

110 538 159 578 de
176 534 369 577 fratribus
388 533 483 581 eius,
505 537 545 572 et
563 531 684 572 Abda
704 531 808 571 filius
827 531 989 574 Samua,
1011 531 1114 571 filius
1134 530 1261 579 Galal,
1285 531 1389 571 filius
1410 532 1596 572 Idithun:
1644 535 1677 557 ¹³
1697 548 1833 575 omnes
1853 535 2006 577 Levitae

110 597 149 636 in
183 593 351 634 civitate
385 596 528 632 sancta
561 590 725 631 ducenti
760 590 1179 643 octogintaquattuor.
1243 591 1277 614 ¹⁹
1311 590 1366 630 Et
1399 590 1601 635 ianitores,
1638 592 1787 635 Accub.
1825 594 2001 637 Telinon.

108 658 148 693 et
178 652 324 692 fratres
355 663 505 692 eorum.
540 649 608 702 qui
639 649 925 689 custodiebant
956 649 1077 689 ostia:
1110 655 1273 689 centum
1307 649 1567 702 septuaginta
1597 650 1688 690 duo.

212 712 249 735 2⁰
281 710 337 750 Et
368 709 510 762 reliqui
543 721 593 748 ex
628 707 749 747 Israel
783 708 1019 748 Sacerdotes
1053 713 1094 748 et
1127 707 1281 748 Levitae
1314 708 1353 747 in
1387 707 1582 748 universis
1616 709 1851 751 civitatibus
1887 711 2208 754 Iiitla,“³¹¹‘1¹¹⁵⁰x‘s³

110 769 385 823 unusquisque
414 768 455 808 in
484 766 732 820 possessione
762 780 845 807 sua.
2016 749 2199 808 hassfffissssm..

684 872 722 911 2.
753 871 990 924 Praepositi
1021 871 1149 921 varii,
1177 872 1244 921 11,
1263 871 1310 911 21
1323 871 1434 911 —24.

213 946 243 968 21
271 944 326 984 Et
352 942 582 989 Nathinaei,
611 943 679 995 qui
704 943 950 983 habitabant
975 943 1016 983 in
1041 942 1183 995 Ophel,
1211 947 1251 983 et
1276 942 1408 985 Siaha.
1437 946 1478 982 et
1502 943 1668 995 Gaspha
1693 944 1740 983 de
1768 943 2002 984 Nathinaeis.
2034 945 2183 973 Psaet‘ffiffi

213 1006 245 1028 22
269 1003 323 1044 Et
346 1002 556 1056 episcopus
580 1001 817 1042 Levitarum
840 1002 879 1042 in
906 1001 1134 1050 Ierusalem,
1160 1001 1256 1041 Azzi
1279 1001 1382 1041 filius
1407 1001 1520 1047 Bani,
1549 1001 1653 1042 filius
1678 1001 1878 1049 Hasabiae,
1904 1002 2007 1042 filius
2028 979 2193 1044 Naffiffo-

110 1062 341 1107 Mat-haniae,
364 1060 466 1101 filius
486 1060 639 1101 Mjchae.
688 1061 748 1101 De
770 1060 859 1101 filiis
878 1061 1029 1114 Asaph,
1051 1065 1235 1101 cantores
1254 1060 1295 1101 in
1314 1059 1535 1101 ministerio
1555 1061 1699 1101 domus
1718 1061 1804 1102 Dei.
1852 1063 1884 1085 ²³
1903 1061 2006 1101 Prae-
2022 1062 2196 1122 ffissffisrffffi

110 1126 274 1175 ceptum
304 1120 454 1174 quippe
480 1119 582 1172 regis
611 1132 730 1172 super
757 1133 823 1161 eos
851 1125 949 1167 erat,
980 1125 1020 1159 et
1049 1120 1146 1160 ordo
1174 1119 1215 1160 in
1243 1119 1476 1159 cantoribus
1504 1132 1575 1172 per
1602 1119 1684 1159 dies
1713 1119 1899 1172 singulos,
2163 1104 2199 1126 ἠ’

214 1182 246 1205 24
272 1185 313 1221 et
339 1178 571 1219 Phathahia
600 1178 703 1219 filius
730 1178 960 1226 Mesezebel,
990 1179 1038 1219 de
1065 1178 1154 1218 filiis
1181 1178 1284 1218 Zara
1309 1177 1377 1218 filii
1408 1177 1509 1217 Iuda
1534 1178 1574 1218 in
1602 1191 1724 1218 manu
1751 1179 1863 1232 regis,
1893 1179 2009 1219 iuxta
2028 1178 2196 1208 9¹⁰⁰¹¹¹³³01

110 1253 228 1280 omne
256 1239 427 1280 verbum
455 1237 606 1292 populi,
2071 1220 2152 1244 κω

539 1343 577 1383 3.
608 1342 767 1382 lncolae
799 1342 979 1382 urbium
1010 1341 1303 1392 reliquarum,
1331 1341 1397 1390 11,
1417 1340 1587 1381 25-36.

215 1417 246 1439 25
277 1419 318 1455 et
348 1414 387 1454 in
419 1413 606 1454 domibus
637 1425 708 1465 per
738 1425 875 1451 omnes
907 1412 1085 1464 regiones
1117 1424 1266 1452 eorum.
1300 1412 1360 1451 De
1392 1411 1480 1451 filiis
1513 1412 1617 1452 Iuda
1646 1412 1938 1452 habitaverunt
1967 1411 2007 1452 in
2028 1409 2095 1435 F¹¹¹¹
2114 1409 2196 1439 ¹¹¹⁶³²

112 1472 374 1514 Cariatharbe
398 1478 439 1512 et
461 1472 502 1512 in
525 1470 684 1511 filiabus
709 1470 810 1511 eius:
836 1476 876 1510 et
900 1471 939 1510 in
964 1470 1111 1513 Dibon.
1138 1476 1178 1511 et
1202 1471 1241 1510 in
1266 1470 1424 1511 filiabus
1448 1471 1549 1511 eius:
1575 1476 1616 1511 et
1639 1471 1679 1511 in
1703 1470 1878 1517 Cabseel,
1905 1475 1946 1511 et
1968 1470 2008 1511 in

111 1531 253 1572 viculis
278 1531 374 1574 eius.
428 1532 463 1554 ²⁶
488 1535 527 1570 et
554 1530 594 1570 in
623 1530 746 1572 Iesue.
775 1535 813 1569 et
841 1530 881 1570 in
907 1529 1080 1572 Molada,
1109 1535 1150 1570 et
1174 1530 1215 1570 in
1243 1529 1530 1582 Bethphaleth,
1584 1531 1618 1554 ²⁷
1644 1535 1684 1570 et
1710 1530 1749 1570 in
1777 1529 2006 1578 Hasersual,

111 1597 152 1631 et
171 1591 211 1631 in
233 1590 442 1635 Bersabee,
463 1595 505 1630 et
523 1589 563 1630 in
584 1588 742 1629 filiabus
762 1589 857 1637 eius,
905 1591 939 1612 23
959 1595 997 1629 et
1018 1589 1058 1629 in
1077 1588 1239 1642 Siceleg,
1262 1596 1299 1628 et
1321 1589 1360 1628 in
1381 1588 1591 1635 Mochona,
1614 1594 1654 1629 et
1673 1589 1713 1628 in
1732 1588 1890 1629 filiabus
1910 1588 2005 1637 eius,

111 1651 146 1674 2⁹
178 1654 220 1690 et
248 1650 288 1690 in
326 1650 537 1692 Remmon,
575 1655 615 1688 et
648 1648 689 1688 in
718 1649 854 1695 Saraa,
887 1653 927 1688 et
959 1648 998 1688 in
1032 1648 1239 1690 lerimuth.
1292 1650 1329 1671 ³⁰
1357 1648 1503 1691 Zanoa,
1540 1647 1738 1695 Odollam,
1771 1653 1811 1687 et
1840 1648 1881 1688 in
1904 1647 2008 1687 villis

112 1722 262 1757 earum,
289 1708 433 1749 Lachis
458 1713 499 1748 et
523 1707 751 1757 regionibus
776 1707 870 1750 eius.
898 1712 938 1747 et
962 1707 1103 1754 Azeca.¹
1131 1712 1170 1747 et
1198 1706 1357 1747 filiabus
1382 1707 1477 1747 eius.
1504 1707 1559 1747 Et
1583 1712 1820 1747 manserunt
1848 1706 1888 1747 in
1915 1706 2008 1746 Ber-

113 1768 229 1808 sabee
260 1781 386 1821 usque
417 1767 466 1808 ad
497 1766 643 1807 vallem
676 1766 847 1806 Eunoni.

215 1828 247 1852 ³¹
271 1826 360 1867 Filii
385 1831 523 1867 autern
550 1825 773 1873 Beniamin,
801 1838 824 1865 a
846 1825 970 1869 (leba.
998 1825 1214 1869 Mechmas,
1241 1829 1282 1865 et
1308 1825 1398 1869 Hai.
1425 1829 1465 1865 et
1490 1824 1633 1865 Bethel
1657 1830 1697 1865 et
1723 1824 1881 1865 filiabus
1906 1824 2007 1864 eius:
2039 1819 2189 1880 flffimlffifl'

111 1888 143 1910 32
178 1885 403 1933 Anathoth,
446 1885 547 1931 Nob,
587 1884 758 1930 Anania,
824 1886 856 1908 ³³
893 1884 1005 1927 Asor.
1047 1884 1189 1927 Rama,
1230 1884 1431 1927 Gethaim,
1497 1885 1529 1908 ³⁴
1568 1883 1715 1931 Hadid,
1755 1883 1928 1931 Seboim,
1968 1887 2009 1923 et

114 1944 315 1989 Neballat,
330 1944 414 1984 Lod
446 1945 478 1968 ³5
496 1949 536 1983 et
549 1942 638 1983 Ono
655 1943 759 1983 valle
779 1942 991 1983 artificum.
1023 1944 1058 1967 ³⁶
1074 1943 1128 1983 Et
1147 1943 1195 1983 de
1208 1942 1361 1983 Levitis
1381 1943 1584 1995 portiones
1601 1943 1712 1983 Iudae
1727 1947 1768 1982 et.
1782 1941 2004 1982 Beniamin.

461 2048 499 2088 4.
530 2047 701 2087 Indices
733 2047 1023 2087 sacerdotum
1055 2047 1098 2087 et
1128 2045 1400 2098 Levitarum,
1430 2047 1496 2097 12,
1516 2048 1661 2087 1-26.

217 2119 279 2163 12.
335 2121 348 2143 1
378 2119 431 2160 Hi
459 2124 555 2159 sunt
582 2123 720 2159 autem
747 2118 984 2159 Sacerdotes
1012 2123 1053 2158 et
1080 2117 1244 2167 Levitae,
1276 2119 1344 2172 qui
1372 2118 1641 2159 ascenderunt
1668 2131 1759 2158 cum
1788 2117 2197 2179 Zorobabel{4²:3⁶2120133-S

112 2179 192 2220 filio
225 2178 431 2227 Salathiel,
467 2184 508 2218 et
542 2177 676 2219 Iosue:
711 2177 862 2224 Saraia,
899 2177 1100 2226 Ieremia-s,
1136 2177 1297 2220 Esdras.
1360 2179 1374 2201 2
1406 2178 1583 2223 Amaria,
1619 2176 1803 2225 Melluch,
1841 2176 2006 2224 Hattus,
2067 2162 2159 2219 babefi,

111 2241 127 2263 ³
150 2238 352 2286 Sebenias,
381 2237 551 2280 Rheum.
578 2236 810 2280 Merimuth,
862 2238 876 2260 ⁴
900 2236 1030 2284 Addo,
1057 2236 1259 2283 Genthon,
1285 2236 1401 2283 Abia,
1453 2239 1467 2261 5
1492 2236 1670 2283 Miamin,
1697 2236 1843 2283 Madia,
1871 2235 2006 2288 Belga,

114 2300 130 2321 ⁶
155 2297 322 2346 Semeia,
351 2301 391 2337 et
419 2296 577 2344 Ioiarib,
609 2295 733 2344 Idaia,
762 2294 923 2342 Sellum,
952 2295 1090 2338 Amoc,
1121 2294 1292 2338 Helcias.
1350 2297 1363 2318 ⁷
1392 2295 1518 2336 Idaia.
1552 2295 1624 2336 Isti
1650 2295 1847 2348 principes
1873 2294 2008 2335 Sacer-

113 2357 268 2402 dotum,
299 2361 340 2397 et
366 2356 511 2396 fratres
540 2368 678 2396 eorum
706 2355 745 2394 in
775 2354 915 2394 diebus
946 2354 1072 2395 Iosue.

220 2417 235 2438 ⁸
267 2415 391 2456 Porro
425 2414 588 2459 Levitae,
628 2414 755 2462 Iesua,
792 2413 961 2462 Bennui,
997 2413 1213 2462 Cedmihel,
1249 2414 1425 2461 Sarebia,
1464 2413 1576 2459 luda,
1613 2412 1855 2461 Mathanias,
1891 2423 2009 2464 super
2039 2415 2168 2475 ‘'ssseigtae

113 2475 286 2528 hymnos
310 2473 385 2528 ipsi
408 2478 449 2514 et
470 2473 615 2513 fratres
639 2486 795 2514 eorum:
850 2475 864 2495 ⁹
888 2478 928 2513 et
953 2472 1149 2513 Becbecia
1172 2478 1296 2526 atque
1321 2473 1469 2517 Hanni,
1496 2477 1536 2513 et
1559 2473 1703 2513 fratres
1727 2484 1864 2512 eorum
1888 2483 2008 2511 unus·
2031 2457 2191 2515 ⁵¹bab⁴e3f⁰'

113 2533 283 2587 quisque
311 2533 352 2573 in
382 2532 513 2573 officio
543 2545 627 2573 suo.

218 2594 253 2616 ¹⁰
287 2592 403 2633 Iosue
437 2596 575 2632 autem
607 2590 747 2645 genuit
782 2590 944 2637 Ioacim,
980 2596 1021 2631 et
1056 2590 1206 2632 Ioacim
1239 2591 1377 2644 genuit
1412 2590 1576 2637 Eliasib,
1612 2596 1653 2630 et
1686 2589 1837 2630 Eliasib
1869 2588 2008 2642 genuit
2023 2589 2200 2650 gfffiffiffiigl

116 2652 265 2700 Ioiada,
324 2653 350 2675 ¹¹
382 2656 423 2691 et
453 2650 593 2691 Ioiada
618 2649 759 2704 genuit
788 2649 1002 2694 Ionathan.
1033 2654 1075 2690 et
1105 2650 1307 2691 Ionathan
1334 2650 1474 2703 genuit
1504 2649 1665 2690 Ieddoa.
2013 2637 2210 2686 ammaum:

219 2712 249 2734 ¹²
276 2710 323 2751 In
350 2710 490 2750 diebus
517 2714 655 2750 autem
684 2709 835 2750 Ioacim
860 2714 974 2750 erant
1001 2709 1237 2750 Sacerdotes
1264 2714 1305 2749 et
1330 2709 1528 2762 principes
1554 2707 1816 2748 familiarum:
1844 2706 2002 2754 Saraiae,
2020 2707 2194 2769 szaffifssffigss

112 2770 284 2810 Maraia:
315 2768 505 2817 Ieremiae,
537 2768 745 2809 Hanania:
802 2770 833 2792 ¹³
860 2767 1009 2815 Esdrae,
1040 2767 1269 2809 Mosollam:
1299 2768 1484 2810 Amariae.
1518 2767 1716 2808 Iohanan:
1773 2767 1804 2790 ¹⁴
1831 2764 2004 2813 Milicho,
2194 2761 2200 2771 '

116 2828 330 2876 Ionathan,
350 2827 541 2876 Sebeniae,
564 2827 727 2880 Ioseph:
774 2828 804 2851 ¹⁵
823 2826 989 2874 Haram,
1009 2827 1146 2867 Edna:
1165 2826 1379 2875 Maraioth,
1401 2826 1532 2866 Helci:
1579 2827 1612 2849 ¹⁶
1629 2824 1778 2873 Adaiae,
1799 2823 2004 2871 Zacharia,

113 2887 315 2935 Genthon,
354 2886 583 2927 Mosollam:
652 2888 684 2910 ¹⁷
720 2886 844 2933 Abiae,
883 2886 1032 2934 Zechri,
1071 2886 1238 2927 Miamin
1274 2892 1315 2926 et
1349 2885 1530 2932 Moadiae,
1568 2884 1719 2925 Phelti:
1791 2884 1825 2907 13
1861 2882 2003 2935 Belgae,

113 2946 325 2987 Sammua:
349 2946 529 2995 Semaiae,
556 2945 771 2993 Ionathan,
824 2947 857 2969 ¹⁹
882 2945 1040 2993 Ioiarib,
1066 2945 1295 2986 Mathanai:
1323 2945 1480 2989 lodaiae,
1505 2943 1618 2984 Azzi:
1668 2944 1704 2967 2⁰
1725 2942 1854 2990 Sellai,
1879 2941 2003 2982 Celai:

113 3005 252 3053 Amoc,
284 3005 436 3045 Heber:
493 3006 524 3029 21
554 3004 714 3051 Helciae,
748 3003 943 3044 Hasebia:
976 3004 1109 3052 Idaiae,
1142 3003 1382 3044 Nathanael.

218 3066 249 3088 22
274 3064 426 3104 Levitae
451 3063 490 3104 in
516 3063 657 3104 diebus
682 3062 845 3109 Eliasib,
873 3067 913 3103 et
940 3063 1089 3108 Ioiada,
1117 3068 1158 3103 et
1184 3063 1377 3109 Iohanan,
1405 3067 1445 3102 et
1471 3061 1623 3102 leddoa
1646 3060 1784 3113 scripti
1808 3059 2006 3113 principes
2022 3061 2197 3123 Lfvgtaeasffi

114 3122 371 3171 familiarum,
395 3128 437 3163 et
457 3122 694 3163 Sacerdotes
714 3122 755 3162 in
776 3134 896 3175 regno
919 3121 1032 3162 Darii
1053 3122 1194 3163 Persae.
1245 3123 1276 3146 23
1296 3120 1384 3161 Filii
1408 3120 1505 3160 Levi
1526 3119 1725 3173 principes
1746 3118 2003 3165 familiarum,
2054 3106 2071 3124 ⁰
2094 3106 2129 3123 ³¹¹
2176 3117 2181 3127 ’

115 3181 252 3234 scripti
278 3182 319 3222 in
345 3181 465 3222 Libro
492 3181 709 3222 verborum
735 3181 902 3229 dierum,
931 3186 971 3221 et
998 3194 1124 3234 usque
1151 3181 1203 3221 ad
1229 3180 1310 3221 dies
1338 3179 1553 3227 Ionatham,
1582 3178 1651 3219 filii
1677 3178 1839 3218 Eliasib.
1895 3179 1926 3201 24
1952 3176 2006 3216 Et

115 3240 313 3293 principes
340 3240 588 3287 Levitarum,
619 3239 808 3287 Hasebia,
838 3239 1010 3283 Serebia,
1041 3245 1081 3280 et
1110 3240 1225 3280 Iosue
1252 3238 1354 3278 filius
1381 3237 1603 3278 Cedmihel:
1633 3242 1673 3278 et
1698 3237 1841 3277 fratres
1868 3248 2005 3276 eorum

115 3312 184 3352 per
216 3299 322 3339 vices
356 3312 458 3343 suas,
495 3304 541 3339 ut
572 3298 787 3339 laudarent
820 3303 861 3339 et
893 3298 1182 3339 confiterentur
1214 3298 1330 3338 iuxta
1361 3301 1608 3350 praeceptum
1642 3295 1777 3336 David
1810 3294 1884 3334 viri
1916 3293 2000 3335 Dei.

115 3363 156 3397 et
184 3357 447 3398 observarent.
475 3371 587 3411 aeque
616 3370 686 3410 per
714 3357 906 3398 ordinem.
964 3359 995 3381 25
1023 3356 1245 3398 Mathania.
1277 3361 1317 3396 et
1347 3355 1552 3398 Becbecia.
1584 3355 1749 3401 Obedia,
1782 3351 1998 3396 Mosollam,

116 3416 147 3455 T
150 3416 294 3465 elmon,
325 3417 463 3457 Accub
493 3417 680 3457 custodes
708 3421 918 3469 portarum
949 3422 988 3457 et
1018 3415 1310 3456 vestibulorum
1341 3420 1435 3455 ante
1464 3420 1613 3467 portas.
