2356 3760
329 234 360 272 ἶ(
370 235 403 269 >o
1139 231 1294 265 PROl'H
1307 231 1411 264 ij'rlA
1946 231 2000 271 37,
2025 231 2166 270 36—38‚
2193 232 2235 264 22

148 326 291 386 ,ῗζζζῗξξζζζ
432 328 468 349 ³⁶
504 326 717 377 aEgressus
749 331 808 365 est
842 331 979 364 autem
1011 324 1189 378 Angelus
1220 324 1397 367 Domini.
1431 331 1473 364 et.
1503 325 1700 378 percussit
1731 325 1772 366 iu
1804 325 1945 365 eastris
1976 325 2233 379 Assyriorum

219 378 224 385 ⁴
288 380 293 385 ’
327 393 491 425 centum
521 385 726 434 octoginta
759 383 937 437 quinque
964 383 1101 424 millia.
1132 383 1188 424 Et
1216 389 1478 424 surrexerunt
1505 397 1636 426 mane.
1667 390 1708 424 et
1735 397 1825 424 ecce
1854 397 2004 432 omnes,
2034 385 2235 425 cadavera

327 450 593 485 mortuorum.
640 445 673 467 ³³⁷
694 443 745 482 Et
765 455 944 495 egressus
962 448 1034 484 est.
1055 447 1096 482 et
1114 442 1226 488 abiit,
1247 448 1286 483 et
1305 455 1488 482 reversus
1505 448 1566 483 est
1583 443 1856 483 Sennacherib
1875 455 1944 483 rex
1961 443 2231 496 Assyriorum,

326 509 367 543 et
392 503 596 543 habitavit
626 502 661 541 in
693 501 849 541 Ninive.
904 502 939 525 ³⁸
966 501 1018 541 Et
1046 501 1201 541 factum
1229 507 1300 544 est,
1330 515 1420 541 cum
1448 501 1637 542 adoraret
1662 502 1701 542 in
1730 501 1880 555 templo
1909 501 2087 543 Nesroch
2113 502 2234 542 deum

326 575 456 605 suum.
488 560 767 603 Adramelech,
799 566 840 600 et
867 560 1035 601 Sarasar
1063 560 1132 600 filii
1161 560 1244 601 eius
1277 566 1558 614 percusserunt
1588 574 1679 601 eum
1709 560 1861 614 gladio:
1894 561 2165 613 fugeruntque
2194 560 2233 600 in

326 621 487 661 Terram
520 621 678 667 Ararat,
710 625 749 659 et
779 619 963 669 regnavit
992 619 1261 660 Asarhaddon
1293 619 1396 659 filius
1425 619 1507 659 eius
1539 632 1608 671 pro
1637 633 1694 661 eo.

324 736 362 775 2.
394 735 606 775 Ezechias
636 735 799 775 morbo
830 734 998 774 exitiali
1030 735 1286 785 correptus,
1314 735 1505 775 sanatus
1527 735 1571 775 et
1591 736 1917 788 reprehensus,
1945 737 2011 787 38,
2029 735 2177 786 1-39,
2195 735 2234 774 8.

157 808 281 832 5³¹¹‘1-”1
430 806 493 850 38.
551 809 561 830 ¹
596 806 639 846 ln
674 806 835 846 l‘diebus
864 805 939 846 illis
968 806 1185 859 aegrotavit
1213 806 1407 847 Ezechias
1437 821 1564 861 usque
1594 808 1646 848 ad
1674 813 1866 849 mortem:
1898 813 1937 847 ct
1967 807 2154 848 introivit
2182 807 2234 848 ad

132 844 304 869 msm'mm'
325 879 415 906 eum
446 866 571 906 lsaias
597 865 700 905 iilius
726 865 850 906 Amos
876 866 1088 918 propheta,
1117 871 1159 906 et
1184 865 1288 906 dixit
1314 866 1366 906 ei:
1396 865 1493 907 Haec
1519 867 1617 907 dicit
1642 866 1860 907 Dominus:
1891 866 2069 919 Dispone
2095 866 2233 907 domui

327 931 417 967 tuae.
436 925 532 978 quia
546 924 725 966 morieris
741 929 798 969 tu,
816 930 855 964 et
871 938 950 965 non
968 925 1091 965 vives.
1135 926 1150 948 ‘2
1165 924 1221 965 Et
1235 925 1439 966 convertit
1455 925 1648 966 Ezechias
1663 925 1807 966 faciem
1823 938 1937 966 suam
1955 926 2007 966 ad
2021 925 2231 978 parietem.

324 990 365 1024 et
395 984 527 1025 oravit
557 984 607 1024 ad
638 983 873 1027 Dominum,
931 986 946 1007 ³
976 989 1015 1023 et
1046 983 1168 1024 dixit:
1201 984 1376 1025 Obsecro
1408 984 1594 1028 Domine.
1625 990 1831 1025 memento
1863 997 1997 1038 quaeso
2029 984 2234 1038 quomodo

324 1043 618 1083 ambulaverim
641 1056 775 1083 coram
799 1048 837 1082 te
858 1042 898 1082 in
918 1042 1104 1087 verita-te,
1127 1048 1167 1083 et
1188 1043 1227 1082 in
1249 1043 1367 1083 corde
1389 1043 1580 1096 perfectO.
1603 1049 1644 1084 et
1665 1044 1773 1097 quod
1795 1044 1947 1085 bonum
1968 1048 2029 1084 est.
2048 1043 2089 1084 in
2110 1042 2234 1084 oculis

325 1102 404 1142 tuis
436 1101 609 1142 fecerim.
648 1101 698 1141 Et
731 1101 843 1141 flevit
876 1101 1069 1142 Ezechias
1101 1101 1200 1142 fietu
1232 1115 1391 1153 magno.
1452 1104 1467 1127 ⁴
1500 1103 1554 1143 Et.
1585 1103 1742 1143 factum
1774 1108 1834 1143 est
1866 1103 2036 1143 verbum
2068 1102 2235 1143 Domini

324 1162 372 1201 ad
403 1161 560 1204 lsaiam,
586 1160 740 1200 dicens:
790 1162 805 1184 ⁵
828 1160 951 1209 Vade,
977 1166 1017 1201 et
1040 1160 1103 1201 dic
1126 1161 1327 1202 Ezechiae:
1353 1161 1450 1202 Haec
1472 1162 1570 1202 dicit
1592 1162 1792 1203 Dominus
1816 1163 1925 1202 Deus
1947 1161 2085 1202 David
2105 1161 2234 1215 patris

325 1220 401 1260 tui:
431 1220 582 1260 Audivi
611 1219 837 1261 orationem
864 1225 992 1263 tuam.
1022 1226 1062 1260 et
1090 1220 1172 1260 vidi
1201 1220 1401 1273 lacrymas
1431 1227 1540 1261 tuas:
1570 1234 1659 1262 ecce
1688 1235 1759 1271 ego
1788 1221 1975 1262 adiiciam
2004 1233 2124 1274 super
2151 1220 2235 1261 dies

323 1284 415 1319 tuos
448 1279 678 1333 quindecim
711 1292 856 1319 annos:
919 1280 934 1302 ⁶
964 1284 1005 1319 et
1036 1279 1084 1319 de
1115 1292 1240 1320 manu
1270 1280 1372 1331 regis
1404 1280 1663 1334 Assyriorum
1694 1293 1834 1321 eruam
1864 1286 1916 1324 te,
1951 1285 1992 1320 et
2022 1279 2235 1320 civitatem

324 1338 456 1387 istam,
490 1343 529 1378 et
562 1344 772 1392 protegam
805 1351 905 1379 eam.
969 1339 982 1361 ⁷
1016 1338 1104 1379 Hoc
1136 1344 1274 1379 autem
1306 1338 1381 1379 tibi
1412 1339 1486 1379 erit
1519 1339 1678 1392 signum
1709 1353 1734 1380 a
1764 1340 1952 1387 Domino,
1987 1339 2083 1393 quia
2113 1338 2236 1379 faciet

323 1397 523 1438 Dominus
539 1398 710 1437 verbum
725 1397 812 1445 hoc,
831 1398 941 1451 quod
954 1398 1115 1438 locutus
1131 1405 1209 1438 est:
1256 1399 1271 1421 ⁸
1286 1398 1390 1438 Ecce
1405 1412 1476 1452 ego
1492 1398 1640 1439 reverti
1656 1398 1803 1439 faciam
1820 1398 2008 1439 umbram
2023 1398 2233 1441 linearum.

324 1470 394 1509 per
414 1470 514 1510 quas
533 1457 797 1497 descenderat
816 1456 857 1497 in
877 1456 1082 1508 horologio
1102 1457 1238 1497 Achaz
1259 1457 1297 1497 in
1318 1457 1410 1501 sole.
1432 1463 1653 1498 retrorsum
1673 1458 1811 1498 decem
1830 1457 1955 1498 lineis.
1978 1457 2034 1497 Et.
2051 1468 2236 1496 reversus

324 1520 384 1556 est
413 1516 470 1557 sol
499 1517 637 1557 decem
665 1515 778 1556 lineis
806 1528 878 1569 per
903 1516 1064 1568 gradus.
1096 1530 1196 1569 quos
1225 1516 1501 1557 descenderat.

174 1581 266 1602 ΜΨ·
433 1577 448 1599 9
479 1574 688 1628 Scriptura
722 1575 904 1615 Ezechiae
935 1575 1036 1623 regis
1071 1575 1172 1615 Iuda
1206 1589 1297 1616 cum
1330 1582 1577 1624 aegrotasset,
1612 1583 1654 1616 et
1685 1575 1959 1616 convaluisset
1989 1575 2039 1616 de
2071 1574 2237 1615 infirmi-

168 1610 270 1633 mrim-<e

179 1645 257 1675 rega,
328 1641 413 1674 tate
442 1648 526 1676 sua.

325 1741 360 1762 ¹⁰
377 1738 462 1791 Ego
494 1739 595 1779 dixi:
630 1739 676 1779 In
707 1739 874 1780 dimidio
905 1739 1061 1779 dierum
1091 1752 1274 1780 meorum
1304 1740 1455 1780 vadam
1486 1740 1538 1780 ad
1568 1746 1707 1793 portas
1736 1740 1863 1782 inferi.

377 1798 552 1846 Quaesivi
582 1798 789 1839 residuum
820 1811 1020 1838 annorum
1050 1811 1245 1839 meorum.

324 1859 355 1881 ¹¹
377 1857 479 1897 dixi:
511 1857 603 1898 Non
633 1858 780 1899 videbo
810 1857 1035 1898 Dominum
1063 1857 1197 1898 Deum
1228 1858 1268 1898 in
1299 1863 1407 1898 terra
1435 1858 1677 1900 viventium.

380 1916 468 1957 Non
500 1916 693 1970 aspiciam
723 1916 928 1958 hominem
959 1916 1078 1962 ultra,
1111 1922 1152 1957 et
1181 1917 1456 1958 habitatorem
1489 1917 1648 1971 quietis.

325 1977 356 1999 ¹2
376 1976 594 2016 Generatio
618 1989 707 2016 mea
730 1976 871 2016 ablata
892 1980 971 2024 est3
996 1981 1035 2016 et
1058 1976 1280 2017 convoluta
1302 1982 1364 2016 est
1386 1990 1410 2016 a
1430 1990 1505 2018 me.
1533 1977 1647 2030 quasi
1670 1977 1981 2017 tabernaculum
2004 1982 2236 2029 pastorum:

381 2035 550 2075 Praecisa
578 2040 639 2075 est
669 2035 782 2075 velut
811 2049 836 2075 a
865 2040 1041 2078 texente.
1074 2035 1160 2075 vita
1191 2048 1299 2075 mea:

376 2094 474 2134 dum
506 2094 639 2135 adhuc
669 2094 830 2138 ordirer,
863 2094 1036 2135 succidit
1064 2107 1146 2134 me:
1179 2094 1228 2135 de
1257 2108 1377 2135 mane
1408 2108 1534 2148 usque
1565 2095 1617 2136 ad
1647 2108 1858 2148 vesperam
1889 2094 2001 2136 finies
2031 2107 2106 2136 me.

325 2155 357 2176 ¹³
377 2153 600 2205 Sperabam
628 2167 756 2206 usque
784 2153 835 2193 ad
863 2167 993 2197 mane,
1025 2153 1139 2206 quasi
1166 2153 1226 2194 leo
1255 2153 1309 2194 sic
1337 2153 1531 2195 contrivit
1559 2154 1697 2195 onmia
1722 2167 1813 2195 ossa
1839 2167 1947 2195 mea:

379 2212 438 2252 De
468 2225 587 2252 mane
617 2226 744 2265 usque
774 2213 826 2252 ad
857 2225 1066 2265 vespera-m
1098 2212 1210 2252 finies
1240 2226 1321 2252 me:

325 2273 356 2294 1⁴
377 2270 483 2311 sicut
511 2271 645 2324 pullus
674 2271 901 2312 hirundinis
931 2271 986 2311 sic
1016 2270 1213 2313 clamabo.

378 2330 608 2371 meditabor
638 2336 684 2371 ut
713 2330 919 2371 columba:

376 2389 595 2430 Attenuati
625 2395 722 2430 sunt
751 2389 855 2430 oculi
884 2389 974 2435 mei,
1007 2389 1271 2442 suspicientes
1300 2389 1342 2430 in
1372 2390 1593 2430 excelsum:

377 2448 552 2489 Domine
582 2448 665 2488 vim
695 2448 840 2502 patior,
873 2448 1071 2501 responde
1100 2461 1172 2502 pro
1203 2462 1278 2490 me.

326 2510 356 2531 ¹⁵
378 2507 485 2555 Quid
515 2507 659 2555 dicam,
693 2512 764 2548 aut
796 2507 893 2561 quid
924 2507 1186 2561 respondebit
1214 2507 1325 2550 mihi.
1358 2522 1449 2548 cum
1480 2508 1565 2561 ipse
1593 2508 1758 2549 fecerit?

379 2566 630 2620 Recogitabo
661 2567 735 2607 tibi
766 2580 905 2608 omnes
935 2580 1062 2608 annos
1092 2580 1202 2608 meos
1232 2567 1272 2607 in
1303 2567 1576 2608 amaritudine
1606 2567 1753 2608 animae
1781 2580 1891 2609 meae.

328 2628 360 2649 ’ὅ
378 2626 552 2666 Domine
582 2625 613 2665 si
643 2626 698 2667 sic
728 2626 893 2672 vivitur,
926 2631 967 2666 et
996 2625 1035 2666 in
1066 2625 1216 2666 talibus
1246 2626 1336 2667 vita
1364 2626 1529 2679 spiritus
1559 2627 1648 2670 mei.

378 2684 567 2737 corripies
597 2698 672 2729 me.
705 2690 747 2725 et
775 2685 1001 2725 vivificabis
1031 2698 1106 2726 me.

326 2745 359 2767 ¹⁷
377 2743 482 2784 Ecce
512 2744 552 2784 in
582 2757 680 2797 pace
711 2744 942 2785 amaritudo
972 2757 1065 2784 mea
1093 2744 1364 2785 amarissima:

378 2803 437 2843 Tu
469 2809 607 2843 autem
638 2803 777 2844 eruisti
807 2803 986 2844 animam
1016 2816 1149 2844 meam
1179 2811 1226 2844 ut
1255 2817 1337 2844 non
1367 2804 1526 2857 periret.

379 2862 581 2915 proiecisti
611 2868 706 2915 post
734 2868 893 2916 tergum
924 2867 1042 2903 tuum
1073 2862 1211 2903 omnia
1237 2869 1409 2916 peccata
1437 2876 1538 2905 mea.

329 2924 361 2944 ¹⁸
379 2921 485 2969 Quia
513 2935 594 2962 non
624 2921 804 2962 infernus
834 2921 1097 2962 confitebitur
1127 2922 1212 2967 tibi,
1245 2935 1376 2975 neque
1405 2935 1512 2963 mors
1542 2922 1724 2963 laudabit
1758 2927 1816 2962 te:

380 2994 459 3020 uon
489 2981 769 3033 expectabunt
800 2980 868 3034 qui
898 2981 1152 3021 descendunt
1180 2981 1221 3021 in
1250 2980 1396 3024 lacum.
1430 2982 1646 3022 veritatem
1677 2987 1803 3022 tuam.

330 3041 362 3061 ¹⁵·
383 3039 529 3079 Vivens
560 3039 701 3080 vivens
731 3039 815 3093 ipse
845 3040 1108 3081 confitebitur
1137 3040 1223 3084 tibi,
1256 3040 1361 3080 sicut
1390 3046 1431 3081 et
1460 3054 1531 3093 ego
1563 3040 1699 3081 hodie:

383 3105 496 3149 pater
526 3098 614 3139 filiis
646 3104 785 3139 notam
816 3099 937 3139 faciet
969 3099 1185 3139 veritatem
1217 3106 1342 3140 tuam.

327 3158 362 3179 2¹¹
385 3157 553 3197 Domine
582 3157 741 3198 salvum
772 3171 835 3199 me
866 3158 940 3200 fac.

379 3222 417 3254 et
455 3216 627 3267 psalmos
664 3222 821 3258 nostros
856 3217 1113 3269 cantabimus
1149 3217 1304 3257 cunetis
1339 3218 1480 3258 diebus
1517 3217 1612 3258 vitae
1646 3224 1794 3259 nostrae
1828 3217 1865 3257 in
1901 3217 2021 3258 domo
2056 3216 2234 3257 Domini.

119 3323 314 3382 ,ᾒξῐῖιίζξῗψᾞζ
434 3322 461 3343 ‘-'¹
491 3320 539 3359 Et
563 3321 673 3362 iussit
703 3322 824 3363 lsaias
845 3330 890 3362 ut
913 3322 1101 3363 tollerent
1121 3336 1297 3363 massam
1319 3323 1367 3363 de
1390 3323 1484 3365 ficis.
1508 3329 1547 3363 et
1569 3322 1916 3375 cataplasmarent
1935 3335 2055 3375 super
2076 3321 2234 3366 vulnus,

310 3379 367 3417 'et
398 3386 620 3420 sanaretur.
677 3384 708 3404 ”·’”-’
743 3381 793 3421 Et
821 3381 924 3422 dixit
954 3381 1165 3422 Ezechias:
1196 3382 1313 3429 Quod
1343 3382 1417 3422 erit
1446 3382 1604 3435 signum
1634 3381 1727 3432 quia
1757 3381 1972 3421 ascendam
2001 3380 2041 3421 in
2070 3381 2237 3421 domum

334 3437 520 3478 Domini?

333 3590 344 3622 l
442 3542 501 3622 plu'o'
526 3544 563 3621 (ζ.)
592 3542 646 3622 ΗΞ
669 3544 718 3576 15⁴.
743 3545 799 3576 533:
827 3544 898 3575 'l'ob
925 3546 953 3578 1,
979 3546 1035 3579 21:
1062 3545 1113 3577 ¹<ir
1138 3546 1189 3584 48,
1213 3546 1269 3578 24:
1298 3547 1308 3577 l
1341 3545 1412 3577 Mc(-
1438 3546 1467 3585 ἶ,
1494 3547 1545 3578 4Ῑῖ
1577 3546 1595 3578 2
1623 3545 1694 3577 Meo
1719 3546 1749 3578 8.
1779 3546 1827 3577 19.
1864 3566 1881 3567 j
1918 3544 1970 3585 38,
2001 3547 2013 3577 Ι
2041 3545 2079 3577 ¹³2
2108 3544 2159 3588 Rg
2183 3545 2236 3578 20.

359 3601 365 3624 :
392 3591 410 3622 2
466 3600 503 3623 ar
527 3592 579 3628 ΓΞ,
606 3599 622 3622 '-
652 3617 658 3623 .
