2356 3760
133 91 185 129 17,
211 90 352 126 47—19.
378 92 420 123 io
940 91 1228 125 PsALMoRrii
1947 103 2021 143 495

132 186 167 209 ⁴⁷
192 184 303 224 Vivit
331 183 543 227 Dominus,
576 191 616 224 et
645 183 880 224 benedictus
908 184 1018 224 Deus
1046 198 1171 231 meus,
1254 193 1293 226 et
1323 186 1525 228 exaltetur
1553 189 1661 229 Deus
1690 192 1828 233 salutis
1858 208 1966 236 meze.
2034 196 2224 226 esspmpoem

133 244 169 267 ‘¹³
191 242 302 283 Deus
329 242 397 296 qui
423 243 496 283 das
521 242 724 283 vindictas
749 241 859 285 mihi.
941 249 981 282 et
1007 243 1146 284 subdis
1172 245 1340 297 populos
1367 246 1441 285 sub
1468 259 1542 288 me.
1623 247 1812 290 liberator
1837 265 1947 292 meus
1974 253 2021 293 de
2043 230 2207 256 ‘mmmm‘

395 301 566 342 inimicis
594 300 693 340 meis
722 300 936 342 iracundis.

134 362 170 384 ⁴⁹
192 360 248 401 Et
275 361 325 401 ab
351 358 651 412 insurgentibus
678 358 719 398 in
744 371 809 399 me
835 359 1034 400 exaltabis
1062 373 1143 400 me:
1225 375 1247 401 a
1273 362 1358 403 viro
1385 362 1522 416 iniquo
1550 364 1690 417 eripies
1716 379 1790 407 me.

134 420 170 443 ⁵⁰
194 419 433 472 aPropterea
461 417 684 458 confitebor
721 417 796 457 tibi
833 418 873 458 in
912 418 1144 459 nationibus
1175 420 1365 460 Domine:
1457 428 1495 461 et
1534 423 1685 463 nomini
1717 431 1787 465 tuo
1828 426 2026 477 psalnmm

395 476 539 519 dicam.

133 538 167 561 ⁵1
192 535 456 589 Magnificans
482 534 633 575 salutes
659 534 760 588 regis
789 535 883 579 eius.
966 541 1005 576 et
1032 536 1183 577 faciens
1213 537 1525 578 misericordiam
1554 539 1702 581 christo
1729 554 1800 582 suo
1878 542 2023 586 David.

174 601 177 603 ·
395 598 437 633 et
464 593 606 633 semini
635 592 718 633 eius
748 607 875 647 usque
904 595 945 635 in
974 595 1176 637 saeculum.

676 708 842 759 1809).
873 708 1032 750 Gloria
1062 710 1141 751 Dei
1172 710 1215 750 et
1244 711 1344 751 laus
1375 712 1504 762 legis.

240 783 254 805 1
284 780 332 821 In
360 780 493 823 finem.
525 779 711 820 Psalmus
740 780 888 822 David.
920 780 1080 823 XVIII.

154 888 172 911 2
194 885 287 927 Caeli
317 891 510 926 enarrant
538 884 708 938 gloriam
735 885 823 928 Dei.
907 892 947 926 et
978 899 1101 939 opera
1126 899 1323 927 manuum
1353 886 1436 927 eius
1466 888 1689 929 annunciat
1715 888 2028 930 firmamentum.
2072 889 2198 915 G¹0¹³³¹¹¹

155 947 172 970 ³
194 944 289 985 Dies
319 943 396 984 diei
425 948 584 984 eructat
614 944 797 987 verbum.
882 950 923 985 et
950 958 1033 986 nox
1061 946 1171 986 nocti
1200 945 1354 986 indicat
1383 945 1604 988 scientiam.
2058 925 2205 989 ρῗὲἷιὲἷέζ

155 1005 171 1028 ⁴
196 1003 288 1044 Non
317 1009 413 1044 sunt
440 1002 620 1056 loquelae,
652 1015 783 1056 neque
812 1016 1026 1048 sermones,
1112 1017 1283 1058 quorum
1312 1017 1394 1045 non
1423 1005 1644 1046 audiantur
1671 1019 1789 1047 voces
1818 1019 1968 1048 eorum.

156 1064 170 1087 ⁵
194 1062 264 1102 bIn
292 1074 453 1103 omnem
481 1066 632 1102 terram
656 1061 784 1102 exivit
812 1075 933 1104 sonus
957 1076 1114 1104 eorum:
1192 1069 1231 1104 et
1259 1063 1300 1103 in
1328 1063 1425 1103 fines
1454 1064 1560 1104 orbis
1588 1070 1704 1105 terrae
1727 1065 1852 1106 verba
1878 1078 2029 1107 eorum.

155 1122 172 1145 ὃ
197 1121 244 1162 In
273 1120 354 1162 sole
382 1120 519 1174 posuit
548 1120 858 1161 tabernaculum
887 1134 1024 1162 suum:

201 1185 258 1221 cet
289 1180 373 1233 ipse
404 1184 619 1233 tamquam
651 1192 821 1232 sponsus
853 1181 1072 1233 procedens
1097 1182 1146 1222 de
1170 1181 1351 1222 thalamo
1375 1194 1465 1222 suo:
1538 1181 1755 1223 Exultavit
1778 1188 1825 1223 ut
1846 1182 1956 1236 gigas
1980 1182 2034 1224 ad

398 1238 637 1279 currendam
668 1238 789 1282 viam.

156 1300 170 1322 ⁷
197 1311 220 1338 a
245 1311 403 1339 summo
431 1297 525 1338 caelo
552 1297 722 1351 egressio
749 1298 851 1338 eius:
924 1298 979 1339 Et
1005 1312 1192 1340 occursus
1219 1298 1302 1339 eius
1328 1311 1455 1351 usque
1481 1299 1534 1339 ad
1558 1311 1763 1340 summum
1789 1299 1890 1340 eius:
1962 1313 2035 1341 nec

398 1362 459 1397 est
490 1356 558 1410 qui
586 1369 628 1396 se
657 1356 883 1398 abscondat
913 1370 938 1397 a
965 1357 1095 1398 calore
1124 1357 1219 1399 eius.

157 1463 172 1486 ³
194 1462 279 1502 Lex
307 1461 473 1502 Domini
501 1460 768 1501 immaculata
848 1466 1088 1502 convertens
1118 1461 1292 1502 animas:
2049 1466 2225 1529 ῐξζαῇῧῐῒῠῃῑξῑ

189 1520 470 1561 testimonium
498 1519 664 1561 Domini
692 1519 820 1564 fidele,
904 1520 1147 1574 sapientiam
1176 1526 1374 1574 praestans
1402 1521 1593 1574 parvulis.

157 1583 172 1604 ⁹
197 1578 369 1620 Iustitiae
397 1579 563 1620 Domini
591 1584 722 1625 rectae,
806 1578 1059 1620 laetificantes
1088 1580 1229 1621 corda:

195 1644 444 1692 praeceptum
473 1637 639 1679 Domini
667 1637 867 1687 lucidum3
950 1638 1181 1679 illuminans
1211 1638 1358 1681 oculos.

139 1700 173 1722 ¹⁰
195 1698 332 1739 Timor
361 1696 527 1738 Domini
557 1701 734 1740 sanctus.
819 1710 1061 1751 permanens
1090 1697 1131 1738 in
1162 1697 1352 1739 saeculum
1383 1698 1534 1739 saeculi:

195 1756 344 1798 iudicia
371 1756 537 1797 Domini
566 1768 673 1800 vera,
757 1756 980 1798 iustificata
1007 1757 1047 1797 in
1076 1757 1305 1810 semetipsa.

139 1818 169 1840 11
195 1815 490 1857 Desiderabilia
512 1828 632 1868 super
655 1828 800 1856 aurum
876 1821 916 1856 et
938 1815 1115 1869 lapidem
1139 1816 1361 1869 pretiosum
1386 1816 1580 1857 multum:
1652 1823 1692 1857 et
1715 1816 1895 1857 dulciora
1916 1829 2036 1869 super

399 1874 478 1914 mel
559 1879 599 1914 et
628 1874 782 1916 favum.

139 1936 170 1959 ¹2
196 1934 360 1974 Etenim
391 1946 530 1974 servus
560 1938 655 1973 tuus
685 1933 864 1974 custodit
894 1946 952 1978 ea.
1036 1934 1078 1974 in
1107 1933 1381 1975 custodiendis
1411 1933 1486 1974 illis
1515 1934 1728 1975 retributio
1758 1933 1900 1975 multa.

138 2041 170 2064 ¹³
195 2038 356 2079 Delicta
384 2038 472 2091 quis
501 2037 711 2091 intelligit?
795 2039 847 2079 ab
875 2038 1042 2080 occultis
1070 2038 1168 2079 meis
1196 2039 1352 2079 munda
1378 2051 1460 2079 me:
1543 2041 1575 2063 ¹⁴
1601 2043 1643 2079 et
1670 2038 1721 2079 ab
1750 2037 1887 2079 alienis
1916 2051 2033 2091 parce
2060 2039 2239 2100 vegleuffifis‘

398 2109 513 2138 servo
543 2102 627 2138 tuo.
2079 2111 2198 2140 petitur.

195 2157 237 2198 Si
267 2156 347 2197 mei
374 2169 456 2197 non
483 2156 636 2197 fuerint
659 2156 871 2202 dominati,
951 2162 1050 2197 tunc
1071 2156 1359 2198 immaculatus
1384 2169 1468 2197 ero:
1503 2161 1544 2197 et
1567 2156 1820 2197 emundabor
1843 2169 1867 2196 a
1888 2155 2034 2197 delicto

398 2215 590 2257 maximo.

139 2277 170 2300 ¹⁵
188 2275 245 2316 Et
264 2279 384 2316 erunt
402 2279 450 2315 ut
468 2275 752 2328 complaceant
770 2274 931 2329 eloquia
949 2275 1028 2316 oris
1047 2275 1144 2315 mei:
1216 2280 1257 2315 et
1276 2274 1489 2315 meditatio
1510 2274 1639 2315 cordis
1658 2274 1737 2314 mei
1756 2273 1797 2314 in
1816 2278 2035 2323 conspectu

399 2338 471 2375 tuo
499 2346 667 2387 semper.
750 2334 925 2375 Domine
954 2333 1117 2375 adiutor
1143 2346 1268 2376 meus.
1299 2338 1341 2374 et
1367 2333 1601 2386 redemptor
1627 2345 1752 2373 meus,

625 2449 787 2501 19(20).
818 2449 978 2490 Petitio
1008 2459 1094 2501 pro
1123 2459 1235 2500 rege
1263 2448 1543 2502 pugnaturo.

243 2525 257 2547 1
287 2523 335 2564 In
363 2522 497 2569 finem,
528 2521 714 2563 Psalmus
742 2521 891 2563 David.
948 2520 1068 2563 XIX.

156 2629 173 2652 2
195 2627 405 2668 Exaudiat
431 2633 472 2668 te
497 2627 698 2669 Dominus
724 2627 766 2673 in
792 2626 856 2667 dje
882 2625 1176 2668 tribulationis:
1256 2629 1446 2679 protegat
1472 2629 1512 2665 te
1539 2637 1686 2665 nomen
1712 2624 1788 2664 Dei
1816 2623 1950 2665 Iacob.
2044 2621 2229 2684 V⁰¹⁵12rggf>u¹³

157 2688 174 2711 3
195 2686 340 2727 Mittat
367 2686 444 2727 tibi
472 2685 669 2728 auxilium
697 2686 747 2727 de
775 2690 936 2727 sancto:
1019 2690 1061 2726 et
1088 2685 1137 2726 de
1165 2684 1262 2726 Sion
1290 2689 1457 2725 tueatur
1484 2688 1536 2724 te.
2179 2677 2186 2688 '

158 2747 174 2770 4
195 2746 352 2787 Memor
380 2745 433 2786 sit
462 2745 592 2787 omnis
622 2744 805 2786 sacrificii
834 2744 913 2785 tui:
997 2749 1039 2785 et
1066 2743 1351 2785 holocaustum
1380 2747 1499 2783 tuum
1529 2742 1676 2795 pingue
1706 2741 1790 2783 fiat.

156 2806 173 2829 ⁵
197 2804 368 2845 Tribuat
396 2804 472 2845 tibi
500 2804 724 2845 secundum
753 2816 821 2845 cor
848 2808 986 2844 tuum:
1069 2808 1110 2844 et
1138 2816 1258 2844 omne
1285 2800 1496 2843 consilium
1526 2807 1644 2841 tuum
1672 2799 1894 2841 confirmet.

158 2865 174 2887 θ
196 2863 447 2904 Laetabimur
473 2863 515 2904 in
543 2863 713 2904 salutari
741 2867 832 2903 tuo:
915 2866 957 2903 et
983 2861 1025 2902 in
1054 2862 1216 2903 nomine
1244 2861 1321 2902 Dei
1349 2859 1476 2901 nostri
1503 2858 1866 2912 magnificabimur.

157 2923 172 2945 ⁷
198 2921 374 2976 Impleat
401 2922 602 2964 Dominus
631 2935 770 2964 omnes
799 2920 1016 2975 petitiones
1045 2926 1156 2961 tuas:

194 2994 304 3022 nunc
332 2981 504 3035 cognovi
531 2981 725 3035 quonjam
753 2980 912 3021 salvum
939 2979 1036 3021 fecit
1062 2979 1262 3021 Dominus
1290 2977 1574 3020 CHRISTUM
1601 2989 1730 3018 suum.

195 3039 402 3081 Exaudiet
429 3039 543 3081 illum
572 3040 621 3081 de
650 3039 744 3081 caelo
774 3043 915 3080 sancto
944 3051 1035 3080 suo:
1117 3039 1159 3080 in
1186 3036 1470 3092 potentatibus
1498 3035 1605 3075 salus
1634 3035 1811 3076 dexterae
1839 3035 1934 3077 eius.

157 3146 173 3169 ⁸
196 3143 252 3185 Hi
276 3144 318 3185 in
343 3144 537 3194 curribus,
566 3149 608 3186 et
632 3144 673 3185 hi
698 3144 740 3185 in
766 3144 897 3199 equis:
962 3156 1035 3186 nos
1061 3147 1199 3184 autem
1225 3142 1266 3183 in
1291 3140 1454 3183 nomine
1478 3139 1644 3181 Domini
1666 3140 1742 3181 Dei
1767 3139 1895 3181 nostri
1919 3139 2031 3180 invo-
2056 3139 2215 3205 Suffiffljf}m

398 3203 592 3245 (Dabimus.
2066 3216 2100 3234 ac
2118 3208 2199 3238 regis.

157 3264 173 3287 ⁹
197 3262 280 3316 Ipsi
306 3261 476 3316 obligati
502 3267 610 3312 sunt,
640 3267 682 3303 et
708 3262 958 3304 ceciderunt:
1039 3273 1112 3302 nos
1140 3265 1278 3301 autem
1305 3257 1550 3300 surreximus
1578 3262 1619 3298 et
1645 3256 1767 3298 erecti
1793 3269 1942 3297 sumus.

137 3322 174 3345 ¹⁰
194 3320 369 3363 Domine
395 3321 555 3362 salvum
581 3321 646 3362 fac
671 3334 824 3375 regem:
904 3324 946 3362 et
972 3319 1119 3361 exaudi
1146 3332 1218 3360 nos
1244 3318 1285 3359 in
1312 3317 1386 3362 die,
1417 3329 1498 3370 qua
1522 3315 1846 3358 invocaverimus
1872 3320 1925 3355 te.

268 3446 310 3481 50
327 3447 365 3480 ιῑ2
381 3447 440 3481 Sm
456 3448 509 3489 22,
526 3447 584 3488 50;
604 3447 693 3480 Rom
710 3448 762 3486 15,
779 3447 809 3481 9.
836 3468 878 3471 -
903 3446 956 3489 18,
980 3447 1000 3480 5
1016 3446 1126 3479 bRom
1143 3443 1195 3483 10,
1213 3441 1264 3476 18.
1292 3462 1333 3466 —-
1356 3442 1376 3476 6
1397 3443 1459 3477 eLc
1475 3443 1528 3482 24,
1545 3442 1597 3476 46.
