2356 3760
141 136 171 174 4,
198 135 294 174 6*st
325 137 363 167 11
978 134 1227 169 ZACHARIAE
1967 139 2043 179 893

142 227 352 281 Numquid
377 228 504 269 nescis
530 228 628 281 quid
652 233 749 267 sunt
772 225 880 266 haec?
907 226 963 266 Et
986 226 1089 267 dixi:
1116 227 1221 276 Non,
1247 227 1409 268 domine
1433 227 1500 268 mi.
1557 229 1571 250 ⁶
1595 227 1649 267 Et
1674 231 1893 281 respondit.
1921 236 1960 270 et
1985 230 2042 271 ait

141 285 192 326 ad
221 299 298 333 me,
331 286 485 327 dicens:
518 286 607 327 Hoc
636 291 697 326 est
726 284 897 325 verbum
926 284 1093 325 Domini
1123 286 1175 326 ad
1206 285 1440 334 ZorobabeL
1473 285 1627 326 dicens:
1661 286 1751 326 Non
1780 288 1821 326 in
1851 289 2040 336 exercitu,

139 357 212 385 nec
230 344 271 384 in
289 345 444 393 robore,
465 345 535 385 sed
553 344 594 384 in
613 342 758 396 spiritu
776 355 878 389 meo.
900 342 999 383 dicit
1016 344 1217 384 Dominus
1237 344 1500 385 exercituum.
1551 345 1565 366 ⁷
1585 344 1681 392 Quis
1702 350 1746 384 tu
1766 358 1880 385 mons
1899 359 2043 395 magne

139 415 276 444 coram
300 402 548 444 Zorobabel?
571 402 613 442 in
635 401 822 454 planum:
847 406 889 441 et
911 401 1056 441 educet
1077 402 1255 455 lapidem
1278 402 1528 455 primarium,
1554 409 1593 443 et
1617 403 1849 456 exaequabit
1871 397 2043 456 gratiam

138 461 281 515 gratiae
304 462 400 502 eius.
455 462 471 485 ⁸
494 461 551 501 Et
573 460 730 500 factum
755 464 816 500 est
840 459 1011 500 verbum
1035 460 1201 500 Domini
1227 461 1279 501 ad
1302 473 1378 504 me.
1406 461 1559 501 dicens:
1614 463 1628 484 ⁹
1652 462 1797 501 Manus
1823 461 2045 502 Zorobabel

138 519 421 560 fundaverunt
444 519 612 560 domum
636 517 770 565 istam,
797 522 838 558 et
860 530 1006 558 manus
1031 518 1114 558 eius
1138 518 1348 571 perficient
1372 532 1479 558 eam:
1506 525 1545 559 et
1570 519 1702 559 scietis
1728 520 1823 573 quia
1845 519 2044 560 Dominus

139 578 390 619 exercituum
418 577 530 618 misit
556 589 620 616 me
647 576 699 616 ad
726 589 810 617 vos.
867 578 903 600 10
929 576 1026 624 Quis
1055 576 1162 617 enim
1190 577 1376 630 despexit
1403 577 1485 617 dies
1513 578 1684 630 parvos?
1715 584 1753 618 et
1780 578 2043 625 laetabuntur‚

139 642 181 677 31
204 636 405 677 videbunt
427 635 602 689 lapidem
628 640 846 675 stanneum
868 635 910 675 in
933 648 1059 675 manu
1083 635 1317 676 Zorobabel.
1343 635 1507 688 Septem
1531 636 1597 675 isti
1622 636 1725 676 oculi
1749 642 1843 677 sunt
1866 636 2043 684 Domini,

140 695 208 748 qui
238 695 471 735 discurrunt
499 693 539 733 111
570 692 802 733 universam
832 698 994 734 terram.

244 756 274 778 ¹¹
297 753 353 794 Et
374 751 575 805 respondi,
601 758 641 792 et
664 751 748 792 dixi
771 752 823 792 ad
846 765 956 792 eum:
982 752 1088 800 Quid
1112 758 1208 792 311111
1231 752 1321 792 duee
1344 751 1459 792 olivae
1481 752 1569 792 istae
1592 753 1643 792 ad
1666 753 1875 792 dexteram
1899 754 2042 794 cande-
2086 753 2115 775 “²
2135 751 2210 776 ¹¹¹¹¹¹¹³

136 811 251 857 labri,
284 817 324 852 et
353 811 404 851 ad
432 810 638 851 sinistram
667 810 775 851 eius?
832 812 864 835 ¹²
891 810 947 851 Et
974 811 1164 864 respondi
1192 810 1381 857 secundo,
1412 815 1453 850 et
1481 810 1565 850 dixi
1594 811 1646 850 ad
1674 824 1784 850 eum:
1815 811 1920 858 Quid
1949 819 2042 851 sunt
2082 787 2214 865 >affixam

138 870 228 910 duae
256 870 374 924 spicae
403 869 614 917 olivarum,
647 882 736 922 quae
763 874 859 909 sunt
886 869 1002 909 iuxta
1031 869 1111 910 duo
1139 874 1272 910 rostra
1299 882 1432 917 aurea,
1462 868 1503 908 in
1533 868 1679 922 quibus
1708 874 1802 909 sunt
1831 869 2042 910 suffusoria
2082 863 2213 916 ,ἷζῖἒέζζῖ

138 942 187 969 ex
212 928 334 970 auro?
387 930 418 953 ¹³
442 927 498 968 Et
522 927 580 968 ait
605 927 657 967 ad
680 940 756 975 me,
783 927 938 968 dicens:
966 927 1177 981 Numquid
1200 928 1328 968 1133013
1354 927 1451 981 quid
1476 932 1572 967 sunt
1595 927 1704 968 haec?
1730 927 1785 967 Et
1810 927 1911 967 dixi:
1939 928 2040 970 Non.
2071 926 2226 986 0813111111ῗὼ-

137 987 300 1028 (101111113
323 986 389 1028 mi.
443 988 474 1010 ¹4
497 986 552 1027 Et
576 986 697 1026 dixit:
726 985 799 1027 Isti
822 991 918 1026 sunt
941 987 1021 1027 duo
1046 986 1115 1027 filii
1139 986 1225 1036 0131,
1253 986 1321 1040 (1111
1344 986 1542 1026 assistunt
1564 985 1823 1027 Dominatori
1847 986 2044 1026 universae
2115 997 2179 1020 eari-

137 1051 266 1087 terrae.

560 1119 598 1159 6.
628 1118 849 1159 Volumen
880 1119 1213 1160 maledictionis
1243 1119 1423 1169 volans,
1450 1118 1490 1169 5,
1509 1120 1634 1159 1—4.

241 1191 279 1233 5.
336 1193 347 1214 ¹
369 1190 425 1230 Et
444 1203 662 1231 conversus
683 1203 784 1239 sum,
807 1195 848 1230 et
866 1189 1000 1230 levavi
1022 1189 1157 1231 oculos
1177 1203 1306 1231 meos:
1328 1195 1369 1230 et
1389 1189 1484 1233 vidi,
1507 1194 1548 1229 et
1567 1202 1657 1230 3003
1677 1189 1868 1230 volumen
1888 1188 2041 1230 volans.
2059 1191 2231 1251 (figgcbffisgss

137 1251 152 1274 ²
178 1249 233 1290 Et
261 1249 365 1290 dixit
392 1249 444 1289 ad
470 1262 552 1289 me:
582 1248 689 1296 Quid
716 1253 761 1289 tu
788 1248 926 1289 vides?
954 1249 1010 1289 Et
1037 1248 1138 1289 dixi:
1167 1248 1253 1302 Ego
1281 1248 1399 1289 video
1426 1248 1618 1288 volumen
1645 1247 1806 1288 volans:
1833 1247 2045 1300 longitudo
2234 1245 2240 1250 ’

138 1308 222 1349 eius
246 1307 392 1361 viginti
416 1307 660 1355 cubitorum,
686 1312 727 1348 et
749 1306 926 1348 latitudo
952 1307 1035 1347 eius
1060 1307 1198 1347 decem
1223 1307 1467 1348 cubitorum.
1519 1308 1534 1330 ³
1557 1305 1612 1347 Et
1637 1306 1741 1346 dixit
1765 1306 1816 1346 ad
1840 1319 1921 1346 me:
1949 1305 2046 1346 Haec

138 1371 200 1408 est
232 1366 477 1415 maledictio,
515 1378 604 1420 quae
637 1365 842 1419 egreditur
874 1378 994 1418 super
1026 1365 1171 1406 faciem
1205 1365 1335 1406 omnis
1369 1370 1503 1405 terrae:
1540 1365 1635 1418 quia
1668 1364 1797 1406 omnis
1830 1365 1906 1412 fur,
1941 1365 2046 1405 sicut

137 1425 193 1465 ibi
209 1425 408 1478 scriptum
425 1430 498 1473 est,
516 1423 783 1464 iudicabitur:
801 1429 842 1464 et
858 1424 988 1464 omnis
1005 1424 1153 1472 iurans,
1172 1437 1221 1464 ex
1237 1424 1313 1465 hoc
1329 1423 1513 1464 similiter
1528 1423 1787 1464 iudicabitur.
1831 1425 1846 1447 ⁴
1862 1423 2046 1463 Educam

137 1483 248 1532 illud,
275 1483 374 1524 dicit
396 1482 597 1523 Dominus
622 1482 893 1523 exercituum:
919 1488 959 1523 et
983 1483 1120 1523 veniet
1143 1482 1194 1523 ad
1219 1482 1386 1523 domum
1409 1482 1520 1531 furis,
1547 1488 1586 1523 et
1611 1483 1662 1523 ad
1686 1482 1853 1523 domum
1877 1482 2047 1522 iurantis

137 1542 178 1582 in
206 1541 370 1583 nomine
398 1554 487 1582 meo
517 1541 786 1581 mendaciter:
817 1545 858 1581 et
886 1541 1208 1582 commorabitur
1235 1541 1275 1581 111
1304 1541 1437 1582 1113(110
1467 1541 1611 1582 (10111113
1641 1541 1735 1587 eius,
1767 1546 1808 1581 et
1836 1545 2047 1582 consumet

138 1614 239 1644 eam.
274 1606 314 1641 et
344 1600 454 1654 ligna
484 1599 580 1644 eius.
614 1605 653 1640 31
684 1599 839 1652 lapides
871 1600 966 1641 3133.

518 1705 556 1744 7.
587 1703 747 1744 Mulier
777 1705 821 1743 in
853 1703 1080 1755 amphora
1107 1703 1438 1755 transportata,
1465 1704 1505 1754 5,
1523 1704 1668 1744 5—11.

2081 1770 2218 1800 Impietas

241 1777 256 1799 ⁵
281 1774 335 1815 Et
362 1787 541 1828 egressus
567 1780 628 1815 331
654 1773 830 1828 angelus,
860 1773 928 1827 qui
952 1773 1198 1827 loquebatur
1221 1774 1261 1814 in
1286 1788 1368 1814 me:
1395 1779 1436 1815 et
1461 1773 1563 1814 dixit
1590 1774 1641 1814 ad
1665 1787 1747 1814 me:
1774 1774 1885 1814 Leva
1910 1774 2044 1816 oculos
2085 1806 2119 1830 de
2139 1808 2213 1831 terra

137 1840 241 1877 tuos.
269 1839 308 1874 31
335 1833 426 1873 vide
452 1833 549 1886 quid
575 1838 635 1873 est
659 1833 746 1881 hoc,
775 1833 884 1886 quod
909 1832 1123 1885 egreditur.
1179 1834 1194 1856 ⁶
1217 1833 1273 1873 Et
1297 1833 1399 1873 dixi:
1425 1833 1629 1881 Quidnam
1655 1831 1740 1873 est?
1766 1832 1821 1873 Et
1845 1833 1920 1873 ait:
1948 1833 2045 1874 Haec
2072 1841 2227 1866 auferetur·

138 1898 200 1932 est
227 1892 427 1945 amphora
453 1891 671 1945 egrediens.
702 1891 758 1931 Et
785 1891 908 1931 dixit:
940 1891 1036 1931 Haec
1064 1897 1125 1932 est
1153 1891 1291 1932 oculus
1320 1905 1458 1932 eorum
1486 1891 1526 1931 in
1555 1891 1745 1931 universa
1771 1896 1889 1932 terra.
1949 1893 1962 1914 ⁷
1991 1892 2044 1932 Et

137 1963 226 1991 3003
254 1951 458 1991 talentum
486 1949 644 2003 plumbi
672 1949 929 2003 portabatur.
961 1955 1001 1990 et
1029 1963 1119 1990 ecce
1146 1950 1290 1990 mulier
1318 1963 1399 1990 una
1426 1950 1568 1990 sedens
1596 1950 1636 1989 in
1664 1949 1796 1990 medio
1826 1950 2043 2003 amphorae.

140 2011 154 2033 ⁸
176 2009 231 2050 Et
254 2009 377 2049 dixit:
403 2008 500 2049 Haec
523 2014 584 2049 est
606 2008 807 2061 impietas.
832 2008 888 2049 Et
909 2008 1079 2061 proiecit
1101 2021 1189 2049 eam
1212 2009 1253 2048 in
1274 2009 1408 2049 medio
1432 2008 1649 2061 amphorae,
1674 2013 1714 2048 et
1736 2008 1847 2049 misit
1868 2021 2044 2049 massam

135 2067 371 2121 plumbeam
394 2067 435 2107 in
459 2080 501 2107 os
525 2067 620 2108 eius.
675 2069 690 2090 ⁹
712 2066 767 2107 Et
788 2066 923 2107 levavi
947 2066 1083 2107 oculos
1105 2080 1228 2114 meos,
1253 2072 1294 2107 et
1316 2067 1418 2107 vidi:
1443 2072 1484 2107 et
1506 2079 1596 2107 ecc-e
1618 2067 1708 2107 duae
1730 2066 1914 2107 mulieres
1938 2081 2045 2120 egre-

136 2126 305 2175 dientes,
332 2130 373 2166 et
397 2125 562 2179 spiritus
587 2125 627 2165 in
653 2125 725 2165 alis
750 2137 902 2173 earum,
930 2130 971 2165 et
994 2125 1203 2165 habebant
1229 2125 1312 2165 alas
1338 2125 1452 2178 quasi
1477 2125 1560 2165 alas
1584 2125 1716 2165 milvi:
1742 2130 1783 2165 et
1805 2125 2048 2167 levaverunt

136 2184 378 2239 amphoram
401 2184 508 2224 inter
531 2189 694 2232 terram,
721 2188 762 2224 31
785 2183 939 2224 caelum.
993 2185 1028 2207 ¹⁰
1050 2183 1105 2224 Et
1129 2183 1213 2224 dixi
1237 2184 1288 2224 ad
1313 2183 1513 2237 angelum,
1541 2183 1607 2236 qui
1631 2183 1877 2236 loquebatur
1898 2184 1938 2224 in
1962 2197 2044 2225 me:

137 2244 226 2292 Quo
248 2243 337 2284 istae
359 2242 548 2283 deferunt
572 2242 837 2295 amphoram?
889 2244 918 2266 ¹¹
942 2242 997 2282 Et
1020 2241 1125 2282 dixit
1147 2242 1199 2283 ad
1221 2255 1303 2283 me:
1329 2242 1386 2283 Ut
1408 2242 1630 2283 aedificetur
1651 2242 1685 2282 ei
1708 2242 1852 2283 domus
1875 2242 1915 2283 in
1939 2249 2045 2284 terra

136 2302 329 2347 Sennaar.
356 2307 397 2342 et
421 2301 666 2342 stabiliatur.
693 2306 734 2341 et
757 2305 937 2354 ponatur
959 2300 1014 2340 ibi
1039 2313 1159 2354 super
1183 2301 1320 2341 basem
1346 2314 1473 2342 suam.

534 2406 573 2445 8.
604 2404 833 2455 Quattuor
863 2404 1103 2456 quadrigae
1135 2404 1443 2455 egredientes,
1472 2404 1512 2455 6,
1531 2404 1650 2444 1—8.

241 2475 279 2519 6.
335 2478 348 2500 ¹
364 2475 420 2516 Et
435 2488 653 2516 conversus
669 2488 770 2523 sum,
789 2479 831 2516 et
843 2474 979 2515 levaw'
995 2474 1131 2516 oculos
1146 2487 1269 2523 meos,
1287 2479 1328 2515 et
1343 2473 1445 2514 vidi:
1463 2478 1504 2514 et
1518 2487 1608 2514 3003
1625 2478 1821 2527 quattuor
1837 2473 2042 2527 quadrigae

137 2533 388 2588 egredientes
417 2533 466 2574 de
493 2533 627 2574 medio
656 2533 830 2574 duorum
858 2533 1081 2575 montium:
1111 2538 1153 2574 et
1179 2538 1351 2576 montes.
1382 2538 1541 2574 montes
1570 2532 1671 2573 aerei.
1728 2534 1742 2556 ²
1773 2532 1819 2572 In
1849 2532 2045 2585 quadriga

136 2592 269 2646 prima
287 2592 380 2646 equi
399 2592 487 2641 rufi,
510 2597 551 2633 et
570 2592 611 2632 in
632 2592 831 2646 quadriga
849 2593 1028 2633 sec-unda
1047 2592 1140 2646 equi
1159 2592 1273 2645 nigri.
1321 2593 1337 2616 ³
1357 2596 1398 2632 et
1416 2591 1457 2632 in
1478 2591 1676 2644 quadriga
1695 2590 1817 2631 tertia
1836 2590 1928 2644 equi
1949 2590 2040 2635 albi.

136 2656 178 2692 et
199 2650 239 2691 in
265 2651 462 2704 quadriga
485 2656 635 2705 quarta
656 2651 749 2704 equi
771 2651 885 2700 varii,
912 2657 952 2692 et
973 2651 1111 2692 fortes.
1163 2652 1178 2674 “¹
1201 2650 1255 2691 Et
1278 2650 1479 2703 respondi,
1505 2655 1546 2690 et
1568 2650 1651 2690 dixi
1675 2650 1726 2689 ad
1750 2649 1948 2702 angelum,
1976 2651 2043 2702 qui

135 2710 383 2764 loquebatur
406 2709 448 2749 in
472 2723 556 2750 me:
584 2709 691 2758 Quid
716 2714 814 2750 sunt
837 2709 934 2757 haec,
963 2709 1126 2750 domine
1150 2709 1231 2749 mi?
1283 2710 1299 2733 ⁵
1324 2708 1379 2749 Et
1404 2708 1613 2761 respondit
1639 2707 1814 2760 angelus,
1843 2712 1883 2747 et
1909 2707 1965 2747 ait
1992 2709 2043 2750 ad

136 2781 219 2809 me:
255 2768 328 2809 Isti
360 2774 457 2809 sunt
489 2772 687 2822 quattuor
718 2767 832 2808 venti
864 2768 960 2818 eaeli,
996 2768 1064 2822 qui
1096 2768 1359 2821 egrediuntur
1390 2772 1436 2807 ut
1468 2772 1578 2807 stent
1609 2779 1743 2807 coram
1775 2765 2043 2808 Dominatore

138 2827 267 2867 omnis
290 2832 418 2868 terrae.
473 2828 488 2851 0
511 2827 558 2867 In
582 2840 663 2880 qua
685 2831 801 2868 erant
823 2827 916 2880 equi
938 2827 1051 2880 nigri,
1077 2826 1389 2880 egrediebantur
1409 2826 1450 2865 in
1473 2831 1621 2865 terram
1644 2823 1874 2878 Aquilonis:
1899 2830 1940 2864 et
1962 2825 2042 2866 albi

138 2885 284 2939 egressi
310 2890 407 2926 sunt
431 2890 526 2939 post
551 2898 637 2926 eos:
665 2890 706 2926 et
731 2885 833 2925 varii
860 2885 1006 2939 egressi
1031 2890 1128 2925 sunt
1154 2885 1206 2926 ad
1232 2890 1381 2925 terram
1408 2883 1558 2924 Austri.
1617 2884 1630 2906 ⁷
1658 2882 1735 2931 Qui
1762 2887 1899 2922 autem
1926 2893 2043 2924 erant

136 2942 419 2992 robustissimi,
443 2944 640 2987 exierunt.
664 2949 706 2984 et.
727 2944 966 2997 quaerebant
986 2944 1053 2988 ire.
1078 2948 1119 2984 31
1140 2943 1360 2984 discurrere
1380 2955 1452 2996 per
1473 2955 1633 2983 omnem
1656 2947 1817 2982 terram.
1841 2941 1896 2981 Et
1918 2941 2039 2982 dixit:

140 3002 212 3051 Ite,
236 3001 519 3055 perambulate
540 3008 704 3044 terram.
734 3008 775 3043 et
795 3001 1186 3056 perambulaverunt
1209 3008 1370 3042 terram.
1423 3002 1438 3024 s
1459 3000 1514 3040 Et
1535 3000 1700 3041 vocavit
1721 3012 1796 3043 1113.
1821 3004 1861 3040 31
1881 2999 2041 3041 100111113

138 3065 199 3101 331
224 3061 276 3101 3(1
300 3073 376 3108 me,
405 3060 559 3101 dic-ens:
585 3061 690 3101 Ecce
717 3060 785 3114 qui
810 3061 1073 3114 egrediuntur
1096 3061 1136 3101 in
1163 3067 1312 3101 terram
1338 3058 1561 3112 Aquilonis
1588 3058 1834 3112 requiescere
1859 3058 2042 3099 fecerunt

137 3119 325 3172 spiritum
354 3132 491 3159 meum
521 3119 561 3158 in
592 3124 699 3159 terra
726 3119 951 3172 Aquilonis.

576 3235 647 3285 ΙΙ.
686 3234 932 3286 Αο110113
972 3235 1306 3301 symbolica,
1346 3234 1396 3295 6,
1423 3232 1606 3284 9-15.

244 3328 259 3350 ⁹
285 3326 341 3366 Et
366 3326 524 3366 factum
551 3330 613 3366 est
639 3326 810 3366 verbum
836 3326 1003 3368 Domini
1030 3327 1083 3367 ad
1108 3339 1184 3373 1113,
1214 3325 1368 3366 dicens:
1424 3326 1460 3348 ¹0
1484 3324 1607 3365 Sume
1634 3337 1659 3364 a
1684 3322 2037 3375 transmigratione
2076 3354 2205 3378 „cemos

137 3384 188 3424 ab
210 3384 371 3432 Holdai‚
393 3390 434 3425 et
453 3397 477 3424 a
497 3383 635 3425 Tobia.
658 3389 699 3424 et
718 3385 769 3425 ab
792 3385 924 3433 Idaia;
946 3391 987 3425 et
1006 3384 1141 3425 venies
1162 3390 1207 3424 tu
1227 3383 1267 3423 in
1288 3382 1351 3423 die
1370 3382 1449 3432 illa,
1472 3387 1513 3423 et
1531 3382 1702 3423 intrabis
1722 3381 1888 3421 domum
1910 3379 2032 3419 iosiae.
2060 3390 2219 3413 curonatur.

138 3442 204 3481 filii
234 3442 460 3495 Sophoniae,
493 3442 561 3495 qui
590 3448 790 3483 venerunt
818 3444 867 3484 de
897 3443 1119 3496 Babylone.
1178 3444 1208 3466 ¹¹
1237 3441 1291 3482 Et
1320 3454 1452 3482 sumes
1482 3454 1637 3482 aurum.
1669 3446 1709 3480 et
1737 3442 1967 3491 argentum:
1997 3441 2036 3475 et

2095 2469 2200 2494 Gentes

2068 2504 2227 2529 vincentur.
