2356 3760
97 129 150 168 32,
177 128 293 167 1-33,
320 128 359 160 15
990 126 1124 160 10:³21AE
1910 137 1985 177 695

118 224 131 246 ⁷
151 221 419 262 Fraudulenti
448 234 547 261 vasa
575 220 749 273 pessima
778 228 891 259 sunt:
974 220 1057 273 ipse
1087 220 1192 260 9111111
1223 221 1486 274 cogitationes
1516 223 1771 267 concinnavit

152 281 205 321 ad
235 280 462 333 perdendos
493 279 611 319 mites
644 278 684 318 in
717 290 898 318 sermone
931 278 1127 323 mendaci,
1214 292 1305 320 cum
1337 279 1569 333 loqueretur
1600 294 1753 335 pauper
1782 285 1983 328 iudicium.

118 341 133 363 s
152 339 343 392 Princeps
363 351 457 379 vero
477 350 535 382 ea,
558 349 647 390 quae
666 335 788 388 digna
806 342 903 376 sunt
921 336 1111 390 principe.
1134 338 1340 390 cogitabit,
1414 343 1455 379 et
1472 338 1556 392 ipse
1575 352 1694 392 super
1712 342 1830 382 duces
1850 346 1985 385 stabit.

118 434 133 456 ⁹
153 431 338 472 Mulieres
368 429 570 484 opulentae
598 428 760 481 surgite,
844 433 884 468 et
914 429 1052 469 audite
1082 443 1222 470 vocem
1250 443 1401 470 meam:
2061 445 2122 470 zur-t

153 490 244 532 filiae
272 489 519 531 confidentes
600 486 794 540 percipite
824 487 987 527 auribus
1017 487 1221 540 eloquium
1250 501 1397 529 meum.
2022 476 2160 536 ’ωξξᾙῗω

102 551 138 573 ¹⁰
154 550 252 590 Post
281 548 363 589 dies
393 546 512 588 enim.
544 551 585 586 et
613 558 766 585 annum
796 559 867 586 vos
897 546 1241 587 conturbabimini
1321 546 1587 588 confidentes:

154 610 438 649 consummata
466 611 526 644 est
555 603 662 644 enim
692 604 908 649 vindemia,
993 604 1173 645 collectio
1204 604 1312 645 ultra
1340 618 1420 645 non
1449 606 1595 647 veniet.

103 669 133 690 11
154 664 439 718 Obstupescite
469 662 683 716 opulentae,
767 663 1069 704 conturbamini
1097 663 1364 704 confidentes:

154 723 290 764 exuite
319 736 403 769 vos,
435 726 475 762 et
504 721 811 767 confundimini,
895 722 1091 775 accingite
1119 722 1279 762 lumbos
1309 727 1475 763 vestros.

104 784 134 807 ¹²
155 783 284 836 Super
312 782 438 822 ubera
465 780 656 834 plangite.
688 793 808 833 super
835 781 995 833 regione
1024 779 1290 829 desiderabili,
1373 793 1493 833 super
1521 782 1640 822 vinea
1667 782 1798 823 fertili.

103 843 134 865 ¹3
154 842 284 895 Super
314 840 485 881 humum
519 838 658 892 populi
690 839 769 879 mei
802 839 927 892 spinae
960 844 1001 880 et
1034 852 1174 893 vepres
1208 839 1445 880 ascendent:
1533 845 1686 893 quanto
1720 841 1846 891 magis
1880 854 1997 894 super

364 911 502 939 omnes
532 898 673 938 domos
701 897 839 951 gaudii
868 898 1046 938 civitatis
1076 897 1322 938 exultantis?
1794 893 1800 894 ⁷

105 960 135 983 ²⁴
155 959 311 1000 Domus
341 956 448 998 enim
477 956 643 997 dimissa
671 961 743 1000 est,
828 956 1049 997 multitudo
1079 957 1188 997 urbis
1217 956 1357 997 relicta
1385 962 1457 1001 est,

155 1017 332 1059 tenebrae
359 1021 400 1057 et
424 1015 607 1069 palpatio
634 1016 754 1056 factae
780 1020 876 1056 sunt
902 1028 1021 1068 super
1047 1015 1257 1069 speluncas
1284 1028 1411 1068 usque
1436 1015 1477 1055 in
1504 1020 1711 1056 aeternum.
1793 1017 1995 1057 Gaudium

365 1087 607 1127 onagrorum
636 1087 788 1127 pascua-
815 1087 992 1127 gregum.

106 1170 136 1193 ¹5
156 1169 283 1210 donec
313 1168 549 1209 effundatur
577 1180 697 1220 super
724 1180 796 1207 nos
878 1167 1041 1220 spiritus
1071 1167 1119 1207 de
1149 1166 1322 1207 excelso:
2010 1166 2190 1226 Pulsshssfftussss

156 1232 198 1268 et
226 1226 302 1268 erit
331 1227 535 1268 desertum
565 1226 605 1266 in
635 1225 823 1271 charmel,
906 1230 947 1266 et
976 1225 1152 1266 chamuel
1181 1225 1221 1266 in
1250 1225 1399 1266 saltum
1429 1225 1696 1278 reputabitur.
2009 1208 2084 1231 pam
2116 1209 2196 1227 δῶρ’

106 1288 140 1311 ¹⁶
157 1286 213 1327 Et
242 1285 449 1327 habitabit
478 1285 519 1325 in
550 1284 767 1325 solitudine
797 1283 1003 1327 iudicium.
1089 1288 1129 1323 et
1159 1283 1316 1324 iustitia
1345 1283 1386 1323 in
1417 1283 1592 1323 charmel
1623 1284 1788 1325 sedebit.

107 1347 139 1369 ¹⁷
157 1345 213 1386 Et
241 1345 317 1385 erit
345 1358 446 1398 opus
474 1343 640 1384 iustitiae
668 1357 761 1396 pax,
845 1348 885 1382 et
914 1342 1045 1382 cultus
1074 1341 1240 1382 iustitiae
1268 1341 1484 1386 silentium,
1515 1346 1556 1382 et
1583 1342 1774 1382 securitas
1804 1355 1929 1395 usque
1958 1343 1997 1382 in

367 1403 670 1456 sempiternum.

107 1464 140 1486 ¹⁸
157 1462 213 1502 Et
243 1462 400 1502 sedebit
429 1460 603 1513 populus
635 1472 747 1499 meus
778 1459 817 1499 111
850 1458 1150 1511 pulchritudine
1181 1458 1302 1511 pacis,
1388 1463 1429 1499 et
1458 1458 1499 1499 in
1530 1458 1799 1499 tabernaculis
1830 1459 1996 1504 fiduciae.

366 1523 407 1559 et
435 1519 475 1559 in
504 1517 641 1571 requie
671 1517 876 1571 opulenta.

107 1581 140 1603 19
157 1579 321 1620 Grando
352 1583 490 1618 autem
520 1577 560 1617 in
590 1576 848 1617 descensione
878 1575 1016 1621 saltus,
1101 1581 1140 1615 et
1170 1575 1401 1616 humilitate
1430 1575 1711 1616 humiliabitur
1739 1575 1893 1617 civitas.

105 1640 142 1663 ²⁰
159 1637 287 1686 Beati,
322 1637 390 1691 qui
420 1635 628 1677 seminatis
659 1648 778 1689 super
808 1648 945 1676 omnes
977 1647 1115 1688 aquas,
1200 1634 1466 1675 immittentes
1496 1634 1640 1688 pedem
1671 1634 1785 1675 bovis
1815 1639 1856 1675 et
1884 1635 1996 1676 asini.

546 1753 585 1791 7.
615 1751 753 1791 Terra
782 1761 809 1790 a
838 1750 1073 1790 vastatore
1103 1749 1306 1800 liberata,
1334 1749 1568 1800 33,1-24.

104 1824 237 1868 331
266 1824 336 1865 Vae
364 1823 433 1877 qui
460 1822 663 1877 praedafis,
746 1835 878 1863 nonne
907 1826 947 1862 et
974 1821 1057 1874 ipse
1086 1820 1352 1874 praedaberis?
2052 1819 2155 1844 00¹¹¹s³

158 1889 199 1925 et
228 1883 297 1937 qui
326 1882 490 1936 spernis.
574 1894 708 1922 nonne
737 1886 778 1921 et
807 1881 890 1934 ipse
920 1879 1140 1934 sperneris?
2022 1855 2172 1928 >3333ss

158 1956 250 1984 cum
280 1940 623 1983 consummaveris
654 1939 1009 1993 depraedationem,
1094 1938 1406 1992 depraedaberis:
2021 1926 2187 1956 ¹mp¹⁰m¹²¹

159 2014 251 2042 cum
280 2000 477 2054 fatigatus
507 1999 668 2040 desieris
698 2004 967 2047 contemnere,
1052 1997 1331 2038 contemneris.

123 2062 138 2084 2
157 2059 332 2101 Domine
361 2059 546 2099 miserere
576 2057 721 2099 nostri:
805 2063 844 2098 te
874 2057 981 2097 enim
1011 2056 1335 2110 expectavimus:

158 2123 244 2160 esto
274 2117 485 2159 brachium
515 2122 700 2158 nostrum
729 2116 770 2157 in
800 2129 930 2163 mane,
1015 2120 1055 2156 et
1083 2114 1190 2156 salus
1219 2119 1359 2155 nostra
1387 2114 1427 2154 in
1456 2119 1637 2167 tempore
1666 2112 1951 2154 tribulationis.

119 2180 138 2203 ³
157 2178 193 2218 A
223 2190 321 2218 voce
353 2176 483 2230 angeli
513 2176 704 2229 fugerunt
734 2175 887 2229 populi.
972 2179 1013 2215 et
1044 2174 1094 2214 ab
1126 2172 1374 2214 exaltatione
1405 2177 1478 2213 tua
1508 2172 1695 2226 dispersae
1725 2176 1821 2212 sunt
1850 2176 2001 2225 gentes.

121 2236 213 2277 1Ε1
247 2236 602 2289 congregabuntur
636 2235 765 2288 spolia
800 2240 935 2274 vestra
968 2233 1072 2273 319111
1108 2232 1307 2285 colligitur
1341 2231 1527 2275 bruchus,
1617 2230 1729 2270 velut
1763 2243 1855 2270 911111
1888 2230 2004 2270 fossae

367 2294 495 2348 plenae
523 2293 676 2334 fuerint
705 2294 753 2334 de
783 2306 840 2334 90.

120 2356 138 2378 5
158 2353 442 2407 Magnificatus
473 2358 534 2393 est
562 2352 774 2396 Dominus,
860 2351 1052 2404 quoniam
1081 2349 1288 2391 habitavit
1315 2349 1355 2389 in
1386 2348 1558 2389 excelso:

159 2412 346 2466 implevit
375 2412 471 2453 Sion
501 2411 648 2452 iudicio
680 2416 721 2452 et.
750 2410 918 2451 iustitia.
1007 2411 1022 2433 ⁶
1055 2409 1107 2450 Et
1138 2408 1213 2449 erit
1243 2408 1340 2449 fides
1371 2407 1411 2447 in
1442 2406 1691 2460 temporibus
1722 2405 1820 2446 tuis:

160 2471 314 2513 divitiae
346 2470 487 2511 salutis
521 2469 722 2523 sapientia-
754 2474 794 2510 et
827 2469 1013 2510 scientia:
1102 2468 1222 2508 timor
1253 2466 1418 2507 Domini
1450 2466 1534 2519 ipse
1567 2469 1628 2506 est
1660 2464 1872 2505 thesaurus
1906 2463 2000 2504 eius.

125 2579 138 2601 ⁷
160 2577 264 2617 Ecce
291 2576 476 2617 videntes
503 2574 741 2616 clamabunt
766 2574 874 2623 foris,
956 2573 1086 2627 angeli
1111 2571 1222 2626 pacis
1249 2584 1384 2612 amare
1410 2570 1578 2611 flebunt.
2022 2566 2188 2627 Ἀξοξξὶξζξξῇ·

124 2637 140 2660 ⁸
159 2635 378 2689 Dissipatae
406 2638 503 2675 sunt
532 2633 618 2676 viae.
703 2633 877 2674 cessavit
905 2632 1104 2673 transiens
1133 2643 1205 2684 per
1232 2628 1431 2673 semitam.
2050 2638 2171 2684 *terrm-

158 2694 319 2735 irritum
347 2694 504 2734 factum
534 2697 595 2733 est
622 2697 803 2746 pactum,
887 2690 1055 2745 proiecit
1085 2689 1283 2737 civitates,
1315 2702 1396 2730 non
1424 2687 1631 2741 reputavit
1661 2685 1853 2726 homines
2039 2673 2171 2701 ‘mmm'

124 2755 140 2778 ⁹
160 2753 296 2801 Luxit,
329 2757 369 2793 et
398 2751 579 2805 elanguit
607 2756 732 2792 terra:
816 2751 1007 2791 confusus
1037 2754 1097 2790 est
1126 2747 1317 2796 Libanus,
1349 2752 1390 2788 et.
1418 2745 1639 2793 obsorduit,

160 2817 202 2853 et
229 2812 363 2852 factus
392 2816 453 2852 est
481 2810 609 2851 Saron
639 2810 744 2850 sicut
773 2810 997 2850 desertum:
1080 2813 1121 2848 et
1149 2819 1344 2848 concussa-
1372 2810 1432 2846 931
1462 2805 1606 2849 Basan,
1639 2807 1678 2843 et
1708 2800 1923 2842 Carmelus.

105 2919 145 2941 ¹⁰
162 2917 279 2957 Nunc
309 2928 560 2969 consurgam,
592 2915 691 2956 dicit
719 2914 938 2956 Dominus:
1021 2925 1128 2953 nunc
1157 2911 1379 2955 exaltabor,
1410 2922 1517 2950 nunc
1546 2906 1799 2947 sublevabor.
2028 2909 2177 2969 effffiinssss

109 2977 140 3000 11
161 2974 403 3028 Concipietis
435 2974 632 3019 ardorem,
664 2973 830 3028 parietis
862 2972 1075 3026 stipulam:
1159 2969 1323 3023 spiritus
1355 2972 1487 3008 vester
1517 2970 1563 3007 ut
1593 2965 1693 3018 ignis
1725 2963 1887 3005 vorabit
1918 2976 2000 3004 vos
2130 2951 2146 2975 g
2180 2965 2185 2973 '

109 3036 140 3058 ¹²
161 3034 217 3075 Et
242 3038 362 3074 erunt
386 3032 526 3086 populi
553 3033 668 3086 quasi
693 3033 742 3074 de
768 3031 953 3073 incendio
980 3030 1090 3073 cinis,
1171 3028 1296 3081 spinae
1321 3030 1571 3080 congregatae
1596 3023 1677 3076 igni
1702 3023 2001 3064 comburentur.

108 3094 141 3118 13
160 3092 312 3134 Audite
339 3091 408 3146 qui
432 3091 549 3145 longe
575 3092 682 3137 estis,
712 3104 802 3145 quae
827 3090 1001 3133 fecerim,
1083 3092 1123 3129 et
1149 3085 1376 3140 cognoscite
1401 3084 1522 3125 vicini
1548 3082 1831 3123 fortitudinem
1856 3093 2000 3121 meam.

109 3199 141 3222 1⁴
160 3196 377 3238 Conterriti
407 3201 503 3237 sunt-
532 3196 573 3237 in
602 3196 698 3237 Sion
728 3200 972 3249 peccatores,
1056 3192 1236 3246 possedit
1265 3196 1415 3231 tremor
1442 3187 1688 3241 hypocritas.
2012 3185 2195 3244 sfi'ggss'gffigss.

161 3256 250 3309 quis
277 3255 430 3309 poterit
456 3255 642 3296 habitare
671 3254 720 3295 de
749 3253 864 3295 vobis
893 3266 985 3293 cum
1013 3252 1104 3305 igne
1132 3247 1377 3291 devorante?
1461 3246 1548 3300 quis
1576 3244 1781 3286 habitabit
1810 3257 1859 3284 ex
1888 3242 2000 3284 vobis
2030 3254 2174 3280 rebuntur,

370 3327 464 3355 cum
492 3313 704 3355 ardoribus
732 3310 1013 3365 sempiternis?

109 3375 140 3397 ¹⁵
165 3373 263 3421 aQui
291 3372 476 3414 ambulat
503 3372 544 3413 in
571 3371 748 3419 iustitiis,
831 3375 870 3411 et
897 3369 1079 3418 loquitur
1107 3367 1333 3413 veritatem,

243 3463 296 3506 33
321 3464 362 3497 15
387 3465 449 3498 aPs
475 3466 526 3505 14,
551 3466 582 3499 2.
