2356 3760
307 155 384 196 364
1162 154 1308 188 LIBER
1334 154 1361 188 1.
1935 157 1988 198 26,
2014 159 2156 199 22—27‚
2182 160 2224 193 24

308 249 340 272 22
363 247 453 288 Filii
478 246 632 288 Iehieli:
657 246 829 288 Zathan.
855 250 895 286 01
918 245 1002 286 1001
1023 246 1168 287 fratres
1192 248 1276 288 eius
1298 260 1419 301 super
1442 248 1652 289 thesauros
1675 248 1820 290 domus
1842 249 2021 300 Domini,
2072 252 2105 276 2³
2125 251 2222 293 Am-

308 306 477 351 ramitis,
508 310 549 347 et
579 306 772 349 Isaaritis.
803 311 843 345 et
874 304 1122 350 Hebronitis,
1153 313 1193 347 et
1222 306 1444 348 Ozihelitis
1500 309 1533 332 2⁴
1560 307 1710 348 Subael
1737 313 1876 349 autem
1905 308 2011 350 filius
2038 310 2219 359 Gersom,

309 365 378 405 filii
401 365 544 418 Moysi,
568 364 810 418 praepositus
834 363 1046 405 thesauris.
1098 366 1130 389 ²⁵
1153 365 1316 406 Fratres
1340 379 1501 420 quoque
1524 366 1607 407 eius
1631 366 1796 411 Eliezer.
1822 367 1935 408 cuius
1957 367 2061 409 filius
2086 369 2222 410 Raha-

310 424 388 471 bia,
412 430 453 465 et
475 424 594 464 liuius
616 423 720 463 filius
745 422 882 466 133133,
907 428 948 463 et
969 422 1089 464 huius
1111 423 1215 464 filius
1240 425 1386 468 loram.
1411 425 1530 465 huius
1554 438 1715 479 quoque
1738 426 1842 467 filius
1864 426 2015 468 Zechri.
2041 432 2082 468 et
2103 428 2222 469 huius

309 482 413 524 filius
439 482 646 523 Selemith.
701 483 737 505 2⁶
766 481 856 534 Ipse
882 481 1090 527 Selemith.
1119 489 1160 523 et
1186 483 1331 524 fratres
1359 484 1442 524 eius
1469 497 1590 537 super
1615 484 1827 526 thesauros
1854 490 2103 534 sanctorum,
2133 499 2223 540 quae

309 540 582 582 sanctificavit
618 540 755 581 David
790 553 872 586 rex,
910 546 950 580 et
986 541 1186 594 principes
1221 542 1481 586 familiarum.
1519 548 1560 582 et
1595 543 1761 591 tribuni,
1799 548 1839 583 et
1874 544 2143 589 centuriones,
2181 550 2223 586 et

309 601 431 641 duces
460 599 660 639 exercitus
716 600 750 623 2⁷
781 599 830 639 de
860 598 984 647 belliS,
1017 605 1057 640 et
1086 601 1291 641 manubiis
1320 600 1563 654 praeliorum,
1596 614 1686 654 quae
1714 608 2053 643 consecraverant
2083 603 2135 644 ad
2164 603 2222 644 in-

310 658 618 700 staurationem,
641 665 681 698 et
702 657 992 711 supellectilem
1014 659 1155 712 templi
1176 660 1354 700 Domini.
1404 661 1439 684 ²⁸
1460 659 1558 700 Haec
1579 665 1717 701 autem
1738 661 1929 701 universa
1948 661 2223 703 sanctificavit

309 717 471 758 Samuel
496 717 658 761 Videns,
683 726 723 757 et
746 716 843 757 Saul
865 716 970 757 filius
991 717 1067 763 Cis,
1092 723 1133 758 et
1154 718 1293 758 Abner
1315 718 1419 759 filius
1443 719 1534 764 Ner,
1560 724 1599 759 et
1625 719 1723 760 Ioab
1746 720 1851 760 filius
1872 720 2042 761 Sarviae:
2067 733 2220 768 omnes,

311 776 379 830 qui
407 776 767 817 sanctificaverant
795 789 843 816 ea
870 789 941 829 per
969 789 1137 817 manum
1167 777 1375 827 Selemith,
1406 783 1447 818 et
1475 778 1651 818 fratrum
1680 778 1775 820 eius.

129 837 270 898 33¹4&ss
415 837 449 859 2⁹
491 835 667 875 isaaritis
701 848 795 875 vero
831 839 1002 888 praeerat
1035 835 1275 879 Chonenias.
1311 842 1352 877 et
1387 836 1455 877 filii
1490 837 1573 877 eius
1608 837 1659 877 ad
1693 850 1816 890 opera
1848 838 2070 879 forinsecus
2103 851 2224 892 super

274 891 279 897 ’
312 894 436 935 131301
455 894 508 935 3(1
527 894 757 935 docendum
778 899 817 934 et
838 894 1102 935 iudicandum
1123 908 1201 936 eos.
1250 898 1287 920 3⁰
1305 896 1430 936 Porro
1451 895 1500 936 de
1521 896 1758 936 Hebronitis
1781 896 1994 942 Hasabias.
2017 901 2058 938 et
2076 897 2223 938 fratres

309 954 392 994 eius
418 953 493 993 viri
518 953 739 998 fortissimi,
766 953 874 993 mille
899 953 1147 1007 septingenti
1172 960 1373 1007 praeeraut
1400 954 1537 995 Israeli
1561 960 1675 995 trans
1703 955 1917 996 Iordanem
1943 961 2087 997 contra
2110 955 2223 997 Occi-

310 1013 487 1061 dentem,
522 1013 561 1052 in
594 1012 750 1052 cunctis
782 1012 970 1065 operibus
1003 1013 1181 1059 Domini,
1216 1019 1256 1054 et
1288 1014 1328 1053 in
1359 1013 1630 1054 ministerium
1661 1014 1775 1067 regis.
1835 1016 1867 1039 31
1900 1014 2223 1056 Hebronitarum

310 1078 449 1112 autem
475 1071 661 1124 princeps
685 1071 765 1111 fuit
793 1071 894 1111 Ieria
920 1072 1143 1112 secundum
1170 1072 1345 1113 familias
1370 1077 1411 1113 et
1436 1073 1699 1125 cognationes
1724 1086 1875 1114 eorum.
1904 1073 2222 1126 Quadragesimo

310 1143 416 1172 311110
447 1130 556 1183 regni
586 1130 725 1170 David
753 1130 940 1171 recensiti
970 1136 1078 1174 sunt,
1111 1136 1150 1171 et
1181 1132 1338 1172 inventi
1368 1137 1465 1172 sunt
1494 1131 1570 1172 viri
1598 1131 1809 1173 fortissimi
1838 1132 1879 1172 in
1911 1132 2023 1173 Iazer
2052 1131 2221 1179 Galaad,

309 1191 341 1214 ³²
370 1189 598 1243 fratresque
628 1189 711 1230 eius
741 1189 981 1230 robustioris
1010 1190 1156 1234 aetatis,
1189 1191 1269 1231 duo
1300 1190 1426 1231 millia
1455 1191 1702 1244 septingenti
1732 1191 1933 1244 principes
1961 1190 2221 1232 familiarum.

309 1249 537 1302 Praeposuit
560 1254 698 1289 autem
723 1261 788 1289 eos
811 1249 950 1289 David
971 1261 1042 1289 rex
1066 1249 1295 1292 Rubenitis,
1321 1256 1362 1290 et
1384 1250 1586 1298 Gadditis,
1611 1256 1653 1291 et
1675 1250 1853 1291 dimidiae
1874 1250 1999 1291 tribui
2022 1250 2221 1294 Manasse.

309 1307 350 1348 in
380 1321 498 1349 omne
528 1307 798 1348 ministerium
828 1307 916 1352 Dei,
949 1312 989 1348 et
1018 1308 1133 1361 regis

584 1414 622 1452 7.
654 1413 816 1463 Duces,
846 1414 1090 1464 principes,
1119 1413 1338 1464 praefecti,
1369 1413 1691 1464 magistratus,
1719 1414 1785 1464 27,
1804 1413 1950 1454 1-34.

119 1483 280 1545 tuffiffim
414 1482 478 1525 27.
535 1485 548 1507 ¹
583 1483 674 1523 Filii
710 1490 848 1524 31110111
887 1483 1009 1524 131301
1045 1484 1269 1524 3001111(111111
1305 1497 1521 1524 numerum
1557 1497 1688 1532 suum,
1725 1483 1926 1536 principes
1961 1482 2222 1531 familiarum,

286 1539 292 1551 ’
311 1542 475 1585 tribuni,
501 1548 542 1582 et
564 1542 832 1586 centuriones,
857 1547 900 1583 et
919 1543 1112 1596 praefecti.
1139 1543 1207 1596 qui
1229 1543 1522 1584 ministrabant
1544 1543 1627 1597 regi
1648 1543 1765 1583 iuxta
1787 1547 1944 1582 turmas
1966 1554 2071 1590 suas,
2096 1541 2224 1595 ingre-

310 1601 466 1642 dientes
490 1606 531 1641 et
553 1601 804 1651 egredientes
826 1614 898 1654 per
920 1601 1097 1655 singulos
1120 1615 1278 1642 menses
1300 1602 1341 1642 in
1365 1615 1484 1651 311110,
1509 1602 1858 1655 vigintiquattuor
1879 1600 2056 1641 millibus
2079 1599 2225 1654 singuli

308 1666 521 1714 111-31013111.
576 1662 590 1684 ²
615 1661 761 1701 Primae
786 1666 932 1701 turmae
955 1660 996 1700 in
1021 1661 1151 1714 primo
1177 1674 1314 1702 mense
1341 1661 1527 1702 lesboam
1553 1666 1725 1715 praeerat
1750 1660 1854 1700 filius
1879 1659 2057 1704 Zabdiel,
2084 1665 2125 1700 et
2149 1659 2224 1700 sub

309 1733 354 1761 eo
388 1719 736 1773 vigintiquattuor
767 1718 905 1760 millia.
966 1722 982 1743 3
1013 1719 1074 1759 De
1107 1719 1197 1759 filiis
1229 1720 1394 1767 PhareS,
1428 1720 1615 1773 princeps
1648 1724 1888 1760 cunctorum
1922 1719 2151 1772 principum
2183 1718 2224 1758 111

309 1779 489 1819 exercitu
523 1792 660 1819 mense
693 1778 836 1832 primo.
899 1781 915 1803 ⁴
947 1778 1123 1819 Secundi
1156 1779 1305 1819 mensis
1338 1778 1521 1819 habebat.
1553 1785 1734 1819 turmam
1767 1778 1906 1818 Dudia
1937 1777 2147 1820 Ahohites,
2184 1783 2225 1817 et

309 1843 403 1892 post
437 1851 477 1878 se
512 1838 615 1879 alter
648 1838 811 1879 nomine
845 1837 1076 1887 Macelloth,
1114 1837 1183 1891 qui
1217 1838 1384 1891 regebat
1417 1843 1578 1891 partem
1612 1837 1813 1878 exercitus
1847 1835 1993 1890 viginti
2028 1840 2226 1890 quattuor

310 1897 494 1938 millium.
549 1899 564 1922 ⁵
589 1898 687 1938 Dux
714 1910 875 1951 quoque
903 1902 1049 1938 turmae
1074 1897 1206 1938 tertiae
1232 1897 1273 1937 in
1299 1910 1436 1937 mense
1462 1897 1596 1946 tertio,
1625 1902 1714 1937 erat
1740 1895 1916 1936 Banaias
1942 1894 2047 1935 filius
2075 1894 2226 1936 Ioiadae

309 1956 514 1997 sacerdos:
538 1962 578 1997 et
598 1956 640 1996 in
661 1956 859 1997 divisione
880 1969 955 1996 sua
974 1956 1121 2010 viginti
1143 1961 1341 2010 quattuor
1360 1955 1498 1997 millia.
1551 1957 1566 1980 ⁶
1588 1955 1679 2009 Ipse
1701 1960 1762 1996 est
1784 1955 1960 1995 Banaias
1980 1953 2225 1995 fortissimus

309 2016 416 2057 inter
440 2015 620 2069 triginta,
647 2021 687 2056 et
712 2028 833 2069 super
856 2015 1037 2069 triginta.
1064 2020 1237 2069 praeerat
1262 2021 1401 2056 autem
1425 2020 1572 2056 turmae
1595 2015 1720 2068 ipsius
1744 2013 1972 2055 Amizabad
1996 2012 2101 2053 filius
2125 2013 2222 2053 eius.

313 2077 326 2099 ⁷
359 2075 551 2123 Quartus.
584 2087 721 2115 mense
755 2080 913 2128 quarto,
947 2074 1096 2115 Asahel
1126 2075 1254 2115 frater
1286 2075 1397 2123 Ioab,
1431 2080 1473 2116 et
1503 2074 1704 2115 Zabadias
1736 2073 1840 2114 filius
1872 2073 1956 2113 eius
1986 2077 2080 2126 post
2111 2084 2223 2112 eum:

310 2140 351 2175 et
374 2134 413 2174 in
432 2139 570 2174 turma
586 2134 671 2174 eius
688 2134 1037 2187 vigintiquattuor
1052 2133 1190 2174 millia.
1240 2135 1255 2156 ⁸
1274 2134 1462 2182 Quintus.
1488 2147 1625 2174 mense
1644 2133 1801 2187 quinto,
1821 2132 2008 2186 princeps
2026 2130 2225 2173 Samaoth

312 2193 517 2234 Iezerites:
551 2199 591 2234 et
621 2193 662 2233 in
693 2198 832 2233 turma
862 2193 946 2233 eius
977 2192 1325 2246 vigintiquattuor
1355 2192 1493 2234 millia.
1555 2194 1570 2217 ⁹
1601 2193 1761 2237 Sextus,
1793 2204 1931 2232 mense
1962 2195 2091 2239 sexto,
2124 2189 2227 2230 Hira

310 2252 415 2293 filius
436 2252 562 2293 Acces
583 2251 816 2292 Thecuites:
840 2257 881 2292 et
902 2252 943 2292 in
966 2256 1103 2292 turma
1124 2251 1208 2292 eius
1230 2251 1580 2305 vigintiquattuor
1600 2250 1737 2292 millia.
1789 2252 1824 2274 ¹⁰
1845 2250 2064 2303 Septimus,
2088 2261 2226 2290 mense

310 2312 497 2365 septimo.
534 2311 669 2352 Helles
702 2310 952 2352 Phallonites
987 2311 1036 2351 de
1068 2310 1158 2352 filiis
1191 2310 1409 2364 Ephraim:
1444 2316 1485 2351 et
1518 2311 1558 2350 in
1591 2315 1729 2351 turma
1761 2310 1846 2350 eius
1878 2308 2227 2362 vigintiquattuor

310 2370 447 2412 millia.
509 2373 539 2394 ¹¹
572 2370 767 2415 Octavus,
802 2383 939 2411 mense
972 2374 1131 2413 octavo.
1166 2369 1367 2411 Sobochai
1401 2369 1644 2410 Husathites
1677 2369 1725 2410 de
1758 2369 1883 2421 stirpe
1916 2367 2079 2408 Zarahi:
2113 2372 2154 2408 et
2184 2366 2226 2407 in

311 2436 448 2471 turma
470 2430 553 2471 eius
576 2429 924 2483 xigintiquattuor
944 2429 1082 2470 millia.
1134 2431 1166 2453 ¹2
1189 2429 1343 2475 Nonus,
1367 2441 1504 2469 mense
1526 2442 1645 2477 nono,
1670 2428 1840 2468 Abiezer
1860 2425 2155 2468 Anathothites
2176 2425 2226 2467 de

313 2489 401 2530 filiis
430 2489 591 2530 lemini:
620 2494 661 2530 et
688 2489 728 2529 in
754 2494 893 2529 turma
920 2488 1004 2529 eius
1031 2488 1380 2542 vigintiquattuor
1406 2487 1543 2529 millia.
1600 2490 1631 2512 ¹³
1657 2487 1861 2535 Decimus,
1890 2498 2027 2526 mense
2055 2484 2224 2534 dec-imo,

310 2548 450 2591 Marai.
484 2556 525 2589 et
554 2548 638 2601 ipse
671 2547 990 2601 Netophathites
1021 2547 1070 2588 de
1101 2547 1226 2601 stirpe
1257 2547 1421 2588 Zarahi:
1454 2553 1493 2587 et
1524 2547 1565 2587 in
1596 2552 1735 2587 turma
1763 2546 1847 2586 eius
1879 2544 2227 2599 Vigintiquattuor

310 2607 448 2648 millia.
504 2609 535 2631 ¹⁴
561 2607 822 2650 Undecimus.
851 2620 988 2648 mense
1014 2607 1241 2651 undecimo.
1271 2606 1448 2647 Banaias
1473 2605 1793 2647 Pharathonites
1818 2605 1867 2645 de
1892 2604 1982 2645 filiis
2008 2603 2224 2657 Ephraim:

311 2673 352 2708 et
374 2667 415 2707 in
439 2673 577 2707 turma
598 2666 683 2707 eius
706 2666 1055 2720 vigintiquattuor
1076 2666 1213 2707 millia.
1267 2667 1298 2690 ¹⁵
1321 2665 1610 2713 Duodecimus,
1635 2677 1772 2705 mense
1795 2663 2048 2707 duodecimo,
2076 2661 2225 2703 Holdai

314 2726 645 2779 Netophathites,
679 2726 728 2766 (10
758 2726 883 2778 stirpe
914 2725 1150 2767 Gothoniel:
1182 2731 1224 2766 et
1252 2725 1293 2765 in
1324 2731 1462 2765 turma
1491 2724 1575 2765 eius
1605 2724 1953 2778 vigintiquattuor
1981 2720 2118 2762 millia.

137 2787 280 2847 {agapes
418 2787 452 2810 ¹⁶
470 2785 594 2826 Porro
615 2784 803 2825 tribubus
822 2791 1024 2837 praeerant
1046 2784 1180 2829 Israel.
1203 2784 1432 2827 Rubenitis.
1454 2784 1538 2824 dux
1556 2783 1712 2824 Eliezer
1729 2782 1833 2823 filius
1853 2781 2010 2822 Zechri:
2030 2779 2226 2822 Simeoni-

153 2830 173 2847 Π
198 2829 276 2851 uum'
314 2845 375 2888 tis.
408 2845 493 2885 dux
523 2844 741 2897 Saphatias
772 2843 875 2884 filius
906 2844 1096 2884 Maacha:
1156 2845 1188 2868 ¹⁷
1220 2843 1386 2891 Levitis,
1421 2842 1622 2884 Hasabias
1653 2842 1757 2882 filius
1788 2840 1972 2882 Camuel:
2003 2838 2223 2885 Aaronitis,

311 2904 460 2945 Sadoc:
513 2905 547 2928 ¹⁸
573 2904 688 2951 Iuda,
715 2902 819 2951 Eliu,
845 2903 972 2943 frater
993 2903 1149 2943 David:
1177 2902 1373 2951 issachar,
1399 2902 1512 2943 Amri
1536 2901 1640 2943 filius
1664 2899 1848 2942 Michael.
1901 2902 1935 2924 ¹⁹
1959 2897 2224 2947 Zabulonitis‚

314 2963 506 3003 1031113133
538 2962 642 3003 filius
673 2962 834 3003 Abdiae:
870 2962 1218 3015 Nephthalitibus,
1255 2961 1451 3002 Ierimoth
1482 2961 1586 3002 filius
1618 2960 1767 3002 Ozriel:
1827 2961 1863 2984 2⁰
1892 2958 1982 2999 filiis
2014 2957 2223 3011 Ephraim,

311 3022 412 3063 Osee
446 3022 549 3062 filius
582 3021 751 3062 Ozaziu:
787 3021 964 3062 dimidiae
997 3022 1121 3062 tribui
1154 3021 1352 3064 Manasse.
1390 3020 1472 3061 1001
1504 3020 1608 3061 filius
1642 3019 1851 3060 Phadaiae:
1912 3020 1943 3042 ²¹
1977 3023 2017 3058 et.
2049 3015 2226 3057 dimidiae

313 3081 436 3121 tribui
470 3082 656 3121 Manasse
690 3081 729 3120 in
765 3080 934 3123 Galaad.
973 3081 1101 3121 laddo
1136 3080 1239 3120 filius
1275 3079 1496 3120 Zachariae:
1534 3078 1746 3120 Beniamin
1782 3084 1932 3119 autem.
1971 3075 2088 3117 Iasiel
2121 3074 2225 3115 filius

313 3141 459 3181 Abner.
511 3142 543 3164 '2²
566 3141 658 3180 Dan
683 3153 788 3182 vero.
815 3139 973 3180 Ezrihel
998 3139 1102 3179 filius
1128 3139 1333 3180 Ieroham:
1358 3139 1398 3179 hi
1420 3139 1621 3192 principes
1645 3138 1818 3178 filiorum
1844 3135 1978 3177 Israel.
2029 3136 2062 3159 2³
2085 3133 2227 3175 Noluit

313 3208 449 3239 autem
467 3199 601 3240 David
619 3212 832 3239 numerare
849 3212 914 3239 eos
931 3212 955 3239 a
969 3198 1113 3251 viginti
1132 3199 1247 3239 annis
1264 3198 1448 3238 inferius:
1467 3198 1563 3251 quia
1578 3197 1737 3238 dixerat
1753 3195 1953 3237 Dominus
1969 3200 2014 3234 ut
2030 3192 2226 3246 multipli-

313 3264 421 3298 caret
446 3258 564 3299 Israel
588 3258 701 3312 quasi
722 3257 857 3298 stellas
878 3257 973 3298 caeli.
1022 3259 1055 3281 2⁴
1079 3258 1198 3298 a[oab
1219 3257 1322 3297 filius
1342 3257 1495 3297 Sarviae
1514 3261 1695 3310 coeperat
1713 3267 1937 3303 numerare,
1958 3266 2032 3294 nec
2052 3251 2226 3305 comple-

313 3317 391 3356 vit:
424 3318 517 3370 quia
546 3330 666 3370 super
694 3317 769 3357 hoc
800 3318 855 3357 ira
886 3317 1058 3357 irruerat
1086 3316 1126 3356 in
1163 3316 1298 3356 lsrael:
1330 3322 1369 3356 et
1400 3316 1547 3357 idcirco
1577 3328 1768 3356 numerus
1797 3326 1935 3355 eorum
1966 3311 2034 3366 qui
2062 3311 2226 3352 fuerant

312 3376 510 3418 recensiti.
544 3390 622 3417 non
655 3382 715 3416 est
745 3376 897 3416 relatus
927 3376 967 3416 in
998 3376 1125 3417 fastos
1157 3375 1258 3429 regis
1287 3375 1436 3415 David.

445 3501 497 3543 27,
524 3502 566 3534 24
592 3504 678 3545 osup
705 3504 756 3541 21,
783 3504 811 3536 ’2.
