2356 3760
129 102 182 141 21,
209 100 349 141 :20-23,
376 101 418 133 io
940 100 1228 135 PSALMORUM
1880 93 1884 96 '
1944 112 2018 152 497

130 197 167 219 2⁰
193 195 252 234 Tu
276 200 412 235 autem
435 195 609 236 Domine
630 207 680 234 ne
701 194 949 246 elongaveris
972 195 1167 235 auxilium
1189 201 1307 235 tuum
1329 209 1354 235 a
1373 209 1455 236 me:
1523 198 1573 237 ad
1596 198 1865 242 defensionem
1888 217 2019 244 meam

392 253 588 306 conspice.

131 314 162 336 ²¹
190 312 296 352 Erue
324 326 349 352 a
372 312 528 352 framea
553 312 663 351 Deus
690 310 869 350 animam
896 325 1048 352 meam:
1130 317 1170 352 et
1197 313 1245 352 de
1272 326 1395 353 manu
1423 314 1532 354 canis
1560 314 1720 355 unicam
1748 330 1897 358 meam:

131 373 163 395 '²2‘
189 371 313 411 Salva
340 384 404 411 me
432 383 482 410 ex
509 382 575 410 ore
602 368 745 409 leonis:
828 374 869 409 et
897 383 921 410 a
948 370 1135 411 cornibus
1164 371 1417 412 unicornium
1446 372 1721 414 humilitatem
1750 388 1893 416 meam.

132 478 164 500 2³
194 475 398 516 aNarrabo
426 487 577 515 nomen
606 478 724 514 tuum
753 474 947 515 fratribus
976 474 1094 514 meis:
1177 475 1217 514 in
1247 476 1378 516 medio
1409 476 1582 517 ecclesiae
1610 477 1785 519 laudabo
1815 484 1867 520 te.
2062 483 2191 525 laudatio

133 537 165 559 ²¹¹
191 534 269 583 Qui
293 533 446 574 timetis
471 533 694 574 Dominum
719 532 886 574 laudate
912 546 1022 573 eum:
1100 533 1333 574 universum
1359 547 1495 575 semen
1523 536 1643 576 Iacob
1669 537 1888 589 glorificate
1914 522 2217 579 e111112r⁰³¹¹rg⁹nt¹⁵'

132 595 164 617 ²⁵
192 593 351 633 Timeat
375 605 467 633 eum
491 604 610 632 omne
635 604 771 632 semen
798 591 938 632 Israel:
1011 592 1202 645 quoniam
1228 606 1309 633 non
1334 594 1498 646 sprevit,
1526 607 1655 647 neque
1681 596 1864 648 despexit
1889 597 2026 650 deprc-

394 651 597 691 cationem
625 650 833 703 pauperis:
918 651 1001 691 Nec
1031 651 1181 691 avertit
1209 651 1353 692 faciem
1384 665 1498 692 suam
1529 666 1553 692 a
1580 665 1662 692 me:

191 715 232 750 et
261 723 353 750 cum
383 709 600 750 clamarem
630 709 682 749 ad
712 722 803 749 eum
834 709 1046 750 exaudivit
1074 722 1150 751 me.

133 771 168 793 ²⁸
192 769 314 822 Apud
339 773 379 809 te
404 768 493 808 laus
518 780 610 808 mea
634 768 676 808 in
702 768 865 809 ecclesia
892 781 1059 821 magna:
1138 773 1238 810 vota
1262 782 1354 810 mea
1379 769 1544 809 reddam
1573 770 1614 809 in
1640 776 1858 823 conspectu
1885 772 2028 812 timen-

393 827 497 867 tium
528 840 632 868 eum.

133 889 167 911 ²⁷
192 887 328 927 Edent
349 899 558 939 pauperes,
583 890 625 926 et
646 886 960 927 saturabuntur:
1033 891 1074 927 et
1094 886 1325 928 laudabunt
1347 887 1569 928 Dominum
1594 888 1661 941 qui
1683 889 1895 941 requirunt
1917 902 2026 929 eum:

192 945 334 986 vivent
363 945 487 986 corda
515 958 654 986 eorum
684 944 724 985 in
755 945 944 986 saeculum
976 945 1121 987 saeculi.

133 1006 168 1028 2⁸
194 1004 520 1045 Reminiscentur
538 1008 579 1044 et
596 1009 887 1045 convertentur
905 1005 955 1045 ad
974 1004 1197 1045 Dominum
1216 1005 1393 1045 universi
1411 1005 1509 1045 fines
1527 1010 1660 1046 terrae:
1726 1006 1782 1046 Et
1800 1007 2031 1048 adorabunt

396 1062 437 1103 in
466 1068 685 1116 conspectu
715 1064 799 1104 eius
828 1063 1026 1104 universae
1053 1063 1217 1104 familiae
1245 1064 1450 1105 Gentium.

135 1124 170 1147 2⁹
194 1122 396 1171 Quoniam
424 1122 590 1163 Domini
618 1126 679 1162 est
705 1135 892 1175 regnum:
975 1127 1016 1162 et
1042 1122 1126 1176 ipse
1154 1122 1432 1163 dominabitur
1459 1123 1664 1165 Gentium.

133 1184 170 1205 ³⁰
192 1182 547 1222 Manducaverunt
567 1186 608 1221 et
629 1181 905 1222 adoraverunt
925 1195 1064 1223 omnes
1084 1182 1253 1235 pingues
1274 1187 1408 1222 terrae:
1477 1181 1517 1221 in
1539 1187 1757 1235 conspectu
1779 1183 1862 1223 eius
1884 1184 2031 1224 cadent

396 1253 534 1281 omnes
566 1240 633 1293 qui
663 1240 916 1281 descendunt
944 1240 984 1280 in
1013 1246 1176 1281 terram.

134 1302 164 1324 ²³¹
192 1299 248 1340 Et
278 1299 416 1340 anima
444 1312 536 1339 mea
565 1298 620 1340 illi
651 1299 781 1340 vivet:
867 1305 907 1340 et
937 1312 1073 1339 semen
1103 1312 1239 1339 meum
1270 1298 1418 1339 serviet
1448 1298 1535 1352 ipsi.

134 1361 166 1383 ³²
192 1357 522 1399 Annunciabitur
555 1358 731 1399 Domino
766 1358 971 1411 generatio
1007 1362 1200 1398 ventura:
1293 1363 1335 1398 et
1370 1358 1678 1399 annunciabunt
1715 1358 1798 1399 caeli
1834 1359 2030 1399 iustitiam

397 1417 480 1457 eius
510 1416 660 1469 populo
691 1416 759 1469 qui
788 1422 988 1460 nascetur,
1074 1430 1193 1469 quem
1224 1417 1320 1457 fecit
1348 1417 1560 1458 Dominus.

643 1531 811 1583 22(23).
843 1531 1064 1572 Dominus
1092 1533 1255 1585 pastor
1285 1532 1329 1573 et
1358 1532 1544 1585 hospes.

242 1606 256 1629 ¹
284 1603 471 1644 Psalmus
500 1602 648 1644 David.
681 1603 823 1644 XXII.

192 1698 393 1740 Dominus
426 1697 549 1750 bregit
576 1710 652 1746 me,
685 1702 726 1737 et
755 1696 853 1737 nihil
882 1697 981 1737 mihi
1010 1697 1155 1738 deerit:
2088 1702 2190 1763 {fug

154 1759 170 1783 ²
193 1758 235 1798 in
261 1757 349 1798 loco
378 1769 540 1810 pascuae
566 1755 622 1797 ibi
649 1768 714 1796 me
743 1755 968 1797 collocavit.
1052 1757 1182 1810 Super
1209 1769 1359 1810 aquam
1388 1757 1616 1798 refectionis
1645 1757 1838 1798 educavit
1864 1770 1946 1798 me:
2127 1745 2189 1764 Μ’

154 1819 171 1842 ³
194 1816 373 1857 animam
396 1829 530 1856 meam
554 1815 767 1856 convertit.
835 1815 1019 1856 Deduxit
1040 1829 1104 1855 me
1127 1828 1247 1869 super
1269 1815 1433 1856 semitas
1456 1816 1632 1860 iustitiae.
1698 1821 1865 1870 propter
1887 1829 2033 1857 nomen

398 1888 528 1916 suum.

155 1937 171 1960 ⁴
195 1935 314 1983 Nam,
346 1939 387 1975 et
416 1934 448 1974 si
478 1933 740 1974 ambulavero
771 1933 811 1973 in
841 1933 973 1974 medio
1004 1934 1158 1974 umbrae
1186 1934 1340 1982 mortis,
1424 1946 1505 1975 non
1536 1934 1687 1976 timebo
1718 1935 1843 1974 mala:

195 1993 388 2047 quoniam
415 1997 461 2033 tu
487 2006 646 2033 mecum
674 2006 725 2034 es.
808 1992 930 2043 Virga
955 1998 1038 2038 tua,
1068 1997 1109 2033 et
1135 1992 1302 2033 baculus
1328 1998 1442 2033 tuus:
1470 1993 1558 2046 ipsa
1583 2006 1647 2034 me
1673 1993 1882 2035 consolata
1907 1997 2014 2034 sunt.

151 2100 167 2122 ⁵
190 2097 350 2139 Parasti
379 2097 419 2138 in
449 2102 669 2151 conspectu
700 2110 789 2138 meo
820 2110 1013 2141 mensam,
1047 2097 1240 2138 adversus
1270 2111 1348 2147 eos,
1382 2098 1449 2151 qui
1480 2098 1680 2138 tribulant
1708 2112 1783 2140 me.
2070 2100 2194 2161 1!ssngss

196 2157 466 2210 Impinguasti
488 2157 529 2197 in
551 2155 637 2197 oleo
661 2161 787 2209 caput
807 2169 962 2196 meum:
1020 2162 1061 2197 et
1082 2156 1187 2197 calix
1208 2170 1321 2197 meus
1342 2157 1545 2197 inebrians
1570 2170 1693 2210 quam
1717 2157 1931 2210 praeclarus
1953 2157 2030 2197 est!
2082 2144 2089 2161 ¹
2199 2155 2204 2159 ’

156 2218 171 2240 ⁶
194 2216 251 2257 Et
268 2215 543 2257 misericordia
560 2220 635 2256 tua
652 2215 923 2269 subsequetur
940 2229 1004 2256 me
1023 2215 1211 2257 omnibus
1227 2215 1368 2257 diebus
1381 2215 1477 2256 vitae
1495 2229 1612 2256 meae:
1670 2216 1725 2256 Et
1743 2222 1790 2257 ut
1808 2216 2033 2256 inhabitem

397 2275 439 2316 in
468 2275 589 2316 domo
618 2274 796 2323 Domini,
828 2275 868 2314 in
898 2274 1193 2328 longitudinem
1223 2275 1390 2317 dierum.

770 2390 936 2441 23(24).
967 2390 1255 2432 Habitatores
1286 2390 1410 2431 Sion.

240 2463 255 2486 1
283 2461 421 2502 Prima
449 2460 623 2507 sabbati,
654 2460 840 2502 Psalmus
869 2462 1018 2504 David.
1050 2461 1215 2503 XXIII.

194 2555 361 2596 Domini
375 2559 453 2595 cest
465 2559 585 2604 terra,
598 2559 640 2595 et
655 2554 866 2608 plenitudo
881 2555 982 2596 eius:
1029 2555 1135 2596 orbis
1149 2559 1360 2605 terrarum,
1373 2560 1414 2596 et
1427 2555 1614 2600 universi.
1629 2555 1697 2608 qui
1710 2555 1902 2596 habitant
1920 2555 1960 2596 in
1974 2568 2030 2596 eo.
2058 2557 2238 2587 1¹1¹³⁰0⁸¹¹¹e³2

156 2616 171 2639 ²
194 2614 300 2663 Quia
325 2614 410 2667 ipse
438 2626 559 2667 super
584 2614 715 2654 maria
740 2614 934 2655 fundavit
962 2627 1072 2655 eum:
1157 2619 1198 2655 et
1225 2627 1345 2668 super
1374 2614 1545 2655 flumina
1572 2614 1819 2667 praeparavit
1848 2627 1951 2655 eum.

155 2676 171 2698 ³
194 2673 293 2722 Quis
321 2673 513 2714 ascendet
539 2673 580 2713 in
607 2678 791 2714 montem
818 2673 1009 2715 Domini?
1092 2678 1164 2714 aut
1192 2674 1280 2727 quis
1308 2673 1436 2714 stabit
1463 2673 1503 2714 in
1533 2673 1619 2714 loco
1650 2678 1791 2713 sancto
1819 2672 1926 2713 eius?

155 2735 170 2757 ‘²
196 2732 393 2773 Innocens
421 2732 611 2773 manibus
640 2737 682 2772 et
709 2733 862 2774 mundo
893 2733 1023 2777 corde.

195 2791 264 2844 qui
292 2804 374 2832 non
404 2791 560 2845 accepit
588 2791 629 2832 in
659 2804 766 2832 vano
796 2792 976 2832 animam
1005 2804 1132 2837 suam.
1217 2805 1289 2832 nec
1318 2791 1470 2832 iuravit
1498 2791 1536 2831 in
1568 2790 1658 2831 dolo
1688 2790 1872 2843 proximo
1903 2803 1986 2831 suo.

155 2852 171 2874 ⁵
196 2849 272 2890 Hic
302 2849 473 2903 accipiet
501 2849 825 2891 benedictionem
855 2863 880 2890 a
906 2850 1101 2892 Domino:
1170 2856 1211 2891 et
1238 2850 1552 2891 misericordiam
1583 2862 1607 2889 a
1634 2849 1720 2890 Deo
1750 2848 1918 2889 salutari
1947 2862 2029 2890 suo.

155 2911 172 2933 ⁶
196 2908 293 2949 Haec
322 2914 383 2949 est
409 2909 615 2962 generatio
646 2909 914 2963 quaerentium
942 2923 1047 2957 eum,
1131 2910 1398 2963 quaerentium
1426 2909 1570 2949 faciem
1599 2907 1674 2948 Dei
1704 2908 1838 2949 Iacob.

156 3015 169 3036 ⁷
193 3013 382 3054 Attollite
405 3018 546 3066 portas
569 3013 770 3067 principes
795 3019 962 3062 vestras,
1035 3020 1076 3055 et
1100 3014 1314 3055 elevamini
1338 3018 1466 3066 portae
1489 3012 1716 3053 aeternales:
1784 3017 1824 3052 et
1848 3012 2034 3053 introibit
2051 3020 2099 3038 mx
2117 3012 2222 3044 8¹0f112·

395 3085 466 3113 rex
493 3072 639 3126 gloriae.

156 3132 171 3155 ⁸
194 3130 292 3180 Quis
312 3136 374 3172 est
392 3131 468 3172 iste
487 3144 559 3172 rex
576 3131 735 3185 gloriae?
791 3131 992 3173 Dominus
1011 3132 1127 3174 fortis
1148 3138 1188 3173 et
1207 3137 1370 3185 potens:
1427 3130 1626 3171 Dominus
1651 3134 1796 3183 potens
1820 3130 1861 3170 in
1882 3129 2028 3182 praelio.

155 3192 171 3214 ⁹
193 3189 381 3232 Attolljte
405 3195 544 3243 portas
569 3189 769 3244 principes
793 3195 961 3237 vestras,
1030 3196 1071 3231 et
1095 3190 1308 3232 elevamini
1333 3194 1461 3243 portae
1485 3188 1711 3230 aeternales:
1783 3193 1823 3228 et
1847 3187 2032 3229 introibit

395 3261 467 3290 rex
494 3249 640 3303 gloriae.

136 3309 172 3332 ¹⁰
195 3308 292 3356 Quis
320 3312 381 3348 est
407 3308 483 3348 iste
509 3321 581 3349 rex
606 3307 765 3361 gloriae?
846 3308 1045 3350 Dominus
1074 3309 1275 3349 virtutum
1303 3307 1386 3360 ipse
1414 3312 1475 3347 est
1501 3320 1571 3347 rex
1597 3306 1741 3357 gloriae.

192 3380 213 3381 I
267 3380 488 3440 essss‘kiib'rffle,
519 3400 569 3433 12.
609 3420 651 3423 —
688 3399 742 3441 22,
777 3401 794 3434 1
818 3400 871 3433 bls
894 3399 946 3439 40,
971 3401 1026 3439 11;
1066 3400 1099 3433 ir
1120 3400 1172 3439 23,
1196 3401 1230 3437 4:
1270 3400 1319 3432 Ez
1340 3397 1393 3433 34.
1418 3400 1467 3432 11.
1493 3399 1549 3438 233
1587 3400 1604 3432 1
1630 3398 1690 3431 Ptr
1712 3398 1742 3436 2,
1768 3397 1824 3435 253
1862 3395 1892 3432 5,
1918 3395 1945 3425 4.
1987 3412 2027 3415 -

134 3445 188 3489 23.
213 3448 230 3480 1
261 3446 320 3480 cPs
345 3447 398 3487 49,
423 3447 480 3487 123
507 3449 525 3480 1
551 3447 615 3481 Cor
639 3447 691 3487 10,
716 3447 767 3480 26.

206 3511 348 3536 Hetzen
358 3517 460 3541 aner,
486 3510 612 3541 Vulgata
634 3510 824 3536 clementina.
1773 3501 1821 3539 3⁵2
