2356 3760
171 96 223 135 15,
249 95 368 135 1-15,
393 95 436 129 33
965 94 1028 128 ΑΙ)
1060 94 1282 129 ROMANOS
1968 97 2070 139 1109

457 189 496 229 3.
526 187 854 229 Imbecillitates
883 185 1169 227 infirmorum
1200 187 1529 238 sustineantur,
1557 186 1624 237 15,
1643 187 1788 228 1—13.

274 257 337 301 15.
393 260 406 281 1
435 257 640 299 Debemus
672 263 809 298 autem
841 269 914 297 nos
946 256 1140 299 firmiores
1171 255 1472 299 imbecillitates
1502 257 1757 299 infirmorum
1789 258 1998 309 sustinere,
2031 267 2072 302 et
2122 263 2229 288 Omnes

169 329 251 357 non
282 316 399 358 nobis
430 314 597 369 pla-cere.
657 318 671 340 2
704 314 991 368 Unusquisque
1024 320 1205 357 vestrum
1236 315 1422 369 proximo
1454 329 1526 357 suo
1557 314 1718 369 placeat
1747 315 1788 357 in
1821 318 1985 367 bonum,
2019 320 2070 360 ad
2108 298 2241 373 egffiffi)

170 374 492 416 aedificationem.
541 377 556 400 ³
577 373 741 415 Etenim
763 373 945 414 Christus
966 387 1047 415 non
1070 374 1145 415 sibi
1166 372 1331 428 placuit,
1355 375 1425 415 sed
1446 374 1551 416 sicut
1570 374 1767 428 scriptum
1789 382 1867 416 est:
1894 376 2070 431 almpro-
2089 369 2259 429 ⁵}{ffissrffi1‘ss‘

170 432 281 486 peria
303 432 669 487 improperantium
693 431 768 473 tibi
792 431 1024 473 ceciderunt
1047 445 1167 486 super
1189 446 1265 474 me.
1318 435 1332 457 4
1357 433 1631 486 Quaecumque
1656 433 1762 474 enim
1787 433 1938 488 scripta
1962 442 2067 483 sunt,
2099 440 2249 468 studeant

170 492 223 532 ad
247 497 429 533 nostram
457 491 683 533 doctrinam
709 489 861 543 scripta
886 497 999 532 sunt:
1029 496 1074 532 ut
1098 504 1170 545 per
1194 491 1450 545 patientiam,
1479 497 1520 532 et
1545 490 1867 534 consolationem
1891 493 2072 548 Scriptu-

169 562 317 599 rarum,
350 563 463 604 spem
491 550 725 591 habeamus.

272 621 287 643 5
316 619 427 660 Deus
458 623 595 660 autem
623 617 845 671 patientiae,
877 624 918 659 et
947 618 1081 660 solatii
1115 619 1205 660 bdet
1234 618 1350 660 vobis
1380 619 1557 672 idipsum
1587 632 1725 673 sapere
1755 620 1796 660 in
1827 620 2069 663 alterutrum
2113 623 2238 652 1³⁸¹'fss‘0te

2099 658 2254 682 concordes

169 679 391 719 secundum
415 678 547 718 Iesum
569 676 792 717 Christum:
845 679 859 701 ⁶
881 682 927 718 ut
948 677 1171 726 unanimes,
1196 690 1276 718 uno
1299 691 1364 718 ore
1385 677 1659 719 honorificetis
1680 678 1826 728 Deum,
1850 684 1891 721 et
1911 686 2070 733 patrem
2097 693 2253 732 sinn—quia

168 736 334 777 Domini
362 735 490 777 nostri
521 735 612 776 Iesu
641 735 800 776 Christi.
861 738 874 759 ⁷
904 736 1078 789 Propter
1107 736 1217 790 quod
1246 736 1437 789 suscipite
1466 736 1653 785 invicem,
1684 737 1789 778 sicut
1818 744 1858 779 et
1887 738 2070 780 Christus
2093 728 2259 788 Iggfggssusst

168 795 346 848 suscepit
371 808 442 836 vos
467 794 508 834 in
534 794 727 834 honorem
753 794 841 835 Dei.
898 796 913 818 8
938 794 1039 835 Dico
1066 794 1172 835 enim
1199 794 1405 836 Christum
1433 795 1567 836 Iesum
1592 795 1825 837 ministrum
1851 796 1972 838 fuisse
1999 798 2071 838 cir·
2126 800 2264 858 g“1¹t⁹³.t,

168 853 423 895 cumcisionis
441 858 608 906 propter
626 852 843 893 veritatem
862 852 950 901 Dei,
971 853 1023 894 ad
1042 853 1341 894 confirmandas
1359 853 1645 906 promissiones
1664 860 1848 907 patrum:
1887 857 1902 879 ⁹
1920 856 2072 899 Gentes
2091 840 2235 864 assumpffl
2258 852 2264 862 '

168 918 307 954 autem
336 924 455 965 super
482 910 756 952 misericordia
784 912 982 952 honorare
1011 912 1157 959 Deum,
1188 912 1293 953 sicut
1321 912 1518 965 scriptum
1547 918 1626 953 est:

228 971 465 1024 ePropterea
493 970 718 1011 confitebor
747 969 821 1011 tibi
850 970 891 1010 in
920 970 1120 1011 Gentibus
1149 970 1336 1019 Domine,
1420 977 1459 1011 et
1489 970 1643 1012 nomini
1673 977 1744 1013 tuo
1774 973 1961 1014 cantabo.

169 1031 204 1054 ¹⁰
220 1029 276 1070 Et
302 1029 451 1070 iterum
481 1028 596 1070 dicit:
628 1028 842 1069 Laetamini
871 1028 1021 1070 Gentes
1051 1042 1143 1070 cum
1172 1029 1288 1082 plebe
1318 1029 1413 1071 eius.
1472 1032 1502 1054 11
1531 1029 1587 1071 Et
1615 1029 1782 1071 iterum:

223 1088 428 1128 dLaudate
456 1100 594 1128 omnes
621 1087 771 1129 Gentes
798 1087 1040 1129 Dominum:
1122 1093 1163 1129 et
1188 1088 1447 1141 magnificate
1475 1102 1566 1129 eum
1595 1102 1733 1130 omnes
1760 1089 1912 1144 populi.

272 1149 303 1171 ¹2
332 1146 388 1187 Et
415 1159 553 1187 rursus
585 1145 709 1187 Isaias
740 1146 814 1187 ait:

226 1204 333 1245 eErit
361 1204 478 1246 radix
509 1205 626 1253 Iesse,
710 1210 751 1245 et
781 1204 849 1258 qui
878 1210 1047 1259 exurget
1075 1218 1208 1259 regere
1238 1206 1401 1255 Gentes,

220 1263 260 1304 in
289 1276 381 1304 eum
410 1263 561 1305 Gentes
591 1263 825 1317 sperabunt.

272 1324 303 1347 ¹3
322 1321 433 1363 Deus
455 1328 593 1364 autem
615 1321 698 1375 spei
718 1321 873 1375 repleat
893 1335 965 1363 vos
987 1322 1097 1364 omni
1116 1322 1277 1376 gaudio,
1301 1328 1341 1364 et
1361 1335 1460 1376 pace
1480 1322 1521 1363 in
1543 1323 1760 1365 credendo:
1785 1329 1831 1365 ut
1851 1324 2069 1366 abundetis
2095 1328 2258 1353 benedictm

166 1380 207 1421 in
236 1394 317 1434 spe,
349 1387 389 1422 et
418 1381 571 1423 virtute
600 1380 774 1434 Spiritus
803 1380 945 1422 sancti.
2092 1363 2258 1393 ²³¹'⁰⁵t⁰¹¹‘³a'

738 1496 1035 1562 EpilogUS,
1074 1496 1150 1557 15,
1178 1495 1393 1558 14-16,
1420 1497 1501 1548 27.

502 1587 541 1627 1.
571 1585 813 1627 Excusatio
844 1586 888 1627 et
915 1586 1206 1639 propositum
1237 1587 1452 1638 apostoli,
1480 1587 1545 1638 15,
1564 1587 1736 1628 14—33.

271 1660 302 1682 14
329 1657 470 1699 Certus
498 1670 587 1697 sum
615 1663 754 1699 autem
781 1658 925 1699 fratres
953 1657 1031 1699 mei
1058 1664 1099 1699 et
1126 1671 1199 1712 ego
1226 1658 1309 1711 ipse
1337 1658 1386 1699 de
1414 1658 1541 1708 vobis,
1572 1658 1765 1712 quoniam
1793 1664 1834 1699 et
1860 1657 1936 1712 ipsi
1962 1658 2069 1712 pleni
2102 1664 2249 1689 Audacius

167 1716 262 1758 estis
280 1715 507 1761 dilectione,
527 1715 669 1768 repleti
687 1716 797 1758 omni
814 1716 994 1765 scientia,
1014 1716 1073 1757 ita
1089 1723 1136 1758 ut
1152 1716 1315 1770 possitis
1333 1717 1576 1758 alterutrum
1593 1730 1768 1758 monere.
1815 1718 1846 1742 1⁵
1863 1717 2068 1758 Audacius
2090 1702 2259 1760 ”efigcsissrut

167 1781 305 1817 autem
327 1774 466 1828 scripsi
488 1774 603 1815 vobis
625 1775 769 1816 fratres
792 1789 841 1816 ex
863 1781 990 1828 parte,
1016 1781 1229 1829 tamquam
1251 1776 1291 1816 in
1313 1776 1552 1817 memoriam
1574 1789 1646 1817 vos
1668 1776 1880 1817 reducens:
1904 1782 2070 1830 propter
2104 1771 2242 1801 g‘ffl‘mm’

165 1833 351 1888 gratiam,
382 1846 471 1887 quae
498 1834 598 1874 data
623 1840 684 1874 est
710 1833 810 1875 mihi
837 1847 861 1874 a
886 1834 986 1883 Deo,
1042 1836 1076 1859 ¹⁶
1102 1840 1149 1875 ut
1175 1834 1250 1875 sim
1276 1834 1462 1876 minister
1488 1834 1635 1876 Christi
1664 1835 1755 1876 Iesu
1782 1834 1822 1875 in
1849 1834 2067 1876 Gentibus:

166 1892 424 1934 sanctificans
455 1891 725 1945 Evangelium
754 1892 842 1941 Dei,
875 1899 921 1934 ut
950 1893 1023 1933 fiat
1054 1892 1206 1934 oblatio
1236 1893 1430 1934 Gentium
1461 1898 1641 1947 accepta,
1673 1899 1714 1934 et
1743 1893 2000 1934 sanctificata
2028 1893 2068 1934 in

165 1951 319 2005 Spiritu
346 1957 499 1992 sancto.
556 1952 588 1974 1⁷
617 1951 760 1992 Habeo
786 1950 909 2004 igitur
934 1951 1103 2004 gloriam
1130 1951 1170 1992 in
1198 1951 1357 1993 Christo
1386 1952 1476 1993 Iesu
1503 1952 1555 1993 ad
1580 1952 1726 1993 Deum.
1782 1953 1816 1976 ¹⁸
1843 1952 1935 1993 Non
1962 1952 2068 1992 enim

167 2010 297 2051 audeo
316 2009 469 2063 aliquid
486 2008 597 2063 loqui
615 2022 765 2058 eorum,
788 2023 876 2063 quae
894 2023 965 2063 per
981 2024 1045 2051 me
1062 2023 1145 2052 non
1164 2010 1289 2051 efficit
1307 2010 1489 2052 Christus
1507 2010 1548 2051 in
1568 2010 1841 2051 obedientiam
1859 2011 2066 2059 Gentium,

167 2069 291 2110 verbo
314 2074 354 2109 et
375 2067 513 2108 factis:
564 2069 598 2091 ¹⁹
620 2067 661 2107 in
684 2067 837 2109 virtute
860 2068 1080 2121 signorum,
1105 2074 1147 2110 et
1168 2069 1457 2122 prodigiorum,
1481 2069 1522 2109 in
1545 2069 1698 2110 virtute
1720 2069 1895 2123 Spiritus
1918 2069 2067 2111 sancti:

166 2127 224 2168 ita
240 2132 287 2168 ut
304 2127 354 2168 ab
374 2125 590 2167 Ierusalem
607 2139 679 2179 per
695 2126 907 2168 circuitum
926 2140 1052 2181 usque
1069 2127 1121 2168 ad
1140 2126 1347 2181 Illyricum
1364 2127 1601 2181 repleverim
1619 2127 1888 2181 Evangelium
1906 2127 2067 2169 Christi.

165 2188 202 2210 '2⁰
223 2185 287 2226 Sic
310 2190 448 2226 autem
471 2184 689 2238 praedicavi
712 2185 981 2239 Evangelium
1004 2186 1091 2235 hoc,
1117 2199 1198 2227 non
1223 2186 1292 2227 ubi
1315 2186 1550 2228 nominatus
1574 2192 1634 2228 est
1658 2186 1851 2235 Christus,
1877 2199 1926 2227 ne
1949 2200 2070 2240 super

166 2244 342 2285 alienum
371 2243 687 2284 fundamentum
717 2243 975 2285 aedificarem:
1007 2245 1077 2285 sed
1106 2244 1210 2285 sicut
1239 2245 1435 2298 scriptum
1465 2251 1543 2286 est:

166 2306 197 2328 '21
224 2303 394 2351 fQuibus
409 2315 492 2344 non
508 2308 570 2343 est
585 2302 881 2344 annunciatum
897 2303 946 2344 de
962 2316 1019 2352 eo,
1039 2303 1257 2344 videbunt:
1328 2308 1369 2344 et
1385 2303 1453 2357 qui
1476 2317 1558 2345 non
1574 2304 1803 2353 audierunt,
1825 2303 2065 2357 intelligent.

270 2374 302 2397 ‘22
332 2372 505 2425 Propter
536 2372 645 2425 quod
676 2378 717 2413 et
746 2373 998 2426 impediebar
1026 2372 1246 2427 plurimum
1279 2373 1415 2414 venire
1446 2373 1498 2414 ad
1529 2386 1613 2422 vos,
1646 2378 1687 2414 et
1717 2372 1946 2426 prohibitus
1977 2386 2065 2414 sum
2081 2380 2264 2410 profecturus

166 2444 293 2485 usque
311 2431 455 2472 adhuc.
500 2432 532 2455 '23
551 2430 668 2472 Nunc
686 2444 780 2472 vero
797 2431 964 2473 ulterius
980 2431 1114 2473 locum
1131 2445 1213 2473 non
1230 2432 1384 2473 habens
1401 2431 1442 2472 in
1459 2431 1520 2473 his
1536 2431 1777 2485 regionibus,
1797 2431 2066 2485 cupiditatem
2078 2415 2273 2480 &trifzftoxi'fly'

167 2495 305 2531 autem
336 2490 490 2531 habens
522 2489 710 2530 veniendi
742 2490 793 2531 ad
825 2503 898 2531 vos
929 2504 979 2531 ex
1009 2490 1148 2531 inultis
1180 2490 1260 2531 iam
1292 2490 1614 2544 praecedentibus
1646 2490 1779 2532 annis:
1839 2492 1871 2514 ²4
1903 2503 1994 2531 cum
2026 2489 2067 2530 in
2082 2486 2263 2551 ξξζζξζξζῐξξ

168 2548 409 2602 Hispaniam
429 2547 627 2601 proficisci
648 2561 818 2602 coepero,
841 2562 957 2602 spero
979 2550 1088 2603 quod
1108 2549 1339 2602 praeteriens
1361 2549 1522 2590 videam
1543 2562 1627 2597 vos,
1651 2554 1691 2590 et
1712 2562 1735 2589 a
1755 2549 1870 2590 vobis
1891 2549 2068 2590 deducar

164 2606 271 2656 illuc,
293 2607 324 2648 si
343 2606 458 2648 vobis
476 2606 653 2660 primum
672 2620 721 2648 ex
739 2614 856 2660 parte
873 2607 1022 2649 fruitus
1040 2608 1165 2649 fuero.
1212 2609 1244 2633 2⁵
1264 2608 1381 2649 Nunc
1400 2608 1524 2662 igitur
1540 2607 1771 2662 proficiscar
1787 2608 1828 2648 in
1850 2607 2067 2648 Ierusalem

166 2665 395 2706 ministrare
414 2665 576 2707 sanctis.
624 2667 659 2690 ²⁶
678 2666 962 2707 Probaverunt
981 2666 1087 2707 enim
1107 2666 1356 2715 Macedonia,
1379 2672 1419 2707 et
1436 2666 1591 2707 Achaia
1611 2665 1869 2708 collationem
1889 2665 2068 2719 aliquam

166 2723 296 2764 facere
311 2724 353 2764 in
366 2736 565 2777 pauperes
580 2729 826 2768 sanctorum.
846 2724 914 2778 qui
930 2730 1025 2766 sunt
1039 2725 1080 2765 in
1098 2724 1328 2767 Ierusalem.
1373 2727 1406 2750 2⁷
1422 2725 1582 2766 Placuit
1597 2725 1703 2766 enim
1719 2724 1791 2765 eis:
1809 2729 1850 2765 et
1865 2723 2069 2765 debitores

167 2787 263 2823 sunt
294 2795 445 2824 eorum.
483 2782 610 2823 gNam
642 2782 673 2824 si
705 2782 977 2836 spiritualium
1009 2797 1147 2825 eorum
1179 2783 1397 2837 participes
1429 2783 1527 2824 facti
1559 2788 1655 2824 sunt
1686 2782 1883 2824 Gentiles:
1918 2783 2069 2823 debent

167 2846 208 2881 et
230 2840 271 2880 in
295 2840 523 2882 carnalibus
546 2840 775 2882 ministrare
798 2841 887 2883 illis.
939 2843 974 2866 2⁸
999 2841 1087 2883 Hoc
1110 2841 1234 2895 igitur
1256 2855 1348 2884 cum
1372 2854 1720 2890 consummavero,
1746 2847 1787 2882 et
1811 2841 2068 2895 assignavero

168 2898 222 2939 eis
240 2898 418 2940 fructum
437 2899 563 2940 hunc:
583 2912 654 2952 per
672 2913 743 2941 vos
761 2899 993 2953 proficiscar
1009 2900 1050 2940 in
1070 2900 1324 2953 Hispaniam.
1371 2902 1405 2925 2⁹
1423 2900 1514 2941 Scio
1532 2906 1670 2941 autem
1690 2899 1884 2954 quoniam
1903 2899 2068 2941 veniens

167 2957 220 2998 ad
250 2970 334 3007 vos,
366 2957 407 2997 in
439 2957 694 2999 abundantia
724 2957 1017 2999 benedictionis
1048 2958 1260 3012 Evangelii
1291 2958 1439 3000 Christi
1470 2958 1643 3000 veniam.
1702 2960 1738 2983 3⁰
1768 2958 1945 3000 Obsecro
1976 2971 2068 3011 ergo

167 3028 239 3056 vos
255 3015 400 3056 fratres
416 3028 487 3069 per
501 3016 724 3057 Dominum
740 3021 925 3057 nostrum
944 3017 1078 3058 Iesum
1094 3017 1313 3066 Christum,
1331 3022 1372 3058 et
1388 3030 1458 3070 per
1474 3016 1716 3058 charitatem
1733 3017 1863 3058 sancti
1879 3016 2066 3070 Spiritus,

167 3079 214 3114 ut
233 3074 435 3115 adiuvetis
454 3087 518 3115 me
537 3074 578 3114 in
599 3074 851 3116 orationibus
871 3075 1015 3116 vestris
1034 3089 1107 3129 pro
1126 3089 1191 3116 me
1211 3076 1259 3116 ad
1281 3076 1427 3125 Deum,
1474 3077 1506 3100 3¹
1526 3081 1573 3117 ut
1589 3075 1735 3116 liberer
1753 3076 1804 3117 ab
1824 3074 2066 3124 infidelibus,

168 3131 237 3186 qui
260 3138 355 3174 sunt
377 3132 418 3172 in
443 3132 591 3181 Iudaea,
617 3138 658 3174 et
681 3133 863 3187 obsequii
884 3133 963 3174 mei
987 3134 1140 3175 oblatio
1163 3140 1330 3187 accepta
1353 3133 1426 3174 fiat
1448 3133 1489 3174 in
1513 3133 1731 3175 Ierusalem
1754 3133 1916 3182 sanctis,
1966 3135 1999 3158 ³2
2022 3138 2070 3174 ut

167 3191 329 3232 veniam
360 3191 413 3231 ad
443 3203 515 3232 vos
546 3191 586 3231 in
617 3190 765 3244 gaudio
795 3205 867 3245 per
896 3192 1153 3234 voluntatem
1184 3193 1273 3242 Dei,
1306 3198 1347 3233 et
1376 3192 1584 3246 refrigerer
1614 3192 1836 3234 vobiscum.
1895 3194 1928 3217 3³
1957 3192 2068 3233 Deus

169 3255 307 3290 autem
334 3249 445 3304 pacis
474 3248 527 3290 sit
555 3263 646 3290 cum
676 3249 863 3291 omnibus
892 3251 1020 3293 vobis.
1049 3252 1193 3292 Amen.

301 3373 352 3414 15,
377 3373 398 3406 3
422 3374 485 3407 aPs
510 3374 562 3411 68,
588 3374 639 3408 10.
667 3396 708 3399 —
732 3376 752 3409 5
771 3376 810 3408 bl
832 3375 896 3410 Cor
916 3377 946 3416 1,
968 3376 1018 3410 10.
1046 3398 1087 3400 ἡ
1111 3377 1131 3410 9
1156 3377 1191 3410 02
1211 3376 1270 3410 Sm
1291 3377 1343 3417 22,
1364 3376 1422 3417 503
1448 3377 1492 3411 Ps
1512 3377 1565 3417 17,
1585 3376 1637 3411 50.
1664 3397 1706 3401 -—
1730 3377 1770 3410 11
1791 3376 1855 3409 dPs
1876 3375 1949 3414 116,
1970 3375 2000 3408 1.
2025 3392 2064 3398 —-

167 3419 209 3453 12
236 3418 286 3452 eIs
311 3421 362 3459 11,
388 3420 439 3454 10.
466 3442 507 3444 -
532 3422 572 3455 :21
605 3422 651 3455 tls
675 3422 728 3462 52,
754 3422 805 3456 15.
832 3443 874 3446 —
898 3423 940 3457 27
965 3425 1002 3456 gl
1028 3424 1091 3458 Cor
1114 3424 1145 3463 9,
1172 3425 1222 3456 11.
