2356 3760
295 165 374 206 310
1161 164 1307 197 LIBER
1335 165 1360 198 1.
1949 168 2002 208 22,
2029 169 2148 209 1—22,
2174 168 2215 202 31

714 258 753 297 7.
784 256 1013 305 MichaeaS,
1044 255 1197 296 Achab
1229 257 1272 297 et
1302 256 1531 308 iosaphat,
1560 259 1627 309 22,
1646 258 1797 299 1—40.

113 333 272 392 λΚῐξὶζξξξ)ψιῇῐ
401 327 465 370 ‘22,
522 330 535 352 ¹
561 328 825 368 Transierunt
854 326 998 379 aigitur
1022 331 1102 367 tres
1128 327 1223 367 anni
1249 328 1403 380 absque
1428 327 1531 368 100110
1556 328 1662 369 inter
1685 329 1846 382 Syriam
1871 335 1912 371 et
1938 330 2074 373 Israel.
2129 333 2144 356 2
2170 331 2218 372 In

111 384 256 433 “1222ssth
297 399 403 428 1111110
438 391 576 428 autem
611 386 745 431 tertio,
782 384 992 425 descendit
1028 385 1224 439 iosaphat
1258 399 1327 426 rex
1363 386 1466 427 Iuda
1499 387 1551 427 ad
1584 400 1718 440 regem
1754 388 1889 430 Israel.
1951 390 1984 442 (³
2018 390 2216 444 Dixitque

298 459 366 486 rex
392 446 513 486 Israel
538 446 589 485 ad
612 457 748 485 servos
772 457 883 485 suos:
911 444 1112 497 Ignoratis
1137 445 1246 497 quod
1272 451 1411 485 nostra
1433 445 1486 486 sit
1511 446 1691 486 Ramoth
1716 447 1885 496 Galaad,
1911 454 1951 488 et
1974 448 2216 502 negligimus

295 504 434 545 tollere
466 517 554 544 eam
585 504 634 544 de
664 516 789 543 manu
820 503 921 553 regis
952 503 1122 555 SyrirePl
1178 505 1193 527 ⁴
1223 504 1279 544 Et
1308 504 1367 544 ait
1397 504 1449 544 ad
1482 504 1696 557 iosaphat:
1743 505 1941 547 Venicsne
1972 520 2133 547 mecum
2165 508 2217 548 ad

296 563 561 617 przeliandum
588 562 629 602 111
657 562 838 602 Ramoth
865 561 1047 602 Galaad?
1100 564 1115 585 ⁵
1141 562 1339 615 Dixitque
1368 563 1564 615 iosaphat
1590 563 1642 603 ad
1668 575 1802 617 regem
1831 564 1971 605 Israel:
2000 565 2115 606 Sicut
2140 579 2213 619 ego

295 636 396 664 011111,
424 622 482 661 ita
506 626 547 661 et
571 627 635 661 tu:
661 620 835 674 populus
860 633 986 664 1110110,
1013 627 1053 661 01
1079 621 1252 673 populus
1277 626 1372 662 tuus
1398 634 1525 661 unum
1550 627 1664 662 sunt:
1691 627 1732 663 et
1756 623 1912 675 equites
1937 624 2028 668 mei,
2055 624 2216 678 equites

296 681 366 721 1111.
397 680 595 733 Dixitque
625 679 821 733 Iosaphat
849 679 900 719 ad
929 692 1061 731 regem
1093 679 1233 720 Israel:
1263 680 1417 728 Quaere.
1448 693 1516 721 010
1545 686 1597 727 10,
1627 680 1747 721 hodie
1774 694 2001 723 sermonem
2029 683 2210 724 Domini.

90 743 281 803 .¹,‘⁹‘1}¹.¹‘¹‡-¹'‘{''‚
402 740 417 762 ‘³
446 739 718 792 Congregavit
748 751 839 788 ergo
870 751 940 778 rex
972 738 1095 778 Israel
1125 739 1359 791 prophetas,
1393 739 1712 793 quadringentos
1743 740 1902 781 circiter
1931 741 2050 786 viros,
2084 746 2126 782 01
2156 741 2215 782 ait

89 786 345 839 ‘'¹}i;{¹1'.1¹3‹›‘'ad
377 811 461 839 eos:
498 798 560 838 110
591 798 718 838 debeo
750 797 791 837 in
824 797 1006 837 Ramoth
1038 797 1197 838 Galaad
1228 798 1280 838 ad
1313 797 1559 843 bellandum,
1594 811 1646 839 an
1678 798 1905 852 quiescere?
1939 800 2018 848 Qui
2049 813 2216 854 respon-

104 850 273 915 }'ssgssg'dffissss'ss
295 857 461 897 derunt:
488 857 684 901 Ascende,
713 862 753 897 et
778 855 895 897 dabit
920 869 1009 896 eam
1034 856 1235 897 Dominus
1262 856 1301 896 in
1329 870 1452 897 manu
1477 857 1591 909 regis.
1649 858 1662 880 ⁷
1688 857 1805 898 Dixit
1830 863 1969 899 autem
2001 859 2214 913 iosaphat:

296 916 387 956 Non
416 921 477 956 est
504 915 568 956 hic
595 916 797 969 propheta
824 914 989 956 Domini
1018 915 1234 968 quispiam,
1264 922 1311 956 ut
1338 915 1633 969 interrogemus
1661 928 1732 970 per
1759 916 1876 957 eum?
1934 919 1950 941 ⁸
1976 917 2033 958 Et
2060 918 2118 958 ait
2146 931 2217 959 rex

297 974 421 1015 Israel
443 975 495 1015 ad
520 974 734 1028 iosaphat:
765 974 975 1015 Remansit
997 973 1060 1014 vir
1081 987 1198 1021 unus,
1222 987 1293 1027 per
1316 987 1436 1027 quem
1459 987 1675 1028 possumus
1697 975 1946 1029 interrogare
1968 976 2215 1018 Dominum:

295 1034 366 1074 sed
386 1047 457 1084 ego
478 1034 543 1074 odi
565 1047 669 1075 011111,
693 1033 789 1086 quia
808 1047 888 1074 11011
908 1033 1131 1086 prophetat
1151 1033 1250 1073 mihi
1270 1034 1436 1077 bonum.
1458 1033 1528 1074 sed
1547 1033 1715 1079 malum,
1736 1034 1926 1075 Michaeas
1947 1035 2051 1076 filius
2075 1035 2214 1076 Iemla.

295 1092 367 1133 Cui
389 1093 584 1145 losaphat
601 1092 677 1132 ait:
698 1092 757 1132 Ne
774 1091 953 1145 loquaris
971 1092 1031 1132 ita
1046 1105 1128 1133 rex.
1177 1094 1192 1116 ⁹
1209 1091 1385 1133 Voeavit
1402 1105 1494 1145 ergo
1511 1105 1582 1133 rex
1602 1093 1725 1133 Israel
1742 1094 1976 1134 eunuchum
1996 1094 2214 1147 quendam,

295 1157 335 1192 01
351 1151 455 1192 dixit
471 1151 522 1192 ei:
540 1150 708 1192 Festina
722 1151 923 1192 adducere
938 1150 1151 1191 Michaeam
1166 1151 1295 1192 filium
1313 1151 1450 1192 Iemla.
1497 1153 1531 1175 ¹⁰
1547 1152 1636 1192 Rex
1651 1158 1790 1193 autem
1808 1152 1942 1198 Israel,
1961 1159 2002 1194 et
2018 1153 2218 1207 Iosaphat

294 1223 364 1251 rex
388 1210 492 1251 Iuda
512 1210 711 1251 sedebant
731 1210 1012 1263 unusquisque
1032 1210 1074 1250 in
1095 1210 1192 1251 solio
1215 1223 1286 1251 suo
1309 1210 1449 1251 vestiti
1470 1210 1582 1251 cultu
1603 1211 1724 1264 regio,
1747 1211 1789 1252 in
1810 1224 1905 1252 area
1924 1211 2042 1252 iuxta
2063 1212 2216 1253 ostium

294 1274 423 1322 portae
448 1269 653 1315 Samariae,
683 1274 722 1309 et
748 1268 927 1309 universi
953 1269 1164 1322 prophetae
1189 1269 1497 1322 prophetabant
1521 1269 1563 1309 in
1589 1275 1810 1323 conspectu
1837 1283 1989 1312 eorum.
2045 1273 2077 1295 ¹¹
2102 1271 2217 1312 Fecit

295 1341 458 1382 quoque
488 1328 564 1369 sibi
593 1328 780 1369 Sedecias
811 1327 915 1368 filius
947 1328 1169 1369 Chanaana
1199 1341 1352 1369 cornua
1380 1329 1521 1375 ferrea,
1555 1334 1596 1369 et
1626 1329 1701 1369 ait:
1736 1329 1834 1370 Haec
1864 1329 1963 1371 dicit
1992 1330 2214 1371 Dominus:

295 1387 369 1427 His
392 1387 611 1428 ventilabis
634 1387 806 1440 Syriam.
832 1388 960 1428 donec
982 1387 1115 1427 deleas
1139 1400 1240 1428 eam.
1292 1389 1324 1411 ¹2
1346 1387 1580 1441 Omnesque
1602 1388 1813 1441 prophetae
1835 1388 2022 1430 similiter
2042 1389 2216 1442 prophe-

293 1446 454 1494 tabant,
480 1446 678 1487 dicentes:
702 1446 887 1487 Ascende
910 1446 951 1486 in
975 1446 1157 1487 Ramoth
1179 1446 1349 1495 Galaad,
1374 1451 1415 1487 et
1437 1447 1542 1487 vade
1564 1459 1766 1500 prospere,
1792 1452 1833 1488 et
1854 1448 1992 1488 tradet
2012 1447 2215 1489 Dominus

293 1505 333 1545 in
362 1518 508 1546 manus
537 1505 651 1558 regis.
712 1507 743 1529 ¹3
773 1505 956 1545 Nuncius
986 1517 1094 1553 vero,
1127 1505 1196 1558 qui
1224 1505 1327 1545 ierat
1356 1511 1402 1546 111
1431 1511 1597 1546 vocaret
1626 1505 1851 1555 Miehaeam,
1882 1505 2043 1548 locutus
2073 1512 2135 1548 001
2163 1507 2215 1547 ad

294 1577 399 1613 eum,
431 1564 585 1605 dic-ens:
617 1564 722 1605 Ecce
751 1577 954 1605 sermones
984 1563 1280 1617 prophetarum
1310 1577 1376 1605 ore
1405 1577 1486 1605 uno
1516 1564 1598 1617 regi
1627 1565 1735 1606 bona
1763 1565 2007 1618 praedicant:
2039 1565 2092 1606 sit
2121 1578 2213 1619 ergo

292 1636 423 1664 sermo
443 1629 538 1664 tuus
557 1623 698 1664 similis
718 1636 869 1670 eorum,
891 1629 931 1663 et
950 1622 1114 1676 loquere
1134 1623 1252 1664 bona.
1301 1625 1333 1647 ¹4
1351 1623 1424 1664 Cui
1442 1623 1632 1664 Michaeas
1652 1623 1727 1665 ait:
1749 1623 1863 1665 Vivit
1881 1624 2096 1673 Dominus,
2118 1624 2216 1678 quia

294 1683 581 1736 quodcumque
612 1682 761 1723 dixerit
790 1682 890 1722 mihi
919 1682 1133 1724 Dominus.
1165 1682 1241 1723 hoc
1270 1682 1426 1736 loquar.

121 1745 269 1805 Mtichfflai-
400 1743 431 1766 ¹⁵
449 1741 572 1782 Venit
590 1741 730 1795 itaque
749 1741 801 1782 ad
818 1754 965 1795 regem,
987 1746 1026 1782 et
1046 1741 1103 1782 ait
1121 1740 1178 1781 illi
1194 1754 1283 1782 rex:
1303 1741 1485 1786 Michaea,
1506 1741 1562 1782 ire
1580 1741 1774 1783 debemus
1793 1742 1834 1782 in
1855 1742 2036 1784 Ramoth
2056 1742 2215 1784 Galaad

99 1787 276 1841 3111ρῖ50111
294 1801 346 1841 ad
367 1800 648 1854 praeliandum,
672 1814 724 1841 an
745 1800 925 1842 cessare?
948 1800 1021 1841 Cui
1042 1800 1106 1840 1110
1127 1800 1356 1854 respondit:
1379 1801 1576 1848 Ascende,
1601 1806 1642 1841 et
1662 1801 1767 1842 vade
1788 1814 1990 1855 prospere,
2014 1807 2055 1842 et
2075 1802 2214 1842 tradet

104 1852 269 1882 propheta*
293 1872 382 1901 00111
409 1860 610 1901 Dominus
636 1859 677 1900 in
703 1873 849 1900 manus
874 1860 989 1913 regis.
1045 1861 1080 1883 1⁶
1105 1859 1223 1900 Dixit
1249 1865 1388 1900 autem
1413 1872 1485 1900 rex
1511 1860 1563 1900 ad
1589 1873 1700 1900 eum:
1730 1860 1886 1901 Iterum
1913 1866 2038 1914 atque
2063 1860 2212 1902 iterum

293 1919 435 1960 adiuro
465 1924 517 1967 te,
549 1925 596 1959 ut
625 1932 706 1960 non
734 1918 913 1972 loquaris
943 1918 1043 1959 mihi
1072 1918 1147 1959 nisi
1178 1919 1288 1972 quod
1317 1931 1460 1959 verum
1490 1924 1562 1967 est,
1594 1918 1636 1959 in
1664 1919 1828 1960 nomine
1857 1919 2036 1961 Domini.
2096 1921 2128 1943 ¹⁷
2158 1919 2215 1961 Et

292 1978 355 2018 1110
390 1978 465 2018 011;
516 1978 608 2019 Vidi
642 1983 837 2018 cunctum
872 1977 995 2018 Israel
1028 1977 1256 2031 dispersum
1289 1977 1331 2018 in
1363 1977 1586 2026 montibus,
1623 1977 1739 2031 quasi
1772 1991 1866 2019 oves
1900 1991 1982 2020 non
2015 1978 2213 2020 habentes

293 2042 511 2091 pastorem.
550 2042 590 2078 et
626 2037 684 2077 ait
718 2037 938 2078 Dominus:
977 2036 1069 2078 Non
1104 2036 1260 2077 habent
1294 2036 1362 2077 isti
1397 2036 1629 2078 dominum:
1666 2042 1898 2078 revertatur
1933 2037 2213 2091 unusquisque

292 2096 333 2137 in
363 2097 532 2137 domum
563 2109 678 2137 suam
709 2096 750 2136 in
779 2109 891 2150 pace.
950 2097 1003 2148 (¹⁸
1032 2095 1150 2136 Dixit
1179 2108 1271 2149 ergo
1301 2109 1372 2136 rex
1404 2096 1528 2136 Israel
1558 2096 1611 2137 ad
1641 2096 1856 2149 Iosaphat:
1890 2096 2102 2150 Numquid
2131 2109 2213 2138 non

292 2155 376 2196 dixi
396 2155 483 2199 tibi,
507 2155 602 2209 quia
620 2168 701 2196 non
720 2155 944 2208 prophetat
962 2154 1061 2195 mihi
1081 2155 1247 2200 bonum,
1269 2155 1340 2195 sed
1358 2167 1517 2208 semper
1534 2154 1733 2200 11101111119)
1783 2157 1817 2180 ¹⁹
1838 2154 1909 2196 Ille
1928 2168 2024 2196 vero
2043 2155 2210 2204 addens,

292 2215 368 2255 ait:
405 2215 628 2267 Propterea
663 2214 758 2254 audi
793 2227 1021 2255 sermonem
1055 2213 1240 2255 Domini:
1277 2213 1371 2254 Vidi
1405 2213 1629 2254 Dominum
1666 2214 1877 2255 sedentem
1912 2227 2033 2267 super
2066 2214 2213 2255 solium

291 2287 423 2316 suum.
453 2279 493 2314 et
521 2285 683 2314 omnem
712 2273 935 2313 exercitum
964 2272 1048 2314 caeli
1076 2272 1335 2313 assistentem
1363 2272 1398 2313 01
1425 2285 1449 2313 0
1476 2273 1630 2313 dextris
1659 2278 1699 2314 et
1727 2286 1750 2313 a
1776 2272 1968 2314 sinistris:
2025 2275 2061 2298 2⁰
2086 2278 2128 2314 et
2155 2273 2213 2314 ait

291 2332 511 2373 Dominus:
547 2332 645 2380 Quis
679 2331 854 2385 decipiet
886 2332 1029 2372 Achab
1062 2344 1196 2385 regem
1232 2331 1366 2380 Israel,
1403 2337 1450 2373 ut
1482 2332 1689 2379 ascendat,
1725 2337 1766 2372 et
1799 2332 1922 2373 cadat
1953 2332 1995 2373 in
2029 2332 2213 2374 Ramoth

291 2391 474 2433 Galaad?
502 2391 557 2432 Et
584 2391 689 2432 dixit
716 2404 819 2431 unus
847 2391 974 2432 verba
999 2390 1293 2440 huiuscemodi,
1322 2395 1363 2431 et
1389 2390 1490 2432 alius
1518 2390 1646 2432 aliter.
1702 2392 1733 2415 2¹
1760 2391 1956 2445 Egressus
1984 2396 2046 2432 est
2071 2396 2211 2432 autem

290 2450 469 2504 spiritus,
488 2456 528 2491 et
543 2450 660 2491 stetit
675 2463 811 2491 coram
826 2449 1017 2497 Domino,
1035 2456 1075 2490 et
1091 2449 1167 2490 ait:
1184 2449 1271 2503 Ego
1288 2449 1488 2503 decipiam
1504 2449 1630 2491 illum.
1648 2449 1721 2491 Cui
1735 2449 1896 2491 locutus
1912 2455 1974 2492 est
1988 2450 2209 2492 Dominus:

293 2510 339 2550 In
360 2509 465 2564 quo?
511 2511 543 2533 22
562 2509 617 2550 Et
634 2509 698 2549 ille
718 2509 793 2550 ait:
814 2509 1021 2559 Egrediar,
1043 2514 1084 2550 et
1102 2521 1167 2550 ero
1186 2508 1352 2562 spiritus
1371 2509 1550 2549 mendax
1568 2508 1609 2549 in
1627 2522 1694 2550 ore
1712 2509 1896 2550 omnium
1914 2509 2210 2563 prophetarum

290 2569 386 2610 eius.
422 2569 477 2609 Et
508 2568 614 2609 dixit
644 2568 864 2609 Dominus:
897 2568 1096 2622 Decipies,
1131 2573 1172 2608 et
1203 2567 1461 2621 praevalebis:
1496 2568 1694 2621 egredere,
1728 2573 1770 2609 et
1800 2568 1865 2609 fac
1895 2568 1966 2610 ita.
2027 2570 2060 2593 ²³
2092 2568 2211 2609 Nunc

289 2628 414 2681 igitur
437 2640 526 2669 ecce
550 2626 663 2668 dedit
686 2627 886 2668 Dominus
911 2627 1101 2680 spiritum
1124 2626 1325 2667 mendacii
1348 2626 1389 2667 in
1413 2640 1479 2668 ore
1503 2627 1686 2668 omnium
1710 2627 2005 2681 prophetarum
2029 2632 2207 2672 tuorum,

292 2687 360 2741 qui
383 2686 447 2727 hic
469 2694 577 2728 sunt.
602 2692 643 2727 et
664 2686 866 2727 Dominus
888 2686 1049 2728 locutus
1072 2692 1133 2726 est
1155 2691 1299 2727 contra
1320 2690 1361 2727 te
1382 2685 1550 2727 malum.
1601 2687 1633 2710 ²⁴
1655 2686 1838 2727 Accessit
1859 2692 1998 2727 autem
2021 2685 2209 2727 Sedecias

292 2745 395 2787 filius
423 2746 657 2790 Chanaana,
687 2752 728 2786 et
754 2745 954 2799 percussit
980 2744 1194 2786 Michaeam
1221 2745 1263 2785 111
1290 2744 1513 2793 maxillam,
1544 2750 1584 2786 et
1611 2745 1734 2786 dixit:
1764 2745 1828 2786 Me
1855 2758 1905 2786 ne
1933 2758 2025 2799 ergo
2053 2744 2210 2786 dimisit

290 2805 466 2858 Spiritus
484 2804 662 2848 Domini,
682 2810 723 2845 et
738 2803 898 2845 locutus
916 2810 977 2845 est
993 2804 1094 2845 tibi?
1139 2805 1170 2828 25
1187 2804 1243 2845 Et
1259 2803 1318 2845 ait
1334 2803 1542 2844 Michaeas:
1561 2804 1730 2844 Visurus
1748 2818 1787 2844 es
1804 2804 1845 2844 in
1862 2803 1926 2845 die
1942 2803 2024 2852 illa,
2043 2803 2209 2857 quando

289 2863 523 2917 ingredieris
545 2862 790 2909 cubiculum,
814 2863 923 2904 intra
943 2863 1176 2904 cubiculum
1197 2869 1244 2904 ut
1266 2863 1540 2904 abscondaris.
1593 2864 1629 2888 ²⁶
1650 2863 1705 2903 Et
1727 2863 1785 2904 ait
1804 2876 1875 2904 rex
1898 2862 2039 2903 Israel:
2063 2862 2208 2904 Tollite

291 2923 515 2971 Michaeam,
540 2929 581 2964 et
601 2927 768 2963 maneat
789 2923 900 2976 apud
920 2923 1055 2963 Amon
1076 2922 1302 2975 principem
1324 2921 1517 2968 civitatis,
1542 2927 1583 2963 et
1604 2922 1715 2976 apud
1737 2922 1828 2963 Ioas
1850 2921 1978 2962 filium
1999 2921 2206 2971 Amelech,

291 2983 324 3006 2⁷
349 2987 389 3023 et
411 2981 533 3023 dicite
556 2981 629 3022 eis:
656 2981 753 3022 Haec
777 2981 875 3022 dicit
898 2994 985 3021 rex:
1011 2981 1165 3021 Mittite
1188 2980 1323 3021 virum
1346 2980 1471 3021 istum
1494 2980 1536 3021 in
1559 2993 1772 3029 carcerem,
1798 2986 1839 3022 et
1861 2985 2092 3022 sustentate
2115 2993 2207 3021 eum

290 3054 395 3094 pane
415 3040 704 3086 tribulationis,
728 3045 769 3081 et
789 3053 897 3094 aqua
918 3039 1127 3093 angustiae,
1151 3040 1279 3080 donec
1298 3044 1481 3080 revertar
1500 3039 1542 3080 in
1562 3053 1672 3093 pace.
1722 3040 1758 3064 2⁸
1776 3039 1976 3093 Dixitque
1996 3039 2205 3080 Michaeas:

290 3100 330 3141 Si
356 3113 539 3140 reversus
566 3099 688 3139 fueris
714 3099 755 3139 in
781 3112 892 3152 pace,
921 3112 1002 3140 non
1029 3104 1090 3139 est
1115 3098 1275 3140 locutus
1302 3098 1343 3139 in
1369 3111 1433 3139 me
1459 3098 1672 3140 Dominus.
1701 3098 1758 3139 Et
1783 3098 1859 3139 ait:
1888 3098 2040 3139 Audite
2066 3097 2207 3151 populi

291 3172 441 3199 omnes.

141 3225 228 3250 ΨΜ]
394 3219 429 3241 29
447 3217 643 3258 Ascendit
661 3217 801 3270 itaque
819 3229 890 3258 rex
911 3216 1045 3265 Israel,
1067 3223 1108 3257 01
1130 3216 1325 3270 Iosaphat
1342 3229 1413 3257 rex
1434 3216 1538 3257 Iuda
1554 3216 1595 3256 in
1618 3216 1798 3257 Ramoth
1817 3215 1986 3257 Galaad.
2035 3217 2072 3240 ³⁰
2088 3215 2207 3256 Dixit

100 3261 269 3319 “{u'ss'ifffre
291 3276 429 3329 itaque
449 3289 518 3317 rex
541 3275 661 3317 lsrael
680 3276 732 3317 ad
752 3276 966 3329 Iosaphat:
987 3276 1109 3317 Sume
1129 3288 1253 3324 arma,
1275 3280 1316 3316 et
1333 3275 1540 3329 ingredere
1560 3275 1754 3328 praelium,
1776 3280 1817 3316 et
1833 3275 2001 3315 induere
2019 3273 2205 3315 vestibus

290 3334 382 3375 tuis.
417 3348 535 3388 porro
568 3348 637 3375 rex
672 3334 794 3375 lsrael
826 3335 1008 3375 mutavit
1039 3333 1227 3375 habitum
1260 3347 1392 3378 suum,
1427 3339 1467 3375 et
1498 3334 1699 3387 ingressus
1732 3339 1793 3375 est
1824 3333 1987 3375 bellum.
2049 3335 2081 3358 ³¹
2116 3333 2206 3374 Rex

291 3401 429 3434 autem
453 3394 578 3446 Syrize
602 3399 850 3447 praeceperat
872 3393 1122 3447 principibus
1146 3405 1337 3434 curruum
1362 3392 1531 3447 triginta
1554 3393 1726 3442 duobus,
1752 3392 1906 3434 dicens:
1933 3392 2025 3434 Non
2048 3404 2204 3446 pugna-

425 3509 478 3550 22,
508 3511 524 3543 1
556 3510 593 3542 ³³2
624 3510 689 3543 Par
718 3510 770 3549 18,
800 3512 827 3543 1.
