2356 3760
501 471 1457 559 PROPHETIA
1547 472 1966 562 OSEE.

608 699 647 748 1.
688 697 965 748 Actiones
1007 696 1338 761 symbolicae
1380 697 1539 754 Osee,
1581 699 1620 754 1,
1650 698 1794 753 1-3,
1821 701 1868 751 5.

684 789 722 827 1.
753 787 1092 827 Matrimonium
1126 798 1225 827 cum
1258 787 1518 839 fornicaria,
1546 789 1726 839 1,1-2,
1746 789 1784 828 1.

120 869 227 907 '¹‘i1111112
384 862 419 904 1.
476 863 485 884 ¹
514 860 691 899 Verbum
717 858 895 903 Domini,
923 859 1033 912 quod
1058 858 1214 899 factum
1240 863 1301 899 est
1326 858 1375 899 ad
1403 859 1503 900 Osee
1529 858 1655 900 filium
1682 859 1808 905 Beeri,
1836 860 1876 900 in
1901 859 2043 901 diebus
2069 859 2190 909 Oziae,

138 905 208 930 'm‘
282 920 465 961 loathan.
492 919 639 961 Achaz.
666 917 850 958 Ezechiae
873 930 1013 971 regum
1040 917 1154 961 luda.
1181 922 1221 958 et
1244 917 1285 958 in
1310 917 1451 959 diebus
1478 918 1691 960 leroboam
1716 917 1785 958 filii
1812 918 1902 960 Ioas
1926 919 2028 973 regis
2054 918 2190 961 Israel.

82 987 266 1049 ‘³‘'¹4',¹42'Jn¹¹.⁸‘'s
383 982 397 1003 '-'
421 977 666 1030 Principium
687 976 880 1030 loquendi
901 976 1078 1017 Domino
1100 976 1140 1016 in
1162 976 1281 1017 Osee:
1305 982 1346 1017 et
1366 976 1472 1018 dixit
1492 977 1693 1018 Dominus
1714 977 1766 1018 ad
1788 976 1907 1018 Osee:
1930 977 2056 1025 Vade,
2079 990 2193 1019 sume

280 1038 352 1079 tibi
378 1050 543 1078 uxorem
570 1035 900 1080 fornicationum,
928 1040 969 1076 et
993 1036 1057 1076 fac
1082 1035 1156 1076 tibi
1183 1035 1283 1076 filios
1308 1035 1645 1077 fornicationum:
1673 1036 1770 1090 quia
1792 1036 1996 1077 fornicans
2020 1036 2193 1078 fornica-

277 1096 386 1136 bitur
415 1102 519 1136 terra
548 1108 571 1135 a
601 1094 787 1136 Domino.
843 1097 858 1119 ³
886 1094 942 1135 Et
969 1093 1081 1139 abiit,
1112 1099 1153 1135 et
1181 1094 1338 1148 accepit
1365 1094 1515 1136 Gomer
1542 1094 1666 1136 filiam
1693 1094 1926 1136 Debelaim:

110 1196 114 1219 Ι
131 1160 228 1218 ¹'¹¹*}¹l¹¹¹>¹
382 1161 419 1195 et
442 1153 639 1207 concepit,
662 1158 703 1195 et
722 1153 880 1207 peperit
902 1153 937 1194 ei
956 1152 1096 1194 filium.
1146 1155 1160 1177 ⁴
1180 1153 1235 1193 Et
1255 1153 1361 1194 dixit
1380 1154 1581 1195 Dominus
1602 1154 1654 1195 ad
1674 1167 1785 1195 eum:
1808 1154 1920 1195 Voca
1938 1167 2088 1195 nomen
2108 1154 2192 1196 eius

121 1202 210 1218 ’ΠΗ
234 1215 238 1221 ’
282 1212 472 1254 iezrahel:
503 1212 696 1266 quoniam
724 1213 858 1253 adhuc
884 1211 1103 1261 modicum,
1133 1216 1174 1252 et
1200 1212 1377 1254 visitabo
1404 1212 1642 1266 sanguinem
1671 1212 1851 1254 Iezrahel
1876 1226 1997 1267 super
2023 1213 2191 1255 domum

278 1272 387 1314 lehn.
416 1278 455 1313 et
483 1272 685 1326 quiescere
710 1271 859 1312 faciam
886 1284 1053 1323 regnum
1082 1271 1226 1312 domus
1255 1270 1389 1312 lsrael.
1443 1273 1459 1295 ⁵
1485 1272 1541 1312 Et
1565 1271 1606 1312 in
1632 1271 1700 1312 illa
1725 1271 1788 1313 die
1815 1277 2025 1313 conteram
2052 1284 2192 1312 arcum

277 1330 398 1371 lsrael
427 1330 468 1371 in
497 1330 601 1371 valle
634 1330 823 1372 Iezrahel.

76 1392 261 1451 Μζξξξξῗζῖᾒω
384 1392 398 1413 ⁶
424 1390 480 1431 Et
506 1390 693 1443 concepit
719 1389 864 1438 adhuc,
893 1394 934 1430 et
960 1389 1118 1443 peperit
1144 1388 1280 1430 filiam.
1309 1389 1365 1430 Et
1391 1389 1496 1430 dixit
1522 1389 1574 1430 ei:
1603 1389 1715 1431 Voca
1740 1402 1889 1430 nomen
1915 1388 1999 1429 eius
2024 1388 2192 1442 Absque

84 1444 93 1451 ⁴
197 1445 201 1450 ’
276 1448 568 1490 misericordia:
607 1449 702 1503 quia
737 1462 818 1490 non
854 1448 1004 1489 addam
1041 1447 1150 1489 ultra
1184 1448 1361 1489 misereri
1397 1448 1537 1490 domui
1575 1447 1710 1493 lsrael,
1748 1448 1818 1489 sed
1854 1447 2058 1489 oblivione
2094 1447 2192 1489 obli-

275 1507 406 1548 viscar
434 1521 586 1549 eorum.
647 1509 660 1531 ⁷
690 1507 746 1548 Et
775 1507 914 1548 domui
946 1507 1050 1548 Iuda
1078 1507 1308 1554 miserebor,
1341 1512 1382 1548 et
1410 1506 1578 1548 salvabo
1609 1520 1675 1548 eos
1705 1507 1745 1547 in
1774 1507 1952 1549 Domino
1981 1506 2069 1548 Deo
2099 1519 2190 1548 suo:

276 1572 316 1607 et
342 1580 421 1608 non
448 1566 616 1608 salvabo
642 1580 709 1608 eos
734 1566 774 1606 in
801 1579 907 1610 arcu,
936 1570 977 1606 et
1000 1565 1148 1619 gladio,
1176 1570 1217 1606 et
1240 1566 1281 1606 in
1308 1565 1424 1614 bello,
1452 1571 1493 1606 et
1516 1566 1558 1606 in
1584 1565 1709 1619 equis,
1738 1570 1780 1606 et
1803 1566 1844 1606 in
1870 1565 2088 1620 equitibus.

100 1624 236 1684 vigiliis
383 1627 398 1650 ⁸
426 1625 482 1666 Et
507 1625 735 1666 ablactavit
763 1638 864 1673 eam,
897 1637 987 1678 quae
1015 1629 1103 1665 erat
1130 1624 1297 1678 Absque
1325 1624 1611 1666 misericordia.
1651 1624 1708 1665 Et
1736 1624 1934 1678 concepit,
1965 1629 2007 1666 et
2033 1623 2193 1678 peperit

111 1678 118 1684 ⁴
241 1679 245 1684 ’
276 1684 414 1726 filium.
474 1686 489 1709 ⁹
517 1685 572 1725 Et
599 1684 721 1725 dixit:
751 1684 862 1725 Voca
888 1696 1038 1725 nomen
1066 1683 1168 1724 eius:
1199 1683 1291 1724 Non
1318 1683 1494 1737 populus
1521 1696 1653 1724 meus:
1685 1683 1780 1737 quia
1807 1696 1879 1724 vos
1907 1696 1989 1724 non
2016 1682 2192 1737 populus

275 1756 399 1787 meus.
433 1749 473 1784 et
503 1757 574 1797 ego
604 1756 685 1784 non
716 1756 782 1784 ero
812 1747 958 1784 vester.

72 1808 260 1863 nogfffiguffssfw
382 1804 417 1827 ¹0
444 1802 500 1843 Et
528 1802 601 1843 erit
630 1815 822 1843 numerus
850 1801 1025 1844 filiorum
1055 1801 1180 1842 Israel
1208 1801 1323 1855 quasi
1352 1814 1475 1842 arena
1502 1801 1636 1849 maris,
1669 1814 1758 1854 quae
1786 1800 1870 1841 sine
1898 1812 2089 1841 mensura
2116 1804 2189 1849 est,

98 1874 244 1897 mmmm.
276 1866 315 1902 et
336 1875 417 1903 non
437 1861 731 1902 numerabitur.
760 1861 834 1902 aEt
853 1860 930 1901 erit
948 1860 989 1901 in
1008 1860 1096 1902 loco
1116 1860 1186 1901 ubi
1207 1860 1364 1901 dicetur
1384 1860 1456 1901 eis:
1480 1860 1571 1901 Non
1592 1859 1767 1913 populus
1787 1872 1900 1900 meus
1920 1872 2011 1900 vos:
2034 1858 2192 1900 dicetur

273 1920 346 1961 eis:
377 1920 466 1961 Filii
496 1920 572 1961 Dei
601 1920 791 1961 viventis.
850 1922 879 1944 ¹¹
910 1919 966 1960 Et
995 1919 1352 1973 congregabuntur
1380 1918 1449 1959 filii
1480 1918 1595 1968 Iuda,
1627 1923 1669 1959 et
1697 1917 1766 1959 filii
1797 1917 1921 1959 Israel
1949 1917 2119 1971 pariter:
2150 1922 2192 1958 et

273 1985 428 2033 ponent
458 1979 623 2020 sibimet
653 1984 779 2032 caput
809 1992 949 2026 unum,
983 1983 1025 2019 et
1055 1979 1278 2020 ascendent
1308 1978 1358 2019 de
1389 1982 1515 2019 terra:
1550 1977 1646 2031 quia
1675 1990 1848 2030 magnus
1880 1976 1963 2017 dies
1997 1974 2188 2017 Iezrahel.

272 2038 311 2081 2.
367 2041 379 2063 ¹
407 2038 541 2079 Dicite
566 2038 762 2079 fratribus
789 2037 953 2079 vestris:
981 2037 1163 2091 Populus
1188 2050 1320 2078 meus:
1349 2041 1390 2077 et
1415 2036 1541 2078 sorori
1567 2040 1725 2085 vestrae,
1753 2035 2071 2077 Misericordiam
2097 2047 2190 2077 con-

272 2102 424 2138 becum.
518 2162 557 2200 2.
587 2159 825 2200 Peccatum
858 2160 901 2200 et
929 2170 1068 2212 poena
1097 2169 1273 2199 necnon
1305 2158 1534 2199 restitutio
1565 2158 1717 2210 lsrael,
1747 2160 1786 2209 2,
1806 2158 1952 2199 2—24.

96 2230 178 2254 ΜΗ
202 2230 251 2253 1)·’1
294 2234 309 2257 2
332 2231 516 2272 Iudicate
542 2236 715 2272 matrem
743 2236 935 2275 vestram,
964 2230 1160 2271 iudicate:
1243 2229 1435 2284 quoniam
1462 2229 1551 2283 ipsa
1576 2243 1658 2271 non
1685 2242 1788 2271 uxor
1812 2242 1915 2278 mea,
1944 2233 1986 2269 et
2011 2241 2083 2282 ego
2109 2241 2191 2269 non

89 2273 255 2325 <›i›lii·i¹s¹m·ns
540 2290 600 2330 Vll*
630 2290 724 2331 GlUS.

92 2338 251 2401 ‘'53:5555251
330 2350 489 2390 auferat
507 2349 795 2391 fornicationes
811 2362 905 2390 suas
922 2362 946 2389 a
962 2347 1064 2389 facie
1081 2361 1165 2393 sua.
1238 2352 1280 2389 et
1296 2347 1498 2389 adulteria
1514 2360 1588 2388 sua
1604 2348 1654 2388 de
1670 2346 1804 2388 medio
1821 2347 1992 2387 uberum
2010 2358 2188 2386 suorum.

98 2407 246 2437 ‘'fffi‘ss'ffflf*
293 2412 307 2433 ³
330 2409 389 2449 Ne
407 2409 512 2450 forte
530 2408 730 2461 expoliem
750 2421 838 2448 eam
857 2408 1024 2455 nudam,
1098 2412 1139 2448 et
1157 2411 1340 2449 statuam
1359 2419 1448 2448 eam
1467 2406 1691 2447 secundum
1711 2405 1817 2447 diem
1836 2404 2070 2446 nativitatis
2088 2417 2188 2445 suae:

327 2473 366 2508 et
395 2481 546 2521 ponam
575 2480 664 2508 eam
694 2466 809 2520 quasi
837 2466 1113 2515 solitudinem,
1196 2471 1238 2506 et
1265 2470 1447 2507 statuam
1477 2478 1566 2506 eam
1595 2464 1709 2506 velut
1737 2469 1888 2505 terram
1916 2463 2084 2513 inviam,

328 2534 367 2567 et
398 2526 638 2567 interficiam
669 2538 757 2566 eam
788 2525 866 2567 siti.

293 2587 307 2609 ‘²
328 2585 382 2626 Et
413 2585 585 2626 filiorum
616 2584 720 2625 illius
750 2597 831 2626 non
861 2584 1098 2625 miserebor:
1184 2584 1377 2638 quoniam
1408 2582 1477 2624 filii
1506 2583 1826 2624 fornicationum
1856 2586 1963 2623 sunt.

292 2646 307 2668 ⁵
329 2644 424 2697 quia
452 2644 655 2685 fornicata
683 2648 745 2684 est
773 2649 905 2684 mater
935 2655 1086 2691 eorum,
1171 2643 1341 2684 confusa
1370 2647 1432 2683 est
1461 2655 1552 2696 quae
1581 2642 1768 2695 concepit
1797 2654 1882 2683 eos:

330 2703 423 2755 quia
449 2703 570 2743 dixit:
598 2703 757 2743 Vadam
783 2707 875 2756 post
901 2706 1104 2743 amatores
1130 2715 1252 2751 meos,
1334 2701 1402 2755 qui
1428 2701 1531 2742 dant
1555 2714 1681 2755 panes
1707 2700 1818 2749 mihi,
1846 2705 1887 2741 et
1911 2711 2040 2753 aquas
2065 2711 2188 2747 meas,

329 2761 461 2802 lanam
494 2775 639 2806 meam,
672 2767 712 2802 et
741 2761 868 2802 linum
898 2774 1047 2804 meum.
1133 2760 1266 2801 oleum
1296 2774 1445 2809 meum,
1477 2764 1519 2801 et
1547 2765 1693 2814 potum
1723 2772 1872 2800 meum.

295 2821 310 2843 ⁶
331 2820 500 2872 Propter
526 2820 601 2861 hoc
629 2833 718 2861 ecce
746 2833 817 2873 ego
845 2820 998 2873 sepiam
1028 2819 1136 2860 viam
1165 2825 1280 2860 tuam
1308 2819 1446 2873 spinis,
1529 2824 1570 2859 et
1596 2818 1749 2872 sepiam
1778 2831 1867 2859 eam
1894 2816 2082 2864 maceria,

332 2884 369 2917 et
403 2880 565 2919 semitas
598 2892 689 2919 suas
722 2893 803 2919 non
836 2878 1028 2919 inveniet.

297 2937 310 2958 ⁷
333 2936 380 2976 lii
417 2944 606 2989 sequetur
635 2944 837 2979 amatores
867 2951 972 2983 suos,
1058 2942 1098 2978 et
1127 2951 1208 2978 non
1239 2937 1519 2991 apprehendet
1548 2950 1633 2978 eos:

333 3003 369 3033 et
404 3002 553 3047 quwrvt
583 3010 659 3041 eos,
745 3002 785 3037 et
814 3010 895 3037 non
926 2996 1118 3041 inveniet,

333 3059 372 3091 et
403 3053 525 3092 dicei:
559 3054 727 3099 Vadam,
761 3061 801 3096 et
830 3060 1012 3096 revertar
1041 3056 1092 3095 ad
1124 3055 1254 3095 virum
1286 3068 1421 3095 meum
1454 3054 1646 3108 priorem:
1729 3053 1824 3107 quia
1850 3053 1952 3094 bene
1977 3051 2076 3092 mihi
2103 3055 2190 3092 erat

542 3118 637 3152 tum·
668 3115 793 3163 matris
825 3128 947 3168 quam
979 3128 1098 3155 nunc.

299 3170 313 3191 ‘³
336 3169 386 3208 Et
411 3170 491 3209 han·
514 3171 693 3212 nescirit.
719 3173 813 3225 quia
834 3187 905 3221 ego
927 3173 1018 3214 dedi
1042 3173 1074 3213 ei
1096 3173 1361 3222 frumentum,
1386 3178 1427 3213 et
1448 3172 1603 3219 vinum,
1627 3176 1668 3212 et
1689 3171 1834 3217 oleum,
1911 3175 1952 3211 et
1973 3173 2189 3223 argentum

544 3229 807 3281 multiplicavi
840 3232 885 3273 ei.
919 3237 959 3272 et
989 3245 1145 3275 aurum,
1180 3245 1269 3285 quae
1298 3232 1483 3272 fecerunt
1513 3230 1625 3272 Baal.

299 3288 313 3310 ‘³
339 3286 488 3326 lavim-0
523 3297 746 3329 convertar.
784 3298 820 3329 et
857 3304 1012 3331 sumam
1049 3291 1300 3331 frumentum
1338 3303 1473 3330 meum
1507 3290 1547 3330 in
1583 3295 1766 3343 tempore
1799 3301 1884 3335 suo,
1972 3291 2014 3327 et
2046 3286 2190 3327 vinum

542 3358 672 3385 meum
709 3347 744 3385 in
778 3354 956 3400 tempore
986 3363 1070 3397 suo,

334 3409 372 3444 et
405 3404 582 3444 liberabo
616 3404 748 3443 lanam
782 3420 909 3446 meam
945 3414 983 3447 et
1014 3408 1139 3448 linum
1173 3421 1321 3452 meum,
1408 3421 1497 3459 quae
1528 3406 1767 3461 operiebant
1796 3403 2060 3459 ignominiam
2092 3403 2188 3445 eius.

415 3508 442 3548 l,
467 3508 506 3541 IO
528 3507 634 3540 auom
658 3512 687 3546 1³,
711 3508 761 3541 20.
