2356 3760
127 1664 275 1689 scandali-

150 1702 254 1725 zantur

139 1736 166 1760 in
190 1736 264 1760 [9311Δ

113 2370 189 2394 Α1113».κί
218 2378 282 2394 911111

125 2413 148 2435 μ(
155 2407 250 2430 »testat
257 2417 270 2426 ··

106 2503 133 2522 vt
152 2498 286 2524 instructi

120 2809 276 2837 pradicant

114 2848 140 2864 vr
166 2848 279 2868 χ11111111,

128 3047 271 3076 Upinuiur

132 3083 268 3106 loannem

96 3119 291 3142 resurrexim:

316 150 393 190 990
1113 147 1423 181 EVANGELIUM
1979 152 2011 191 5,
2037 152 2155 191 26-6,
2182 153 2224 185 16

316 243 351 266 2⁶
377 246 417 282 et
444 241 578 282 fuerat
604 239 732 281 multa
762 254 949 293 perpessa
976 253 1000 280 a
1026 238 1301 293 compluribus
1328 241 1512 281 medicis:
1541 246 1580 281 et
1608 248 1847 294 erogaverat
1873 244 2012 285 omnia
2036 258 2120 288 sua.
2150 258 2222 285 nec

317 300 540 354 quidquam
566 300 803 353 profecerat.
830 299 899 338 sed
923 298 1050 351 magis
1075 298 1252 339 deterius
1277 299 1475 340 habebat:
1527 302 1560 324 ²⁷
1586 314 1676 341 cum
1702 301 1883 342 audisset
1906 302 1955 342 de
1981 303 2082 351 Iesu,
2109 303 2223 344 venit

315 359 355 399 in
372 359 492 399 turba
508 366 627 401 retro,
646 364 685 397 et
704 357 837 407 tetigit
856 357 1147 397 vestimentum
1164 357 1267 398 eius:
1311 360 1346 382 ²⁸
1361 358 1523 399 dicebat
1540 360 1665 399 enim:
1684 359 1789 408 Quia
1803 359 1834 400 si
1851 358 1914 400 vel
1930 361 2221 403 vestimentum

315 417 398 458 eius
425 417 606 467 tetigero,
633 414 745 456 salva
770 428 847 456 ero.
901 418 936 439 ²⁹
960 415 1015 455 Et
1039 416 1253 456 confestim
1278 417 1452 458 siccatus
1477 423 1536 458 est
1561 419 1650 459 fons
1675 418 1881 467 sanguinis
1906 419 2008 460 eius:
2034 424 2075 460 et
2098 421 2223 461 sensit

315 490 480 529 corpore
513 475 604 528 quia
637 480 783 514 sanata
813 480 917 514 esset
949 488 969 514 a
1002 472 1132 528 plaga.
1191 477 1228 499 ³⁰
1258 476 1313 516 Et
1343 475 1485 516 statim
1518 476 1628 517 Iesus
1659 477 1697 517 in
1730 477 1947 530 semetipso
1979 492 2222 529 cognoscens

315 535 523 576 virtutem,
549 547 637 586 quie
658 532 813 573 exierat
834 533 882 573 de
904 530 982 576 illo.
1007 547 1224 574 conversus
1246 535 1297 575 ad
1320 535 1496 578 turbam,
1521 534 1674 576 aiebat:
1700 535 1796 584 Quis
1819 536 1956 589 tetigit
1976 537 2224 578 vestimenta

315 594 428 634 mea?
485 596 513 616 ³³¹
547 593 599 632 Et
630 591 821 632 dicebant
851 591 884 631 ei
914 590 1100 645 discipuli
1129 592 1208 633 sui:
1243 593 1360 633 Vides
1392 594 1554 633 turbam
1585 594 1921 648 comprimentem
1952 600 2003 641 te,
2035 601 2076 636 et
2104 595 2221 637 dicis:

316 652 411 700 Quis
441 665 505 691 me
536 650 695 701 tetigit?
751 653 783 674 ³²
817 650 868 690 Et
896 650 1250 704 circumspiciebat
1278 651 1414 692 videre
1444 665 1545 697 eam,
1578 666 1667 706 quae
1695 654 1770 695 hoc
1800 654 1961 695 fecerat.
2019 657 2052 679 ³³
2080 653 2224 696 Mulier

315 724 408 751 vero
432 710 579 750 timens
601 716 642 750 et
665 716 852 752 1191119113,
878 709 1004 749 sciens
1029 711 1136 763 quod
1160 712 1316 751 factum
1339 716 1443 751 esset
1464 710 1505 751 in
1527 724 1579 756 se,
1605 711 1717 752 venit
1739 719 1779 753 et
1802 712 1977 765 procidit
1998 719 2093 754 ante
2115 727 2220 761 eum,

313 775 353 809 et
381 768 485 809 dixit
514 768 547 808 oi
577 782 737 809 omnem
770 768 997 809 veritatem.
1054 771 1086 793 ²³¹
1122 767 1187 809 1119
1216 774 1354 809 autem
1384 769 1487 810 dixit
1517 769 1569 810 ei:
1604 769 1735 816 ³Filia,
1767 772 1865 812 fides
1894 777 1968 813 tua
1996 777 2035 813 te
2063 771 2222 813 salvam

312 828 425 869 fecit:
455 828 559 868 vado
587 828 625 867 in
654 841 763 880 pace,
793 834 830 867 et
860 833 946 867 esto
973 841 1070 868 sana
1099 841 1122 868 a
1148 826 1268 881 plaga
1295 834 1378 869 tua.
1433 831 1466 853 ²³5
1492 829 1637 869 Adhuc
1665 842 1710 870 eo
1736 828 1940 884 loquente.
1971 830 2144 872 veniunt
2171 832 2222 872 ab

312 886 644 940 archisynagogo.
675 886 872 927 dicentes:
904 886 1009 934 Quia
1036 885 1115 926 filia
1146 892 1218 927 tua
1244 893 1408 928 mortua
1435 893 1513 928 est:
1544 887 1641 941 quid
1669 888 1777 929 ultra
1804 903 1928 930 vexas
1956 890 2221 942 Magistrum?

311 948 346 970 ³³⁶
388 946 493 986 lesus
530 952 668 986 autem
704 945 845 985 audito
881 945 1017 989 verbo,
1057 946 1165 998 quod
1201 945 1424 990 dicebatur,
1462 946 1519 987 ait
1555 946 1892 1001 archisynagogo:
1932 947 2023 990 Noli
2058 948 2220 989 timere:

312 1005 602 1045 tantummodo
621 1004 748 1044 crede.
793 1005 828 1027 3⁷
846 1003 902 1044 Et
919 1017 998 1045 non
1018 1004 1182 1045 admisit
1202 1018 1451 1059 quemquam
1469 1019 1509 1046 se
1526 1006 1639 1059 sequi
1658 1005 1733 1047 nisi
1751 1000 1930 1051 Petrum,
1950 1012 1992 1048 et
2010 1008 2218 1057 Iacobum,

311 1068 352 1104 et
391 1064 581 1105 loannem
616 1063 782 1103 fratrem
818 1062 966 1103 Iacobi.
1027 1065 1063 1086 ³⁸
1095 1064 1151 1104 Et
1184 1063 1356 1105 veniunt
1388 1064 1428 1104 in
1462 1064 1630 1105 domum
1664 1065 1983 1120 archisynagogi,
2035 1071 2076 1107 et
2110 1066 2223 1107 videt

312 1120 549 1167 tumultum,
570 1126 610 1162 et
628 1121 781 1165 flentes.
802 1127 843 1161 et
860 1119 1057 1162 eiulantes
1076 1120 1264 1164 multum.
1310 1125 1346 1147 3⁹
1363 1123 1418 1164 Et
1435 1123 1647 1177 ingressus,
1668 1123 1726 1164 ait
1743 1122 1837 1165 illis:
1858 1119 1965 1174 Quid
1982 1125 2220 1173 turbamini,

310 1187 351 1222 et
378 1179 571 1234 plora-tis?
600 1178 735 1233 puella
761 1193 842 1221 non
870 1185 932 1220 est
959 1187 1133 1225 mortua,
1163 1182 1233 1222 sed
1261 1182 1423 1223 dormit.
1473 1184 1510 1206 4⁰
1536 1183 1591 1223 Et
1618 1182 1843 1224 irridebant
1869 1198 1974 1227 eum.
2006 1184 2097 1238 Ipse
2127 1197 2221 1225 vero

309 1240 446 1280 eiectis
466 1239 654 1281 omnibus
674 1238 844 1280 assumit
864 1244 1035 1292 patrem,
1057 1245 1098 1280 et
1116 1245 1290 1281 matrem
1310 1239 1464 1294 puellae,
1486 1246 1527 1282 et
1546 1241 1613 1295 qui
1633 1255 1768 1283 secum
1787 1248 1915 1287 erant.
1936 1248 1977 1284 et
1995 1242 2224 1293 ingreditur

310 1299 379 1339 ubi
406 1297 540 1353 puella
569 1305 655 1339 erat
684 1298 828 1339 iacens
886 1300 917 1322 11
946 1298 1001 1339 Et
1028 1305 1171 1339 tenens
1199 1313 1368 1340 manum
1395 1298 1550 1353 puellae,
1581 1300 1640 1341 ait
1666 1299 1741 1341 illi:
1771 1300 1935 1342 Talitha
1962 1295 2080 1348 cunii,
2112 1302 2221 1355 quod

309 1364 370 1399 est
402 1357 738 1411 interpretatum:
774 1355 915 1398 Puella
948 1357 1040 1408 (tibi
1074 1357 1181 1411 dieo)
1214 1372 1342 1413 surge.
1405 1361 1436 1383 ⁴²
1470 1364 1511 1400 et
1544 1360 1758 1401 confestim
1792 1360 1967 1401 surrexit
1999 1358 2146 1414 puella,
2182 1366 2223 1401 et

308 1415 567 1458 ambulabat:
609 1422 695 1457 erat
736 1422 873 1457 autem
914 1429 1113 1457 annorum
1154 1417 1388 1459 duodecim:
1429 1423 1470 1459 et
1510 1419 1813 1472 obstupuerunt
1851 1425 2018 1473 stupore
2056 1432 2218 1473 magno.

308 1478 339 1500 ’¹3
372 1476 426 1517 Et
457 1476 648 1530 praecepit
679 1473 754 1516 illis
787 1475 1049 1516 vehementer
1079 1482 1124 1516 ut
1155 1490 1275 1517 nemo
1305 1476 1346 1517 id
1377 1476 1514 1517 sciret:
1548 1483 1589 1518 et
1619 1477 1723 1518 dixit
1755 1478 1841 1518 dari
1872 1476 1928 1519 illi
1958 1478 2219 1519 manducare.

787 1591 825 1630 8.
857 1590 1152 1632 {net-edulitas
1183 1590 1536 1642 Nazarenorum,
1565 1591 1604 1642 6,
1624 1592 1743 1633 1—6.

414 1663 452 1705 6.
509 1665 520 1686 ¹
552 1662 608 1702 Et
632 1675 812 1715 egressus
837 1661 942 1705 inde,
975 1661 1097 1702 babiit
1121 1661 1161 1702 in
1187 1661 1364 1715 patriam
1390 1675 1525 1702 suam:
1552 1668 1593 1703 et
1617 1663 1895 1716 sequebantur
1918 1677 2011 1704 eum
2036 1662 2222 1717 discipuli

309 1721 388 1762 sui:
437 1724 451 1745 ’2
472 1726 513 1761 et
532 1721 642 1762 facto
664 1720 838 1762 sabbato
859 1720 985 1774 coepit
1004 1720 1045 1760 111
1066 1734 1274 1774 synagoga
1294 1721 1454 1762 docere:
1477 1726 1518 1761 et
1538 1719 1657 1761 multi
1677 1721 1889 1762 audientes
1910 1722 2223 1763 admirabantur

307 1780 347 1821 in
373 1780 561 1821 doctrina
586 1779 681 1825 eius,
710 1779 909 1820 dicentes:
938 1779 1056 1820 Unde
1080 1779 1174 1820 huic
1199 1780 1284 1820 haec
1310 1779 1470 1821 omnia?
1498 1785 1539 1820 et
1566 1793 1654 1833 quae
1679 1785 1741 1820 est
1765 1780 1978 1832 sapientia,
2007 1793 2097 1834 quae
2122 1780 2223 1821 data

306 1845 367 1880 est
390 1837 464 1879 illi:
490 1845 531 1880 et
555 1838 730 1879 virtutes
755 1836 867 1883 tales,
896 1852 985 1892 quae
1008 1852 1080 1892 per
1102 1852 1247 1879 manus
1272 1838 1355 1879 eius
1380 1838 1638 1879 efficiuntur?
1690 1840 1705 1862 3
1736 1839 1897 1879 CNonne
1921 1838 1985 1879 hic
2009 1844 2071 1880 est
2092 1839 2219 1887 faber,

306 1897 410 1939 filius
438 1897 587 1941 Mariae.
617 1898 744 1938 frater
772 1896 922 1946 Iacobi,
952 1903 993 1938 et
1021 1898 1180 1951 Ioseph,
1210 1903 1251 1939 et
1280 1898 1402 1946 Iudae,
1433 1903 1474 1938 et
1499 1897 1699 1939 Simonis?
1728 1911 1862 1938 nonne
1889 1902 1930 1938 et
1956 1911 2110 1939 sorores
2137 1897 2221 1939 eius

306 1958 369 1998 hic
399 1957 610 1998 nobiscum
641 1956 761 1997 sunt?
793 1957 849 1997 Et
878 1954 1265 1997 scandalizabantur
1293 1957 1333 1997 111
1364 1955 1442 1998 1110.
1501 1958 1516 1980 4
1546 1957 1601 1997 Et
1630 1956 1793 1997 dicebat
1823 1954 1899 1997 illis
1931 1956 2060 2012 Iesus:
2094 1956 2222 2005 dQuia

306 2030 387 2058 non
413 2022 474 2057 est
498 2016 702 2070 propheta
726 2015 810 2056 sine
836 2016 987 2057 honore
1013 2015 1089 2057 nisi
1114 2015 1155 2056 in
1180 2015 1316 2070 patria
1340 2029 1425 2062 sua,
1454 2021 1495 2057 et
1520 2015 1560 2056 in
1586 2016 1707 2057 domo
1734 2029 1818 2063 sua,
1846 2020 1888 2056 et
1912 2015 1953 2056 in
1979 2015 2221 2069 cognatione

305 2089 389 2117 sua.
447 2078 462 2099 5
492 2075 547 2116 Et
576 2089 657 2116 non
686 2080 851 2128 poterat
879 2074 935 2115 ibi
964 2074 1161 2116 virtutem
1192 2073 1318 2116 ullam
1347 2075 1491 2119 facere,
1523 2074 1599 2115 nisi
1628 2088 1779 2128 paucos
1808 2074 1989 2116 infirmos
2018 2073 2219 2128 impositis

307 2134 494 2175 manibus
513 2133 691 2175 curavit:
741 2135 755 2156 ‘³
773 2139 812 2174 et
830 2133 1059 2174 mirabatur
1075 2140 1243 2187 propter
1259 2131 1589 2174 incredulitatem
1608 2147 1759 2183 eorum,
1780 2138 1821 2174 et
1838 2133 2037 2174 circuibat
2054 2131 2221 2174 castella

305 2193 346 2234 in
373 2193 544 2234 circuitu
573 2193 732 2234 docens.

685 2297 723 2337 9.
754 2296 912 2337 Missio
943 2296 986 2337 et
1017 2295 1241 2337 institutio
1271 2296 1606 2347 apostotorum,
1637 2296 1675 2347 6,
1696 2297 1840 2337 7—13.

413 2370 426 2391 ⁷
457 2368 530 2408 eEt
554 2367 721 2409 vocavit
745 2367 979 2408 duodecim:
1006 2373 1047 2408 et
1070 2366 1197 2420 coepit
1219 2380 1286 2408 eos
1310 2366 1474 2408 mittere
1498 2366 1626 2415 binos,
1653 2372 1694 2407 et
1717 2367 1846 2407 dabat
1868 2364 1945 2407 illis
1969 2371 2218 2420 potestatem

303 2427 521 2481 spirituum
549 2426 867 2467 immundorum.

411 2500 425 2521 ⁸
455 2498 510 2538 Et
539 2496 731 2551 praecepit
760 2496 814 2537 eis
844 2510 893 2537 ne
923 2496 1021 2550 quid
1050 2495 1241 2537 tollerent
1269 2496 1310 2537 in
1339 2496 1417 2544 via,
1449 2496 1525 2537 11131
1554 2495 1711 2549 virgam
1740 2500 1924 2536 tantum:
1955 2508 2037 2537 non
2065 2508 2217 2549 peram,

303 2570 384 2597 non
405 2570 565 2610 panem,
588 2569 719 2609 neque
740 2555 781 2595 in
802 2569 903 2596 zona
925 2569 988 2601 tes,
1041 2558 1056 2579 ⁹
1087 2556 1170 2596 fsed
1191 2553 1392 2597 calceatos
1413 2553 1618 2598 sandaliis,
1642 2560 1683 2595 et
1702 2568 1751 2595 ne
1772 2554 2039 2595 induerentur
2059 2554 2218 2595 duabus

304 2615 463 2656 tunicis.
520 2617 555 2639 ¹⁰
580 2615 635 2655 Et
662 2614 824 2655 dicebat
851 2614 924 2655 eis:
955 2615 1223 2668 Quocumque
1249 2614 1486 2655 introieritis
1512 2614 1553 2654 in
1580 2614 1767 2655 domum:
1795 2611 1875 2653 illio
1901 2618 2064 2654 manete
2090 2613 2219 2655 donec

303 2674 457 2715 exeatis
487 2674 598 2714 inde:
658 2676 684 2697 ¹¹
717 2678 759 2714 et
789 2673 1035 2727 quicumque
1065 2687 1146 2715 non
1175 2673 1401 2727 receperint
1431 2687 1515 2717 vos,
1548 2686 1620 2714 nec
1650 2671 1854 2713 audierint
1883 2685 1967 2719 vos,
2003 2677 2218 2713 &exeuntes

304 2734 407 2776 inde.
438 2733 618 2774 excutite
645 2731 854 2786 pulverem
882 2733 930 2772 de
958 2732 1129 2785 pedibus
1157 2732 1301 2773 vestris
1329 2732 1369 2773 in
1396 2731 1677 2773 testimonium
1706 2729 1795 2772 illis.

412 2805 441 2827 ¹2
471 2803 526 2844 Et
555 2808 750 2843 exeuntes
780 2801 1061 2855 praedicabant
1090 2808 1137 2842 ut
1166 2801 1453 2855 poenitentiam
1485 2807 1668 2856 agerent:
1728 2804 1759 2825 ¹³
1787 2806 1829 2842 et
1857 2801 2059 2842 daemonia
2086 2798 2218 2841 multa

306 2862 532 2905 eiiciebant,
562 2867 626 2902 het.
651 2862 861 2915 ungebant
886 2859 972 2902 oleo
997 2859 1148 2902 multos
1174 2874 1311 2915 aegros,
1339 2866 1381 2901 et
1405 2861 1620 2902 sanabant.

754 2977 819 3016 10.
849 2976 1042 3016 Herodis
1071 2975 1315 3016 tetrarchae
1346 2977 1515 3027 opinio,
1543 2976 1583 3027 6,
1602 2976 1780 3016 14—29.

410 3050 442 3071 ¹⁴
486 3048 553 3089 jEt
588 3047 748 3088 audivit
781 3061 850 3088 rex
886 3046 1080 3091 Herodes.
1117 3047 1398 3097 (manifestum
1433 3046 1539 3087 enim
1574 3047 1730 3087 factum
1765 3050 1826 3086 est
1859 3058 2007 3086 nomen
2041 3045 2142 3098 eius)
2176 3049 2218 3085 et

307 3106 487 3146 dicebat:
508 3107 609 3154 Quia
631 3107 802 3147 loannes
822 3106 1013 3159 Baptista
1028 3105 1247 3146 resurrexit
1265 3119 1286 3145 a
1305 3105 1495 3147 mortuis:
1514 3111 1553 3146 et
1572 3110 1788 3158 propterea
1804 3104 1978 3145 virtutes
1997 3108 2218 3157 operantur

305 3165 342 3205 in
370 3163 447 3205 illo.
504 3168 532 3189 ¹⁵
558 3164 633 3205 Alii
660 3172 796 3206 autem
823 3165 1033 3206 dicebant:
1062 3164 1163 3213 Quia
1195 3163 1300 3204 Elias
1325 3170 1397 3205 est.
1425 3163 1502 3204 Alii
1529 3177 1623 3205 vero
1648 3163 1859 3204 dicebant:
1887 3162 1990 3211 Quia
2015 3162 2214 3216 propheta

305 3230 377 3267 est,
413 3224 527 3277 quasi
562 3238 663 3263 unus
697 3238 745 3264 ex
778 3224 998 3277 prophetis.
1061 3225 1095 3247 ¹⁶
1128 3223 1217 3272 Quo
1250 3223 1391 3264 audito
1427 3223 1607 3263 Herodes
1640 3222 1715 3263 ait:
1751 3223 1880 3271 Quem
1913 3235 1984 3275 ego
2017 3219 2215 3262 decollavi

309 3283 515 3326 loannem.
548 3283 611 3322 hic
641 3296 662 3322 a
694 3283 863 3323 mortuis
894 3281 1124 3323 resurrexit.

441 3409 482 3441 34
507 3409 572 3441 ³Lc
598 3409 627 3442 7.
653 3409 704 3442 50.
767 3430 771 3431 ν
798 3412 828 3450 6,
859 3412 871 3442 Ι
900 3410 970 3443 but
994 3410 1044 3443 13.
1067 3410 1124 3446 542
1153 3409 1197 3442 Le
1220 3410 1250 3447 4,
1276 3411 1324 3442 1⁴5.
1385 3431 1393 3432 ff
1419 3410 1439 3442 3
1464 3409 1518 3442 ‘'lo
1541 3410 1571 3443 (5.
1595 3409 1645 3441 42.
1739 3408 1759 3440 4
1779 3407 1851 3440 th
1874 3407 1925 3445 13,
1950 3406 2008 3443 572
2036 3406 2081 3439 Lc
2104 3407 2134 3442 4.
2158 3407 2214 3440 24:

309 3455 347 3489 Io
373 3456 402 3493 4,
429 3456 479 3488 44.
509 3477 547 3479 »ἡ
574 3457 592 3488 7
620 3456 687 3488 eMt
715 3456 765 3496 10,
794 3458 825 3489 i:
852 3458 922 3500 Sup
951 3458 981 3496 3,
1013 3458 1067 3497 14;
1096 3457 1139 3489 Le
1168 3458 1198 3496 9,
1229 3458 1257 3489 1.
1286 3478 1325 3479 κν
1349 3458 1369 3489 9
1403 3457 1480 3489 fAct
1509 3457 1560 3490 12.
1590 3456 1619 3489 8.
1647 3476 1687 3478 —
1714 3456 1751 3488 11
1779 3454 1848 3487 th
1878 3454 1928 3491 10,
1960 3454 2014 3493 142
2045 3453 2090 3487 Le
2118 3453 2149 3488 9.
2179 3453 2214 3493 5,

310 3505 375 3537 Act
402 3504 452 3543 13,
478 3503 534 3541 513
563 3503 613 3542 18,
640 3505 669 3536 ⁴5.
724 3524 736 3526 ⁴
764 3504 804 3536 1-‘2'
828 3504 905 3535 hlac
930 3504 960 3541 ἴ),
989 3505 1037 3537 14.
1080 3525 1104 3527 *⁷
1133 3504 1171 3537 14
1205 3503 1267 3536 ῑΜῒ
1293 3504 1343 3537 14.
1371 3505 1385 3536 l
1411 3515 1453 3538 sn:
1482 3503 1525 3535 lic
1549 3504 1579 3537 9.
1605 3503 1634 3537 Τ.
