2356 3760
155 105 184 143 1,
211 103 330 139 28--1.
355 103 396 136 69
720 103 1032 137 EVANGELIUM
1058 103 1314 138 SECUNDUM
1342 104 1498 138 LL'CAM
1952 106 2052 146 1007

154 196 203 236 de
228 196 348 236 domo
374 195 522 239 David,
550 201 589 236 et
615 208 762 236 nomen
788 195 952 248 virginis
977 195 1117 236 Maria.
1168 198 1203 220 ²⁸
1228 196 1282 237 Et
1308 197 1508 250 ingressus
1534 197 1710 248 Angelus
1737 198 1788 238 ad
1813 211 1901 238 eam
1928 198 2050 239 dixit:

153 254 240 294 Ave
254 254 386 306 gratia
400 254 537 307 plena:
554 253 753 294 Dominus
770 258 923 293 tecum:
942 254 1165 295 Benedicta
1179 259 1224 295 tu
1240 255 1281 295 in
1296 255 1543 296 mulieribus.
1587 257 1622 280 ²⁹
1639 255 1736 303 Quae
1752 269 1842 296 cum
1859 256 2049 299 audisset.

154 312 323 353 turbata
338 318 399 353 est
415 313 455 352 in
472 325 654 352 sermone
671 311 766 359 eius,
785 316 826 352 et
842 311 1052 365 cogitabat
1069 312 1197 366 qualis
1215 319 1318 354 esset
1334 313 1414 354 ista
1429 313 1636 355 salutatio.
1681 315 1717 338 3⁰
1732 313 1786 353 Et
1804 314 1859 354 ait
1877 314 2052 367 Angelus

153 370 206 411 ei:
239 370 298 410 Ne
328 371 471 411 timeas
500 369 640 413 Maria,
672 369 863 410 invenisti
893 369 999 410 enim
1028 370 1203 424 gratiam
1234 372 1344 424 apud
1372 372 1525 412 Deum:
1581 374 1612 397 ³¹
1647 384 1756 413 aecce
1785 373 1983 425 concipies
2014 372 2053 412 in

153 434 281 477 utero,
314 434 355 469 et
384 428 514 481 paries
546 427 683 471 filium,
716 432 757 468 et
790 428 974 469 bvocabis
1004 441 1152 470 nomen
1183 429 1266 470 eius
1300 430 1480 471 IESUM.
1538 433 1570 455 32
1600 430 1663 471 hic
1694 430 1769 471 erit
1799 443 1981 484 magnus.
2014 437 2053 471 et

154 487 277 527 Filius
306 486 503 527 Altissimi
534 485 758 529 vocabitur.
791 492 832 527 et
862 486 977 527 dabit
1008 486 1063 527 illi
1091 487 1292 528 Dominus
1321 489 1431 529 Deus
1462 489 1597 529 sedem
1627 489 1764 529 David
1793 489 1920 542 patris
1951 489 2052 529 eius:

160 550 217 586 cet
242 545 428 598 regnabit
454 545 494 585 in
520 545 641 585 domo
669 544 791 585 Iacob
817 545 857 585 in
883 550 1093 591 aeternum,
1147 548 1180 570 3³³
1205 552 1245 586 et
1271 547 1381 600 regni
1407 547 1490 587 eius
1517 561 1597 588 non
1623 548 1698 588 erit
1725 547 1827 589 finis.
1880 549 1914 571 3⁴
1938 546 2053 587 Dixit

152 608 290 643 autem
323 603 451 643 Maria
484 603 536 643 ad
566 602 785 656 Angelum:
821 604 1035 652 Quomodo
1068 604 1137 645 fiet
1170 604 1291 650 istud,
1328 605 1519 657 quoniam
1553 606 1686 646 virum
1718 619 1799 647 non
1832 604 2053 659 cognosco?

151 663 184 686 3⁵
215 661 270 702 Et
300 662 546 715 respondens
577 661 754 714 Angelus
786 661 889 702 dixit
921 662 973 702 ei:
1006 662 1180 716 Spiritus
1211 669 1376 703 sanctus
1408 664 1665 716 superveniet
1695 664 1737 704 in
1768 670 1819 706 te.
1853 670 1892 705 et
1924 664 2053 704 virtus

152 719 350 760 Altissimi
381 719 644 761 obumbrabit
676 719 763 761 tibi.
800 720 978 774 Ideoque
1009 726 1050 762 et
1083 721 1193 774 quod
1223 727 1414 762 nascetur
1444 735 1493 762 ex
1524 728 1565 762 te
1596 723 1806 765 Sanctum.
1840 723 2056 763 vocabitur

151 778 276 819 Filius
300 778 388 819 Dei.
441 779 476 802 36
500 777 555 818 Et
580 791 669 818 ecce
695 778 907 819 Elisabeth
931 785 1107 832 cognata
1131 786 1214 827 tua,
1242 786 1282 821 et
1306 780 1393 833 ipsa
1419 781 1604 833 concepit
1630 781 1756 821 filium
1781 781 1821 820 in
1846 786 2054 821 senectute

151 850 243 877 sua:
266 842 307 878 et
327 837 392 877 hic
413 835 560 876 mensis
582 843 721 877 sextus
743 842 804 878 est
825 837 892 882 illi,
918 850 1007 890 quae
1028 843 1201 879 vocatur
1221 838 1386 879 sterilis:
1434 840 1469 863 ³⁷
1493 839 1588 892 quia
1609 852 1690 880 non
1712 839 1786 879 erit
1808 839 2053 892 impossibile

152 895 263 948 apud
285 895 419 935 Deum
444 908 562 935 omne
587 895 769 936 verbum.
822 897 857 919 ³⁸
881 896 997 936 Dixit
1022 902 1160 937 autem
1185 897 1331 938 Maria:
1358 897 1462 938 Ecce
1487 897 1632 938 ancilla
1656 897 1833 940 Domini.
1861 897 1931 938 fiat
1956 897 2055 937 mihi

150 954 374 994 secundum
403 953 574 994 verbum
604 960 733 995 tuum.
766 954 820 994 Et
849 954 1031 996 discessit
1061 956 1112 995 ab
1141 955 1206 996 illa
1236 955 1425 1009 Angelus.

255 1026 290 1048 ³⁹
320 1024 530 1077 Exurgens
560 1030 698 1064 autem
728 1024 854 1065 Maria
884 1025 925 1065 in
955 1025 1096 1065 diebus
1125 1025 1200 1066 illis
1230 1026 1330 1066 abiit
1360 1026 1400 1066 in
1430 1032 1628 1067 montana
1657 1038 1748 1066 cum
1778 1025 2051 1071 festinatione,

151 1083 192 1123 in
224 1082 434 1123 civitatem
468 1082 588 1123 Iuda:
648 1084 684 1106 4⁰
715 1083 770 1123 Et
801 1083 973 1124 intravit
1004 1084 1045 1124 in
1077 1084 1244 1125 domum
1277 1084 1491 1129 Zacharia),
1526 1090 1566 1125 et
1598 1084 1795 1125 salutavit
1827 1084 2049 1125 Elisabeth.

150 1143 182 1166 ⁴¹
214 1141 270 1182 Et
300 1141 457 1181 factum
489 1146 561 1185 est,
596 1147 642 1181 ut
674 1141 834 1183 audivit
865 1142 1154 1184 salutationem
1187 1143 1325 1184 Mariae
1356 1143 1579 1187 Elisabeth.
1614 1143 1816 1184 exultavit
1848 1143 1981 1183 infans
2014 1142 2053 1182 in

151 1204 266 1241 utero
291 1199 393 1240 eius:
420 1204 460 1240 et
484 1199 639 1252 repleta
663 1206 725 1241 est
747 1200 901 1254 Spiritu
927 1206 1069 1242 sancto
1094 1201 1324 1242 Elisabeth:
1376 1204 1409 1226 ⁴2
1433 1207 1473 1242 et
1498 1201 1744 1242 exclamavit
1770 1215 1867 1242 voce
1891 1214 2051 1254 magna,

151 1263 191 1299 et
213 1258 335 1299 dixit:
360 1258 584 1299 Benedicta
604 1263 649 1299 tu
672 1259 778 1299 inter
797 1259 995 1308 mulieres,
1019 1265 1060 1301 et
1082 1260 1318 1301 benedictus
1341 1260 1497 1300 fruetus
1519 1260 1672 1300 ventris
1695 1260 1767 1301 tui.
1817 1262 1849 1284 ⁴3
1871 1259 1925 1300 Et
1947 1260 2054 1300 unde

151 1317 226 1358 hoc
248 1316 347 1357 mihi
369 1322 416 1357 ut
437 1317 576 1357 veniat
598 1323 730 1358 mater
751 1318 917 1358 Domini
938 1318 1017 1358 mei
1040 1318 1092 1359 ad
1113 1318 1202 1359 me?
1251 1320 1283 1343 ‘²⁴
1306 1319 1410 1359 Ecce
1432 1318 1540 1359 enim
1562 1323 1608 1359 ut
1631 1318 1742 1359 facta
1763 1323 1823 1358 est
1846 1331 1927 1359 vox
1949 1318 2054 1358 salu—

151 1375 318 1416 tationis
336 1380 417 1416 tuae
433 1376 474 1415 in
488 1376 651 1416 auribus
672 1376 781 1420 meis,
796 1376 998 1417 exultavit
1017 1376 1058 1417 in
1074 1377 1222 1429 gaudio
1238 1377 1371 1417 infans
1387 1377 1426 1417 in
1445 1382 1559 1418 utero
1574 1390 1675 1417 meo.
1715 1378 1747 1401 ‘¹⁵
1762 1377 2055 1429 etbeata,q11ae

150 1433 367 1482 credidisti,
389 1434 581 1487 quoniam
605 1434 865 1487 perficientur
888 1448 946 1478 ea,
968 1448 1057 1488 quse
1081 1435 1192 1476 dicta
1215 1441 1312 1476 sunt
1336 1435 1410 1476 tibi
1429 1448 1452 1475 a
1468 1436 1657 1477 Domino.
1705 1436 1740 1459 ⁴⁶
1758 1435 1813 1475 Et
1832 1435 1888 1475 ait
1907 1435 2053 1475 Maria:

201 1492 436 1546 Magnificat
478 1491 615 1532 anima
654 1505 746 1533 mea
785 1493 1027 1534 Dominum:
1123 1496 1156 1518 ²⁷
1198 1499 1240 1535 et
1280 1494 1483 1535 exultavit
1524 1493 1689 1547 spiritus
1731 1506 1843 1534 meus
1885 1493 1925 1534 in
1966 1494 2053 1534 Deo

411 1550 578 1591 salutari
609 1564 709 1592 meo.

148 1611 184 1634 4⁸
203 1609 307 1658 Quia
334 1609 511 1662 respexit
540 1609 816 1650 humilitatem
847 1610 1002 1651 ancillae
1030 1624 1130 1652 suae:
1214 1624 1303 1652 ecce
1333 1611 1440 1652 enim
1466 1624 1515 1652 ex
1540 1612 1614 1652 hoc
1640 1612 1804 1652 beatam
1830 1624 1894 1652 me
1919 1611 2056 1651 dicent

411 1681 549 1709 omnes
578 1668 868 1721 generationes

148 1729 185 1752 49
203 1727 307 1776 Quia
335 1726 430 1767 fecit
459 1726 558 1767 mihi
587 1740 736 1780 magna
766 1728 835 1781 qui
864 1735 1008 1781 potens
1038 1734 1117 1769 est:
1201 1734 1242 1769 et
1270 1734 1459 1769 sanctum
1489 1742 1633 1769 nomen
1667 1728 1762 1770 eius.

148 1787 185 1811 ⁵⁰
201 1786 257 1827 Et
284 1785 555 1826 misericordia
585 1785 668 1826 eius
697 1799 719 1826 a
747 1787 936 1840 progenie
964 1787 1005 1827 in
1033 1788 1242 1841 progenies
1322 1787 1564 1829 timentibus
1592 1800 1697 1828 eum.

148 1846 180 1870 ⁵¹
201 1844 315 1885 Fecit
341 1844 570 1898 potentiam
599 1844 640 1885 in
671 1845 857 1886 dbrachio
886 1859 976 1887 suo:
1059 1846 1248 1899 dispersit
1276 1846 1470 1900 superbos
1499 1851 1635 1887 mente
1663 1845 1793 1887 cordis
1822 1845 1894 1887 sui.

148 1905 181 1928 ⁵2
200 1903 401 1956 Deposuit
429 1908 618 1956 potentes
648 1903 698 1944 de
727 1904 831 1948 sede.
916 1910 955 1945 et
985 1904 1186 1946 exaltavit
1214 1905 1397 1946 humiles.

148 1964 181 1987 ⁵³
207 1961 458 2002 eEsurientes
488 1961 674 2015 implevit
704 1962 837 2003 bonis:
921 1969 961 2004 et
991 1963 1138 2004 divites
1168 1963 1321 2004 dimisit
1350 1964 1501 2005 inanes.

148 2022 181 2045 54
200 2020 387 2073 Suscepit
418 2020 540 2061 Israel
568 2033 739 2073 puerum
769 2034 899 2065 suum,
984 2022 1219 2063 recordatus
1248 2022 1531 2063 misericordia?
1560 2035 1652 2063 suae.

147 2081 180 2104 ⁵⁵
200 2079 314 2120 Sicut
341 2078 500 2120 locutus
529 2084 590 2119 est
618 2079 670 2119 ad
698 2085 834 2132 patres
864 2088 1034 2124 nostros,
1130 2081 1363 2125 fAbraham.
1395 2086 1435 2122 et
1463 2081 1605 2121 semini
1635 2081 1717 2121 eius
1747 2080 1787 2121 in
1816 2079 1972 2121 sa‘cula.

252 2150 287 2173 ⁵⁶
305 2148 457 2189 Mansit
475 2152 613 2188 autem
632 2148 761 2189 Maria
779 2162 871 2190 cum
890 2148 959 2190 illa
978 2150 1092 2203 quasi
1111 2151 1317 2191 mensibus
1337 2151 1485 2191 tribus:
1507 2155 1547 2191 et
1566 2162 1727 2191 reversa
1745 2155 1805 2190 est
1825 2149 1865 2190 in
1885 2149 2053 2190 domum

147 2221 274 2249 suam.

466 2277 504 2316 3.
534 2275 753 2317 Nativitas
783 2277 827 2318 et
857 2279 1139 2318 circumcisio
1169 2279 1492 2331 praecursoris,
1519 2278 1559 2329 1,
1580 2278 1753 2318 57—80.

251 2348 285 2371 5⁷
316 2347 527 2387 Elisabeth
557 2353 696 2387 autem
725 2346 940 2400 impletum
969 2355 1028 2388 est
1059 2353 1221 2401 tempus
1251 2348 1447 2401 pariendi.
1479 2353 1519 2389 et
1549 2348 1706 2401 peperit
1735 2347 1874 2388 filium.
1932 2348 1967 2371 56
1998 2346 2052 2388 Et

148 2405 366 2446 audierunt
394 2405 527 2451 vieini,
558 2411 599 2446 et
627 2406 790 2457 cognati
818 2406 902 2446 eius
932 2406 1025 2460 quia
1055 2406 1333 2460 magnificavit
1362 2407 1562 2448 Dominus
1592 2406 1907 2447 misericordiam
1937 2419 2053 2446 suam

148 2477 241 2505 cum
267 2463 346 2512 illa,
376 2469 416 2505 et
444 2464 838 2518 congratulabantur
863 2464 909 2506 ei.

251 2534 287 2558 ⁵⁹
314 2532 370 2574 Et
398 2532 554 2573 factum
581 2538 643 2574 est
670 2533 711 2573 in
740 2532 803 2573 die
832 2539 992 2580 octavo,
1023 2540 1223 2574 venerunt
1252 2534 1535 2575 circumcidere
1564 2547 1747 2587 puerum.
1778 2543 1819 2574 et
1847 2534 2053 2575 vocabant

147 2605 241 2633 eum
258 2591 421 2633 nomine
438 2591 567 2645 patris
585 2591 647 2632 sui
665 2591 914 2633 Zachariam.
965 2593 1001 2616 ⁶⁰
1018 2592 1074 2633 Et
1090 2593 1337 2646 respondens
1356 2598 1488 2633 mater
1505 2592 1600 2639 eius,
1622 2593 1744 2634 dixit:
1767 2593 2049 2645 Nequaquam,

147 2650 218 2691 sed
248 2650 464 2692 vocabitur
496 2650 679 2692 Ioannes,
743 2652 774 2675 ⁶1
805 2650 862 2691 Et
892 2650 1083 2691 dixerunt
1116 2651 1168 2692 ad
1198 2651 1327 2691 illam:
1362 2651 1467 2700 Quia
1497 2664 1616 2693 nemo
1648 2656 1709 2692 est
1740 2651 1780 2691 in
1812 2650 2053 2704 cognatione

148 2714 232 2758 tua,
261 2709 330 2762 qui
354 2714 524 2750 vocetur
547 2709 623 2750 hoc
648 2709 824 2751 nomine.
881 2711 913 2733 ⁶2
941 2710 1175 2750 Innuebant
1200 2716 1338 2751 autem
1364 2710 1472 2763 patri
1498 2710 1593 2759 eius,
1623 2723 1743 2763 quem
1770 2709 1890 2750 vellet
1917 2708 2054 2750 vocari

147 2781 253 2810 eum.
315 2769 347 2792 63
377 2767 433 2808 Et
463 2768 675 2821 postulans
707 2767 945 2821 pugillarem
976 2768 1148 2822 scripsit,
1185 2769 1360 2810 gdicens:
1396 2769 1567 2809 Ioannes
1599 2773 1659 2809 est
1690 2781 1838 2808 nomen
1869 2768 1965 2809 eius.
1999 2767 2055 2808 Et

148 2826 285 2867 mirati
307 2831 403 2867 sunt
425 2826 613 2868 universi.
669 2828 701 2850 ⁶4
723 2826 924 2880 Apertum
947 2832 1008 2867 est
1031 2832 1169 2868 autem
1194 2827 1297 2869 illico
1322 2841 1364 2869 os
1387 2827 1483 2875 eius,
1509 2833 1548 2867 et
1572 2826 1710 2880 lingua
1732 2826 1828 2874 eius,
1853 2831 1895 2867 et
1916 2826 2055 2879 loque-

148 2885 272 2925 batur
299 2885 539 2926 benedicens
568 2885 714 2926 Deum.
775 2886 807 2909 ⁶⁵
836 2885 892 2926 Et
920 2885 1053 2926 factus
1083 2891 1144 2926 est
1173 2886 1297 2928 timor
1325 2898 1445 2939 super
1474 2898 1611 2926 omnes
1642 2885 1795 2926 vicinos
1825 2898 1983 2926 eorum:
2013 2890 2055 2925 et

147 2956 268 2997 super
297 2943 433 2984 omnia
460 2948 661 2985 montana
691 2944 837 2985 Iudaeae
866 2944 1188 2998 divulgabantur
1216 2945 1353 2986 onmia
1382 2944 1506 2985 verba
1535 2944 1637 2984 haec:
1698 2945 1733 2967 66
1761 2949 1802 2984 et
1830 2948 2055 2997 posuerunt

148 3015 300 3048 omnes,
331 3001 400 3055 qui
427 3002 643 3043 audierant
668 3002 710 3043 in
738 3003 856 3044 corde
884 3015 968 3051 suo,
998 3002 1196 3044 dicentes:
1227 3003 1337 3052 Quis.
1365 3008 1500 3056 putas.
1530 3015 1630 3056 puer
1656 3002 1732 3043 iste
1758 3001 1858 3043 erit?
1888 3002 2053 3043 Etenim

147 3073 293 3101 manus
322 3059 489 3101 Domini
525 3065 612 3101 erat
650 3074 741 3101 cum
782 3060 861 3102 illo
922 3062 957 3085 ⁶⁷
987 3061 1043 3102 Et
1076 3061 1290 3102 Zacharias
1324 3068 1441 3115 pater
1478 3061 1562 3101 eius
1596 3060 1772 3113 repletus
1806 3065 1867 3101 est
1899 3060 2053 3113 Spiritu

147 3124 308 3160 sancto:
340 3123 381 3159 et
409 3118 686 3172 prophetavit
718 3119 873 3160 dicens:

150 3179 185 3202 66
204 3177 472 3219 hBenedictus
484 3177 685 3218 Dominus
697 3177 807 3218 Deus
820 3177 955 3225 Israel
996 3178 1254 3232 quiaviffltax
1255 3179 1299 3223 1t
1314 3184 1355 3219 et
1367 3178 1463 3219 fecit
1475 3177 1798 3231 redemptionem
1811 3177 1937 3231 plebis
1951 3189 2050 3218 suae:

149 3237 185 3260 ⁶⁹
201 3235 258 3277 Et
286 3236 414 3277 erexit
443 3248 568 3277 cornu
597 3236 738 3277 salutis
767 3236 902 3278 nobis:
985 3237 1027 3277 in
1055 3237 1177 3279 domo
1206 3237 1343 3278 David
1371 3236 1486 3290 pueri
1514 3236 1586 3278 sui.

279 3338 319 3372 31
345 3314 454 3379 ass}
480 3340 531 3373 14.
558 3360 600 3363 —
624 3339 701 3373 bInf
725 3340 755 3379 2,
782 3340 834 3373 21.
861 3361 902 3364 -
926 3340 969 3374 32
996 3340 1068 3374 ch
1094 3341 1123 3376 ῑ,
1150 3340 1200 3373 14.
1227 3340 1284 3378 2ῑ;
1310 3339 1388 3372 Mon
1418 3340 1448 3377 4,
1479 3340 1507 3372 ῑ.
1538 3360 1580 3363 —
1609 3340 1648 3373 51
1677 3339 1741 3372 dPs
1770 3339 1822 3375 32,
1853 3339 1909 3374 10:
1940 3338 1971 3370 is
1999 3336 2051 3373 51,

147 3385 178 3419 9.
197 3405 240 3409 —
257 3385 300 3419 53
319 3387 355 3419 e1
380 3386 440 3420 Sm
464 3387 494 3426 2,
513 3386 549 3425 5:
577 3386 620 3419 Ps
646 3386 700 3427 33,
720 3388 772 3420 11.
799 3407 841 3410 -
859 3388 900 3421 55
928 3387 993 3421 ten
1022 3388 1073 3427 17,
1101 3388 1137 3427 9;
1163 3388 1215 3425 22,
1244 3386 1300 3424 16:
1327 3386 1370 3420 Ps
1396 3386 1470 3426 131,
1499 3389 1555 3427 11;
1585 3386 1617 3420 is
1643 3387 1695 3426 41.
1723 3385 1753 3419 8.
1773 3406 1814 3409 -
1831 3385 1873 3419 63
1892 3386 1980 3427 gsup
1999 3382 2050 3415 13.

147 3452 191 3456 -
213 3432 256 3466 68
278 3432 343 3466 hPs
368 3432 420 3473 73,
446 3434 503 3474 12;
532 3433 610 3475 1-31,
638 3434 689 3468 17.

2084 1028 2234 1053 Elisabeth

2081 1065 2235 1094 cognatam

2103 1099 2213 1128 visitat..

2081 1495 2238 1520 Dominum

2072 1530 2247 1562 magnificat,

2127 2156 2192 2185 poz't

2086 2190 2232 2215 trimestre

2078 2225 2242 2250 revertitur.

2115 2352 2203 2377 Filius

2099 2387 2219 2417 paritur,

2097 2537 2218 2561 circuni-

2105 2572 2212 2597 ciditui·

2073 2609 2102 2632 et
2116 2608 2241 2632 Ioannes

2069 2642 2246 2670 nominatur.

2116 3184 2198 3211 pater

2095 3215 2220 3240 Domino

2072 3252 2088 3275 i
2091 3250 2241 3275 enedicens

2071 3284 2238 3315 prophetat,
