2356 3760
329 167 404 206 422
1206 165 1348 198 LIBER
1969 169 2020 204 12,
2047 168 2188 203 26-13,
2212 169 2232 197 ἔ»

146 256 300 282 “¹⁰0¹11210·
435 260 469 282 ²⁶
499 258 552 299 Hi
580 258 619 299 in
649 258 789 299 diebus
826 258 969 297 loacim
1002 257 1071 298 filii
1102 258 1229 303 105110,
1264 260 1330 300 filii
1365 260 1536 304 losedec.
1567 266 1609 301 et
1636 261 1674 301 in
1704 261 1845 301 diebus
1875 261 2078 303 Nehemiae
2105 261 2230 310 ducis,

329 323 367 358 et
400 317 538 358 Esdrze
569 317 788 358 sacerdotis
818 317 1050 369 scribaeque.

770 409 808 449 5.
839 408 1073 449 Dedicatio
1103 410 1219 450 muri
1251 410 1509 462 Ierusalem,
1538 412 1604 462 12,
1623 413 1795 453 27—42.

125 476 313 536 ‘'sfflfl'ssssstm‘
433 479 466 501 2⁷
506 477 551 516 ln
589 475 843 517 dedicatione
880 481 1018 515 autem
1055 477 1158 516 muri
1203 476 1413 517 lerusalem
1452 477 1719 530 requisierunt
1758 479 1922 519 Levitas
1959 480 2008 520 de
2045 479 2231 520 omnibus

246 531 252 541 '
328 536 423 576 locis
455 536 535 575 suis
568 540 612 575 ut
645 535 895 575 adducerent
926 547 992 575 eos
1024 535 1063 575 in
1098 535 1327 582 Ierusalem,
1362 541 1401 576 et
1434 536 1614 576 facerent
1645 537 1942 578 dedicationem
1976 544 2016 579 et
2048 537 2231 578 laetitiam

328 595 366 636 in
388 594 545 634 actione
564 593 800 647 gratiarum,
822 599 863 633 et
881 593 1051 638 cantico,
1074 600 1114 634 et
1133 595 1171 634 in
1191 594 1400 647 cymbalis,
1423 594 1633 648 psalteriis,
1654 601 1695 636 et
1713 596 1890 637 citharis.
1937 600 1972 621 ²⁸
1991 597 2232 649 (longregati

327 659 421 693 sunt
445 660 582 693 autem
606 652 673 693 filii
695 657 909 693 cantorum
932 652 980 693 de
1002 653 1297 706 campestribus
1320 653 1425 694 circa
1450 654 1678 703 Ierusalem,
1702 660 1743 695 et
1764 655 1813 696 de
1836 655 1938 696 villis
1963 655 2231 709 Nethuphati,

327 715 361 736 2⁹
390 718 431 752 et
460 712 509 752 de
538 712 658 752 domo
690 711 843 760 (iulg-al,
875 716 915 752 et
944 712 993 752 de
1025 712 1252 762 regionibus
1282 713 1396 753 Geba
1424 718 1464 753 et
1493 713 1740 754 Azmaveth:
1773 714 1965 767 quoniam
1996 715 2111 756 villas
2140 714 2233 756 aedi-

329 771 554 811 ficaverunt
587 771 661 811 sibi
696 777 881 811 cantores
915 770 953 811 in
988 771 1157 811 circuitu
1194 771 1424 813 Ierusalem.
1486 774 1523 796 3⁰
1556 772 1610 813 Et
1644 773 1832 813 mundati
1866 778 1962 814 sunt
1995 775 2233 815 Sacerdotes

330 835 370 870 et
399 830 564 875 Levilae,
597 836 637 869 et
666 830 970 870 mundaverunt
1000 830 1207 883 populum,
1240 836 1281 871 et
1309 836 1459 884 portas,
1491 836 1532 872 et
1562 844 1734 873 murum.

133 892 314 953 ῡῡῑῖὲἷῇἆῗζῖ-ΊΞ
435 891 466 913 ³¹
494 889 719 929 Ascendere
747 894 884 929 autem
912 889 985 929 feci
1012 889 1212 942 principes
1247 890 1345 931 luda
1370 903 1490 943 super
1516 904 1689 936 murum,
1719 897 1759 931 et
1785 890 1910 932 statui
1939 893 2040 933 duos
2066 905 2235 945 magnos

157 964 291 990 cationis.
331 948 472 988 choros
504 948 770 988 laudantium.
805 948 858 988 Et
887 948 1019 988 ierunt
1049 949 1100 988 ad
1129 949 1340 989 dexteram
1369 962 1490 1002 super
1516 962 1679 990 murum
1709 950 1758 990 ad
1791 956 1949 1003 portam
1979 950 2232 1004 sterquilinii.

328 1009 362 1032 ³2
390 1008 444 1047 Et
471 1007 544 1047 ivit
571 1012 663 1060 post
690 1020 756 1048 eos
784 1007 937 1053 Osaias,
966 1013 1007 1048 01.
1034 1007 1168 1048 media
1192 1021 1285 1060 pars
1314 1009 1540 1062 principum
1573 1009 1684 1057 luda,
1739 1013 1771 1033 ²⁵³
1797 1015 1837 1050 et
1862 1010 2040 1058 Azarias,
2071 1010 2232 1055 Esdras,

327 1071 368 1107 et
389 1066 611 1111 Mosellam,
641 1066 771 1111 ludas,
794 1072 835 1106 et
857 1066 1082 1114 Beniamin,
1105 1072 1145 1107 et
1165 1067 1334 1115 Semeia,
1357 1073 1398 1108 et
1420 1068 1620 1109 Ieremias.
1669 1070 1701 1093 34
1722 1068 1777 1108 Et
1796 1068 1845 1109 de
1866 1068 1956 1109 filiis
1977 1069 2233 1110 sacerdotum

326 1125 367 1166 in
395 1126 515 1169 tubis,
547 1125 760 1165 Zacharias
791 1124 895 1165 filius
924 1125 1141 1174 Ionathan,
1173 1126 1276 1167 filius
1303 1127 1480 1175 Semeiae,
1510 1126 1614 1167 filius
1642 1127 1874 1173 Mathaniae,
1906 1127 2012 1168 filius
2039 1127 2233 1171 Michaiae.

330 1184 434 1224 filius
461 1184 625 1229 Zechur,
655 1183 758 1224 filius
783 1184 935 1237 Asapli,
989 1186 1021 1208 ³⁵
1047 1190 1087 1225 et
1112 1185 1257 1226 fratres
1284 1185 1367 1226 eius
1393 1186 1561 1233 Semeia,
1590 1192 1630 1227 et
1656 1186 1832 1235 Azaieel,
1861 1187 2035 1230 Malalai.
2064 1186 2233 1230 Galalai.

327 1244 446 1288 Maai,
479 1243 720 1288 Nathanael,
749 1249 790 1284 et
819 1243 952 1291 ludas,
982 1248 1023 1284 et
1051 1244 1226 1293 Hanani,
1256 1245 1296 1285 in
1323 1245 1429 1285 vasis
1456 1245 1603 1286 cantici
1630 1246 1766 1286 David
1793 1246 1867 1286 viri
1896 1246 1988 1287 Dei:
2016 1252 2057 1287 et
2084 1246 2234 1287 Esdras

326 1303 458 1343 scriba
479 1308 574 1343 ante
596 1316 662 1343 eos
685 1303 724 1342 in
748 1308 868 1356 porta
889 1303 1042 1343 Fontis.
1096 1305 1132 1327 ³⁶
1155 1303 1209 1344 Et
1232 1309 1375 1345 contra
1397 1317 1462 1345 eos
1486 1305 1755 1345 ascenderunt
1778 1305 1817 1345 111
1838 1305 2031 1354 gradibus
2055 1305 2235 1346 civitatis

327 1362 463 1402 David
495 1362 534 1402 in
566 1375 735 1402 ascensu
768 1362 872 1402 muri
904 1375 1023 1416 super
1054 1363 1221 1403 domum
1247 1363 1396 1407 David,
1431 1369 1471 1403 et
1504 1377 1630 1416 usque
1663 1364 1714 1404 ad
1748 1369 1907 1416 portam
1938 1365 2148 1417 Aquarum
2183 1365 2234 1405 ad

327 1422 546 1462 Orientem.
599 1423 633 1445 ³⁷
658 1421 711 1461 Et
736 1421 880 1462 chorus
904 1422 1104 1462 secundus
1127 1422 1279 1475 gratias
1303 1423 1563 1462 referentium
1588 1423 1676 1463 ibat
1699 1436 1747 1463 ex
1772 1423 1954 1468 adverso,
1981 1429 2022 1463 et
2046 1436 2117 1476 ego
2142 1430 2229 1476 posi

327 1494 431 1528 eum,
462 1487 501 1521 et
530 1480 665 1521 media
691 1494 783 1533 pars
812 1480 950 1534 populi
979 1494 1099 1534 super
1126 1494 1288 1522 murum
1317 1487 1357 1522 et
1385 1494 1505 1535 super
1533 1482 1676 1522 turrim
1704 1482 1928 1526 furnorum,
1959 1487 2000 1523 et
2028 1495 2156 1535 usque
2184 1483 2236 1523 ad

325 1553 488 1580 murum
521 1539 778 1587 latissimum,
841 1542 876 1564 ³⁸
911 1545 951 1580 et
985 1553 1105 1593 super
1139 1546 1301 1593 portam
1336 1540 1544 1593 Ephraim,
1582 1546 1622 1581 et
1656 1554 1776 1594 super
1811 1546 1971 1594 portam
2007 1541 2233 1594 antiquam.

326 1605 367 1640 et
387 1612 507 1652 super
526 1605 689 1651 portam
711 1598 880 1651 piscium
901 1604 941 1639 et
962 1599 1105 1639 turrim
1129 1599 1351 1644 Hanaueel,
1375 1604 1416 1640 et
1436 1599 1579 1639 turrim
1602 1599 1767 1647 Emath‚
1790 1605 1831 1640 et
1852 1613 1979 1653 usque
2001 1601 2052 1641 ad
2072 1605 2234 1654 portam

325 1658 472 1712 gregis:
503 1664 544 1698 et
572 1663 775 1698 steterunt
803 1657 843 1698 in
872 1662 992 1710 porta
1019 1658 1226 1707 custodiae,
1283 1660 1318 1682 3⁹
1346 1663 1630 1711 steteruntque
1660 1659 1739 1699 duo
1769 1658 1879 1699 chori
1908 1658 2167 1700 laudantium
2195 1659 2235 1700 in

327 1717 447 1758 domo
465 1717 551 1760 Dei.
570 1722 611 1756 et
627 1730 710 1769 ego,
729 1722 769 1757 et
786 1717 955 1757 dimidia
970 1730 1062 1770 pars
1079 1717 1395 1771 magistratuum
1412 1731 1583 1758 meeum.
1628 1719 1665 1741 ‘²⁰
1680 1717 1735 1758 Et
1750 1718 2001 1764 Sacerdotes,
2021 1718 2232 1762 Eliachim.

326 1775 491 1821 Maasia,
523 1776 703 1822 Miamin,
736 1776 904 1820 Michea,
938 1776 1132 1822 Elioenai,
1165 1776 1371 1825 Zacharia,
1401 1776 1592 1817 Hanania
1620 1776 1661 1817 in
1690 1777 1812 1823 tubis,
1865 1779 1897 1801 4¹
1927 1782 1967 1818 et
1996 1777 2163 1825 Maasia,
2195 1783 2233 1818 et

326 1836 494 1881 Semeia,
526 1842 566 1876 et
594 1835 773 1883 Eleazar,
805 1841 845 1876 et
872 1836 980 1883 Azzi,
1011 1840 1051 1876 et
1081 1836 1276 1882 Iohanan,
1308 1841 1348 1877 et
1376 1835 1559 1885 Melchia,
1590 1841 1630 1876 et
1659 1836 1804 1882 AElam,
1835 1842 1875 1877 et
1904 1836 2017 1878 Ezer.
2048 1837 2104 1877 Et
2131 1836 2236 1877 clare

326 1895 559 1936 cecinerunt
581 1900 777 1942 cantores,
803 1901 843 1935 et
867 1894 1020 1935 Iezraia
1042 1895 1300 1948 praepositus:
1350 1897 1382 1919 ⁴²
1405 1900 1445 1935 et
1466 1895 1784 1936 immolaverunt
1806 1896 1847 1936 in
1869 1896 1933 1936 die
1956 1895 2024 1936 illa
2046 1895 2235 1937 victimas

325 1967 506 2008 magnas,
535 1959 576 1994 et
601 1953 728 1995 laetati
754 1959 868 1994 sunt:
896 1955 1006 1994 Deus
1032 1954 1139 1994 enim
1165 1954 1444 1995 laetifieaverat
1471 1967 1536 1995 eos
1562 1954 1706 1995 laetitia
1730 1968 1897 2008 magna:
1926 1955 1996 1995 sed
2022 1960 2063 1995 et
2089 1968 2235 1996 uxores

327 2026 465 2055 eorum
494 2019 535 2054 et
561 2013 675 2054 liberi
701 2012 830 2067 gavisi
857 2017 965 2064 sunt,
994 2017 1036 2056 et
1064 2014 1206 2054 audita
1233 2019 1293 2054 est
1320 2013 1464 2054 laetitia
1492 2013 1711 2054 Ierusalem
1741 2013 1890 2066 procul.

750 2107 789 2148 6.
820 2106 1044 2147 Custodia
1072 2106 1525 2159 gazophylaciorum,
1553 2106 1619 2156 12,
1641 2106 1811 2147 43—46.

133 2171 310 2232 tggfftfflgssn
432 2174 464 2197 ⁴³
482 2173 788 2214 Recensuerunt
804 2186 966 2227 quoque
982 2172 1021 2212 in
1038 2172 1101 2213 die
1118 2172 1185 2213 illa
1200 2172 1306 2213 viros
1323 2185 1442 2226 super
1455 2172 1749 2225 gazophylacia
1764 2172 1944 2213 thesauri
1960 2173 2011 2213 ad
2027 2172 2234 2216 libamina.

149 2249 295 2282 sap-rorum
328 2236 368 2272 et
393 2232 444 2272 ad
467 2232 679 2285 primitias,
706 2237 747 2273 et
771 2232 823 2273 ad
847 2232 1034 2278 decimas
1062 2236 1108 2272 ut
1132 2231 1393 2272 introferrent
1417 2244 1488 2285 per
1511 2244 1577 2271 eos
1602 2231 1802 2285 principes
1827 2231 2006 2272 civitatis
2030 2232 2070 2272 in
2095 2232 2237 2273 decore

123 2278 552 2345 d‘²³¹¹5‘nan‘ur'gratiarum
575 2292 756 2339 actionis,
781 2291 1019 2333 Sacerdotes
1041 2295 1081 2331 et
1103 2291 1287 2331 Levitas:
1312 2290 1408 2344 quia
1427 2289 1658 2330 laetificatus
1680 2296 1740 2331 est
1764 2290 1867 2331 Iuda
1887 2290 1927 2331 in
1949 2291 2237 2332 Sacerdotibus

328 2356 369 2391 et
391 2350 545 2391 Levitis
568 2351 811 2392 astantibus.
862 2352 895 2375 ⁴4
917 2350 973 2390 Et
995 2350 1277 2390 custodierunt
1300 2349 1628 2391 observationem
1650 2349 1726 2389 Dei
1748 2349 1820 2392 sui.
1846 2355 1885 2390 et
1908 2350 2235 2392 observationem

327 2409 581 2463 expiationis,
617 2415 658 2451 et
690 2415 887 2456 cantores,
922 2414 962 2450 et
995 2409 1186 2450 ianitores
1219 2409 1336 2450 iuxta
1367 2414 1615 2462 praeceptum
1648 2408 1796 2454 David,
1832 2414 1872 2449 et
1904 2408 2131 2450 Salomonis
2166 2408 2237 2450 filii

328 2469 422 2517 eius,
476 2471 507 2493 ⁴⁵
533 2469 629 2523 quia
652 2470 692 2511 in
716 2470 858 2510 diebus
883 2469 1019 2509 David
1043 2474 1084 2509 et
1107 2468 1247 2522 Asaph
1273 2469 1324 2509 ab
1349 2468 1513 2509 exordio
1539 2472 1656 2508 erant
1679 2467 1880 2522 principes
1905 2468 2120 2509 constituti
2144 2481 2237 2509 can-

328 2533 463 2569 torum
487 2528 527 2569 in
552 2529 729 2569 carmine
752 2528 1023 2575 laudantium,
1050 2533 1090 2568 et
1114 2528 1398 2569 confitentium
1422 2528 1521 2568 Deo.
1574 2528 1610 2550 ⁴⁶
1633 2526 1689 2567 Et
1713 2527 1842 2568 omnis
1870 2527 2003 2577 Israel,
2030 2527 2071 2568 in
2095 2527 2236 2568 diebus

328 2587 562 2635 Zorobabel,
591 2594 631 2628 et
655 2588 695 2628 in
722 2588 863 2628 diebus
890 2587 1095 2628 Nehemiae
1120 2587 1278 2628 dabant
1303 2592 1439 2640 partes
1465 2585 1700 2627 cantoribus
1725 2591 1766 2627 et
1790 2586 2032 2628 ianitoribus
2056 2600 2128 2641 per
2153 2586 2236 2627 dies

330 2646 518 2700 singulos,
551 2652 591 2687 et
621 2647 934 2688 sanctificabant
964 2646 1141 2695 Levitas‚
1174 2652 1215 2687 et
1244 2647 1399 2687 Levitae
1428 2645 1742 2686 sanctificabant
1772 2645 1872 2687 filios
1902 2645 2050 2687 Aaron.

836 2741 874 2780 7.
906 2740 1125 2790 Purgatio
1155 2739 1312 2790 populi
1343 2739 1494 2790 lsrael,
1522 2739 1728 2790 13,1—3.

140 2806 307 2871 3133&ssae
436 2804 498 2848 13.
548 2807 561 2829 ¹
595 2806 641 2846 In
672 2805 734 2846 die
765 2810 903 2846 autem
934 2805 1000 2846 illo
1030 2805 1180 2845 lectum
1211 2810 1272 2846 est
1302 2805 1341 2845 in
1372 2804 1579 2845 volumine
1608 2805 1739 2858 Moysi
1770 2805 1961 2845 audiente
1994 2804 2165 2857 populo:
2196 2810 2236 2845 et

133 2862 313 2907 separantur.
329 2864 543 2904 inventum
566 2870 626 2905 est
647 2865 843 2918 scriptum
866 2865 905 2905 in
928 2878 986 2912 eo,
1009 2865 1139 2918 aquod
1161 2877 1241 2905 non
1260 2864 1437 2904 debeant
1458 2864 1623 2905 introire
1639 2864 1895 2904 Ammonites
1918 2868 1958 2903 et
1974 2863 2176 2905 Moabites
2195 2863 2235 2904 in

329 2923 536 2964 ecclesiam
560 2924 634 2964 Dei
659 2938 785 2978 usque
809 2924 849 2964 in
871 2930 1088 2964 aeternum:
1139 2926 1154 2948 ²
1176 2937 1221 2964 eo
1247 2924 1356 2977 quod
1379 2936 1460 2964 non
1483 2923 1731 2964 occurrerint
1754 2922 1844 2963 filiis
1870 2922 1992 2963 Israel
2015 2936 2108 2975 cum
2131 2936 2236 2976 pane

328 2988 369 3023 et
393 2996 517 3036 aqua:
543 2988 583 3023 et
608 2983 877 3024 conduxerint
902 2983 1117 3024 adversum
1142 2996 1208 3023 eos
1236 2982 1415 3027 Balaam,
1443 2983 1494 3023 ad
1518 2982 1843 3023 maledicendum
1868 2981 1941 3022 eis:
1967 2987 2007 3022 et
2032 2982 2234 3023 convertit

328 3042 438 3082 Deus
461 3047 597 3082 noster
620 3042 945 3083 maledictionem
968 3043 1008 3083 in
1031 3042 1367 3082 benedictionem.
1418 3044 1433 3066 ³
1455 3042 1628 3082 Factum
1651 3046 1711 3082 est
1734 3046 1885 3089 autem,
1910 3054 2003 3081 011111
2026 3041 2235 3082 audissent

328 3100 467 3153 legem,
499 3107 793 3154 separaverunt
822 3115 983 3143 omnem
1014 3101 1279 3154 alienigenam
1310 3101 1361 3141 ab
1392 3101 1526 3142 Israel.

681 3208 780 3258 ΙΙΙ.
820 3208 1006 3258 Mores
1046 3222 1259 3274 pravos
1299 3206 1559 3271 corrigit,
1600 3207 1674 3260 13.
1704 3206 1889 3257 4—31.

776 3293 815 3332 1.
846 3291 1079 3333 Mundatio
1108 3292 1559 3344 gazophylaciorum,
1587 3292 1654 3342 13,
1674 3292 1792 3332 4—9.

154 3358 294 3387 ¹¹¹¹p³⁰¹³³
433 3359 446 3381 ‘¹
478 3358 529 3398 Et
561 3372 680 3411 super
710 3358 782 3399 ho(-
813 3364 899 3399 erat
930 3358 1082 3399 Eliasib
1113 3359 1310 3404 sacerdos,
1343 3359 1410 3412 qui
1440 3358 1573 3399 fuerat
1604 3358 1844 3412 prfepositus
1874 3357 1913 3397 in
1942 3357 2233 3411 gazophylacio

144 3393 302 3417 sacerdotis

168 3428 284 3453 Eliasib.
331 3416 474 3457 domus
504 3417 577 3457 Dei
610 3417 746 3460 nostri.
779 3422 817 3458 et
848 3418 1056 3471 proximus
1086 3417 1233 3458 Tobize.
1292 3420 1306 3441 ⁵
1335 3417 1448 3458 Fecit
1477 3430 1568 3469 ergo
1599 3417 1673 3457 sihi
1701 3415 2039 3470 gazophylacium
2067 3417 2231 3470 grande.

464 3520 515 3561 13,
543 3521 557 3553 1
585 3521 648 3553 alu
678 3522 729 3558 23,
756 3524 775 3550 J:
