2356 3760
135 68 187 107 19,
213 68 354 106 17--19,
378 68 421 100 34
1002 70 1165 104 REGUM
1954 86 2030 125 333

134 159 354 200 viventem.
420 162 454 185 ¹⁷
491 161 592 202 Vere
628 161 802 202 Domine
839 161 1140 215 dissipaverunt
1178 177 1285 217 reges
1324 166 1579 218 Assyriorum
1617 170 1776 216 (J'xeutes.
1831 180 1871 214 et
1907 181 2032 216 terras

134 218 328 258 omnium.
389 221 423 243 ¹⁸
453 219 509 260 Et
536 219 736 260 miserunt
765 219 860 260 deos
891 233 1028 260 eorum
1059 221 1100 262 in
1130 222 1281 275 ignem:
1329 237 1407 264 non
1438 225 1543 265 enim
1575 234 1687 267 erant
1719 230 1784 272 dii.
1815 233 1884 272 sed
1913 247 2034 286 opera

136 289 333 317 manuum
359 278 569 319 hominum
594 290 644 318 ex
666 277 774 331 ligno
800 282 839 318 et
863 277 1008 332 lapide,
1037 286 1076 320 et
1101 280 1362 333 perdiderunt
1388 296 1466 323 eos.
1522 286 1553 307 ¹⁹
1582 285 1694 326 Nunc
1719 286 1840 335 igitur
1867 290 2033 332 Domine

134 335 243 375 Deus
273 340 421 385 noster,
451 336 584 377 salvos
612 349 685 377 nos
714 336 778 376 fac
807 336 856 377 de
885 350 1009 378 manu
1038 338 1134 383 eius,
1166 345 1211 379 ut
1240 339 1369 380 sciant
1398 342 1531 381 onmia
1562 355 1681 393 regna
1712 351 1836 388 terra:
1869 348 1958 398 quia
1990 354 2033 389 tu

133 406 174 434 es
203 394 403 435 Dominus
433 394 543 435 Deus
573 393 691 436 solus.

241 471 277 492 20
304 468 416 509 Misit
445 474 583 509 autem
616 469 741 510 isaias
772 470 875 511 filius
904 471 1029 512 Amos
1060 471 1111 512 ad
1141 472 1370 521 Ezechiam,
1402 474 1555 515 dicens:
1591 476 1684 517 Haec
1713 478 1811 519 dicit
1840 480 2036 520 Dominus
2057 490 2102 513 W
2124 486 2225 509 *uh-¹1¹

134 527 243 568 Deus
277 526 417 568 Israel:
450 528 549 575 Quae
578 528 818 582 deprecatus
849 543 889 569 es
919 543 983 570 me
1013 543 1134 583 super
1162 531 1434 572 Sennacherib
1466 546 1554 586 rege
1584 534 1853 588 Assyriorum,
1886 538 2034 579 audivi.

134 587 165 609 '21
197 585 278 626 Iste
309 591 370 627 est
398 599 541 631 sermo,
574 600 694 640 quem
723 587 883 628 locutus
914 593 975 628 est
1004 589 1204 629 Dominus
1235 589 1283 629 de
1314 604 1377 630 eo:

475 667 638 721 Sprevit
667 674 719 717 te,
751 674 793 710 et
820 670 1090 710 subsannavit
1120 676 1160 711 te
2052 678 2111 737 Sde
2132 679 2220 737 solrte

475 726 587 780 virgo
618 727 699 767 filia
727 727 841 769 Sion:
2071 714 2244 738 mh

478 790 570 838 post
600 792 759 839 tergum
790 792 907 828 tuum
938 794 1063 841 caput
1092 788 1234 836 movit,

475 843 558 884 filia
589 844 818 887 Ierusalem.

476 905 508 927 22
537 903 609 944 Cui
639 904 905 957 exprobrasti.
938 911 978 946 et
1008 919 1128 958 quem
1160 905 1476 959 blasphemasti?

477 967 619 1003 contra
649 975 769 1016 quem
799 963 991 1004 exaltasti
1021 977 1161 1005 vocem
1191 969 1319 1011 tuam,

476 1025 518 1061 et
546 1020 714 1062 elevasti
743 1022 784 1062 in
814 1022 1016 1063 excelsum
1046 1022 1182 1064 oculos
1211 1023 1328 1064 tuos?

476 1085 619 1121 contra
647 1085 835 1121 sanctum
868 1081 1002 1122 lsrael.

476 1140 508 1163 23
536 1138 613 1179 Per
641 1152 809 1180 manum
839 1153 1047 1181 servorum
1078 1146 1242 1182 tuorum
1272 1141 1527 1194 exprobrasti
1556 1141 1745 1188 Domino,
1777 1148 1815 1183 et
1847 1143 2005 1184 dixisti:

478 1197 526 1238 In
554 1197 820 1239 multitudine
849 1212 1039 1240 curruum
1070 1212 1252 1240 meorum
1282 1199 1444 1240 ascendi
1474 1199 1631 1240 excelsa
1659 1201 1861 1241 montium

475 1255 517 1297 in
546 1257 784 1298 summitate
813 1258 970 1302 Libani.

476 1320 517 1355 et
546 1315 696 1356 succidi
725 1316 916 1357 sublimes
947 1317 1085 1358 cedros
1115 1316 1211 1362 eius,
1243 1321 1284 1356 et
1313 1316 1460 1356 electas
1491 1317 1643 1357 abietes
1673 1317 1791 1359 illius.

476 1373 532 1414 Et
560 1374 761 1427 ingressus
791 1388 880 1415 sum
910 1389 1037 1428 usque
1067 1375 1120 1415 ad
1149 1374 1342 1415 terminos
1373 1374 1468 1423 eius,

476 1438 518 1473 et
546 1433 696 1473 saltum
726 1433 889 1474 carmeli
918 1433 1001 1474 eius
1058 1436 1089 1458 2⁴
1118 1446 1190 1487 ego
1220 1433 1382 1474 succidi.

476 1490 532 1532 Et
563 1492 645 1532 bibi
675 1505 801 1546 aquas
832 1492 994 1538 alienas.

476 1555 518 1591 et
546 1550 695 1591 siccavi
724 1551 904 1605 vestigiis
934 1552 1084 1605 pedum
1115 1564 1296 1593 meorum
1327 1564 1465 1592 omnes
1496 1565 1622 1605 aquas
1653 1552 1820 1593 clausas.

477 1611 509 1633 ²⁵
540 1609 750 1663 Numquid
780 1624 859 1651 non
891 1610 1041 1651 audisti
1072 1610 1170 1664 quid
1199 1610 1251 1651 ab
1280 1609 1396 1651 initio
1427 1611 1612 1651 fecerim?

476 1668 541 1709 Ex
571 1668 711 1709 diebus
742 1669 921 1723 antiquis
952 1669 1152 1723 plasmavi
1182 1668 1292 1713 illud.

477 1732 519 1768 et
547 1741 654 1768 nunc
684 1728 856 1769 adduxi:

477 1792 676 1840 eruntque
706 1787 747 1827 in
776 1787 935 1828 ruinam
966 1786 1127 1828 collium
1156 1787 1429 1840 pugnantium
1460 1787 1647 1828 civitates
1677 1787 1856 1829 munitae.

477 1846 513 1869 ²⁶
541 1845 596 1886 Et
626 1845 695 1899 qui
724 1846 867 1887 sedent
896 1846 935 1886 iu
966 1846 1033 1892 eis,
1065 1846 1236 1886 humiles
1266 1859 1402 1888 manu.

478 1910 812 1945 contremuerunt
841 1910 882 1946 et
911 1905 1067 1946 confusi
1096 1911 1204 1949 sunt,

478 1962 577 2004 facti
606 1969 702 2004 sunt
732 1963 844 2004 velut
873 1963 1028 2004 foenum
1060 1963 1155 2017 agri.
1188 1968 1229 2004 et
1258 1963 1390 2004 virens
1421 1963 1545 2004 herba
1575 1968 1788 2012 tectorum,

479 2035 568 2075 quae
597 2022 778 2063 arefacta
807 2027 867 2063 est
897 2028 1119 2075 antequam
1150 2022 1307 2063 veniret
1337 2022 1388 2062 ad
1418 2022 1714 2063 maturitatem.

479 2082 512 2104 ²⁷
544 2080 837 2122 Habitaculum
869 2087 998 2127 tuum,
1031 2086 1071 2121 et
1101 2094 1303 2134 egressum
1334 2086 1463 2125 tuum,

478 2144 519 2180 et
547 2139 762 2181 introitum
793 2146 923 2187 tuum,
955 2145 996 2180 et
1026 2139 1135 2180 viam
1166 2146 1280 2180 tuam
1311 2152 1382 2192 ego
1412 2139 1606 2192 praescivi,

477 2203 517 2238 et
548 2198 723 2240 furorem
754 2204 871 2239 tuum
902 2205 1045 2240 contra
1073 2212 1148 2239 me.

477 2259 512 2281 2⁸
544 2257 736 2299 insanisti
766 2258 807 2298 in
835 2271 911 2303 me.

478 2320 519 2357 et
547 2316 737 2370 superbia
765 2322 839 2358 tua
867 2316 1050 2358 ascendit
1079 2316 1119 2356 in
1150 2329 1264 2356 aures
1295 2328 1423 2356 meas:

478 2388 629 2428 ponam
658 2375 797 2429 itaque
827 2375 1021 2416 circulum
1050 2375 1091 2415 in
1121 2375 1285 2415 naribus
1316 2374 1408 2419 tuis,

479 2438 520 2474 et
548 2447 711 2475 camum
740 2434 780 2475 in
809 2434 925 2475 labiis
955 2434 1048 2481 tuis,

479 2497 520 2533 et
548 2493 740 2534 reducam
769 2498 810 2535 te
839 2493 879 2534 in
910 2493 1031 2542 viam,
1062 2505 1134 2547 per
1163 2506 1287 2546 quam
1317 2492 1476 2533 venisti.

243 2575 278 2598 2⁹
307 2573 397 2614 Tibi
432 2579 569 2615 autem
605 2574 781 2616 Ezechia
813 2575 889 2616 hoc
924 2574 999 2615 erit
1034 2575 1211 2628 signum:
1248 2574 1422 2615 Comede
1458 2573 1532 2615 hoc
1568 2586 1673 2613 anno
1710 2585 1798 2626 quae
1832 2571 2041 2625 repereris:
2063 2571 2231 2634 30¹3&ng

137 2632 179 2672 in
212 2633 388 2674 secundo
423 2638 561 2675 autem
595 2647 714 2683 anno,
751 2647 840 2688 quae
872 2639 1017 2687 sponte
1051 2638 1292 2674 nascuntur:
1327 2645 1445 2686 porro
1479 2632 1519 2673 in
1554 2631 1673 2673 tertio
1707 2644 1812 2672 anno
1846 2630 2042 2671 seminate

139 2696 180 2732 et
195 2691 356 2733 metite:
374 2692 560 2745 plantate
577 2693 729 2739 vineas,
748 2698 789 2734 et
805 2692 1004 2734 comedite
1021 2693 1202 2733 fructum
1219 2704 1370 2733 earum.
1414 2693 1451 2716 ³⁰
1467 2691 1521 2732 Et
1539 2691 1824 2744 quodcumque
1840 2688 2041 2741 reliquum

137 2749 260 2791 fuerit
288 2750 337 2791 de
365 2751 486 2792 domo
518 2751 631 2797 Iuda,
662 2751 802 2793 mittet
829 2751 1005 2792 radicem
1035 2751 1236 2796 deorsum,
1268 2756 1307 2791 et
1335 2750 1457 2791 faciet
1486 2750 1664 2790 fructum
1693 2761 1863 2789 sursum.
1920 2749 1951 2771 ³¹
1980 2747 2042 2787 De

140 2808 358 2850 Ierusalem
394 2809 544 2864 quippe
579 2810 835 2865 egredientur
868 2810 1057 2864 reliquiae,
1095 2815 1135 2851 et
1170 2810 1280 2863 quod
1314 2808 1495 2850 salvetur
1529 2809 1577 2849 de
1612 2812 1750 2848 monte
1784 2806 1899 2847 Sion:
1935 2805 2041 2846 zelus

137 2867 304 2908 Domini
331 2869 582 2911 exercituum
609 2869 732 2910 faciet
758 2869 846 2910 hoc.
902 2871 934 2893 32
962 2869 1094 2918 Quam
1122 2869 1174 2910 ob
1201 2881 1285 2909 rem
1313 2868 1397 2909 haec
1424 2867 1522 2908 dicit
1550 2866 1749 2908 Dominus
1777 2865 1826 2906 de
1853 2878 1943 2919 rege
1969 2864 2043 2905 As-

138 2926 356 2980 syriorum:

479 2987 571 3028 Non
600 2987 849 3040 ingredietur
878 2987 1018 3028 urbem
1048 2986 1164 3035 hanc,

478 3058 552 3087 nec
579 3046 720 3086 mittet
748 3045 789 3086 in
819 3058 908 3087 eam
938 3045 1144 3099 sagittam,

479 3117 552 3145 nec
581 3104 799 3158 occupabit
828 3117 917 3146 eam
946 3104 1123 3158 clypeus,

478 3176 551 3204 nec
580 3163 851 3204 circumdabit
880 3176 969 3204 eam
998 3163 1185 3204 munitio.

479 3224 511 3247 3³
539 3222 617 3263 Per
645 3221 766 3271 viam,
799 3235 880 3276 qua
910 3222 1034 3269 venit,
1065 3226 1310 3262 revertetur:

479 3285 520 3321 et
549 3280 760 3321 civitatem
789 3280 894 3321 hanc
923 3294 1005 3322 non
1034 3279 1293 3334 ingredietur,
1325 3278 1424 3319 dicit
1452 3277 1665 3318 Dominus.

479 3341 511 3364 3⁴
540 3339 840 3393 Protegamque
869 3339 1011 3380 urbem
1040 3339 1157 3384 hanc,
1190 3343 1230 3378 et
1259 3336 1426 3378 salvabo
1456 3349 1544 3377 eam

480 3404 647 3451 propter
675 3411 750 3447 me,
783 3402 824 3438 et
852 3403 1019 3451 propter
1046 3396 1183 3438 David
1212 3408 1373 3437 servum
1405 3408 1551 3436 meum.
