2356 3760
170 620 230 648 pret
237 618 295 642 ium

176 660 285 678 casum.

140 1023 217 1049 Novi
229 1024 324 1055 operis

175 1374 289 1401 titulus,

143 1548 323 1574 omissiones,

184 1959 285 1983 textus

155 2000 314 2024 impressio,

213 2484 267 2508 loci

172 2519 314 2550 paralleli:

338 115 443 158 XIV
1003 112 1146 147 RATIO
1173 111 1317 147 HUIUS
1344 112 1584 147 EDITIONIS

340 212 433 260 post
462 210 634 246 mortem
665 204 794 245 Toleti
824 205 901 256 (14.
933 204 1043 257 Sept.
1078 205 1194 256 1596)
1224 203 1264 244 10
1294 217 1438 244 manus
1471 205 1613 245 Roccae
1643 209 1842 245 venerunt
1872 209 1912 245 et
1942 205 1993 245 ab
2027 206 2168 248 eodem
2199 220 2250 248 ex

341 271 456 319 parte.
483 263 701 316 exemplari
730 262 868 316 primae
896 262 1083 303 editionis
1112 261 1373 303 Clementinae
1400 275 1523 315 supra
1549 262 1760 304 nominato
1789 263 1947 304 insertae
1975 269 2084 305 sunt.
2142 265 2248 306 Nam

340 322 572 363 notationes
594 322 634 362 in
658 321 722 361 illo
745 321 964 373 exemplari
987 321 1106 361 faetae
1128 320 1191 360 die
1213 325 1363 360 sanctae
1385 320 1626 367 Catharinae,
1651 322 1711 361 24.
1737 321 1979 362 Novembris
2003 322 2117 369 1596.
2141 336 2249 364 com-

342 381 460 434 pletae
477 386 585 425 sunt.
607 380 666 420 uti
689 380 821 419 Roeea
840 378 879 418 in
899 378 976 418 fine
995 378 1275 431 Apocalypsis,
1296 391 1384 431 pag.
1407 380 1520 427 1131,
1541 378 1791 431 subscripsit.
1840 379 1925 419 Has
1944 380 2249 422 emendationes

341 452 364 480 a
396 439 536 479 Toleto
570 437 797 491 propositas
831 436 870 476 in
905 437 982 477 fine
1015 436 1249 489 appendicis
1283 437 1541 482 enumerabo,
1576 450 1724 490 easque
1757 436 1948 490 integras,
1983 438 2078 491 quia
2110 438 2250 479 multis

341 497 435 537 viris
459 496 588 537 doctis
612 496 759 545 ignotae
782 500 888 534 sunt.
942 494 1004 534 Ex
1028 494 1135 535 notis
1159 494 1307 535 criticis
1331 507 1355 535 a
1377 508 1441 536 me
1463 494 1666 535 adiunctis
1689 495 1868 548 prudens
1892 495 2022 536 lector
2042 496 2250 550 percipiet,

341 569 464 609 quar(
501 555 630 594 uoco-a.
660 553 791 606 plures
822 552 979 592 illarum
1011 553 1348 594 emendationum
1378 552 1418 593 in
1448 566 1520 594 suo
1550 553 1771 606 exemplari
1801 553 1987 595 tacuerit.

447 613 593 652 Verum
624 618 683 652 est
714 610 822 664 quod
853 610 962 663 apud
996 611 1049 650 ὃΥ
1054 611 1248 652 ercellone
1278 611 1331 652 de
1358 611 1694 675 praestantissimo
1723 611 1766 652 P.
1799 611 1940 653 Toleto
1968 612 2155 666 legimus:
2187 614 2249 654 De

339 669 654 711 correctionibus
678 668 855 721 t1re⁰ori
848 681 964 713 mis
957 703 964 715 ‚
971 674 1069 715 ‚tam
1095 668 1300 719 distincte,
1325 669 1536 723 perspicue
1560 669 1824 724 districteque
1847 647 2028 731 iudicatD
2040 675 2087 712 ut
2112 684 2249 713 omnes

339 729 508 769 ¹tliorum
529 729 739 781 hucusque
759 733 1099 768 commemoratas
1121 727 1412 769 annotationes
1433 728 1495 769 11εο
1514 728 1630 782 longe
1650 730 1881 782 superentf‘
1928 729 1969 770 Si
1990 729 2251 771 nihilominus

338 787 377 827 in
400 787 445 827 iis
467 787 653 840 quaedam
675 785 951 833 inveniuntur,
977 799 1066 839 quae
1086 786 1205 828 hodie
1226 798 1306 827 non
1329 786 1503 840 amplius
1525 761 1687 827 1191300111
1708 792 1892 840 possunt,
1914 787 1983 828 id
1974 800 2015 829 1n
2036 801 2250 842 progressu

339 846 437 886 artis
468 845 617 886 eriticae
647 843 959 898 explicationem
990 844 1127 886 habet.

445 903 654 944 Vocabula
677 902 878 943 Hebraiea
899 908 939 943 et
959 903 1099 944 Graeea
1119 916 1200 944 non
1221 902 1302 943 suis
1323 903 1393 944 sed
1414 903 1570 943 Latinis
1591 902 1735 945 litteris
1758 904 2005 958 transcripsi,
2029 910 2074 946 ut
2095 904 2248 958 optatis

339 975 420 1003 non
450 976 674 1015 paucorum
704 961 1001 1015 responderem.

443 1025 480 1064 5.
511 1021 587 1061 De
655 1019 966 1060 relatione
1034 1019 1376 1061 editionum
1444 1019 1864 1073 OEnipontanae
1932 1026 1987 1062 et
2056 1021 2250 1062 Ratis-

338 1079 363 1120 b
382 1092 404 1120 0
421 1092 447 1120 0
466 1094 486 1120 9
504 1093 529 1119 0
548 1079 639 1119 sis.
698 1078 793 1119 Haec
822 1078 946 1118 editio
975 1078 1284 1119 Ratisbonensis
1313 1091 1393 1119 non
1420 1083 1481 1120 est
1507 1078 1679 1132 simplex
1707 1078 1895 1132 repetitio
1923 1079 2111 1121 editionis
2139 1079 2250 1120 OEni-

337 1145 541 1191 pontanae,
581 1137 651 1177 sed
689 1150 841 1177 novum
880 1136 1045 1177 omnino
1084 1150 1196 1190 opus.
1263 1137 1499 1178 Editionem
1536 1138 1643 1178 enim
1681 1137 2004 1191 OEnipontanam
2042 1151 2114 1192 pro
2153 1138 2251 1178 viris

338 1196 484 1237 criticis
505 1195 699 1237 constitui
720 1209 765 1236 ac
786 1195 1008 1249 designavi,
1030 1201 1069 1236 et
1091 1195 1237 1237 idcirco
1257 1195 1298 1236 in
1318 1196 1449 1236 forma
1470 1196 1585 1249 quasi
1605 1196 2005 1250 autotypographica
2024 1195 2249 1250 publicavi,

339 1262 385 1295 ut
416 1254 455 1295 in
487 1255 724 1308 praefatione
756 1254 873 1294 huius
907 1254 1035 1307 operis
1069 1254 1170 1303 dixi;
1203 1254 1307 1295 hanc
1339 1254 1559 1295 editionem
1592 1254 1933 1296 Ratisbonensem
1966 1255 2249 1309 typographus

340 1318 380 1355 et
409 1326 481 1367 ego
510 1313 599 1354 usui
628 1312 833 1354 communi
861 1312 1170 1361 destinavimus,
1201 1312 1372 1367 ideoque
1400 1313 1440 1353 in
1469 1312 1600 1353 forma
1628 1313 1824 1354 hodierna
1851 1314 2168 1368 divulgavimus.

443 1372 650 1425 Praeposui
676 1371 710 1412 ei
736 1371 848 1412 illum
875 1371 1055 1419 titulum,
1086 1371 1175 1425 bqui
1202 1372 1378 1425 primum
1403 1371 1444 1412 in
1471 1371 1648 1413 editione
1672 1372 1935 1426 Lugdunensi
1962 1373 2076 1422 1604,
2104 1372 2251 1414 deinde

340 1430 380 1471 in
412 1430 639 1471 Coloniensi
672 1430 772 1470 1609
804 1435 845 1471 91
876 1430 1118 1483 Moguntina
1151 1431 1251 1471 1609
1282 1431 1439 1484 legitur,
1475 1443 1520 1472 ac
1552 1430 1717 1471 demum
1750 1430 1802 1472 ab
1833 1431 1968 1471 Allioli
1999 1431 2040 1472 in
2073 1431 2253 1473 editione

340 1489 762 1537 Latina-Germanica,
796 1501 865 1542 per
894 1488 1024 1542 ipsam
1055 1489 1199 1530 Sedem
1230 1489 1509 1543 Apostolicam
1540 1489 1782 1543 approbata,
1815 1489 2038 1543 adoptatus
2070 1495 2142 1531 est.

447 1548 574 1588 Omisi
609 1547 921 1601 descriptionem
956 1547 1256 1602 imaginemque
1290 1548 1437 1589 codicis
1473 1548 1653 1589 Bassetti
1687 1548 1926 1597 Tridentini,
1963 1548 2253 1590 correctorium

342 1607 589 1649 Romanum.
616 1606 797 1647 ordinem
821 1606 1016 1647 librorum
1041 1606 1197 1647 Veteris
1222 1611 1264 1647 et
1289 1607 1395 1647 Novi
1419 1606 1685 1653 Testamenti,
1712 1607 1970 1660 praefationes
1996 1607 2251 1660 Hieronymi,

340 1665 515 1706 indicem
548 1665 888 1712 testimoniorum,
922 1664 1134 1705 nominum
1166 1665 1561 1719 interpretationem,
1594 1664 1769 1706 indicem
1802 1665 2010 1713 biblicum,
2044 1665 2251 1707 variantes

341 1723 613 1765 Clementinas
646 1729 687 1764 et
717 1723 909 1764 Sixtinas.
971 1723 1070 1772 Quae
1102 1723 1238 1764 omnia
1268 1724 1309 1764 in
1342 1724 1519 1765 editione
1550 1723 1831 1777 OEnipontana
1862 1724 2088 1766 necessaria
2120 1729 2249 1773 erant,

342 1782 437 1836 quia
475 1783 529 1823 ita
569 1788 732 1823 tantum
770 1782 899 1823 vicem
937 1782 1230 1836 exemplarium
1267 1782 1522 1837 originalium
1559 1782 1719 1836 explere
1756 1782 1911 1836 potuit3
1949 1796 2022 1837 pro
2074 1782 2253 1824 editione

343 1841 631 1882 Ratisbonensi
656 1846 794 1882 autem
818 1853 842 1881 a
865 1840 959 1881 viris
984 1840 1114 1882 doctis
1138 1840 1343 1895 superflua
1365 1841 1625 1882 habebantur
1648 1846 1689 1882 et
1713 1841 1943 1882 omittenda
1966 1841 2251 1891 censebantur,

342 1913 433 1941 cum
463 1900 624 1940 omissio
652 1899 876 1941 secundum
905 1899 1119 1940 officialem
1147 1900 1429 1953 praefationem
1459 1900 1511 1941 ad
1538 1900 1731 1941 lectorem
1758 1899 1912 1942 liceret.

446 1958 614 1999 Sacrum
637 1963 797 1999 textum
819 1970 901 1998 non
921 1957 962 1998 in
983 1958 1083 1998 duas
1106 1964 1241 2011 partes
1263 1958 1415 2007 fissum,
1437 1959 1507 1999 sed
1528 1972 1599 2012 per
1619 1959 1819 2012 integram
1840 1959 2032 2012 paginam
2054 1958 2251 1999 diffusum

343 2016 531 2057 exhibere
555 2017 677 2065 volui,
705 2017 800 2070 quia
824 2016 899 2057 hoc
923 2017 1045 2057 modo
1070 2016 1281 2070 dispositio
1305 2017 1433 2071 magis
1458 2016 1533 2058 sub
1558 2023 1726 2071 aspectu
1750 2017 1927 2071 ponitur.
1981 2017 2185 2058 Accentus
2211 2021 2252 2057 et

343 2075 652 2116 abbreviaturas
672 2075 803 2116 varias
822 2074 991 2128 neglexi.
1031 2076 1195 2116 Puncta
1213 2075 1423 2117 diaereseos
1441 2075 1571 2124 omisi,
1593 2075 1690 2130 quia
1713 2076 1940 2117 secundum
1961 2076 2252 2129 grammaticos

343 2134 752 2176 Sehrnidt-Thumser
771 2147 851 2175 non
869 2134 1098 2175 necessaria
1119 2140 1228 2183 sunt,
1250 2135 1477 2188 praesertim
1501 2135 1533 2176 si
1551 2134 1798 2189 diphthongi
1816 2134 2010 2188 ligantur.
2054 2134 2253 2175 Numeros

344 2206 535 2234 versuum
558 2206 640 2234 non
661 2193 702 2234 in
720 2193 912 2246 margine,
932 2193 1002 2234 sed
1025 2192 1112 2234 1000
1131 2193 1415 2234 asteriscorum
1438 2193 1479 2233 in
1502 2192 1589 2247 ipso
1608 2198 1727 2235 textu
1745 2193 1872 2247 posui.
1914 2193 2094 2234 Litteras
2117 2193 2154 2233 A
2172 2193 2205 2233 B
2224 2192 2254 2233 C

345 2257 420 2293 etc.
446 2265 601 2292 necnon
625 2265 648 2293 a
670 2251 696 2292 b
718 2266 738 2293 0
769 2257 843 2293 910.
870 2251 998 2299 omisi,
1024 2251 1119 2305 quia
1141 2257 1235 2305 post
1264 2251 1544 2293 inductionem
1572 2265 1764 2293 versuum
1796 2251 2010 2306 superfluae
2039 2256 2146 2293 sunt.
2206 2251 2254 2291 In

346 2310 522 2351 editione
546 2311 826 2364 OEnipontana
850 2316 1016 2364 propter
1042 2311 1242 2352 rationem
1269 2324 1392 2364 supra
1416 2311 1639 2352 indicatam
1665 2311 1748 2352 haec
1774 2310 1911 2352 omnia
1935 2323 2083 2364 ponere
2108 2309 2250 2358 debui;

347 2369 387 2409 in
412 2369 588 2410 editione
608 2369 897 2410 Ratisbonensi
922 2382 968 2410 ea
986 2369 1114 2415 omisi.
1135 2369 1232 2423 quia
1249 2370 1528 2411 consentiente
1551 2369 1799 2411 auctoritate
1823 2368 2095 2411 ecclesiastica
2117 2368 2254 2410 omitti

346 2433 529 2481 possunt.

450 2486 666 2527 Parallelos
691 2486 798 2527 locos
825 2485 1015 2526 officiales
1039 2485 1201 2535 retinui,
1227 2486 1297 2527 sed
1321 2498 1428 2527 novo
1454 2486 1608 2528 citandi
1632 2485 1766 2534 modo,
1792 2485 1833 2527 in
1858 2485 1997 2526 multis
2022 2484 2252 2539 regionibus

347 2544 573 2586 Germaniae
611 2545 775 2593 usitato,
815 2543 1017 2598 descripsi.
1083 2544 1281 2598 Designat
1318 2550 1457 2586 autem
1494 2544 1558 2586 Gn
1594 2544 1796 2593 Genesim,
1834 2544 1898 2585 Ex
1935 2543 2139 2593 Exodum,
2192 2543 2254 2584 Lv

347 2603 589 2651 Leviticum,
622 2603 700 2643 Nm
731 2603 943 2651 Numeros,
973 2603 1033 2644 Dt
1060 2603 1439 2651 Deuteronomium,
1472 2603 1535 2644 Ios
1568 2603 1697 2651 Iosue,
1730 2603 1801 2645 Ide
1832 2602 2002 2652 Iudices,
2035 2603 2092 2644 Rt
2122 2602 2250 2649 Ruth,

347 2664 368 2703 1
396 2663 465 2703 Sm
492 2668 533 2703 et
558 2663 580 2701 2
606 2662 674 2702 Sin
702 2662 802 2702 duos
828 2661 950 2702 libros
975 2661 1173 2703 Samuelis
1200 2662 1264 2703 vel
1290 2662 1440 2715 priores
1468 2662 1639 2716 Regum,
1667 2663 1688 2703 1
1716 2662 1779 2715 Rg
1805 2666 1846 2703 et
1872 2662 1894 2702 2
1922 2661 1985 2716 Rg
2010 2661 2252 2715 posteriores

346 2720 468 2761 libros
492 2721 661 2773 Regum,
686 2722 705 2761 1
728 2721 808 2761 Par
828 2726 868 2761 et
889 2722 911 2760 2
933 2720 1012 2760 Par
1031 2720 1153 2761 libros
1175 2721 1527 2774 Paralipomenon,
1550 2721 1627 2761 Esr
1645 2720 1794 2761 librum
1816 2720 1968 2768 Esdrae,
1992 2719 2082 2761 Neh
2101 2719 2251 2761 librum

348 2780 384 2820 N
388 2779 554 2820 ehemiae
570 2779 632 2819 vel
646 2779 869 2820 secundum
886 2779 1037 2827 Esdrae,
1055 2779 1141 2819 Tob
1157 2779 1340 2827 Tobiam,
1360 2779 1427 2821 Idt
1444 2779 1597 2827 Iudith,
1614 2779 1689 2821 Est
1704 2779 1865 2826 Esther,
1885 2778 1970 2828 Iob,
1987 2779 2039 2820 Ps
2054 2778 2251 2824 Psalrnos.

346 2839 400 2878 Pr
432 2837 664 2884 Proverbia,
701 2838 774 2878 Ecl
809 2837 1094 2885 Ecclesiasten,
1131 2838 1180 2879 Ct
1214 2838 1428 2879 Canticum
1463 2838 1736 2885 Canticorum,
1773 2838 1853 2891 Sap
1888 2837 2154 2891 Sapientiam,
2190 2836 2253 2878 Sir

347 2896 689 2939 Ecclesiasticum,
730 2896 766 2937 [s
806 2896 966 2941 Isaiam,
1006 2896 1045 2936 Ir
1082 2896 1306 2945 ieremiam,
1344 2897 1445 2937 Lam
1481 2897 1827 2945 Lamentationes,
1866 2896 1947 2937 Bar
1982 2895 2156 2945 Baruch,
2194 2895 2252 2936 ΕΖ

346 2955 611 3004 Ezechielem,
641 2955 705 2995 Dn
732 2954 956 3002 Danielem,
985 2954 1039 2995 Os
1067 2954 1227 3001 Oseam,
1258 2955 1352 3003 Ioel,
1380 2955 1458 2996 Am
1484 2955 1622 3002 Amos,
1650 2955 1744 2996 Abd
1769 2954 1960 3004 Abdiam,
1990 2954 2064 2996 Ion
2092 2954 2249 3003 Ionam,

344 3014 437 3056 Mch
475 3014 698 3057 Michaeam,
738 3013 829 3054 Nah
869 3013 1044 3058 Nahum,
1085 3013 1179 3054 Hab
1218 3013 1425 3062 Habacuc,
1465 3014 1575 3067 Soph
1612 3013 1874 3067 Sophoniam,
1913 3014 2001 3066 Agg
2037 3013 2246 3067 Aggaeum,

345 3073 452 3114 Zach
479 3072 584 3113 Laeli
589 3085 657 3112 iri
650 3085 727 3118 nn
757 3072 838 3112 Mal
863 3071 1119 3120 Malachiam,
1148 3074 1168 3113 1
1194 3072 1282 3113 Mcc
1308 3077 1395 3113 et
1374 3074 1396 3103 )
1422 3072 1509 3113 Μο0
1535 3072 1655 3113 libros
1682 3072 2029 3119 Machabaeormm
2056 3072 2118 3113 Mt
2142 3071 2248 3112 Mat-

346 3132 511 3177 thaeum,
534 3132 596 3171 Μ(
619 3131 669 3170 xl
662 3143 726 3170 ir(
733 3144 812 3178 um
835 3130 888 3171 Lc
910 3130 1076 3175 Lucam
1101 3106 1144 3171 Io
1167 3131 1374 3176 Ioannem,
1398 3131 1476 3171 Act
1496 3130 1622 3171 Actus
1644 3130 1947 3184 Apostolorum,
1974 3131 2077 3171 Rom
2100 3129 2250 3182 episto-

344 3191 425 3231 lam
450 3190 501 3231 ad
528 3190 746 3237 Romanos,
776 3190 793 3229 1
820 3188 896 3229 Cor
920 3195 960 3229 et
985 3189 1007 3229 2
1032 3190 1109 3229 tor
1132 3189 1321 3242 epistolas
1347 3189 1399 3230 ad
1423 3189 1664 3233 Corinthios,
1691 3189 1767 3231 Gal
1791 3189 1843 3230 ad
1868 3189 2047 3237 Galatas,
2075 3187 2168 3241 Eph
2194 3188 2246 3229 ad

432 3312 448 3328 ³
473 3303 581 3336 Variae
608 3304 795 3340 Lectionis,
822 3306 904 3337 tom.
937 3304 973 3342 I.,
1000 3315 1075 3348 pag.
1104 3304 1262 3337 LXllIs.

430 3351 447 3375 b
472 3350 604 3383 Nostris
627 3362 762 3394 quoque
785 3351 996 3394 temporibus
1019 3351 1156 3394 quidam
1179 3362 1255 3384 eum
1276 3350 1521 3384 Bonavcntura
1540 3362 1559 3384 a
1577 3350 1782 3395 Magdalono
1804 3351 1839 3383 ei:
1861 3348 2056 3383 Vercellone
2078 3348 2155 3393 (loo.
2175 3349 2247 3388 cit„

342 3408 416 3441 pag.
437 3397 589 3439 LXXII)
607 3401 774 3433 asserunt.
794 3408 916 3430 nornen
934 3398 1116 3431 Clementis
1136 3398 1231 3431 VIII.
1252 3398 1339 3431 circa
1359 3398 1442 3431 1640
1459 3398 1560 3431 titulo
1579 3398 1744 3432 insertum
1762 3397 1879 3437 fuisse3
1899 3406 2004 3440 quam
2021 3396 2246 3430 assertionem

342 3444 453 3478 Biblia
479 3444 720 3489 Lngdunensia
744 3444 865 3477 falsam
891 3444 1089 3478 ostendunt.
