2356 3760
501 433 963 519 LIBER
1031 434 1664 548 ΝΗΜΕΒΙ,

582 559 994 613 HEBRAICE
1034 561 1578 615 VAIEDABBER.

803 732 1021 786 PARS
1063 733 1363 787 PRIMA.

292 818 707 885 Praeparatio
748 821 836 874 ad
873 821 1450 887 proficiscendum,
1490 823 1532 886 1,
1560 823 1758 887 ῙῌΙΟ,
1785 823 1871 876 10.

950 913 1009 915 κὴ
1019 906 1143 923 --ozffl

205 945 247 996 Ι.
286 946 618 998 Numeratio
659 950 716 998 et
753 948 1045 999 ordinatio
1084 949 1339 1000 filiorum
1376 950 1577 1011 Israel,
1616 951 1960 1013 1.1—4‚49.

550 1033 588 1072 1.
617 1033 875 1074 Numeratio
906 1034 1144 1075 duodecim
1173 1034 1388 1084 tribuum,
1415 1035 1454 1084 1,
1474 1035 1619 1075 1—54.

238 1096 275 1139 1.
332 1099 344 1121 ¹
378 1096 639 1151 Locutusque
673 1104 734 1139 est
766 1098 966 1139 Dominus
1001 1099 1053 1139 ad
1086 1099 1253 1153 Moysen
1288 1100 1327 1140 in
1362 1100 1519 1140 deserto
1554 1100 1662 1141 Sinai
1697 1102 1736 1141 in
1772 1102 2033 1143 tabernaculo

133 1155 306 1202 foederis,
327 1156 459 1209 prima
476 1156 539 1197 die
558 1157 704 1197 mensis
723 1158 899 1204 secundi,
921 1171 1026 1199 anno
1046 1158 1171 1199 altero
1191 1158 1423 1212 egressionis
1443 1172 1580 1199 00111111
1599 1173 1648 1200 ex
1666 1160 1856 1214 Δ13011110,
1878 1161 2030 1202 (1100115;

132 1216 146 1238 ²
187 1214 351 1255 aTollite
388 1228 590 1255 summam
628 1216 824 1257 universae
861 1217 1181 1270 congregationis
1222 1217 1394 1258 filiorum
1434 1218 1556 1258 151301
1591 1231 1662 1271 per
1698 1219 1957 1268 cognationes
1994 1225 2035 1261 et

132 1273 272 1313 domos
304 1287 407 1321 51135,
442 1279 482 1314 01
512 1274 679 1315 1101111113
710 1275 969 1328 singulorum,
1005 1275 1204 1329 quidquid
1234 1289 1351 1317 sexus
1383 1281 1442 1316 est
1474 1276 1683 1317 masculini
1741 1282 1756 1302 ³³
1787 1292 1809 1318 a
1841 1279 2032 1332 vigesimo

131 1345 237 1372 anno
264 1337 303 1373 et
329 1345 461 1386 supra.
491 1333 672 1374 omnium
698 1334 877 1374 1110111111
902 1334 1071 1375 1011111111
1096 1348 1145 1375 ex
1172 1335 1305 1377 Israel.
1335 1340 1375 1375 et
1400 1336 1665 1376 numerabitis
1692 1350 1756 1377 eos
1782 1350 1853 1390 per
1877 1342 2033 1378 turmas

132 1404 236 1435 suas,
266 1398 311 1431 tu
340 1396 381 1432 et
406 1392 553 1432 Aaron.
610 1395 623 1416 ⁴
650 1393 865 1446 Eruntque
891 1393 1101 1433 vobiscum
1130 1394 1328 1447 principes
1357 1394 1536 1434 tribuum
1565 1408 1611 1435 ac
1646 1395 1859 1436 domorum
1895 1397 1934 1436 in
1971 1409 2034 1437 00-

133 1450 394 1503 gnationibus
419 1450 511 1498 51115,
612 1464 783 1504 quorum
816 1452 895 1492 ista
928 1457 1021 1492 sunt
1056 1452 1238 1493 nomina:
1273 1453 1333 1493 De
1358 1453 1515 1496 Ruben.
1565 1453 1699 1494 Elisur
1733 1454 1836 1495 filius
1869 1455 2031 1496 Sedeur.

133 1510 148 1532 ⁶
177 1509 225 1549 de
255 1509 428 1552 Simeon.
460 1508 649 1550 Salamiel
681 1510 785 1550 filius
815 1510 1061 1551 Surisaddai.
1124 1513 1136 1534 7
1168 1512 1215 1552 de
1249 1512 1361 1555 111(13,
1395 1512 1618 1557 Nahasson.
1654 1513 1757 1554 filius
1787 1514 2030 1554 Aminadab.

133 1570 146 1591 s
167 1568 215 1607 de
239 1567 432 1609 Issachar.
458 1568 686 1609 Nathanael
712 1569 815 1609 filius
836 1570 949 1610 Suar.
1001 1572 1016 1593 9
1037 1570 1085 1610 (10
1107 1570 1299 1613 Zabulon.
1323 1570 1441 1611 Eliab
1465 1571 1568 1611 filius
1591 1572 1733 1613 Helon.
1784 1574 1819 1597 ¹⁰
1838 1572 2031 1613 Filiorum

129 1632 267 1667 autem
299 1626 456 1680 Ioseph,
489 1627 536 1667 de
566 1627 775 1680 Ephraim,
808 1628 989 1669 Elisama
1022 1628 1123 1669 filius
1154 1630 1359 1670 Ammiud.
1392 1630 1440 1670 de
1470 1630 1666 1676 Manasse,
1699 1631 1896 1672 Gamaliel
1928 1632 2031 1672 filius

129 1686 371 1726 Phadassur.
434 1688 461 1709 ¹¹
494 1686 554 1727 De
588 1686 811 1731 Beniamin,
846 1688 1007 1728 Abidan
1041 1688 1144 1728 filius
1176 1688 1386 1729 Gedeonis.
1448 1690 1478 1712 ¹²
1510 1690 1558 1730 de
1589 1690 1692 1734 Dan.
1727 1691 1895 1732 Ahiezer
1928 1690 2031 1731 filius

129 1744 422 1785 Ammisaddai.
481 1747 509 1769 ¹3
535 1745 583 1785 de
609 1745 719 1793 Aser,
748 1746 909 1800 Phegiel
940 1747 1042 1787 filius
1070 1747 1242 1788 Ochran.
1299 1750 1329 1771 ¹⁴
1356 1748 1404 1788 de
1431 1748 1531 1791 Gad.
1561 1748 1753 1802 Eliasaph
1783 1749 1886 1790 filius
1914 1749 2028 1790 Duel.

129 1805 159 1827 ¹5
189 1803 237 1843 (10.
270 1803 502 1857 Nephthali.
534 1804 658 1845 Ahira
692 1804 794 1845 filius
825 1805 954 1846 Enan.
1015 1807 1048 1829 ¹⁶
1079 1806 1131 1845 Hi
1163 1806 1398 1847 nobilissimi
1429 1807 1628 1861 principes
1658 1808 1932 1849 multitudinis
1962 1822 2032 1862 per

127 1863 256 1903 tribus
288 1868 329 1903 et
360 1863 619 1916 cognationes
652 1877 756 1908 51135,
790 1869 831 1905 et
862 1865 998 1917 capita
1029 1866 1227 1906 exercitus
1263 1866 1401 1906 lsrael:
1462 1867 1494 1890 ¹⁷
1528 1880 1627 1920 quos
1658 1867 1840 1908 tulerunt
1871 1868 2030 1921 Moyses

128 1926 167 1961 01
199 1922 335 1962 Aaron
367 1935 456 1962 cum
491 1923 599 1962 0111111
632 1923 740 1972 vulgi
773 1923 1053 1964 multitudine:
1115 1926 1147 1947 ¹⁸
1179 1930 1219 1965 et
1250 1932 1597 1978 congregaverunt
1627 1927 1756 1979 primo
1789 1927 1851 1967 die
1883 1927 2030 1967 mensis

127 1981 303 2024 secundi,
326 1986 576 2021 recensentes
597 1995 662 2021 005
684 1995 753 2033 per
771 1983 1043 2035 cognationes,
1066 1987 1107 2023 et
1126 1983 1279 2026 (1011105,
1303 1996 1348 2023 30
1366 1984 1552 2033 familias,
1575 1990 1615 2025 et
1635 1985 1782 2038 capita,
1805 1991 1845 2026 et
1864 1986 2029 2026 nomina

127 2039 375 2091 singulorum
395 2053 417 2079 a
436 2039 628 2091 vigesimo
648 2053 753 2080 anno
773 2046 814 2081 et
831 2054 963 2093 supra,
1012 2043 1046 2065 ¹⁹
1063 2041 1168 2082 sicut
1186 2048 1431 2095 praeceperat
1450 2043 1649 2083 Dominus
1668 2044 1810 2097 Moysi.
1832 2044 2028 2085 Numera-

127 2098 239 2150 tique
268 2102 364 2137 sunt
392 2098 432 2137 in
463 2099 620 2138 deserto
650 2098 771 2139 Sinai.

231 2169 266 2191 2⁰
289 2167 350 2207 De
377 2167 522 2207 Ruben
548 2168 815 2221 primogenito
845 2169 999 2210 Israelis
1026 2183 1096 2223 per
1118 2171 1396 2220 genie-rationes
1422 2177 1462 2212 et
1487 2172 1659 2213 familias
1685 2186 1730 2213 ac
1756 2174 1896 2215 domos
1922 2187 2025 2216 suas.

125 2230 166 2266 et
193 2226 359 2266 nomina·
387 2227 567 2279 capitum
596 2227 856 2281 singulorum,
888 2242 1005 2269 omne
1035 2230 1144 2282 quod
1172 2243 1290 2270 sexus
1319 2236 1380 2271 est
1408 2231 1617 2272 masculini
1647 2245 1670 2272 a
1698 2232 1890 2283 vigesimo
1920 2246 2026 2274 anno

126 2290 165 2325 et
196 2298 328 2338 supra,
362 2286 667 2338 procedentium
699 2287 751 2327 ad
783 2287 943 2334 bellum,
1003 2290 1031 2312 ²¹
1066 2289 1335 2342 quadraginta
1367 2303 1436 2330 sex
1468 2290 1591 2330 millia
1624 2292 1844 2344 quingenti.
1905 2294 1936 2316 ²2
1966 2293 2027 2333 De

128 2343 217 2383 filiis
243 2344 406 2385 Simeon
430 2357 502 2397 per
525 2345 803 2397 generationes
829 2352 869 2387 et
894 2347 1069 2387 1311111135
1096 2361 1141 2388 30
1167 2348 1308 2388 (1011105
1335 2350 1623 2402 cognationum
1651 2363 1815 2391 suarum
1842 2352 2028 2392 recensiti

125 2408 220 2443 sunt
244 2415 315 2456 per
338 2404 502 2443 nomina
529 2408 568 2444 et
593 2405 729 2457 capita
753 2405 1014 2458 singulorum,
1042 2420 1159 2447 omne
1187 2407 1295 2460 quod
1320 2421 1437 2448 sexus
1464 2414 1524 2448 est
1548 2409 1760 2449 masculini
1785 2423 1805 2449 a
1833 2410 2026 2463 xigesimo

126 2475 231 2502 anno
261 2466 300 2502 et
329 2475 461 2515 supra.
492 2463 799 2515 procedentium
828 2465 880 2505 ad
909 2464 1069 2511 bellum,
1127 2468 1158 2489 '23
1188 2466 1486 2520 quinquaginta.
1514 2480 1659 2508 novem
1689 2468 1814 2508 11111113
1843 2470 2023 2510 trecenti.

125 2522 157 2544 '2¹
176 2520 236 2561 De
260 2520 350 2561 filiis
370 2521 461 2562 Gad
480 2534 550 2574 per
568 2523 845 2575 generationes
866 2528 907 2564 et
926 2524 1099 2565 familias
1121 2538 1165 2565 ac
1186 2525 1327 2565 domos
1348 2526 1635 2579 cognationum
1656 2540 1821 2567 suarum
1841 2528 2026 2568 recensiti

125 2584 222 2620 sunt
236 2592 309 2633 per
324 2580 490 2620 nomina
506 2580 755 2634 singulorum
773 2595 795 2622 a
812 2582 957 2635 viginti
975 2583 1089 2623 annis
1108 2588 1148 2624 et
1164 2597 1297 2637 supra.
1318 2597 1455 2625 omnes
1474 2586 1541 2638 qui
1560 2586 1610 2625 ad
1630 2585 1730 2626 bella
1748 2587 2023 2639 procederent.

124 2639 156 2662 ²⁵
182 2638 635 2693 quadragintaquinque
660 2640 782 2681 millia
810 2642 988 2682 sexcenti
1015 2643 1322 2696 quinquaginta.
1377 2646 1412 2667 2⁶
1436 2645 1496 2684 De
1525 2644 1614 2684 filiis
1642 2644 1745 2685 Iuda
1769 2658 1840 2698 per
1862 2659 2025 2699 genera-

126 2697 254 2738 tiones
276 2702 317 2738 et
332 2697 506 2738 familias
525 2710 571 2738 30
589 2699 730 2740 domos
748 2701 1037 2753 cognationum
1055 2713 1231 2746 suarum,
1253 2715 1323 2755 per
1340 2704 1506 2743 nomina
1523 2703 1771 2757 singulorum
1790 2717 1814 2744 a
1832 2704 2024 2758 vigesimo

125 2769 231 2797 anno
251 2761 292 2797 et
310 2769 443 2810 supra,
466 2770 604 2798 omnes
625 2758 693 2811 qui
712 2763 903 2811 poterant
923 2760 975 2800 ad
994 2760 1099 2801 bella
1116 2761 1341 2814 procedere.
1391 2763 1424 2785 '2⁷
1443 2762 1628 2803 recensiti
1648 2768 1744 2803 sunt
1763 2764 2025 2817 septuaginta

124 2819 321 2868 quattuor
353 2815 479 2856 millia
511 2817 701 2858 sexcenti.
764 2819 798 2841 2⁸
831 2818 892 2859 De
928 2818 1018 2859 filiis
1055 2819 1248 2863 Issachar,
1284 2833 1355 2873 per
1387 2821 1664 2874 generationes
1698 2826 1739 2862 et
1770 2822 1945 2863 familias
1979 2835 2026 2863 ac

123 2873 265 2915 domos
297 2875 587 2928 cognationum
619 2888 795 2925 suarum,
830 2890 902 2930 per
933 2878 1099 2919 nomina
1130 2878 1378 2932 singulorum
1412 2893 1433 2919 a
1467 2880 1659 2933 vigesimo
1694 2893 1799 2921 anno
1824 2887 1865 2921 et
1887 2894 2022 2934 supra,

123 2945 261 2973 omnes
293 2934 361 2987 qui
391 2934 443 2974 ad
473 2933 578 2975 bella
606 2935 881 2988 procederent,
940 2938 976 2960 ‘2⁹
1004 2938 1190 2978 recensiti
1219 2943 1315 2978 sunt
1346 2939 1641 2992 quinquaginta
1674 2944 1870 2992 quattuor
1899 2940 2025 2980 11111113

123 2992 419 3046 quadringenti.
469 2994 505 3017 ³⁰
523 2993 584 3033 De
606 2993 697 3034 filiis
719 2994 912 3043 Zabulon,
934 3009 1006 3049 per
1023 2996 1301 3049 generationes
1322 3002 1363 3038 et
1381 2998 1567 3043 1311111135,
1591 3011 1636 3038 30
1656 2998 1797 3039 domos
1818 2999 2023 3052 cognatio-

121 3063 221 3090 num
240 3063 405 3092 suarum
424 3052 610 3093 recensiti
630 3057 726 3093 sunt
745 3066 816 3106 per
833 3055 998 3095 nomina
1018 3055 1267 3108 singulorum
1287 3069 1310 3096 a
1329 3056 1522 3110 vigesimo
1543 3070 1649 3098 anno
1669 3062 1710 3098 et
1729 3070 1861 3111 supra,
1884 3071 2022 3099 omnes

122 3109 191 3161 qui
224 3114 418 3163 poterant
452 3110 505 3151 ad
540 3110 644 3151 bella
678 3113 905 3165 procedere,
968 3115 999 3138 3¹
1037 3114 1335 3167 quinquaginta
1370 3120 1525 3168 septem
1561 3115 1686 3156 millia
1723 3117 2020 3170 quadringenti.

119 3169 151 3192 ³2
176 3167 238 3209 De
267 3168 358 3209 filiis
386 3168 542 3222 Ioseph,
574 3169 748 3211 filiorum
775 3171 971 3224 Ephraim
997 3185 1069 3226 per
1092 3173 1383 3226 generationes
1412 3178 1453 3215 et
1477 3174 1663 3223 familias,
1701 3188 1747 3215 ac
1782 3175 1923 3216 domos
1958 3188 2022 3216 co-

119 3227 360 3279 gnationum
383 3240 548 3268 suarum
570 3229 757 3270 recensiti
780 3235 876 3271 sunt
897 3243 969 3283 per
991 3232 1157 3272 nomina
1180 3232 1428 3285 singulorum
1446 3246 1470 3273 a
1487 3233 1679 3287 vigesimo
1704 3247 1810 3275 anno
1828 3239 1869 3275 et
1886 3247 2018 3287 supra,

121 3298 259 3327 omnes
283 3286 351 3340 qui
374 3291 567 3339 poterant
589 3288 641 3328 ad
664 3287 768 3328 bella
791 3290 1016 3342 procedere,
1068 3292 1101 3315 33
1125 3291 1393 3344 quadraginta
1418 3291 1545 3332 millia
1568 3293 1789 3346 quingenti.
1841 3295 1874 3317 ³⁴
1896 3293 2019 3333 Porro

122 3343 296 3385 filiorum
332 3345 518 3386 Manasse
554 3358 626 3399 per
661 3348 939 3398 generationes
977 3354 1018 3390 et
1054 3349 1228 3389 familias
1267 3363 1312 3390 ac
1350 3350 1491 3392 domos
1529 3351 1817 3405 cognationum
1856 3363 2019 3391 suarum

251 3449 281 3490 1,
306 3447 326 3482 2
354 3424 434 3482 {17
446 3448 499 3490 30,
525 3450 575 3484 12.

2079 1106 2198 1132 Nomina

2064 1149 2178 1167 numera
2186 1150 2212 1167 n-

2097 1178 2179 1203 tium.

2067 2185 2201 2205 numerus

2071 2221 2196 2240 VH'OI‘UIH

2043 2249 2219 2277 militarium.
