2356 3760
131 159 164 199 2,
190 159 289 198 -2-3‚
314 157 334 190 6
924 156 1069 190 LIBER
1095 156 1236 190 10500
1958 167 2031 206 177

134 256 229 291 sunt
248 251 415 291 domum
432 250 608 290 mulieris
626 249 858 293 meretricis,
878 250 1039 289 nomine
1059 250 1216 295 Rahab,
1237 255 1277 290 et
1295 251 1534 303 quieverunt
1554 253 1660 304 apud
1680 266 1779 295 eam.
1825 258 1840 280 ²
1858 257 2031 298 Nuncia-

134 315 305 362 tumque
328 314 389 350 est
410 309 491 361 regi
516 307 680 348 Iericho.
706 313 746 347 et
769 307 942 347 dictum:
968 308 1070 348 Ecce
1093 308 1168 347 viri
1190 308 1356 361 ingressi
1377 314 1473 349 sunt
1495 309 1573 349 huc
1595 322 1665 362 per
1686 317 1846 353 noctem
1869 316 1916 355 (10
1942 316 2031 357 filiis

135 367 269 413 Israel,
304 372 352 408 ut
383 366 639 419 explorarent
672 366 847 406 Terram.
909 368 924 390 3
955 366 1147 419 Misitque
1179 379 1248 407 rex
1283 367 1435 408 Iericho
1469 368 1520 407 ad
1554 368 1698 408 Rahab
1731 370 1883 411 dicens:
1919 374 2031 415 Educ

133 426 252 471 viros,
278 426 346 480 qui
368 430 568 465 venerunt
590 424 641 464 ad
664 429 715 471 te,
740 428 780 464 et
802 424 967 477 ingressi
990 430 1085 464 sunt
1108 425 1275 465 domum
1298 430 1431 466 tuam:
1456 425 1728 478 exploratores
1753 429 1901 482 quippe
1923 439 2028 477 sunt,

133 490 174 526 et
205 497 366 526 omnem
398 484 561 523 Terram
593 483 843 523 considerare
875 488 1084 523 venerunt.
1145 485 1158 507 ⁴
1193 483 1452 537 aTollensque
1483 483 1625 524 mulier
1654 485 1773 533 viros,
1807 487 2030 536 abscondit,

133 549 175 584 et
197 544 272 584 ait:
296 543 457 587 Fateor,
482 546 682 582 venerunt
704 541 756 581 ad
780 554 854 589 me,
879 541 949 582 sed
971 542 1199 582 nesciebam
1224 543 1329 582 unde
1353 548 1503 583 essent:
1554 545 1568 566 5
1592 556 1763 597 cumque
1787 550 1903 597 porta
1927 546 2032 587 clau-

133 602 296 643 deretur
317 601 358 641 10
383 600 570 649 tenebris,
596 605 636 640 et
660 599 716 640 illi
738 600 891 653 pariter
914 601 1109 641 exierunt.
1137 601 1269 641 nescio
1295 614 1373 654 quo
1399 602 1603 642 abierunt:
1629 604 1914 656 persequimini
1938 606 2030 648 0110,

132 665 174 701 01
197 659 547 713 comprehendetis
567 671 644 699 eos.
688 660 703 682 ⁶
726 658 815 711 Ipsa
842 664 980 699 autem
1005 659 1101 699 fecit
1128 659 1342 699 ascendere
1360 660 1466 700 viros
1494 660 1535 700 in
1561 659 1751 701 solarium
1769 662 1911 703 domus
1937 676 2029 706 5010..

132 719 371 772 operuitque
392 731 457 759 eos
478 717 629 770 stipula
648 717 729 759 lini.
754 730 843 771 quae
862 717 917 757 ibi
938 723 1035 758 erat.
1087 719 1099 740 ³
1123 717 1176 758 Hi
1197 724 1346 764 autem,
1371 719 1439 771 qui
1460 718 1569 759 missi
1589 718 1763 766 fuerant,
1786 722 1912 761 secuti
1937 729 2032 762 suut

132 791 197 818 eos
215 791 287 831 per
304 778 425 824 viam,
447 789 535 830 quae
554 776 666 816 ducit
685 776 736 816 ad
754 776 907 816 vadum
929 776 1129 817 Iordanis:
1150 776 1307 829 illisque
1325 777 1490 830 egressis
1509 777 1649 817 statim
1670 782 1788 830 porta
1806 778 1941 820 clausa
1958 786 2029 821 est.

239 849 254 871 8
281 847 464 887 Necdum
491 846 794 886 obdormierant
822 845 889 899 qui
915 845 1112 894 latebant,
1142 850 1182 886 et
1209 859 1297 886 ecce
1325 846 1467 886 mulier
1493 847 1675 887 ascendit
1702 848 1753 888 ad
1780 861 1857 896 eos,
1887 854 1927 889 et
1953 850 2027 889 ait:
2067 850 2193 904 „crffiaffi

134 908 149 930 ⁹
175 906 280 947 Novi
306 905 414 959 quod
438 904 638 945 Dominus
664 904 878 945 tradiderit
903 905 1017 944 vobis
1045 905 1226 945 Terram:
1254 906 1402 945 etenim
1430 905 1546 945 irruit
1570 906 1610 945 in
1635 918 1706 946 nos
1733 910 1861 947 terror
1884 911 2028 954 vester,
2198 900 2204 907 ’

132 970 172 1005 01
196 964 461 1018 elanguerunt
485 976 622 1004 omnes
647 963 897 1003 habitatores
923 963 1063 1004 Terrze.
1118 965 1152 987 ¹⁰
1174 964 1416 1004 Audivimus
1443 964 1552 1017 quod
1578 965 1809 1005 bsiccaverit
1833 965 2031 1007 Dominus

132 1036 257 1077 aquas
292 1022 412 1063 Maris
446 1022 555 1063 rubri
590 1022 641 1062 ad
674 1027 855 1063 vestrum
889 1022 1114 1067 introitum,
1152 1023 1314 1075 quando
1349 1023 1492 1076 egressi
1527 1023 1620 1063 estis
1655 1036 1703 1064 ex
1737 1023 1933 1077 AEgypto:
1975 1029 2033 1066 eet

133 1095 222 1135 quae
248 1081 421 1123 feceritis
449 1081 606 1122 duobus
635 1081 963 1121 Amorrhaeorum
988 1081 1159 1135 regibus,
1191 1082 1258 1134 qui
1286 1087 1401 1122 erant
1429 1086 1539 1122 trans
1570 1076 1803 1122 Iordanem}
1831 1083 1963 1124 Sehon
1992 1088 2033 1123 et

132 1141 204 1195 Og,
232 1154 330 1194 quos
355 1140 624 1181 interfecistis.
679 1142 709 1163 ¹¹
733 1140 788 1180 Et
811 1140 894 1180 11101·
920 1140 1129 1181 audientes
1154 1141 1449 1193 pertimuimus,
1476 1145 1517 1182 et
1540 1140 1719 1194 elanguit
1743 1154 1810 1182 cor
1832 1146 2028 1186 0051111111,

131 1213 204 1240 000
230 1199 425 1240 remansit
450 1199 491 1239 in
519 1199 633 1239 nobis
661 1199 825 1251 spiritus
854 1199 903 1239 ad
932 1199 1145 1239 introitum
1173 1204 1373 1240 vestrum:
1402 1199 1601 1239 Dominus
1630 1200 1735 1239 enim
1762 1200 1871 1241 Deus
1900 1207 2033 1241 vester

131 1259 215 1312 ipse
240 1263 301 1299 est
323 1258 432 1299 Deus
457 1257 496 1298 in
522 1257 615 1298 caelo
641 1270 811 1305 sursum,
838 1262 879 1298 et
902 1258 941 1298 in
968 1263 1071 1298 terra
1098 1258 1296 1299 deorsum.
1350 1260 1381 1282 ¹2
1407 1258 1547 1298 dNunc
1571 1270 1662 1311 ergo
1687 1258 1816 1299 iurate
1841 1260 1937 1299 mihi
1962 1273 2032 1313 per

130 1317 365 1364 Dominum,
396 1321 443 1357 ut
470 1316 673 1370 quomodo
702 1330 773 1370 ego
802 1316 1116 1357 misericordiam
1143 1317 1219 1357 feci
1247 1317 1470 1363 vobiscum,
1500 1317 1557 1357 ita
1586 1322 1626 1357 et
1654 1330 1724 1357 vos
1752 1317 1910 1358 faciatis
1939 1331 2030 1358 cum

131 1377 251 1418 domo
281 1376 408 1429 patris
438 1376 533 1416 mei:
566 1375 750 1428 detisque
780 1375 877 1415 mihi
907 1389 1047 1416 verum
1078 1376 1249 1428 signum,
1308 1377 1339 1399 13
1368 1381 1415 1415 111
1444 1375 1607 1415 salvetis
1638 1380 1797 1428 patrem
1827 1389 1961 1417 meum
1992 1383 2033 1417 et

131 1440 316 1481 matrem,
348 1435 492 1475 fratres
524 1447 569 1474 ac
599 1447 751 1474 sorores
783 1447 904 1478 meas,
938 1440 977 1474 et
1009 1435 1144 1474 onmia
1176 1447 1265 1487 quae
1294 1433 1453 1475 illorum
1485 1439 1591 1477 suut,
1624 1440 1666 1475 et
1696 1435 1844 1475 eruatis
1877 1435 2032 1476 animas

130 1499 289 1535 nostras
316 1507 339 1533 a
364 1498 505 1534 morte.
561 1495 592 1517 ¹⁴
618 1492 695 1541 Qui
720 1493 1017 1545 responderunt
1042 1493 1094 1533 ei:
1123 1493 1271 1533 Anima
1296 1499 1435 1534 nostra
1460 1493 1513 1533 sit
1538 1506 1609 1546 pro
1636 1493 1751 1534 vobis
1778 1493 1817 1533 in
1845 1499 2029 1542 mortem,

130 1553 161 1594 si
190 1558 327 1593 tamen
356 1565 436 1593 non
464 1552 687 1605 prodideris
716 1565 800 1592 nos.
831 1565 1004 1604 cumque
1033 1552 1246 1592 tradiderit
1274 1552 1390 1593 nobis
1418 1549 1617 1593 Dominus
1647 1556 1808 1597 terram,
1838 1552 2032 1593 faciemus

129 1612 169 1652 in
189 1616 229 1652 te
248 1611 563 1652 misericordiam
583 1615 624 1651 01
642 1611 870 1651 veritatem.
921 1613 950 1634 ¹5
970 1611 1141 1651 Demisit
1163 1624 1254 1664 ergo
1274 1624 1339 1651 eos
1358 1623 1429 1664 per
1447 1611 1584 1651 funem
1605 1611 1653 1651 de
1672 1612 1865 1652 fenestra:
1887 1612 2031 1653 domus

129 1671 235 1712 enim
263 1670 346 1711 eius
373 1670 552 1711 haerebat
580 1682 706 1711 muro.
764 1671 798 1693 ¹⁶
823 1669 1020 1723 Dixitque
1048 1670 1099 1710 ad
1127 1683 1211 1710 eos:
1240 1670 1302 1710 Ad
1331 1675 1526 1710 montana
1554 1670 1823 1715 conscendite,
1853 1683 1901 1711 ne
1928 1671 2031 1711 forte

130 1734 343 1770 occurrant
374 1729 490 1769 vobis
522 1734 788 1769 revertentes:
823 1728 958 1782 ibique
990 1728 1152 1769 latitate
1185 1729 1313 1769 tribus
1346 1729 1498 1777 diebus,
1533 1729 1659 1769 donec
1691 1729 1871 1775 redeant,
1905 1735 1945 1770 et
1976 1730 2032 1770 sic

128 1788 237 1829 ibitis
269 1801 340 1841 per
370 1788 478 1828 viam
510 1792 700 1828 vestram.
762 1789 794 1811 ¹⁷
826 1787 903 1836 Qui
935 1788 1126 1828 dixerunt
1157 1788 1208 1828 ad
1239 1801 1346 1828 eam:
1382 1787 1540 1828 Innoxii
1572 1788 1717 1828 erimus
1750 1801 1773 1828 a
1803 1788 2030 1829 iuramento

128 1848 215 1896 hoc,
242 1860 321 1901 quo
345 1847 541 1887 adiurasti
564 1859 655 1887 nos:
708 1847 741 1870 ¹⁸
763 1846 795 1887 si
818 1846 1136 1900 ingredientibus
1161 1847 1275 1887 nobis
1300 1847 1476 1893 Terram,
1502 1847 1660 1897 signum
1684 1847 1806 1887 fuerit
1828 1847 2029 1888 funiculus

127 1907 202 1947 iste
235 1906 454 1953 coccineus,
488 1910 528 1946 et
559 1905 743 1959 ligaveris
776 1919 867 1946 eum
900 1906 938 1946 10
971 1906 1158 1948 fenestra.
1193 1919 1263 1958 per
1295 1919 1417 1959 quam
1449 1906 1644 1946 demisisti
1677 1918 1766 1946 nos:
1800 1911 1840 1946 et
1871 1912 2030 1959 patrem

128 1970 246 2006 tuum
268 1978 314 2006 ac
335 1970 520 2012 matrem,
544 1964 769 2017 fratresque
791 1970 831 2005 et
853 1978 1013 2004 omnem
1036 1965 1317 2017 cognationem
1340 1969 1454 2004 tuam
1477 1964 1778 2017 congregaveris
1801 1965 1840 2004 in
1862 1964 2029 2005 domum

128 2029 255 2065 tuam.
310 2026 343 2048 ¹9
368 2023 445 2072 Qui
471 2023 620 2064 ostium
646 2023 789 2063 domus
815 2028 896 2063 1010
921 2036 1098 2076 egressus
1125 2023 1257 2071 fuerit,
1284 2023 1446 2076 sanguis
1472 2023 1594 2076 ipsius
1621 2023 1695 2063 erit
1719 2023 1758 2063 in
1784 2028 1909 2075 caput
1933 2024 2028 2068 eius,

128 2089 169 2124 et
190 2096 262 2124 nos
286 2082 432 2123 erimus
456 2081 585 2122 alieni.
611 2082 858 2122 Cunctorum
883 2088 1021 2122 autem
1044 2082 1218 2135 sanguis,
1245 2082 1312 2135 qui
1335 2087 1470 2122 tecum
1494 2082 1532 2122 in
1556 2082 1676 2122 domo
1699 2081 1861 2127 fuerint,
1888 2082 2030 2122 redun-

128 2142 244 2183 dabit
270 2141 309 2182 in
338 2146 462 2194 caput
488 2145 685 2186 nostrum,
715 2141 745 2180 si
773 2154 838 2181 005
867 2140 1010 2194 aliquis
1039 2141 1229 2194 tetigerit.
1285 2142 1321 2164 20
1347 2140 1465 2188 Quod
1491 2141 1522 2181 si
1551 2153 1621 2181 1105
1650 2140 1817 2193 prodere
1844 2140 2029 2184 volueris,

128 2206 169 2242 et
201 2213 426 2241 sermonem
459 2199 583 2240 istum
618 2199 794 2252 proferre
826 2199 865 2239 in
900 2199 1092 2246 medium,
1128 2200 1274 2240 erimus
1309 2200 1450 2240 mundi
1483 2200 1534 2240 ab
1568 2199 1643 2240 hoc
1675 2199 1915 2247 iuramento,
1952 2212 2031 2252 quo

128 2259 323 2301 adiurasti
355 2272 438 2300 uos.
498 2260 527 2282 ²¹
559 2258 614 2298 Et
644 2258 711 2298 illa
741 2258 967 2311 respondit:
1000 2259 1113 2299 Sicut
1142 2258 1265 2299 locuti
1297 2259 1404 2303 estis,
1436 2258 1494 2298 ita
1527 2257 1610 2298 fiat.
1644 2258 1936 2311 dimittensque
1966 2271 2031 2299 eos

127 2325 174 2360 ut
201 2322 425 2372 pergerent,
458 2317 655 2370 appendit
683 2317 908 2357 funiculum
939 2318 1169 2358 0000100010
1199 2318 1238 2357 10
1268 2317 1456 2357 fenestra.

231 2391 263 2413 22
293 2388 353 2428 Illi
382 2400 475 2428 vero
505 2387 761 2428 ambulantes
790 2392 1063 2441 pervenerunt
1090 2388 1142 2428 ad
1170 2392 1378 2435 montana,
1409 2392 1450 2428 et
1478 2391 1716 2428 manserunt
1741 2387 1796 2427 ibi
1825 2392 1904 2428 tres
1933 2387 2227 2449 dies,2v‘¹ffl¹ffigufff·

127 2449 255 2490 donec
291 2452 591 2488 reverterentur
629 2447 696 2500 qui
734 2447 897 2487 fuerant
933 2446 1151 2500 persecuti:
1193 2451 1416 2500 quaerentes
1455 2447 1561 2487 enim
1600 2459 1670 2499 per
1707 2459 1867 2486 onmem
1906 2446 2027 2492 viam,
2211 2442 2217 2447 ”

127 2521 207 2549 000
242 2510 477 2560 repererunt
511 2518 589 2546 eos.
652 2507 684 2530 23
719 2505 874 2554 Quibus
909 2506 1050 2546 urbem
1086 2506 1284 2559 ingressis,
1321 2506 1468 2546 reversi
1503 2510 1609 2553 sunt,
1661 2509 1702 2545 01
1736 2504 2032 2545 descenderunt

127 2566 401 2620 exploratores
435 2564 484 2605 de
517 2568 674 2606 monte:
710 2569 761 2612 et,
797 2565 1034 2605 transmisso
1071 2564 1254 2613 Iordane,
1290 2570 1490 2605 venerunt
1523 2564 1574 2605 ad
1609 2563 1724 2604 Iosue
1761 2563 2028 2611 filium'Nun,

127 2628 478 2677 narraveruntque
504 2623 538 2664 ei
562 2623 699 2664 omnia
722 2636 811 2677 quae
836 2623 1068 2664 acciderant
1090 2623 1177 2671 sibi,
1236 2625 1267 2648 ‘2⁴
1295 2628 1419 2677 atque
1443 2623 1651 2664 dixerunt:
1684 2622 1868 2662 Tradidit
1891 2622 2029 2663 Domi-

127 2698 202 2725 nus
233 2695 395 2726 omnem
425 2687 575 2723 terram
604 2682 708 2722 hanc
737 2682 777 2722 in
808 2695 952 2723 manus
980 2686 1152 2730 nostras,
1195 2687 1236 2723 et
1265 2682 1409 2723 timore
1439 2681 1632 2736 prostrati
1661 2686 1757 2722 sunt
1788 2681 1923 2722 cuncti
1961 2680 2029 2721 ha-

127 2744 324 2785 bitatores
354 2741 449 2783 eius.

521 2834 560 2874 3.
588 2833 810 2874 Traiectio
841 2832 1046 2873 Iordanis
1077 2833 1368 2882 miraculosa,
1396 2833 1436 2883 3,
1454 2832 1580 2882 1-5,
1599 2832 1636 2871 1.

2060 2898 2207 2928 Praecepta

231 2905 268 2950 3.
323 2909 336 2931 ¹
361 2906 491 2960 Igitur
514 2905 631 2946 Iosue
653 2905 702 2946 de
724 2909 843 2946 nocte
866 2917 1109 2958 consurgens
1132 2905 1264 2945 movit
1286 2909 1437 2945 castra:
1462 2902 1791 2957 egredientesque
1814 2902 1863 2942 de
1885 2901 2024 2949 Setim,
2059 2934 2142 2959 logne
2173 2940 2207 2958 ao

126 2970 326 3007 venerunt
341 2965 393 3006 ad
410 2964 625 3006 Iordanem
640 2963 736 3017 ipse,
755 2967 795 3004 et
810 2976 948 3004 omnes
967 2962 1037 3003 filii
1054 2963 1188 3010 Israel,
1207 2968 1248 3004 et
1262 2962 1409 3004 morati
1425 2966 1521 3003 sunt
1535 2961 1590 3002 ibi
1605 2966 1685 3001 tres
1702 2960 1796 3002 dies.
1841 2962 1856 2984 ‘2
1871 2960 2026 3009 Quibus
2102 2969 2164 2999 Des,

126 3024 311 3073 evolutis,
346 3024 595 3064 transierunt
626 3035 829 3076 praecones
862 3035 933 3075 per
964 3027 1190 3063 castrorum
1222 3021 1413 3069 medium,
1474 3023 1489 3045 3
1521 3025 1561 3061 et
1593 3020 1766 3060 clamare
1798 3024 2028 3073 coeperunt:

126 3083 298 3132 Quando
326 3082 508 3123 videritis
537 3094 672 3122 arcam
699 3081 862 3122 foederis
890 3081 1056 3121 Domini
1082 3081 1158 3122 Dei
1186 3081 1322 3127 Vestri,
1352 3085 1393 3121 et
1419 3079 1647 3120 sacerdotes
1675 3078 1810 3132 stirpis
1840 3078 2030 3119 Leviticae

125 3146 336 3196 portantes
366 3154 467 3185 eam,
498 3153 570 3182 vos
600 3153 761 3193 quoque
790 3139 1030 3193 consurgite,
1062 3144 1103 3181 et
1131 3139 1345 3193 sequimini
1374 3138 1664 3192 praecedentes:
1720 3140 1736 3162 ‘¹
1764 3137 1897 3190 sitque
1925 3136 2030 3177 inter

125 3213 197 3242 vos
220 3206 261 3241 et
283 3212 419 3241 arcam
441 3199 621 3253 spatium
643 3199 875 3239 cubitorum
898 3198 1025 3239 duum
1047 3198 1237 3239 millium:
1262 3203 1309 3239 ut
1330 3197 1469 3250 procul
1493 3196 1628 3237 videre
1650 3195 1826 3249 possitis,
1850 3200 1892 3236 et
1914 3207 2028 3235 nosse

124 3272 195 3312 per
225 3272 349 3313 quam
378 3258 489 3299 viam
518 3257 817 3311 ingrediamini:
851 3257 946 3310 quia
976 3257 1085 3310 prius
1116 3270 1197 3298 non
1228 3256 1467 3297 ambulastis
1497 3268 1569 3308 per
1598 3268 1705 3296 eam:
1737 3260 1778 3295 et
1808 3259 1949 3294 cavete
1978 3265 2027 3293 00

125 3317 460 3372 appropinquetis
495 3316 548 3357 ad
582 3328 729 3356 arcam.
792 3318 807 3340 ⁵
841 3315 1039 3369 Dixitque
1075 3316 1192 3357 Iosue
1227 3315 1280 3356 ad
1313 3314 1528 3368 populum:
1565 3312 1904 3355 Sanctificamini:
1941 3323 2026 3351 cras

125 3377 231 3417 enim
259 3376 382 3417 faciet
408 3375 609 3416 Dominus
638 3375 745 3414 inter
771 3387 844 3415 vos
873 3374 1085 3416 mirabilia.
1146 3375 1161 3398 ⁶
1190 3374 1245 3414 Et
1274 3374 1332 3414 ait
1361 3373 1413 3414 ad
1442 3373 1688 3414 sacerdotes:
1720 3371 1863 3412 Tollite
1893 3381 2025 3410 arcam

256 3497 276 3529 4
290 3496 365 3529 a1nf
380 3496 410 3536 6,
426 3497 476 3529 17.
504 3517 544 3520 —
569 3496 611 3529 10
625 3496 698 3529 bEx
714 3496 766 3536 14,
781 3496 832 3528 21.
861 3516 901 3519 —
928 3496 1013 3529 cNm
1028 3497 1082 3537 21,
1097 3497 1148 3530 24.
1176 3517 1217 3521 -
1242 3495 1284 3530 12
1296 3495 1374 3529 (1101
1389 3496 1420 3536 6,
1435 3496 1485 3529 22.

194 3559 444 3589 Hetzenauer,
470 3559 595 3590 Vulgata
618 3558 810 3584 elementum.
1772 3548 1820 3587 1⁴2
