2356 3760
295 170 372 212 536
1178 169 1325 205 LIBER
1942 173 1997 214 91,
2022 173 2142 215 4-93,
2168 173 2208 207 15

314 265 329 288 4
352 264 397 304 In
428 264 692 306 decachordo.
725 263 935 317 psalterio:
1020 276 1112 304 cum
1143 265 1314 308 cantico.
1346 265 1387 305 in
1417 265 1586 307 cithara.

317 324 330 346 ⁵
349 323 452 370 Quia
484 323 695 364 delectasti
727 336 790 363 me
817 322 991 364 Domine
1022 323 1062 362 in
1093 322 1255 364 factura
1285 329 1374 364 tua:
1460 330 1501 365 et
1531 325 1571 365 in
1602 324 1790 378 operibus
1810 337 2009 366 manuum
2040 331 2205 371 tuarum

558 382 763 423 exultabo.

315 440 330 463 ⁶
348 440 479 489 Quam
509 440 773 491 magnificata
801 446 895 481 sunt
925 453 1046 493 opera
1076 446 1149 482 tua
1175 441 1368 483 Domine!
1452 441 1571 483 nimis
1599 442 1812 496 profundae
1839 443 1959 483 factae
1986 448 2081 483 sunt
2102 443 2206 496 cogi-

559 506 735 540 tationes
766 505 865 539 tuae:

105 607 271 666 ‘¹{¹(⁵‚fs‚psss}‘}[¹'
316 606 328 627 ⁷
348 604 418 643 Vir
448 603 639 657 insipiens
670 617 750 645 non
783 610 1015 657 cognoscet:
1101 609 1142 645 et
1173 604 1323 645 stultus
1355 617 1434 645 non
1467 604 1664 659 intelliget
1693 605 1790 647 haee.

129 660 246 707 εμυὲμηζ
315 665 330 686 ⁸
349 664 447 703 (sum
462 663 592 703 exorti
610 663 760 703 fuerint
780 669 1011 716 peccatores
1029 663 1132 704 sicut
1151 663 1326 704 foenum:
1385 668 1424 703 et
1444 665 1707 717 apparuerint
1725 678 1876 713 omneS,
1896 666 1965 719 qui
1982 670 2206 718 operantur

557 722 837 775 iniquitatem:
922 722 979 763 Ut
1008 723 1211 763 intereant
1241 722 1281 762 in
1311 722 1501 763 sfeculum
1532 723 1683 764 saeculi:

314 782 329 804 ⁰
348 787 392 820 tu
425 786 562 821 autem
594 781 827 822 Altissimus
857 781 897 822 in
928 787 1126 822 aeternum
1157 781 1344 823 Domine.

298 840 330 863 ¹⁰
348 840 549 888 Quoniam
581 854 671 881 ecce
701 840 852 881 inimici
883 841 942 882 tui
974 840 1159 885 Domine,
1257 840 1447 894 quoniam
1481 854 1570 881 ecce
1601 840 1750 882 inimici
1780 842 1840 883 tui
1871 842 2081 895 peribunt:
2165 846 2206 882 et

558 899 841 952 dispergentur
870 913 1020 943 omncs.
1055 899 1122 953 qui
1153 905 1375 952 operantur
1403 899 1678 953 iniquitatem.

112 1005 321 1069 iffi‘ssssssfffin
346 1003 398 1043 Et
428 1003 680 1045 exaltabitur
716 1005 818 1045 sicut
848 1005 1051 1045 unicornis
1078 1017 1203 1046 cornu
1231 1017 1385 1045 meum:
1468 1010 1509 1045 et
1536 1010 1721 1046 senectus
1748 1019 1839 1047 mea
1865 1007 1905 1046 in
1932 1005 2207 1047 misericordia

144 1063 150 1068 ”
206 1062 245 1068 “’
555 1063 680 1104 uberi.

294 1123 324 1145 ¹'-'
346 1121 399 1162 Et
419 1121 602 1176 despexit
622 1122 760 1163 oculus
778 1136 891 1163 meus
908 1123 1092 1164 inimicos
1109 1136 1238 1164 meos:
1307 1128 1347 1164 et
1364 1123 1405 1163 in
1423 1123 1725 1177 insurgentibus
1742 1124 1783 1164 in
1800 1137 1865 1165 me
1882 1123 2204 1177 malignantibus

557 1182 694 1222 audiet
726 1182 832 1223 auris
862 1195 963 1223 mea.

296 1240 496 1284 1³Iustus,
530 1247 575 1282 ut
606 1241 743 1295 palma
777 1240 955 1282 florebit:
1041 1241 1146 1282 sicut
1176 1242 1318 1282 cedrus
1350 1241 1495 1282 Libani
1525 1241 1878 1295 multiplicabitur.

296 1301 324 1323 ¹⁴
346 1298 528 1340 Plantati
557 1300 597 1341 in
627 1301 748 1342 domo
778 1300 954 1342 Domini.
1039 1300 1079 1341 in
1110 1300 1222 1341 atriis
1252 1301 1397 1341 domus
1426 1299 1502 1341 Dei
1530 1301 1658 1341 nostri
1690 1300 1906 1342 florebunt.

294 1360 324 1382 ¹⁵
345 1358 490 1399 Adhuc
521 1359 905 1413 multiplicabuntur
934 1360 975 1400 in
1005 1365 1170 1400 senecta
1198 1359 1330 1400 uberi:
1415 1364 1456 1400 et
1485 1360 1587 1400 bene
1618 1360 1822 1413 patientes
1853 1364 1983 1406 erunt,

294 1419 328 1442 ¹⁶
346 1424 391 1458 ut
410 1419 677 1459 annuncient:
698 1419 900 1468 Quoniam
918 1424 1052 1459 rectus
1069 1419 1270 1460 Dominus
1335 1419 1447 1459 Deus
1464 1424 1619 1460 noster:
1639 1424 1680 1460 et
1696 1432 1778 1461 non
1795 1424 1857 1460 est
1873 1419 2068 1472 iniquitas
2085 1418 2127 1459 in
2145 1431 2202 1459 eo.

937 1534 1104 1584 92(93).
1135 1535 1343 1586 Regnum
1374 1534 1567 1575 Domini.

398 1607 505 1648 Laus
525 1607 681 1647 Cantici
701 1606 777 1660 ipsi
796 1606 932 1647 David
953 1607 993 1647 in
1013 1607 1076 1647 die
1097 1613 1192 1647 ante
1213 1607 1446 1655 sabbatum,
1469 1606 1633 1660 quando
1654 1606 1831 1647 fundata
1849 1610 1911 1647 est-
1930 1610 2049 1646 terra.
2072 1604 2202 1645 XCII.

96 1702 265 1763 cffissffiffiqe
315 1702 327 1724 ¹
346 1700 546 1741 Dominus
577 1700 775 1753 regnavit.
810 1700 995 1741 decorem
1026 1700 1195 1740 indutus
1226 1705 1305 1740 est:
1380 1699 1549 1740 indutus
1581 1706 1642 1740 est
1672 1699 1873 1740 Dominus
1904 1698 2202 1745 fortitudinem,

160 1778 211 1799 at.
555 1765 595 1799 et
615 1758 826 1812 praecinxit
847 1772 898 1800 se.
974 1759 1139 1800 Etenim
1160 1758 1339 1800 firmavit
1360 1759 1499 1800 orbem
1520 1765 1647 1802 terrze.
1672 1759 1739 1812 qui
1760 1771 1840 1799 non
1861 1757 2201 1799 commovebitur.

313 1820 327 1842 '2
345 1818 496 1858 Parata
526 1818 638 1858 sedes
669 1825 742 1858 tua
771 1831 819 1858 ex
850 1824 966 1859 tunc:
1051 1831 1075 1859 a
1103 1817 1247 1859 saeeulo
1278 1824 1324 1859 tu
1354 1831 1406 1859 es.

313 1880 328 1902 3
346 1877 625 1918 Elevaverunt
648 1877 816 1918 flumina
836 1877 1029 1918 Domine:
1088 1877 1354 1918 elevaverunt
1376 1877 1546 1918 flumina
1565 1890 1707 1918 vocem
1728 1889 1855 1918 suam.
1925 1875 2205 1916 Elevaverunt

558 1936 730 1977 flumina
760 1936 908 1977 fluetus
938 1950 1042 1985 suos,

311 1998 326 2021 ‘²
345 2009 369 2037 a
399 1996 567 2038 vocibus
599 2009 799 2049 aquarum
830 1995 1066 2037 multarum.
1147 1994 1350 2037 Mirabiles
1378 1995 1572 2037 elationes
1598 1995 1733 2041 maris,
1812 1993 2006 2035 mnabilis
2038 1994 2079 2034 in
2111 1993 2204 2034 altis

555 2055 767 2096 Dominus.

312 2114 597 2155 5Testimonia
629 2120 702 2155 tua
735 2113 943 2155 credibilia
974 2114 1087 2155 facta
1119 2119 1213 2155 sunt
1247 2114 1385 2155 nimis:
1463 2114 1632 2156 domum
1665 2119 1782 2154 tuam
1816 2113 1933 2154 decet
1965 2112 2201 2153 sanctitudo

557 2174 732 2215 Domine
762 2174 802 2214 in
831 2173 1129 2227 longitudinem
1159 2173 1327 2214 dierum.

842 2289 1009 2339 93(94).
1041 2288 1321 2340 Efssagitatio
1351 2288 1538 2330 ultionis
1568 2288 1661 2329 Dei.

395 2362 581 2404 Psalmus
610 2362 685 2415 ipsi
715 2362 863 2403 David.
897 2361 1055 2409 Quarta
1083 2361 1257 2402 sabbati.
1289 2360 1444 2402 XCIII.

103 2469 268 2530 Pffsiffissj
312 2471 324 2493 ¹
343 2469 453 2509 Deus
483 2468 685 2510 ultionum
716 2467 935 2508 Dominus:
1019 2467 1130 2507 Deus
1160 2466 1363 2508 ultionum
1392 2465 1515 2507 libere
1545 2466 1637 2520 egit.

109 2511 125 2535 g
312 2530 326 2551 ‘²
344 2527 539 2568 Exaltare
571 2527 639 2580 qui
668 2526 821 2568 iudicas
852 2531 1021 2566 terram:
1106 2526 1228 2567 redde
1257 2525 1568 2566 retributionem
1599 2524 1793 2579 superbis.

312 2589 327 2611 ³
346 2586 567 2640 Usquequo
599 2591 831 2639 peccatores
861 2585 1054 2626 Domine:
1140 2597 1351 2638 usquequo
1382 2591 1616 2638 pecc-atores
1645 2584 1947 2637 gloriabuntur:

310 2647 326 2671 ‘¹
344 2645 605 2689 Effabuntur,
639 2651 679 2685 et
709 2645 929 2698 loquentur
959 2644 1239 2698 iniquitatem:
1311 2643 1533 2697 loquentur
1563 2656 1713 2692 omnes,
1749 2643 1816 2696 qui
1847 2647 2070 2697 operantur
2098 2640 2200 2682 iniu-

553 2704 734 2745 stitiam?

311 2763 547 2817 ⁵Populum
587 2770 705 2804 tuum
738 2763 913 2804 Domine
952 2762 1291 2803 humiliaverunt:
1381 2767 1422 2803 et
1459 2761 1732 2802 hereditatem
1771 2767 1888 2802 tuam
1930 2763 2198 2801 vexaverunt.

311 2825 325 2847 ⁶
343 2823 531 2866 Viduam.
565 2829 604 2863 et
636 2823 838 2863 advenam
869 2822 1178 2862 interfecerunt:
1264 2826 1305 2862 et
1334 2820 1509 2875 pupillos
1539 2821 1787 2862 oeciderunt.

313 2883 326 2905 ⁷
346 2882 399 2922 Et
431 2882 640 2922 dixerunt:
675 2882 766 2923 Non
797 2881 954 2921 videbit
984 2881 1196 2929 Dominus,
1283 2893 1356 2921 nee
1386 2879 1585 2933 intelliget
1615 2880 1726 2920 Deus
1760 2879 1894 2920 Iacob.

119 2987 253 3046 ‘¹¹„¹¹¹¹‡(¹g¹·
313 2988 327 3011 Β
349 2987 564 3036 Intelligite
593 2987 827 3040 insipientes
856 2987 896 3027 in
924 2986 1095 3040 populo:
1179 2993 1219 3027 et
1247 2985 1363 3027 stulti
1393 2986 1613 3039 aliquando
1643 2985 1784 3038 sapite.

176 3034 180 3046 ⁶
215 3042 220 3046 ’
310 3047 325 3070 ⁹
346 3046 422 3093 Qui
457 3046 661 3099 plantavit
696 3059 846 3090 aurem,
882 3059 964 3087 non
998 3045 1167 3086 audiet?
1256 3052 1326 3086 aut
1363 3045 1431 3099 qui
1464 3044 1584 3085 finxit
1617 3043 1791 3088 oculum,
1828 3056 1909 3085 non
1943 3041 2198 3084 considerat?

296 3105 422 3153 ¹⁰Qui
453 3105 615 3157 corripit
644 3112 796 3158 gentes,
829 3118 909 3146 non
939 3110 1099 3157 arguet:
1184 3105 1252 3159 qui
1281 3105 1399 3146 docet
1429 3104 1635 3146 hominem
1665 3102 1901 3144 seientiam?

295 3166 324 3187 ¹¹
348 3164 545 3204 Dominus
577 3165 650 3204 scit
682 3165 949 3217 cogitationes
981 3163 1205 3209 hominum,
1293 3164 1485 3217 quoniam
1518 3176 1634 3203 vanae
1665 3168 1772 3203 sunt.

107 3271 268 3331 redi-‘iussmj
296 3271 324 3292 ¹²
348 3268 498 3309 Beatus
528 3268 659 3310 homo.
693 3282 811 3322 quem
842 3276 887 3310 tu
916 3269 1106 3310 erudieris
1135 3269 1327 3310 Domine:
1411 3274 1451 3309 et
1480 3269 1528 3309 de
1556 3268 1640 3321 lege
1669 3274 1743 3308 tua
1770 3266 1952 3308 docueris
1981 3279 2084 3307 eum.

122 3326 256 3372 'pvraats
295 3329 325 3351 ¹³
347 3327 401 3368 [ft
434 3328 590 3375 mitiges
621 3328 653 3367 ei
683 3341 705 3367 a
735 3328 875 3369 diebus
904 3328 1039 3369 malis:
1123 3328 1250 3369 donec.
1279 3327 1460 3369 fodiatur
1488 3327 1690 3380 peccatori
1720 3326 1850 3367 fovea.

294 3388 324 3410 ¹⁴
346 3386 449 3434 Quia
470 3400 547 3427 non
567 3386 730 3439 repellet
750 3387 949 3428 Dominus
969 3387 1126 3441 plebem
1146 3400 1280 3427 suam:
1349 3392 1388 3427 et
1407 3387 1676 3427 hereditatem
1697 3398 1810 3425 suam
1831 3397 1912 3425 non
1931 3383 2196 3437 derelinquet.

294 3447 324 3470 ¹⁵
346 3446 620 3498 Quoadusque
652 3446 806 3486 iustitia
836 3452 1101 3487 convertatur
1129 3446 1169 3486 in
1200 3446 1413 3487 iudicium:
1501 3452 1541 3486 et
1573 3445 1640 3499 qui
1671 3445 1787 3485 iuxta
1817 3443 1926 3484 illam
1957 3456 2096 3485 omnes
2129 3442 2197 3498 qui

556 3510 664 3545 recto
695 3511 787 3544 sunt
820 3506 950 3547 corde.
