2356 3760
120 148 172 188 18,
196 146 319 187 5—19,
343 145 365 180 9
896 170 898 172 .
997 141 1138 175 IOSUE
1946 148 2019 188 191

119 253 209 281 earn
241 238 360 280 iuxta
391 250 610 279 numerum
643 233 960 286 uniuscuiusque
992 233 1287 275 multitudinis:
1332 234 1591 286 referantque
1625 235 1677 274 ad
1716 250 1780 278 me
1814 239 1923 291 quod
1956 239 2022 279 de-

118 297 363 351 scripserint.
416 299 431 321 5
449 295 635 337 Dividite
663 292 779 334 vobis
802 293 966 332 Terram
994 291 1036 332 in
1063 297 1219 345 septem
1247 297 1402 345 partes:
1434 292 1557 332 Iudas
1585 292 1637 332 sit
1664 293 1705 332 in
1732 296 1912 337 terminis
1941 297 2022 338 suis

120 357 172 398 ab
199 355 368 398 australi
393 354 525 409 plaga,
555 358 597 394 et
623 352 767 393 domus
796 351 943 404 Ioseph
970 351 1021 391 ab
1047 350 1261 404 Aquilone.
1320 353 1335 375 6
1360 350 1537 392 mediam
1563 349 1669 390 inter
1693 352 1766 392 hos
1793 353 1955 395 Terram
1981 355 2022 395 in

120 420 277 469 septem
308 418 444 468 partes
476 410 709 453 describite:
742 414 784 450 et
813 410 893 449 huc
923 409 1095 450 venietis
1126 409 1179 449 ad
1208 422 1284 458 me,
1319 414 1365 449 ut
1396 421 1531 449 coram
1562 408 1738 450 Domino
1770 410 1855 451 Deo
1888 417 2022 452 vestro

119 474 285 515 mittam
304 471 420 514 vobis
438 470 504 512 hic
522 474 691 511 sortem:
741 470 754 492 ⁷
775 467 870 521 quia
888 481 970 508 non
988 472 1050 508 est
1066 467 1173 508 inter
1190 480 1262 507 vos
1282 480 1373 521 pars
1393 467 1644 515 Levitarum,
1665 468 1734 508 sed
1752 468 2024 510 sacerdotium

120 531 287 574 Domini
310 535 372 572 est
395 542 534 571 eorum
557 527 773 569 hereditas.
800 526 890 568 Gad
914 531 1052 566 autem
1076 530 1117 567 et
1141 526 1299 573 Ruben,
1326 531 1366 566 et
1390 525 1558 566 dimidia
1583 525 1711 566 tribus
1735 527 1921 567 Manasse
1944 527 2024 567 iam

121 594 363 644 acceperant
392 587 663 642 possessiones
693 598 785 626 suas
815 590 929 626 trans
962 584 1177 625 Iordanem
1208 585 1261 624 ad
1290 583 1539 625 Orientalem
1569 583 1750 636 plagam:
1784 598 1882 638 quas
1914 585 2027 625 dedit

120 650 175 691 eis
203 649 364 702 Moyses
393 645 570 688 famulus
599 644 777 685 Domini.

227 710 242 732 ⁸
271 707 455 759 Cumque
483 703 752 746 surrexissent
780 702 867 751 viri,
904 707 950 743 ut
978 708 1191 756 pergerent
1220 702 1272 742 ad
1301 700 1608 741 describendam
1636 706 1798 751 terram,
1833 702 2024 755 praecepit

121 766 176 807 eis
209 766 338 815 Iosue,
372 765 526 805 dicens:
559 762 734 804 Circuite
764 761 941 809 Terram,
975 765 1016 802 et
1045 760 1261 801 describite
1292 772 1393 808 eam,
1427 772 1473 799 ac
1502 759 1753 800 revertimini
1784 759 1836 800 ad
1864 774 1946 800 me:
1978 766 2024 801 ut

120 825 185 865 hic
202 837 339 865 coram
355 822 545 871 Domino,
564 821 606 862 in
622 820 703 861 Silo
720 820 887 861 mittam
904 820 1021 860 vobis
1039 825 1202 860 sortem.
1251 821 1266 842 9
1285 818 1431 871 Itaque
1447 825 1730 871 perrexerunt:
1749 823 1789 859 et
1805 818 2025 860 lustrantes

122 897 223 933 eam,
259 883 301 924 in
335 886 492 936 septem
526 886 663 934 partes
699 878 937 925 diviserunt,
975 877 1196 919 scribentes
1230 877 1273 918 in
1306 875 1525 918 volumine.
1564 876 1811 930 Reversique
1845 882 1941 917 sunt
1976 878 2027 917 ad

124 943 242 983 Iosue
263 941 305 982 in
328 946 463 982 castra
484 939 578 981 Sile.
631 940 667 963 ¹⁰
689 937 767 986 Qui
789 937 902 978 misit
924 942 1053 978 sortes
1076 949 1213 977 coram
1235 935 1412 977 Domino
1436 934 1478 975 in
1501 934 1594 983 Silo,
1621 934 1841 988 divisitque
1864 936 2027 976 Terram

124 1000 214 1042 filiis
245 999 369 1041 Israel
396 999 439 1040 in
468 1003 624 1052 septem
652 1001 802 1050 partes.

591 1101 628 1142 5.
660 1100 773 1141 Sors
802 1100 1000 1141 tiliorum
1032 1099 1279 1150 Beniamin,
1306 1099 1374 1149 18,
1391 1098 1564 1139 11—28.

229 1178 260 1200 ¹¹
284 1174 340 1215 Et
365 1172 548 1214 ascendit
572 1185 655 1213 sors
680 1171 810 1225 prima
839 1171 1014 1212 filiorum
1040 1169 1254 1212 Beniamin
1279 1182 1350 1223 per
1373 1169 1547 1209 familias
1573 1181 1677 1217 suas,
1705 1173 1751 1209 ut
1776 1168 2028 1221 possiderent

124 1234 289 1275 Terram
310 1233 418 1274 inter
442 1231 544 1273 filios
570 1231 673 1272 Iuda
696 1237 736 1272 et
762 1230 863 1271 filios
890 1229 1047 1283 Ioseph.
1100 1231 1131 1253 ¹²
1153 1229 1186 1270 F
1189 1230 1332 1281 uitque
1356 1227 1552 1268 terminus
1576 1239 1715 1267 eorum
1739 1234 1881 1268 contra
1902 1228 2028 1280 Aqui-

123 1292 258 1335 lonem
283 1305 306 1333 a
330 1291 521 1332 Iordane:
546 1303 714 1344 pergens
738 1289 856 1330 iuxta
877 1288 984 1330 latus
1011 1287 1164 1329 Iericho
1189 1286 1517 1341 septentrionalis
1540 1285 1680 1340 plagae,
1707 1291 1748 1327 et
1770 1285 1863 1327 inde
1887 1292 2029 1327 contra

124 1351 387 1393 Occidentem
424 1350 476 1391 ad
509 1354 708 1391 montana
743 1348 1027 1392 conscendens,
1066 1352 1107 1388 et
1140 1346 1379 1400 perveniens
1416 1345 1468 1386 ad
1503 1344 1764 1386 solitudinem
1801 1345 2025 1393 Bethaven,

124 1413 156 1436 ¹³
186 1415 311 1464 atque
340 1408 614 1463 pertransiens
644 1407 761 1448 iuxta
794 1407 967 1448 aLuzam
999 1407 1051 1447 ad
1080 1404 1301 1449 Meridiem.
1334 1405 1423 1458 ipsa·
1452 1410 1514 1445 est
1544 1403 1706 1445 Bethel:
1738 1404 2028 1457 descenditque

123 1469 165 1510 in
191 1468 371 1510 Ataroth
400 1468 529 1508 addar
556 1467 596 1507 in
625 1471 819 1513 montem,
850 1465 917 1519 qui
947 1470 1008 1506 est
1037 1465 1089 1505 ad
1116 1463 1325 1505 Meridiem
1352 1463 1457 1504 Beth
1485 1463 1614 1504 horon
1642 1462 1856 1503 inferioris:
1915 1465 1945 1487 ¹⁴
1973 1463 2030 1504 Et

124 1527 344 1569 inclinatur
362 1526 556 1567 circuiens
577 1532 719 1567 contra
738 1537 848 1565 mare
869 1524 921 1565 ad
940 1523 1149 1565 Meridiem
1168 1523 1320 1564 montis
1342 1522 1410 1576 qui
1429 1522 1592 1575 respicit
1614 1522 1720 1562 Beth
1740 1522 1867 1562 horon
1886 1526 2029 1563 contra

123 1587 326 1628 Africum:
351 1591 528 1639 suntque
551 1585 684 1625 exitus
707 1583 790 1625 eius
813 1583 854 1624 in
876 1583 1041 1623 Cariath
1066 1583 1169 1627 baal,
1196 1595 1286 1635 quae
1308 1586 1480 1622 vocatur
1502 1587 1543 1622 et
1565 1580 1861 1627 Cariathiarim,
1887 1581 2028 1621 urbem

127 1646 302 1688 filiorum
333 1645 447 1686 Iuda.
479 1645 564 1684 haec
593 1650 654 1685 est
682 1642 802 1696 plaga
831 1650 973 1683 contra
1001 1654 1124 1690 mare,
1156 1641 1209 1682 ad
1238 1640 1513 1682 Occidentem.
1573 1642 1603 1664 ¹⁵
1631 1640 1668 1680 A
1695 1639 1861 1680 Meridie
1890 1644 2029 1681 autem

124 1719 175 1746 ex
200 1710 317 1759 parte
343 1703 628 1745 Cariathiarim
655 1702 859 1755 egreditur
886 1701 1081 1742 terminus
1109 1706 1253 1741 contra
1278 1712 1400 1747 mare,
1431 1704 1471 1739 et
1497 1698 1683 1751 pervenit
1710 1712 1837 1752 usque
1864 1699 1917 1739 ad
1942 1698 2029 1739 fon-

123 1770 208 1806 tem
244 1776 444 1817 aquarum
479 1761 681 1815 Nephtoa.
747 1763 781 1785 16
814 1760 1116 1813 Descenditque
1151 1759 1192 1800 in
1226 1764 1386 1812 partem
1420 1757 1584 1806 montis,
1637 1757 1705 1810 qui
1739 1757 1902 1811 respicit
1936 1756 2029 1797 Val-

123 1823 203 1864 lem
227 1822 403 1864 filiorum
424 1821 605 1862 Ennom:
629 1828 670 1861 et
691 1826 751 1862 est
772 1824 913 1861 contra
936 1818 1296 1873 septentrionalem
1317 1816 1480 1871 plagam
1502 1816 1543 1858 in
1564 1821 1747 1857 extrema
1767 1820 1884 1869 parte
1906 1815 2029 1856 Vallis

126 1881 343 1936 Raphaim.
371 1879 675 1933 Descenditque
702 1879 742 1919 in
770 1879 977 1920 Geennom
1005 1878 1063 1930 (id
1090 1882 1162 1919 est.
1192 1876 1349 1918 Vallem
1376 1876 1556 1929 Ennom)
1581 1875 1699 1916 iuxta
1724 1874 1832 1916 latus
1861 1874 2029 1916 Iebusaei

125 1942 178 1983 ad
196 1941 414 1982 Austrum:
436 1944 477 1980 et
496 1938 684 1993 pervenit
704 1938 754 1979 ad
775 1938 949 1979 Fontem
969 1936 1089 1990 rogel,
1139 1938 1171 1960 ¹⁷
1191 1935 1392 1977 transiens
1413 1936 1466 1976 ad
1484 1934 1741 1988 Aquilonem,
1764 1940 1805 1975 et
1824 1933 2029 1988 egrediens

125 2000 178 2042 ad
199 2000 407 2048 Ensemes,
431 1998 474 2039 id
495 2002 556 2039 est
577 1998 734 2039 fontem
758 1996 868 2037 solis:
920 1997 954 2020 16
976 2001 1017 2036 et
1038 1995 1260 2048 pertransit
1282 2008 1409 2047 usque
1432 1993 1484 2034 ad
1504 1992 1697 2039 tumulos,
1723 1992 1791 2046 qui
1813 1997 1909 2033 sunt
1930 2006 1950 2033 e
1971 2005 2029 2032 re—

124 2058 242 2113 gione
268 2059 470 2099 Ascensus
496 2056 751 2098 Adommim:
781 2055 1071 2108 descenditque
1099 2055 1151 2095 ad
1177 2054 1413 2096 Abenboen.
1442 2052 1485 2093 id
1512 2057 1584 2099 est,
1612 2051 1791 2105 lapidem
1820 2052 1931 2092 Boen
1960 2050 2030 2091 filii

127 2118 292 2159 Ruben:
316 2122 357 2158 et
378 2116 599 2170 pertransit
621 2128 669 2155 ex
689 2114 814 2155 latere
836 2113 1048 2167 Aquilonis
1071 2113 1124 2153 ad
1145 2112 1407 2166 campestria:
1431 2111 1721 2164 descenditque
1742 2110 1783 2151 in
1804 2109 2027 2164 planitiem,

126 2179 161 2202 ¹⁹
194 2182 235 2218 et
266 2174 597 2230 praetergreditur
629 2179 770 2215 contra
804 2173 1047 2226 Aquilonem
1084 2172 1190 2212 Beth
1222 2170 1360 2224 hagla:
1396 2178 1572 2223 suntque
1606 2170 1738 2210 exitus
1772 2169 1855 2210 eius
1889 2173 2032 2209 contra

124 2236 307 2290 linguam
326 2234 449 2275 maris
470 2233 677 2275 salsissimi
698 2233 749 2273 ab
770 2231 971 2286 Aquilone
992 2231 1033 2272 in
1056 2231 1135 2272 fine
1157 2229 1341 2271 Iordanis
1363 2230 1415 2270 ad
1436 2228 1656 2270 australem
1679 2228 1857 2281 plagam:
1906 2229 1942 2252 2⁰
1963 2227 2029 2280 qui

126 2301 189 2337 est
215 2293 414 2336 terminus
441 2292 546 2334 illius
575 2293 626 2333 ab
655 2291 832 2333 Oriente.
863 2292 947 2332 haec
976 2296 1037 2332 est
1064 2289 1262 2344 possessio
1294 2288 1468 2329 filiorum
1498 2287 1711 2329 Beniamin
1739 2300 1809 2340 per
1837 2286 2030 2327 terminos

126 2368 219 2396 suos
251 2354 293 2395 in
324 2352 508 2399 circuitu,
542 2357 583 2393 et
613 2350 788 2392 familias
819 2363 924 2391 suas.

232 2415 263 2437 '2¹
290 2412 557 2465 Fueruntque
584 2409 772 2451 civitates
801 2409 896 2455 eius
930 2408 1083 2449 Iericho
1113 2412 1154 2449 et
1181 2406 1288 2449 Beth
1315 2405 1437 2459 hagla
1464 2410 1505 2447 et
1532 2405 1657 2446 Vallis
1685 2405 1808 2451 Oasis,
1865 2406 1897 2429 '22
1926 2404 2031 2444 Beth

127 2472 266 2514 Araba
289 2476 330 2512 et
352 2469 580 2512 Samaraim
604 2474 645 2510 et
670 2467 814 2510 Bethel
871 2470 903 2493 ²³
927 2473 968 2509 et
991 2468 1113 2508 Avim
1138 2472 1179 2508 et
1201 2466 1369 2520 Aphara
1397 2470 1438 2506 et
1461 2465 1636 2517 Ophera‚
1689 2466 1720 2489 ²⁴
1744 2463 1851 2504 Villa
1873 2463 2033 2504 Emona

128 2537 170 2573 et
197 2530 334 2584 Ophni
362 2534 404 2571 et
431 2529 586 2570 Gabee:
617 2527 805 2569 civitates
834 2526 1061 2575 duodecim,
1092 2531 1134 2567 et
1161 2525 1267 2566 villae
1295 2537 1445 2566 earum.
1503 2525 1535 2548 ²5
1563 2523 1735 2564 Gabaon
1763 2527 1804 2563 et
1833 2522 1967 2563 Rama
1994 2526 2035 2562 et

129 2589 294 2639 Beroth,
351 2590 386 2613 2⁶
413 2592 454 2629 et
479 2587 647 2641 Mesphe
675 2592 715 2628 et
742 2585 940 2640 Gaphara,
971 2590 1011 2626 et
1037 2585 1190 2626 Amosa
1243 2586 1276 2608 ‘2⁷
1306 2589 1346 2624 et
1375 2584 1536 2631 Recem,
1568 2581 1754 2635 Iarephel
1780 2586 1821 2623 et
1849 2579 2031 2629 Tharela,

129 2651 164 2674 2⁸
186 2654 227 2690 et
248 2647 350 2698 Sela,
375 2646 518 2701 Eleph,
543 2651 584 2687 et
607 2646 740 2695 Iebus,
766 2659 856 2699 quae
877 2650 938 2686 est
962 2643 1192 2693 Ierusalem,
1218 2642 1410 2685 Gabaath
1433 2647 1474 2683 et
1495 2640 1679 2682 Cariath:
1705 2640 1893 2682 civitates
1917 2644 2035 2693 quat-

129 2706 368 2756 tuordecim,
403 2711 445 2748 et
476 2705 582 2747 villae
614 2717 764 2746 earum.
801 2704 899 2745 Haec
932 2709 992 2744 est
1024 2701 1221 2757 possessio
1258 2701 1432 2742 filiorum
1466 2699 1680 2741 Beniamin
1712 2699 1829 2740 iuxta
1860 2697 2035 2739 familias

129 2780 234 2809 suas.

564 2827 604 2868 6.
635 2826 796 2868 Sortes
825 2827 1025 2867 tribuum
1056 2825 1349 2875 reliquarum,
1375 2823 1442 2873 19,
1460 2822 1606 2863 1—51.

234 2901 299 2945 19.
354 2903 368 2925 ¹
402 2900 460 2942 Et
493 2912 650 2953 egressa
685 2904 746 2940 est
779 2911 863 2940 sors
898 2897 1077 2939 secunda
1112 2896 1287 2937 filiorum
1323 2894 1486 2936 Simeon
1520 2906 1591 2946 per
1625 2891 1885 2945 cognationes
1921 2904 2032 2931 suas:

129 2961 290 3014 fuitque
312 2959 516 3001 hereditas
565 2960 581 2983 2
604 2971 741 2999 eorum
765 2957 807 2998 in
828 2956 962 2998 medio
985 2954 1248 3009 possessionis
1274 2953 1449 2995 filiorum
1475 2952 1594 2992 Iuda:
1622 2950 1821 2991 Bersabee
1844 2954 1885 2991 et
1907 2950 2035 2991 Sabee

131 3024 172 3061 et
197 3019 363 3060 Molada
413 3020 430 3043 ³
455 3022 496 3059 et
523 3016 755 3063 Hasersual,
786 3015 888 3056 Bala
914 3021 955 3056 et
980 3015 1103 3055 Asem
1155 3017 1171 3039 4
1197 3018 1238 3054 et
1264 3011 1470 3060 Eltholad,
1502 3009 1652 3051 Bethul
1678 3014 1719 3050 et
1746 3009 1903 3050 Harma
1954 3010 1970 3033 ⁵
1996 3013 2037 3048 et

131 3078 284 3133 Siceleg
311 3082 352 3119 et
379 3075 760 3118 Bethmarchaboth
787 3080 828 3116 et
857 3075 1083 3115 Hasersusa
1138 3074 1154 3097 6
1180 3077 1222 3113 61;
1250 3070 1525 3112 Bethlebaoth
1552 3074 1592 3109 et
1619 3068 1818 3110 Sarohen:
1848 3067 2036 3108 civitates

131 3137 338 3187 tredecim,
364 3140 405 3177 et
425 3134 533 3176 villae
554 3148 704 3176 earum.
758 3136 772 3158 ⁷
794 3133 874 3174 Ain
895 3138 936 3174 et
959 3133 1162 3174 Remmon
1183 3135 1224 3172 et
1245 3130 1377 3171 Athar
1399 3134 1440 3170 et
1460 3129 1589 3169 Asan:
1613 3127 1801 3168 civitates
1825 3130 2032 3180 quattuor.

132 3201 173 3238 et
198 3195 305 3237 villae
330 3207 488 3237 earum:
545 3195 561 3218 ⁸
586 3206 725 3235 omnes
752 3192 874 3233 viculi
900 3205 971 3246 per
996 3191 1212 3232 circuitum
1238 3188 1401 3230 urbium
1427 3188 1599 3228 istarum
1626 3199 1754 3239 usque
1781 3185 1833 3226 ad
1860 3183 2035 3225 Baalath

133 3255 235 3296 Beer
261 3253 444 3296 Ramath
469 3257 612 3294 contra
638 3250 858 3293 australem
884 3250 1059 3305 plagam.
1089 3250 1187 3290 Haec
1213 3253 1274 3289 est
1299 3246 1502 3288 hereditas
1531 3245 1706 3286 filiorum
1732 3244 1895 3286 Simeon
1918 3242 2037 3283 iuxta

132 3313 394 3368 cognationes
426 3325 531 3360 suas,
595 3313 611 3336 ⁹
640 3310 682 3351 in
714 3309 965 3365 possessione
997 3313 1038 3350 et
1068 3307 1248 3349 funiculo
1284 3305 1459 3347 filiorum
1492 3304 1614 3346 Iuda:
1649 3303 1745 3358 quia
1774 3301 1904 3344 maior
1935 3304 2033 3342 erat.

133 3378 174 3414 et
200 3372 349 3413 idcirco
381 3371 452 3413 filii
479 3370 643 3412 Simeon
670 3370 940 3423 possederunt
966 3367 1009 3409 in
1035 3366 1169 3409 medio
1197 3364 1436 3407 hereditatis
1466 3376 1616 3405 eorum.

266 3486 320 3527 18,
345 3485 388 3519 13
411 3485 485 3520 aen
509 3484 561 3526 28,
588 3484 640 3518 19.

2077 708 2093 723 n
2114 700 2182 723 viris

2079 734 2178 760 clectis

2052 770 2206 800 peragitur.

2040 1166 2162 1191 Termini
2174 1165 2232 1191 eius

2092 2401 2180 2430 atque

2092 2435 2184 2460 urbes.

2069 2889 2208 2914 Filiorum

2077 2924 2200 2951 Simeon,
