2356 3760
139 501 240 532 reliqui

105 537 157 561 viri
178 537 275 561 fortes.

111 1482 150 1507 De
172 1482 275 1507 Benia-

157 1524 226 1547 min,

129 2014 164 2039 de
187 2013 259 2043 Gad,

131 2549 166 2574 de
188 2548 261 2574 Ben-

127 2585 216 2609 iamin
235 2586 262 2609 et

155 2621 236 2649 Iuda,

104 2957 137 2982 de
150 2958 289 2982 Manasse.

296 167 372 208 352
1150 164 1293 197 LIBER
1322 165 1348 198 I.
1926 168 1978 207 11,
2006 167 2147 208 24—12,
2174 169 2215 202 22

295 260 503 300 descendit
524 259 647 313 igitur
668 259 719 299 ad
740 272 831 299 eum
853 272 943 298 eum
968 258 1091 309 virga,
1114 264 1153 298 et
1176 258 1312 311 rapuit
1332 257 1507 302 hastam,
1532 271 1654 311 quam
1676 259 1847 299 tenebat
1868 272 2005 301 manu.
2029 266 2069 302 et
2090 260 2212 302 inter·

294 319 391 359 fecit
411 331 503 358 eum
524 318 642 359 hasta
664 331 748 358 sua.
799 319 830 341 ²⁴
857 317 949 357 Haec
971 316 1065 357 feeit
1093 316 1264 357 Banaias
1286 316 1389 357 filius
1413 316 1574 362 Ioiadae,
1598 317 1667 371 qui
1688 322 1775 357 erat
1796 317 1902 358 inter
1922 323 2003 359 tres
2024 319 2213 361 robustos

296 377 657 420 nominatissimus,
703 378 734 399 ²⁵
750 376 856 415 inter
872 375 1042 426 triginta
1056 375 1223 428 primus,
1242 380 1526 416 verumtamen
1544 376 1595 416 ad
1612 381 1693 416 tres
1709 389 1837 429 usque
1854 389 1935 417 11011
1951 384 2212 430 pervenerat:

296 436 432 489 posuit
461 442 598 476 autem
628 448 719 475 eum
748 434 886 474 David
914 434 965 474 ad
994 433 1216 474 auriculam
1245 448 1373 475 suam.

401 497 436 519 2⁶
458 495 581 535 Porro
602 493 810 534 fortissimi
833 493 907 533 viri
929 493 968 532 in
990 493 1181 537 exercitu.
1205 493 1351 533 Asahel
1374 493 1500 533 frater
1524 492 1633 541 Ioab,
1657 499 1698 533 et
1718 493 1931 534 Elehanan
1953 494 2056 534 filius
2077 496 2213 548 patrui

296 554 380 594 eius
410 554 457 593 de
488 552 740 597 Bethlehem,
797 553 830 575 2⁷
859 552 1075 592 Sammoth
1103 552 1296 600 Arorites,
1330 551 1464 591 Helles
1494 551 1742 599 Phalonites,
1799 554 1834 576 2⁸
1868 553 1931 593 Ira
1959 553 2062 593 filius
2089 553 2215 595 Aeees

297 612 523 655 'l'heeuites
552 611 722 651 Abiezer
745 610 1051 656 AnathethiteS,
1106 612 1141 635 ²⁹
1165 610 1395 651 Sobbochai
1424 610 1678 659 Husathites,
1708 610 1781 651 Ilai
1806 611 2017 661 Ahohites,
2070 614 2107 636 ³⁰
2130 613 2215 653 Ma-

298 671 409 710 harai
450 670 781 723 Netophathites,
828 669 953 710 Heled
992 669 1096 710 filius
1136 670 1279 709 Baana
1318 669 1649 721 Netophathites,
1716 672 1747 694 31
1787 670 1911 710 Ethai
1950 670 2054 711 filius
2096 671 2215 712 Ribai

297 730 345 769 de
371 729 562 769 Gabaath
590 728 762 769 filiorum
795 728 1017 773 Beniamin,
1047 728 1204 768 Banaia
1229 728 1529 774 PharatoniteS,
1584 730 1616 752 ³2
1643 728 1771 769 Hurai
1798 729 1846 769 de
1873 729 2067 770 Torrente
2093 730 2212 777 Gaas,

298 788 412 828 Abiel
430 788 682 832 Arbatliites,
702 787 879 828 Azmoth
900 787 1169 833 Bauramites,
1190 786 1335 827 Eliaba
1352 786 1621 827 Salabonites.
1668 789 1700 811 33
1718 787 1806 828 Filii
1824 788 1966 828 Assem
1985 788 2213 835 Gezonites,

305 847 502 887 [onathan
526 846 629 887 filius
650 847 752 897 Sage
773 846 966 891 Ararites,
1016 848 1047 870 ³⁴
1068 846 1216 886 Alliam
1239 846 1342 886 filius
1363 845 1517 887 Saehar
1537 845 1729 894 Arai-itas,
1779 848 1811 871 ³⁵
1834 845 1996 900 Eliphal
2018 846 2121 888 filius
2144 847 2212 897 Ur,

297 908 332 930 ³⁶
371 906 536 959 Hepher
572 905 899 949 Meeherathites,
939 904 1046 945 Ahia
1081 904 1326 951 Phelonites,
1393 906 1427 929 3⁷
1467 904 1595 945 Hesro
1633 905 1881 954 Carmelites,
1923 906 2073 946 Naarai
2111 906 2215 947 filius

298 965 434 1009 Asbai,
488 966 524 989 33
555 964 631 1005 1001
658 965 783 1004 frater
810 964 988 1009 Nathan,
1016 963 1204 1004 Mibahar
1228 964 1332 1004 filius
1357 963 1518 1015 Agarai.
1572 965 1608 988 ³⁹
1632 963 1743 1004 Selee
1767 964 2036 1013 Ammonites‚
2066 965 2215 1006 Naarai

300 1023 530 1065 Berothites
559 1024 732 1073 armiger
761 1023 860 1064 Ioah
889 1023 958 1063 filii
986 1023 1150 1064 Sarviae.
1207 1025 1245 1047 ⁴⁰
1274 1023 1340 1063 Ira
1369 1022 1576 1069 lethraeus,
1607 1023 1741 1063 Gareb
1774 1023 1980 1071 Iethraeus,
2036 1026 2068 1048 ⁴¹
2098 1024 2216 1065 Urias

300 1082 508 1127 Hethaeus,
532 1082 671 1122 Zabad
692 1082 796 1123 filius
818 1081 948 1132 Oholi,
998 1084 1030 1106 4²
1050 1082 1186 1122 Adina
1206 1081 1310 1122 filius
1331 1082 1423 1123 Siza
1445 1081 1669 1122 Rubenites
1691 1082 1876 1135 princeps
1902 1082 2214 1131 Rubenitarum,

298 1147 339 1183 et
371 1155 461 1182 011111
496 1155 540 1182 eo
574 1142 760 1191 triginta:
821 1143 854 1165 ¹³
887 1141 1037 1182 Hanan
1070 1140 1175 1181 filius
1207 1141 1391 1189 Maaeha,
1426 1146 1467 1181 et
1502 1140 1697 1194 iosaphat
1729 1141 1992 1189 Mathanites,
2052 1143 2084 1165 ⁴⁵¹
2117 1142 2217 1183 Ozia

298 1201 587 1246 Astarothites,
619 1202 797 1246 Samma,
830 1205 869 1241 et
903 1199 1025 1241 Iehiel
1054 1199 1124 1240 filii
1154 1199 1340 1241 Hotham
1369 1200 1562 1249 Arorites,
1620 1201 1653 1224 ⁴¹⁵
1684 1200 1837 1241 Iedihel
1867 1200 1971 1241 filius
1999 1200 2143 1249 Samri,
2176 1207 2217 1243 et

305 1260 401 1301 loha
426 1261 553 1300 frater
579 1260 663 1300 eius
690 1260 914 1308 Thosaites‚
969 1261 1005 1284 ‘¹⁶
1031 1259 1133 1299 Eliel
1159 1259 1420 1305 Mahumites,
1449 1265 1490 1300 et
1518 1258 1676 1303 Ieribai.
1705 1264 1746 1300 et
1776 1259 1907 1301 Iosaia
1933 1259 2002 1301 filii
2029 1259 2214 1310 Elnaem,

299 1325 339 1360 et
369 1319 532 1360 lethma
558 1319 771 1367 Moabites,
802 1318 915 1367 Eliel,
946 1324 987 1359 et
1015 1318 1143 1365 Obed,
1174 1323 1215 1359 et
1244 1318 1362 1359 Iasiel
1389 1319 1438 1359 de
1466 1318 1661 1359 Masobia.

767 1411 805 1451 4.
837 1410 974 1451 Primi
1005 1411 1263 1452 sectatores
1294 1410 1497 1462 Davidis,
1525 1411 1756 1462 12,1—22.

403 1477 467 1521 12.
524 1480 537 1501 ¹
560 1477 613 1518 Hi
635 1490 798 1531 quoque
819 1481 1022 1517 venerunt
1042 1477 1094 1517 ad
1115 1476 1253 1517 David
1274 1477 1315 1517 in
1335 1476 1499 1529 Siceleg,
1523 1490 1616 1517 011111
1637 1477 1771 1518 adhue
1792 1477 1950 1531 fugeret
1970 1476 2064 1518 Saul
2088 1476 2215 1517 filium

298 1537 374 1583 (fis,
398 1537 466 1591 qui
487 1542 603 1577 erant
623 1536 833 1577 fortissimi
854 1542 894 1577 et
914 1535 1059 1589 egregii
1080 1541 1341 1589 pugnatores,
1390 1538 1404 1559 ²
1424 1536 1639 1576 tendentes
1661 1549 1812 1581 areum,
1835 1541 1876 1576 et
1896 1541 2070 1590 utraque
2090 1549 2214 1577 manu

298 1596 435 1637 fundis
456 1609 556 1636 saxa
576 1596 780 1643 iacientes,
804 1600 844 1636 et
865 1595 1082 1647 dirigentes
1104 1595 1294 1648 sagittas:
1318 1595 1366 1635 de
1386 1595 1583 1635 fratribus
1603 1594 1700 1635 Saul
1721 1608 1770 1635 ex
1792 1595 2018 1636 Beniamin.
2067 1597 2083 1620 3
2103 1595 2217 1636 Ρ1111-

299 1669 392 1708 eeps
416 1655 597 1701 Ahiezer,
625 1660 665 1695 et
692 1654 782 1695 Ioas
808 1654 878 1695 filii
902 1654 1052 1695 Samaa
1076 1653 1359 1703 Gabaathites,
1387 1658 1428 1694 et
1454 1653 1586 1701 Iaziel,
1614 1659 1655 1695 et
1679 1653 1841 1695 Phallet
1864 1653 1935 1694 filii
1958 1654 2148 1703 Azmoth‚
2176 1660 2217 1696 et

302 1714 498 1761 Baraeha,
534 1719 575 1755 et
611 1713 709 1754 Iehu
744 1713 1021 1754 Anathotites.
1084 1714 1099 1737 4
1133 1713 1316 1754 Samaias
1352 1726 1514 1767 quoque
1548 1713 1800 1754 Gabaonites
1833 1713 2078 1755 fortissimus
2111 1714 2217 1755 inter

300 1774 468 1827 triginta
486 1778 526 1813 et
545 1786 665 1826 super
683 1772 862 1826 triginta.
893 1772 1095 1821 Ieremias,
1117 1777 1158 1813 et
1178 1771 1359 1821 Ieheziel,
1380 1777 1422 1812 et
1441 1771 1638 1817 Iohanan,
1659 1778 1700 1813 et
1720 1772 1896 1813 Iezabad
1914 1772 2214 1814 Gaderothites.

299 1835 314 1857 ⁵
338 1838 379 1873 et
401 1832 543 1873 Eluzai
568 1838 608 1873 et
634 1831 844 1879 Ierimuth,
871 1837 912 1873 et
936 1831 1089 1879 Baalia,
1116 1836 1157 1872 et
1179 1831 1375 1878 Samaria,
1402 1836 1443 1872 et
1465 1831 1666 1884 Saphatia
1689 1831 1953 1884 Haruphites.
2009 1833 2024 1855 ⁶
2047 1831 2214 1879 Eleana,

300 1896 341 1932 et
365 1892 477 1936 lesia,
503 1896 542 1931 et
564 1890 743 1939 Azareel,
767 1896 808 1932 et
832 1891 978 1940 Ioezer,
1003 1896 1043 1932 et
1067 1890 1253 1931 Iesbaam
1276 1891 1325 1932 de
1347 1890 1552 1931 Carehim:
1606 1892 1619 1914 ⁷
1643 1890 1754 1931 Ioela
1775 1904 1949 1944 quoque,
1974 1896 2015 1931 et
2036 1891 2218 1932 Zabadia

301 1951 369 1992 filii
402 1951 588 1992 Ieroham
620 1951 668 1991 de
699 1950 844 1991 Gedor.

409 2012 423 2033 8
442 2010 521 2051 Sed
540 2015 581 2050 et
600 2010 649 2050 de
669 2009 802 2050 Gaddi
823 2010 1132 2063 transfugerunt
1152 2009 1204 2049 ad
1222 2008 1372 2058 David,
1394 2022 1487 2050 eum
1506 2008 1652 2050 lateret
1672 2009 1712 2049 in
1732 2009 1904 2058 deserto,
1926 2008 2002 2049 viri
2020 2009 2217 2050 robustis-

301 2069 403 2117 simi,
430 2074 470 2110 et
494 2074 740 2122 pugnatores
766 2068 922 2122 optimi,
949 2074 1135 2109 tenentes
1160 2068 1348 2122 elypeum
1373 2073 1413 2109 et
1437 2067 1618 2108 hastam:
1644 2068 1766 2109 facies
1791 2081 1931 2109 eorum
1956 2068 2071 2122 quasi
2094 2068 2217 2109 facies

300 2128 438 2176 leonis,
470 2134 510 2168 et
540 2128 696 2169 veloces
727 2128 842 2181 quasi
871 2141 1026 2180 capreae
1054 2127 1095 2168 in
1124 2127 1353 2168 mentibus:
1413 2129 1428 2151 ⁹
1457 2127 1560 2168 Ezer
1588 2127 1785 2180 princeps,
1818 2127 1972 2168 Obdias
2002 2127 2214 2173 secundus,

305 2187 420 2228 Eliab
438 2187 593 2233 tertius
640 2188 675 2211 ¹⁰
688 2187 903 2227 Masmana
919 2192 1101 2240 quartus,
1122 2186 1312 2227 Ieremias
1330 2186 1509 2240 quintus,
1555 2188 1586 2210 ¹¹
1602 2186 1701 2227 Ethi
1717 2192 1868 2235 sextus,
1886 2185 1986 2227 Elie]
2004 2186 2214 2239 septimus,

302 2249 333 2271 ¹²
362 2246 546 2288 Iohanan
574 2251 756 2295 octavus,
786 2246 967 2287 Elzebad
994 2259 1136 2291 nonus,
1193 2247 1225 2270 ¹³
1253 2245 1442 2286 Ieremias
1470 2245 1662 2295 decimus,
1691 2245 1937 2286 Maehbanai
1964 2245 2214 2287 undecimus.

303 2308 333 2330 ¹¹
365 2305 405 2346 hi
439 2306 487 2346 de
520 2305 608 2345 filiis
642 2305 731 2346 Gad
765 2305 965 2359 principes
998 2305 1218 2346 exereitus:
1252 2305 1497 2346 novissimus
1530 2309 1695 2345 eentum
1728 2304 1926 2345 militibus
1958 2309 2142 2357 praeerat,
2177 2311 2218 2346 et

301 2365 517 2413 maximus,
556 2364 674 2405 mille.
741 2366 772 2389 ¹⁵
810 2365 882 2405 Isti
918 2369 1015 2405 sunt
1052 2364 1120 2418 qui
1157 2363 1407 2405 transierunt
1445 2364 1661 2405 Iordanem
1697 2377 1834 2404 mense
1870 2363 2012 2417 primo,
2053 2364 2217 2417 quando

301 2424 500 2464 inundare
536 2423 748 2465 consuevit
784 2436 904 2477 super
939 2424 1046 2477 ripas
1082 2436 1194 2464 suas:
1232 2429 1272 2464 et
1308 2436 1447 2464 omnes
1483 2423 1732 2476 fugaverunt
1768 2423 1837 2477 qui
1872 2422 2142 2464 morabantur
2176 2422 2217 2463 in

303 2483 476 2524 vallibus
507 2483 559 2523 ad
589 2483 827 2524 orientalem
856 2482 1019 2537 plagam
1050 2488 1091 2523 et
1121 2482 1426 2524 occidentalem.

409 2544 443 2566 ¹⁶
462 2542 672 2582 Venerunt
692 2548 830 2582 autem
850 2547 891 2583 et
910 2543 959 2583 de
980 2542 1206 2591 Beniamin,
1228 2547 1269 2582 et
1288 2542 1337 2582 de
1359 2542 1462 2582 Iuda
1480 2542 1532 2582 ad
1551 2541 1796 2595 praesidium‚
1817 2541 1858 2582 in
1879 2554 1958 2594 quo
1977 2541 2218 2582 morabatur

301 2601 450 2642 David.
506 2603 537 2625 ¹⁷
563 2601 838 2654 Egressusque
863 2606 924 2642 est
947 2601 1084 2641 David
1109 2601 1274 2642 obviam
1299 2601 1365 2649 eis,
1393 2606 1433 2642 et
1458 2600 1533 2641 ait:
1559 2600 1600 2642 Si
1624 2600 1790 2654 pacifice
1815 2600 1983 2641 venistis
2008 2600 2059 2640 ad
2083 2613 2147 2641 me
2171 2607 2217 2640 ut

303 2660 552 2701 auxiliemini
578 2660 688 2708 mihi,
718 2674 785 2701 001
810 2673 945 2701 meum
972 2660 1166 2714 iungatur
1191 2660 1326 2701 vobis:
1354 2659 1386 2700 si
1412 2665 1551 2700 autem
1577 2659 1825 2700 insidiamini
1850 2659 1950 2700 mihi
1975 2672 2047 2713 pro
2074 2659 2217 2700 adver—

303 2720 415 2760 sariis
447 2719 557 2767 meis,
592 2733 683 2760 eum
716 2733 787 2773 ego
820 2719 1081 2773 iniquitatem
1112 2719 1153 2760 in
1184 2719 1373 2759 manibus
1405 2732 1487 2760 non
1518 2718 1705 2763 habeam,
1740 2718 1879 2759 videat
1909 2718 2020 2759 Deus
2050 2723 2216 2771 patrum

305 2784 548 2825 nostrorum,
582 2784 622 2819 et
647 2778 809 2819 iudicet.
865 2780 899 2803 ¹8
921 2778 1096 2832 Spiritus
1122 2791 1217 2819 vero
1243 2778 1377 2819 induit
1399 2778 1565 2819 Amasai
1591 2778 1814 2832 principem
1839 2777 1945 2818 inter
1969 2777 2149 2831 triginta,
2177 2782 2218 2818 et

303 2838 379 2878 ait:
409 2838 484 2878 Tui
512 2851 650 2878 sumus
679 2852 700 2879 0
722 2837 870 2887 David,
903 2844 943 2878 et
968 2843 1103 2878 tecum
1125 2837 1180 2878 fili
1202 2837 1299 2878 Isai:
1331 2850 1424 2891 pax,
1450 2850 1532 2891 pax
1556 2837 1643 2886 tibi,
1676 2842 1718 2878 et
1740 2850 1822 2890 pax
1844 2836 2099 2877 adiutoribus
2121 2836 2214 2878 tuis.

303 2903 343 2938 te
366 2896 470 2938 enim
492 2897 663 2937 adiuvat
683 2897 793 2937 Deus
816 2902 922 2938 tuus.
960 2897 1147 2950 Suscepit
1168 2910 1259 2947 ergo
1282 2910 1348 2937 eos
1366 2896 1515 2944 David,
1539 2902 1580 2937 et
1597 2896 1813 2937 constituit
1834 2895 2035 2949 principes
2056 2901 2214 2937 turmae.

409 2957 443 2979 ¹⁹
464 2956 587 2997 Porro
609 2956 657 2996 de
678 2956 864 2996 Manasse
885 2956 1193 3009 transfugerunt
1215 2956 1267 2996 ad
1286 2955 1435 3004 David,
1460 2955 1624 3009 quando
1646 2955 1837 2995 veniebat
1857 2968 1949 2995 011111
1971 2954 2215 2995 Philisthiim

304 3016 497 3055 adversus
516 3014 624 3060 Saul,
645 3021 690 3055 ut
710 3020 928 3068 pugnaret:
949 3021 988 3055 et
1008 3028 1087 3055 non
1107 3015 1320 3055 dimicavit
1337 3028 1429 3055 eum
1448 3015 1514 3055 eis.
1539 3014 1656 3067 aquia
1672 3014 1773 3055 inito
1792 3013 1957 3055 consilio
1975 3013 2217 3054 remiserunt

304 3088 394 3114 eum
427 3074 626 3127 principes
657 3074 1005 3123 philisthinorum,
1037 3074 1236 3114 dieentes:
1267 3073 1449 3115 Periculo
1480 3073 1625 3127 capitis
1655 3073 1782 3114 nostri
1810 3077 2039 3113 revertetur
2067 3073 2119 3113 ad
2148 3072 2217 3114 do-

305 3133 457 3173 minum
493 3146 611 3173 suum
644 3133 751 3174 Saul.
814 3135 850 3157 20
881 3132 1054 3182 Quando
1088 3133 1211 3183 igitur
1242 3145 1426 3173 reversus
1459 3138 1520 3173 est
1552 3132 1592 3172 in
1625 3131 1788 3185 Sieeleg,
1825 3132 2133 3185 transfugerunt
2166 3131 2217 3172 ad

304 3205 393 3232 eum
421 3193 469 3232 de
494 3192 691 3237 Manasse,
720 3192 870 3237 Edrias,
897 3197 938 3232 et
965 3192 1153 3236 lozabad,
1181 3197 1222 3232 et
1249 3191 1411 3237 Iedihel,
1439 3197 1479 3232 et
1503 3191 1686 3237 Miehael,
1714 3196 1755 3232 et
1779 3191 1930 3239 Ednas‚
1957 3196 1998 3231 et
2024 3190 2214 3235 Iozabad.

304 3257 344 3291 et
366 3250 468 3294 Elin,
492 3257 531 3291 et
552 3251 721 3296 Salathi,
745 3251 945 3304 principes
966 3251 1136 3291 millium
1159 3251 1197 3290 in
1220 3251 1417 3291 Manasse.
1467 3252 1496 3274 2¹
1520 3250 1559 3290 hi
1581 3250 1842 3303 przebuerunt
1863 3249 2059 3290 auxilium
2080 3249 2217 3290 David

305 3310 498 3349 adversus
526 3310 795 3351 latrunculos:
826 3324 965 3351 omnes
994 3310 1099 3351 enim
1129 3315 1245 3350 erant
1275 3310 1348 3349 viri
1377 3309 1598 3355 fortissimi,
1629 3315 1669 3350 et
1698 3309 1794 3349 facti
1824 3314 1920 3348 sunt
1948 3308 2148 3362 principes
2177 3308 2216 3348 in

305 3369 496 3409 exercitu.
548 3371 579 3392 2²
601 3370 679 3409 Sed
702 3375 741 3410 et
765 3382 835 3422 per
856 3369 1033 3421 singulos
1056 3369 1139 3409 dies
1163 3368 1383 3408 veniebant
1407 3369 1457 3408 ad
1483 3369 1617 3409 David
1640 3368 1692 3409 ad
1714 3367 1996 3408 auxiliandum
2018 3367 2064 3417 ei,
2089 3380 2217 3421 usque

305 3428 401 3467 <lum
430 3428 537 3467 tieret
565 3428 729 3476 grandis
755 3441 959 3477 numerus,
988 3428 1103 3482 quasi
1128 3428 1328 3468 exereitus
1353 3428 1440 3468 Dei.

303 3498 364 3503 μ
422 3499 493 3560 11,
522 3499 561 3553 ὦ
587 3522 622 3552 ai
649 3521 707 3553 sm
733 3520 786 3560 29,
812 3520 841 3553 4.
