2356 3760
292 171 368 212 496
1170 171 1314 206 LIBER
1934 173 1989 213 20,
2015 174 2134 214 1-21,
2161 174 2202 208 19

636 264 802 314 20(21).
833 263 1095 305 Gratiarum
1126 265 1244 306 actio
1273 275 1359 316 pro
1389 275 1500 316 rege
1529 264 1852 316 triumphante.

397 336 411 360 ¹
442 334 489 375 In
519 334 652 379 finem.
684 334 870 375 Psalmus
899 334 1047 376 David.
1080 335 1175 376 XX.
1814 330 1818 334 ’

118 437 259 462 ⁰⁰¹¹¹¹¹¹¹¹⁸
312 441 327 464 2
350 440 525 481 Domine
552 440 592 480 in
619 440 774 480 virtute
801 445 874 480 tua
899 439 1107 480 laetabitur
1132 453 1220 480 rex:
1293 446 1333 482 et
1361 454 1480 494 super
1507 441 1684 481 salutare
1712 448 1829 482 tuum
1851 441 2057 482 exultabit
2080 442 2200 483 vehe-

124 472 251 503 palmam

153 508 224 533 dans
555 506 723 539 ΙΠΘΠῙὌΓ.

102 543 272 574 ‘mmmm'
313 560 328 582 ³
352 557 606 598 Desiderium
622 557 753 598 cordis
766 557 849 598 eius
867 557 1047 598 tribuisti
1062 557 1114 598 ei:
1172 563 1213 599 et
1228 558 1443 599 voluntate
1458 558 1659 599 labiorum
1675 559 1759 599 eius
1777 572 1857 600 non
1874 559 2076 600 fraudasti
2091 573 2197 601 eum.

312 619 327 642 ⁴¹
352 617 551 664 Quoniam
590 616 823 670 praevenisti
860 629 952 657 eum
989 617 1029 657 in
1068 617 1418 658 benedictionibus
1456 617 1696 658 dulcedinis:
1780 618 1951 671 posuisti
1989 618 2029 659 in
2064 618 2200 671 capite

556 676 639 716 eius
669 688 859 716 coronam
890 676 939 716 de
968 675 1101 729 lapide
1132 676 1319 729 pretioso.

312 736 328 759 ⁶
352 734 488 774 Vitam
509 734 628 788 petiit
646 747 671 775 a
688 740 746 774 te:
769 739 809 774 et
826 734 1005 775 tribuisti
1023 735 1055 775 ei
1113 734 1408 785 longitudinem
1429 735 1584 775 dierum
1605 735 1645 775 in
1664 736 1867 780 saeculum.
1888 740 1929 776 et
1947 735 1988 776 in
2007 736 2198 777 saeculum

555 793 699 834 szeculi.

315 853 331 877 ⁶
353 852 503 903 Magna
531 859 589 893 est
619 853 747 905 gloria
774 853 858 893 eius
886 852 927 894 in
957 853 1124 894 salutari
1153 858 1242 893 tuo:
1320 852 1490 903 gloriam
1513 858 1554 894 et.
1582 866 1776 907 magnum
1801 854 1986 896 decorem
2016 853 2200 907 impones

555 925 675 965 super
703 926 807 954 eum.

312 971 327 995 ⁷
352 971 553 1019 Quoniam
583 971 699 1012 dabis
722 985 814 1012 eum
843 971 883 1011 in
913 971 1237 1012 benedictionem
1267 971 1308 1012 in
1336 971 1528 1012 saeculum
1557 971 1708 1012 saeculi:
1786 971 2010 1013 laetificabis
2036 985 2128 1012 eum
2157 971 2197 1012 in

553 1030 702 1083 gaudio
732 1043 824 1070 cum
854 1029 972 1071 vultu
1003 1036 1086 1072 tuo.

314 1091 329 1114 ⁸
353 1090 555 1137 Quoniam
575 1102 645 1129 rex
665 1094 802 1142 sperat
821 1089 861 1129 in
879 1089 1074 1131 Domino:
1133 1094 1174 1130 et
1192 1089 1233 1129 in
1252 1089 1528 1131 misericordia
1540 1089 1737 1130 Altissimi
1758 1103 1839 1131 non
1858 1089 2196 1131 commovebitur.

116 1197 259 1249 aufi'fflm
315 1197 329 1219 ⁹
356 1194 595 1235 Inveniatur
627 1206 773 1234 manus
808 1199 881 1234 tua*
914 1194 1104 1235 omnibus
1137 1194 1310 1235 inimicis
1344 1195 1442 1235 tuis:
1527 1195 1697 1236 dextera
1726 1200 1801 1235 tua
1832 1195 2017 1236 inveniat
2045 1207 2198 1243 omnes,

121 1240 252 1293 fuiffim
555 1253 623 1307 qui
652 1258 693 1293 te
723 1253 908 1294 oderunt.

96 1303 276 1335 ¹¹⁰p¹⁰mm¹⁴
292 1315 327 1337 ¹⁰
350 1313 480 1354 Pones
512 1326 577 1353 eos
609 1318 655 1353 ut
685 1312 891 1353 clibanum
922 1312 1024 1366 ignis
1107 1312 1147 1353 in
1179 1318 1362 1367 tempore
1393 1313 1533 1354 vultus
1564 1313 1642 1355 tui:

350 1372 551 1413 Dominus
579 1372 620 1412 in
648 1371 709 1412 ira
735 1384 810 1412 sua
836 1371 1102 1413 conturbabit
1129 1385 1208 1422 eos,
1291 1378 1333 1414 et
1361 1373 1577 1414 devorabit
1605 1386 1671 1414 eos
1699 1372 1813 1426 ignis.

292 1434 321 1456 ¹¹
349 1432 545 1472 Fructum
575 1444 714 1472 eorum
742 1431 791 1472 de
819 1436 928 1471 terra
953 1432 1114 1484 perdes:
1196 1437 1238 1472 et
1264 1445 1402 1473 semen
1429 1445 1568 1473 eorum
1597 1445 1621 1472 a
1648 1431 1737 1472 filiis
1764 1432 1988 1474 hominum.

291 1493 323 1515 ¹2
350 1491 552 1539 Quoniam
579 1490 887 1531 declinaverunt
910 1490 951 1530 in
976 1495 1016 1531 te
1040 1491 1167 1539 mala3
1240 1491 1526 1545 cogitaverunt
1550 1490 1727 1534 consilia,
1756 1504 1846 1545 quae
1869 1504 1950 1533 non
1974 1496 2197 1544 potuerunt

553 1549 745 1591 stabilire.

292 1611 324 1634 ¹³
351 1610 554 1658 Quoniam
583 1622 708 1662 pones
735 1622 802 1650 eos
830 1609 1014 1650 dorsum:
1096 1609 1137 1649 in
1164 1609 1342 1663 reliquiis
1371 1609 1451 1650 tuis
1478 1609 1727 1663 praeparabis
1755 1609 1918 1650 vultum
1946 1622 2097 1650 eorum.

291 1671 323 1693 ¹⁴
348 1668 544 1710 Exaltare
573 1668 748 1709 Domine
777 1668 817 1708 in
847 1668 1001 1709 virtute
1030 1674 1121 1709 tua:
1205 1669 1465 1709 cantabimus
1493 1674 1535 1709 et
1563 1667 1782 1722 psallemus
1812 1668 1986 1709 virtutes
2016 1673 2121 1710 tuas.

804 1783 971 1834 21(22).
1002 1783 1162 1825 Petitio
1193 1785 1238 1826 et
1267 1784 1469 1826 laudatio
1500 1784 1684 1825 Christi.

396 1858 411 1881 ¹
442 1856 489 1896 In
519 1855 640 1896 finem
670 1868 742 1909 pro
773 1855 1029 1909 susceptione
1058 1856 1277 1900 matutina,
1309 1856 1497 1897 Psalmus
1526 1855 1675 1897 David.
1708 1855 1827 1897 XXI.

112 1959 251 2025 ggssigssss'g
309 1964 324 1987 ‘2
346 1962 457 2002 Deus
485 1962 615 2002 aDeus
643 1974 758 2002 meus
786 1961 938 2015 respice
967 1961 1008 2002 in
1038 1975 1119 2002 me:
1153 1974 1278 2015 quare
1307 1974 1371 2002 me
1395 1960 1670 2015 dereliquisti?
1748 1961 1865 2014 longe
1895 1974 1920 2001 a
1948 1960 2079 2001 salute
2109 1973 2202 2001 mea

253 2014 260 2025 '
553 2020 681 2061 verba
708 2020 949 2061 delictorum
978 2033 1174 2062 meorum.

308 2083 324 2106 ³
345 2081 457 2121 Deus
483 2093 596 2121 meus
624 2080 808 2121 clamabo
835 2093 907 2133 per
932 2079 1051 2124 diem.
1075 2085 1116 2120 et
1142 2093 1223 2121 non
1250 2080 1460 2121 exaudies:
1537 2085 1578 2121 et
1604 2084 1734 2129 nocte,
1760 2085 1799 2119 et
1827 2092 1908 2120 non
1932 2079 1984 2120 ad
2009 2078 2198 2132 insipien-

553 2139 653 2180 tiam
684 2139 793 2180 mihi.

309 2201 325 2224 ⁴
349 2199 409 2240 Tu
440 2205 577 2239 autem
607 2198 647 2238 in
677 2204 819 2239 sancto
848 2198 1023 2244 habitas,
1108 2199 1216 2239 Laus
1248 2198 1381 2240 lsrael.

308 2260 325 2283 ⁵
351 2259 398 2299 In
428 2263 468 2299 te
499 2263 767 2311 speraverunt
796 2263 933 2311 patres
964 2257 1110 2299 nostri:
1195 2262 1475 2311 speraverunt,
1508 2262 1551 2298 et
1578 2256 1761 2298 liberasti
1791 2270 1869 2298 eos

310 2320 325 2342 ⁶
348 2318 412 2358 Ad
436 2323 476 2358 te
500 2317 793 2365 clamaverunt,
819 2322 861 2357 et
883 2316 986 2357 salvi
1007 2316 1108 2357 facti
1131 2322 1245 2357 sunt:
1302 2316 1343 2357 in
1367 2322 1408 2357 te
1431 2321 1711 2370 speraverunt,
1734 2321 1776 2357 et
1797 2329 1880 2357 non
1903 2320 2000 2356 sunt
2023 2315 2195 2357 confusi.

310 2378 324 2400 ⁷
348 2377 434 2431 Ego
457 2382 595 2417 autem
616 2389 705 2417 sum
724 2376 884 2424 vermis,
904 2380 946 2416 et
965 2389 1048 2417 non
1067 2375 1208 2417 homo:
1267 2376 1530 2430 opprobrium
1552 2375 1776 2419 hominum.
1798 2381 1839 2416 et
1860 2375 2032 2416 abiectio
2054 2374 2195 2428 plebis.

310 2438 325 2460 Β
348 2436 520 2477 bOmnes
551 2436 737 2476 videntes
767 2448 843 2483 me,
874 2435 1102 2476 deriserunt
1131 2448 1213 2476 me:
1292 2435 1418 2476 locuti
1449 2440 1545 2476 sunt
1574 2434 1703 2483 labiis,
1737 2439 1779 2475 et
1807 2438 2028 2475 moverunt
2058 2438 2194 2487 caput.

310 2498 325 2519 ⁹
352 2495 559 2549 cSperavit
590 2495 630 2535 in
662 2494 851 2538 Domino,
885 2494 1032 2548 eripiat
1063 2508 1174 2535 eum:
1259 2494 1419 2535 salvum
1451 2495 1578 2535 faciat
1607 2507 1711 2543 eum,
1745 2493 1939 2547 quoniam
1970 2492 2062 2534 vult
2091 2506 2195 2535 eum.

290 2557 326 2579 ¹⁰
349 2555 550 2603 Quoniam
582 2559 627 2594 tu
658 2568 709 2597 es.
745 2553 813 2607 qui
843 2553 1059 2594 extraxisti
1090 2567 1155 2594 me
1185 2553 1234 2594 de
1264 2558 1425 2594 ventre:
1510 2567 1600 2608 spes
1629 2567 1722 2594 mea
1751 2553 1802 2593 ab
1833 2552 2025 2594 uberibus
2054 2551 2198 2593 matris

552 2627 662 2655 mea’.

290 2675 320 2698 ¹¹
349 2673 396 2713 In
423 2679 463 2714 te
489 2673 691 2726 proiectus
718 2686 807 2713 sum
833 2686 883 2713 ex
909 2677 1043 2713 utero:
1123 2673 1171 2714 de
1198 2678 1340 2713 ventre
1366 2672 1509 2713 matris
1534 2685 1635 2713 meae
1660 2672 1771 2713 Deus
1797 2684 1911 2712 meus
1937 2684 1978 2712 es
2004 2676 2062 2719 tu,

290 2735 321 2757 12
348 2746 397 2773 ne
426 2731 652 2773 discesseris
682 2745 706 2772 a
733 2745 814 2771 me:
847 2732 1048 2780 Quoniam
1080 2731 1291 2773 tribulatio
1321 2732 1509 2785 proxima
1537 2737 1615 2772 est:
1698 2730 1891 2785 quoniam
1922 2743 2003 2772 non
2033 2735 2095 2770 est
2125 2729 2195 2783 qui

551 2791 729 2832 adiuvet.

292 2854 321 2875 ¹³
348 2851 711 2891 Circumdederunt
739 2864 803 2890 me
831 2849 949 2890 vituli
977 2850 1114 2890 multi:
1198 2850 1305 2891 tauri
1333 2850 1501 2904 pingues
1530 2850 1778 2891 obsederunt.
1805 2862 1880 2890 me.

291 2912 321 2933 ¹⁴
348 2910 605 2962 Aperuerunt
636 2922 756 2963 super
785 2922 849 2949 me
879 2923 922 2950 os
953 2922 1083 2958 suum,
1169 2909 1274 2950 sicut
1302 2909 1363 2951 leo
1392 2909 1553 2963 rapiens
1584 2915 1624 2950 et
1653 2908 1825 2962 rugiens.

292 2971 322 2992 ¹⁵
349 2969 460 3009 Sicut
493 2982 601 3022 aqua
630 2969 780 3009 effusus
811 2982 919 3009 sum:
1004 2974 1045 3010 et
1075 2968 1256 3022 dispersa
1285 2973 1382 3009 sunt
1411 2969 1550 3010 omnia
1579 2981 1670 3010 ossa
1698 2981 1800 3009 mea.

352 3028 521 3068 Factum
552 3034 607 3068 est
641 3041 708 3069 cor
736 3041 870 3068 meum
902 3034 1115 3081 tamquam
1145 3041 1236 3068 cera
1315 3028 1539 3081 liquescens
1568 3028 1608 3068 in
1637 3027 1769 3068 medio
1799 3026 1953 3067 ventris
1981 3025 2072 3068 mei.

290 3089 324 3110 ¹⁶
350 3087 464 3126 Aruit
498 3094 709 3140 tamquam
738 3093 846 3128 testa
872 3087 1002 3127 virtus
1028 3100 1130 3128 mea.
1213 3096 1253 3127 et
1280 3086 1419 3140 lingua
1444 3100 1534 3128 mea
1563 3086 1733 3127 adhaesit
1760 3086 1947 3126 faucibus
1974 3085 2092 3126 meis:

349 3152 388 3186 et
418 3146 456 3185 in
488 3146 693 3198 pulverem
725 3146 866 3187 mortis
897 3146 1100 3187 deduxisti
1132 3159 1207 3187 me.

290 3206 322 3227 ¹⁷
348 3205 547 3252 Quoniam
582 3205 936 3246 circumdederunt
966 3219 1030 3246 me
1062 3219 1181 3245 canes
1212 3205 1349 3245 multi:
1441 3205 1657 3246 concilium
1689 3203 2004 3258 malignantium
2035 3202 2194 3244 obsedit

554 3277 627 3305 me.
711 3264 942 3305 diffiderunt,
968 3277 1113 3305 manus
1141 3277 1251 3304 meas
1279 3269 1320 3304 et
1346 3265 1468 3317 pedes
1495 3277 1624 3305 meos:

291 3324 325 3346 ¹⁸
348 3323 707 3363 dinumeraverunt
730 3324 867 3363 omnia
885 3336 976 3364 ossa
994 3336 1095 3364 mea.
1166 3323 1246 3376 Ipsi
1269 3336 1362 3364 vero
1383 3323 1746 3364 consideraverunt
1765 3327 1807 3363 et
1824 3322 2092 3376 inspexerunt
2110 3333 2193 3361 me:

290 3383 324 3405 ¹⁹
351 3382 591 3422 “divisorunt
627 3382 700 3422 sibi
736 3383 982 3423 vestimenta
1013 3396 1114 3423 mea.
1204 3387 1240 3422 et
1288 3395 1408 3435 super
1440 3387 1596 3423 vestem
1629 3395 1763 3423 meam
1796 3381 1996 3421 miserunt
2029 3384 2191 3422 sortem.

287 3532 323 3566 3]
420 3484 474 3566 21Ιό
493 3485 747 3566 218Μῖ92ῖὲ34ῦς
770 3486 822 3518 Mc
843 3487 894 3519 15.
914 3487 964 3519 534.
1016 3509 1031 3510 e
1058 3490 1077 3520 ὅ
1104 3486 1173 3520 bMt
1192 3487 1245 3520 27.
1265 3487 1321 3520 39:
1344 3487 1396 3520 Mc
1416 3487 1468 3526 15,
1488 3487 1539 3520 ⁶29.
1573 3508 1609 3510 ἡ
1633 3487 1653 3520 9
1682 3486 1751 3520 «Mt
1773 3487 1827 3523 2⁷2,
1847 3486 1898 3520 43.
1925 3506 1968 3510 —-
1992 3486 2034 3520 17
2051 3485 2124 3519 th
2141 3485 2195 3525 27,

332 3560 338 3565 .
369 3554 406 3555 W
502 3542 517 3557 θ
539 3544 558 3566 0
629 3540 666 3573 ,⁸
703 3559 710 3566 .
