2356 3760
132 95 162 135 7,
189 96 258 127 21->>
276 94 308 134 8,
336 94 377 125 :53
898 93 1280 127 l’fflWERBIOR-UM
1949 104 2023 144 571

132 190 164 212 21
187 188 368 228 Irretivit
395 201 488 228 eum
515 188 655 228 multis
683 186 946 233 sermonibus,
1030 191 1069 226 et
1098 186 1306 227 blanditiis
1334 187 1532 228 labiorum
1561 192 1763 240 protraxit
1790 193 1912 235 illum.

132 248 164 270 22
185 246 335 287 Statim
358 259 447 286 eam
470 246 653 299 sequitur
676 245 790 299 quasi
813 245 884 286 bos
908 245 1054 285 ductus
1078 245 1130 285 ad
1153 245 1375 293 victimam,
1453 250 1492 286 et
1517 246 1631 298 quasi
1655 260 1779 297 agnus
1801 251 2023 297 lasciviens,

395 310 436 345 et
468 305 656 357 ignorans
693 303 801 357 quod
836 304 889 344 ad
923 302 1085 343 vincula
1119 303 1269 344 stultus
1304 304 1503 349 trahatur,
1593 306 1625 329 23
1660 298 1785 345 donec
1814 311 2025 359 transfigat

396 363 547 416 sagitta
575 362 683 402 iecur
712 362 814 402 eius:

187 422 300 463 velut
322 422 353 462 si
377 422 462 462 avis
484 421 650 461 festinet
664 421 716 461 ad
734 420 937 474 laqueum.
1008 428 1047 460 et
1070 420 1196 460 nescit
1212 421 1321 473 quod
1338 421 1387 461 de
1405 421 1579 474 periculo
1601 422 1871 463 animae'illius
1886 425 2026 471 agitur.

135 528 166 550 ²⁴
189 527 305 567 Nunc
335 538 426 578 ergo
457 524 512 566 fili
539 524 607 574 mi,
640 525 734 565 audi
763 538 839 567 me.
924 532 964 565 et
993 524 1161 565 attende
1191 524 1322 564 verbis
1353 525 1429 565 oris
1460 526 1548 566 mei.
1709 548 1711 551 -
1743 554 1746 561 .
2078 536 2110 567 ¹1⁰.
2129 529 2190 554 isse·

135 587 166 610 25
189 586 247 625 Ne
277 583 541 624 abstrahatur
568 583 609 624 in
638 583 713 624 viis
742 583 846 625 illius
875 596 988 623 mens
1018 588 1108 623 tua:
1192 596 1322 636 neque
1352 583 1561 636 decipiaris
1592 585 1743 625 semitis
1774 586 1869 627 eius,
2078 565 2192 622 diffisa

135 645 171 668 ²⁶
187 642 338 684 multos
371 642 477 683 enim
510 642 744 683 vulneratos
777 642 933 689 deiecit,
1031 648 1071 682 et
1103 641 1312 682 fortissimi
1345 642 1494 695 quique
1526 642 1729 683 interfecti
1762 650 1857 684 sunt
1889 644 1940 684 ab
1973 658 2030 685 ea.

135 703 168 726 2⁷
188 702 272 742 Viae
301 701 416 742 inferi
446 702 589 742 domus
619 701 714 749 eius,
799 706 1059 755 penetrantes
1089 700 1128 741 in
1158 700 1352 741 interiora
1379 701 1533 742 mortis.

512 816 551 856 9.
581 815 787 857 invitatio
817 816 1053 868 sapientiae
1085 816 1128 857 et
1157 815 1376 866 stultitiae,
1403 816 1443 866 8,
1463 816 1582 866 1μ9,
1601 817 1664 856 18.

135 888 173 931 8.
229 890 243 912 1
275 887 486 941 Numquid
517 900 597 927 non
629 887 829 940 sapientia
860 886 1056 934 clamitat,
1143 891 1182 927 et
1214 887 1432 940 prudentia
1462 887 1534 927 dat
1566 900 1706 928 vocem
1738 887 1876 927 suam?
2061 886 2215 916 &Pleume

158 949 172 971 2
192 947 239 987 In
269 946 448 994 summis,
481 946 727 999 excelsisque
758 946 977 986 verticibus
1008 959 1130 999 supra
1160 945 1281 994 viam,
1366 945 1406 985 in
1436 945 1577 986 mediis
1607 946 1760 987 semitis
1790 951 1914 992 stans,

156 1005 306 1046 ³iuxta
333 1010 473 1059 portas
502 1004 681 1045 civitatis
763 1005 804 1045 in
833 1004 928 1057 ipsis
957 1005 1110 1045 foribus
1139 1004 1331 1058 loquitur.
1364 1004 1517 1045 dicens:

157 1065 173 1088 ‘²
191 1064 224 1106 O
254 1064 340 1113 viri,
374 1064 426 1104 ad
455 1077 526 1104 vos
556 1063 732 1112 clamito,
817 1070 857 1104 et
887 1077 968 1105 vox
997 1077 1088 1104 mea
1117 1064 1169 1104 ad
1198 1063 1298 1104 filios
1328 1063 1550 1105 hominum.

157 1125 172 1148 ⁵
193 1122 410 1176 Intelligite
439 1122 599 1176 parvuli
629 1123 836 1167 astutiam,
921 1129 962 1163 et
990 1123 1224 1176 insipientes
1255 1122 1580 1163 animadvertite.

158 1182 353 1231 ⁶Audite,
387 1182 579 1236 quoniam
617 1182 666 1222 de
704 1182 823 1222 rebus
860 1181 1016 1235 magnis
1052 1182 1240 1222 locutura
1276 1194 1384 1221 sum:
1465 1186 1507 1221 et
1543 1181 1774 1233 aperientur
1800 1181 1908 1221 labia
1934 1194 2035 1229 mea,

400 1246 447 1281 ut
473 1246 585 1281 recta
613 1241 844 1294 praedicent.

158 1300 416 1341 ⁷Veritatem
451 1299 719 1340 meditabitur
752 1305 896 1353 guttur
925 1313 1072 1348 meum,
1164 1305 1202 1339 et
1237 1298 1346 1338 labia
1380 1311 1471 1337 mea
1505 1298 1820 1338 detestabuntur
1854 1297 2036 1349 impium.

162 1360 176 1383 8
196 1359 298 1399 Iusti
321 1364 417 1399 sunt
439 1372 578 1399 omnes
601 1372 803 1399 sermones
826 1358 915 1405 mei,
984 1371 1065 1398 non
1088 1363 1147 1397 est
1170 1357 1211 1396 in
1234 1356 1288 1396 eis
1311 1369 1484 1409 pravum
1504 1356 1612 1408 quid,
1638 1369 1768 1409 neque
1790 1368 2037 1408 perversum.

160 1417 291 1458 ⁹recti
320 1423 415 1458 sunt
443 1417 775 1470 intelligentibus,
859 1422 900 1457 et
928 1416 1034 1469 aequi
1063 1415 1364 1456 invenientibus
1394 1414 1617 1455 scientiam.

141 1478 176 1501 ¹⁰
192 1476 375 1529 Accipite
399 1475 654 1528 disciplinam
677 1488 822 1519 meam.
849 1480 889 1515 et
913 1488 995 1516 non
1017 1474 1251 1528 pecuniam:
1329 1473 1558 1514 doctrinam
1582 1473 1721 1526 magis,
1749 1486 1871 1526 quam
1897 1485 2040 1513 aurum

402 1534 545 1587 eligite.

141 1596 171 1618 11
192 1593 332 1635 Melior
358 1599 419 1635 est
446 1593 552 1634 enim
580 1593 781 1648 sapientia
814 1592 969 1634 cunctis
998 1591 1314 1646 pretiosissimis:
1396 1597 1436 1633 et
1463 1605 1581 1632 omne
1608 1590 1871 1632 desiderabile
1898 1590 1932 1630 ei
1959 1603 2039 1630 non

402 1657 538 1706 potest
568 1652 805 1706 comparari.

142 1748 173 1770 12
194 1746 279 1800 Ego
311 1746 511 1800 sapientia
540 1745 682 1787 habito
713 1745 754 1786 in
785 1746 961 1795 consilio,
1047 1752 1088 1785 et
1119 1744 1286 1785 eruditis
1317 1744 1513 1784 intersum
1544 1743 1870 1797 cogitationibus.
2079 1741 2198 1802 ‘'f'ffiigs

143 1807 174 1829 ¹³
195 1806 331 1846 Timor
364 1805 530 1846 Domini
565 1805 651 1846 odit
686 1804 858 1845 malum:
947 1804 1234 1854 arrogantiam,
1281 1809 1322 1844 et
1356 1803 1599 1856 superbiam,
1636 1807 1676 1843 et
1711 1803 1820 1842 viam
1854 1814 2036 1855 pravam.
2202 1796 2207 1806 ¹

369 1918 372 1919 ⁷
404 1869 446 1905 et
474 1878 517 1905 os
547 1863 724 1917 bilingue
753 1864 944 1905 detestor.

143 1925 174 1948 ¹⁴
194 1924 331 1964 Meum
359 1920 420 1964 est
450 1923 672 1971 consilium,
704 1927 745 1963 et
773 1922 956 1975 aequitas,
1040 1935 1131 1963 mea
1159 1930 1220 1962 est
1248 1921 1477 1975 prudentia,
1508 1933 1600 1961 mea
1628 1925 1689 1960 est
1716 1919 1927 1961 fortitudo.

144 1984 174 2006 1⁵
195 1983 271 2022 Per
299 1996 363 2023 me
392 1995 502 2035 reges
531 1986 714 2035 regnant,
799 1987 838 2021 et
868 1981 1001 2035 legum
1032 1980 1259 2022 conditores
1288 1980 1397 2020 iusta
1425 1980 1665 2020 decernunt:

144 2043 177 2065 1⁶
195 2042 271 2081 Per
298 2054 363 2081 me
392 2041 591 2094 principes
621 2041 835 2093 imperant,
920 2046 961 2081 et
989 2045 1177 2093 potentes
1207 2040 1428 2080 decernunt
1459 2037 1668 2079 iustitiam.

144 2101 176 2124 ¹⁷
195 2100 280 2153 Ego
311 2099 522 2153 diligentes
551 2113 615 2140 me
645 2099 784 2152 diligo:
868 2104 908 2139 et
939 2099 1006 2152 qui
1036 2112 1155 2139 mane
1185 2098 1356 2150 vigilant
1385 2097 1437 2137 ad
1466 2110 1540 2144 me,
1573 2096 1781 2136 invenient
1808 2109 1887 2137 me.

144 2160 178 2183 1⁸
198 2159 356 2199 Mecum
387 2164 483 2199 sunt
513 2158 677 2207 divitiae,
710 2164 751 2199 et
778 2157 915 2211 gloria,
1000 2170 1095 2211 opes
1125 2157 1319 2210 superbae,
1352 2161 1392 2196 et
1420 2155 1588 2197 iustitia.

144 2219 178 2242 ¹⁹
195 2217 336 2259 Melior
355 2223 415 2258 est
436 2218 542 2258 enim
561 2218 718 2258 fructus
738 2230 851 2257 meus
872 2229 981 2258 auro.
1004 2222 1044 2257 et
1063 2216 1197 2269 lapide
1217 2214 1405 2269 pretioso.
1481 2219 1521 2255 et
1539 2214 1744 2267 genimina
1762 2226 1853 2253 mea
1877 2217 2042 2265 argento

406 2276 544 2318 electo.

144 2338 180 2360 20
199 2336 246 2377 111
275 2335 350 2377 viis
379 2335 545 2377 iustitiae
574 2335 750 2378 ambulo.
834 2335 875 2375 in
904 2334 1036 2376 medio
1067 2333 1304 2375 semitarum
1334 2332 1480 2379 iudicii,

146 2397 177 2419 21
198 2400 245 2436 111
274 2395 400 2436 ditem
431 2395 641 2449 diligentes
670 2408 746 2438 me,
831 2398 871 2434 et
901 2394 1112 2435 thesauros
1142 2405 1280 2433 eorum
1309 2391 1497 2445 repleam.

146 2502 178 2525 22
198 2501 397 2541 Dominus
425 2500 606 2554 possedit
632 2513 697 2540 me
724 2500 765 2540 in
793 2499 906 2541 initio
936 2499 1095 2539 viarum
1123 2510 1301 2546 suarum,
1384 2502 1605 2550 antequam
1635 2494 1859 2549 quidquam
1893 2493 2042 2533 faceret
2062 2488 2230 2548 ξᾷῥζῇζξὲιξ]

409 2573 432 2600 a
460 2559 668 2613 principio.
2074 2558 2220 2587 exsistens,

147 2621 179 2644 23
198 2618 262 2659 Ab
291 2624 441 2659 aeterno
471 2619 661 2659 ordinata
689 2631 791 2667 sum,
875 2624 916 2659 et
945 2631 994 2658 ex
1024 2615 1202 2670 antiquis
1232 2621 1455 2669 antequam
1484 2619 1592 2654 terra
1620 2613 1744 2653 fieret.

147 2680 181 2704 21
200 2678 393 2719 Nondum
424 2683 540 2718 erant
570 2677 717 2731 abyssi,
749 2682 791 2718 et
819 2689 891 2730 ego
921 2677 1002 2717 iam
1033 2679 1231 2728 concepta
1270 2687 1398 2715 eram:
1481 2673 1653 2713 necdum
1683 2672 1816 2711 fontes
1846 2681 2043 2723 aquarum

409 2742 645 2790 eruperant:

147 2798 179 2821 2⁵
201 2796 373 2836 necdum
401 2802 561 2837 montes
589 2795 704 2849 gravi
731 2794 836 2836 mole
865 2794 1153 2836 constiterant:
1237 2797 1332 2833 ante
1361 2791 1478 2832 colles
1507 2803 1578 2843 ego
1606 2787 1881 2842 parturiebar:

148 2857 183 2880 2⁶
202 2855 334 2895 adhuc
363 2862 513 2895 terram
542 2868 624 2896 non
653 2855 816 2903 fecerat,
848 2859 889 2894 et
917 2853 1098 2901 flumina,
1182 2856 1223 2892 et
1253 2851 1434 2892 cardines
1464 2849 1570 2890 orbis
1599 2854 1725 2888 terrae.

148 2916 182 2939 2⁷
202 2914 373 2962 Quando
391 2914 649 2967 praeparabat
667 2913 793 2962 caelos,
813 2913 996 2953 aderam:
1066 2911 1229 2965 quando
1246 2915 1358 2951 certa
1372 2909 1467 2962 lege,
1487 2913 1527 2948 et
1542 2919 1640 2960 gyro
1658 2905 1842 2946 vallabat
1858 2905 2044 2958 abyssos:

148 2975 183 2997 '2⁸
202 2973 365 3027 quando
395 2973 547 3013 aethera
575 2973 768 3014 firmabat
796 2984 967 3016 sursum,
1052 2976 1093 3011 et
1120 2969 1298 3010 librabat
1327 2969 1459 3009 fontes
1490 2978 1707 3019 aquarum:

149 3034 184 3056 29
203 3032 365 3086 quando
381 3031 663 3072 circumdabat
677 3031 779 3072 mari
794 3030 1014 3072 terminum
1030 3042 1160 3075 suum,
1219 3034 1258 3069 et
1280 3027 1407 3080 legem
1422 3025 1603 3079 ponebat
1618 3023 1745 3077 aquis,
1763 3036 1811 3063 ne
1827 3022 2047 3063 transirent

411 3091 509 3131 fines
539 3104 650 3131 suos:
734 3090 897 3143 quando
929 3088 1190 3142 appendebat
1218 3086 1488 3127 fundamenta
1517 3090 1644 3124 terrae.

148 3153 185 3175 3⁰
201 3150 302 3191 Cum
333 3162 378 3190 eo
409 3162 519 3190 eram
549 3154 698 3190 cuncta
727 3161 992 3202 componens:
1077 3152 1116 3187 et
1148 3145 1379 3187 delectabar
1418 3156 1488 3196 per
1518 3141 1694 3193 singulos
1724 3140 1818 3185 dies,
1903 3139 2045 3180 ludens

412 3221 547 3249 coram
577 3221 622 3249 eo
653 3207 763 3249 omni
791 3213 992 3260 tempore:

149 3270 181 3293 21
201 3268 343 3309 ludens
372 3267 414 3308 in
443 3267 538 3308 orbe
567 3275 786 3308 terrarum:
870 3272 909 3306 et
938 3264 1089 3306 deliciae
1118 3276 1217 3304 meae
1246 3275 1340 3305 esse,
1373 3274 1464 3301 cum
1494 3259 1583 3300 filiis
1611 3258 1835 3299 hominum.

2083 3351 2208 3376 homines

149 3376 182 3398 ³2
204 3374 320 3414 Nunc
351 3386 441 3426 ergo
472 3372 541 3412 filii
571 3371 709 3412 audite
738 3384 820 3411 me:
906 3370 1034 3411 Beati.
1068 3369 1136 3423 qui
1166 3366 1402 3408 custodiunt
1432 3365 1517 3405 vias
1546 3377 1668 3405 meas.
2107 3388 2185 3411 mem

150 3434 183 3457 3³
203 3431 353 3472 Audite
383 3430 649 3484 disciplinam,
682 3435 721 3470 et
751 3435 881 3470 estote
911 3428 1123 3482 sapientes.
1209 3432 1248 3466 et
1278 3424 1402 3465 nolite
1431 3423 1601 3464 abiicere
1631 3436 1732 3462 eam.
