2356 3760
121 92 174 132 43,
200 92 318 132 1--44,
343 93 363 125 ἰ)
932 91 1219 125 PSALMORUM
1935 105 2011 145 509

652 184 818 233 43(44).
849 182 1131 224 Lamentatio
1159 186 1315 237 populi
1346 187 1495 227 lsrael.

227 258 241 280 1
273 255 319 295 In
348 256 480 298 finem.
513 255 622 296 Filiis
651 255 750 296 Core
779 255 830 295 ad
859 254 1121 296 intellectum.
1155 255 1309 298 XLIII.

143 365 158 386 ²
181 364 290 404 Deus
320 364 484 405 auribus
513 361 659 403 nostris
689 361 938 401 audivimus:
1020 367 1156 412 patres
1185 362 1311 401 nostri
1341 363 1692 405 annunciaverunt
1720 365 1846 407 nobis.
2029 368 2052 411 2-
2069 367 2205 407 12351ρὲ5.

182 423 306 477 Opus,
339 423 448 477 quod
475 426 666 475 operatus
695 433 734 460 es
762 420 804 460 in
832 419 973 460 diebus
1002 431 1158 460 eorum:
1242 426 1280 459 et
1311 420 1348 459 in
1378 421 1518 461 diebus
1547 422 1736 475 antiquis.
2025 408 2075 426 δυο
2087 403 2206 427 mmm

143 483 159 505 ³
182 483 326 523 Manus
354 487 427 522 tua
452 486 592 534 gentes
621 478 872 532 disperdidit.
903 484 944 518 et
971 477 1167 531 plantasti
1196 491 1279 518 eos:

183 540 365 582 afflixisti
393 539 576 593 populos,
609 543 650 579 et
678 537 870 591 expulisti
898 550 982 577 eos:

144 601 158 622 ⁴
182 600 265 640 Nec
282 599 389 640 enim
406 599 447 639 in
463 598 596 652 gladio
615 610 686 638 suo
704 596 972 650 possederunt
989 601 1150 637 terram.
1202 601 1242 635 et
1260 595 1469 637 brachium
1486 610 1624 638 eorum
1642 612 1721 639 nou
1740 599 1916 640 salvavit
1930 613 2013 641 eos:

181 659 260 699 Sed
298 659 467 699 dextera
506 662 590 706 tua,
629 662 668 696 et
708 655 919 696 brachium
958 661 1087 698 tuum.
1129 661 1168 694 et
1209 653 1451 695 illuminatio
1489 655 1627 696 vultus
1666 658 1743 697 tui:
1826 658 2016 711 quoniam

385 715 665 770 complacuisti
694 714 735 755 in
764 714 830 755 eis

143 779 158 801 5
182 777 241 817 Tu
271 790 310 817 es
338 776 422 829 ipse
449 788 520 816 rex
548 787 661 815 meus
690 781 731 814 et
757 773 868 813 Deus
896 785 1026 812 meus:
1111 772 1179 825 qui
1207 772 1378 812 mandas
1407 772 1557 813 salutes
1588 774 1720 815 Iacob.

144 838 159 859 ⁸
184 836 231 876 In
256 840 296 876 te
320 834 502 875 inimicos
526 838 686 874 nostros
706 831 994 873 ventilabimus
1015 844 1150 872 cornu.
1224 836 1265 871 et.
1288 831 1329 871 in
1353 830 1515 872 nomine
1539 837 1608 872 tuo
1634 845 1867 885 spernemus
1892 833 2017 873 insur-

384 898 523 947 gentes
552 892 593 933 in
622 891 749 932 nobis.

144 956 158 978 ⁷
184 954 275 995 Non
303 953 409 994 enim
436 952 477 992 in
505 964 599 992 arcu
628 964 717 991 meo
745 951 934 1003 sperabo:
1017 954 1058 990 et
1084 949 1240 1001 gladius
1268 962 1381 989 meus
1409 962 1490 989 non
1518 949 1694 989 salvabit
1722 963 1798 990 me.

145 1015 160 1037 ⁸
182 1012 359 1054 Salvasti
385 1011 491 1052 enim
518 1023 590 1051 nos
617 1010 666 1051 de
693 1009 970 1059 affligentibus
998 1022 1087 1049 nos:
1168 1013 1207 1048 et
1235 1008 1416 1048 odientes
1444 1021 1515 1049 nos
1542 1008 1772 1049 confudisti.

144 1075 160 1096 ⁹
185 1072 232 1113 In
257 1072 343 1112 Deo
368 1069 628 1111 laudabimur
653 1074 743 1109 tota
769 1068 850 1109 die:
935 1074 975 1108 et
1001 1067 1041 1107 in
1068 1067 1230 1108 nomine
1256 1073 1327 1107 tuo
1354 1066 1638 1107 confitebimur
1669 1067 1708 1106 in
1736 1067 1936 1109 saeculum.

126 1180 161 1202 ¹⁰
184 1178 300 1218 Nunc
328 1182 465 1217 autem
491 1174 674 1228 repulisti
699 1180 740 1214 et
765 1173 985 1214 confudisti
1011 1186 1100 1213 nos:
1181 1180 1220 1212 et
1248 1185 1327 1213 non
1356 1172 1566 1221 egredieris
1592 1172 1703 1212 Deus
1731 1172 1770 1212 in
1798 1173 2017 1213 virtutibus
2034 1173 2207 1234 ῐῑξᾞξξξυζῑ

386 1234 544 1276 nostris
2096 1226 2152 1270 ests

127 1298 157 1320 ¹¹
184 1295 381 1336 Avertisti
392 1300 696 1335 nosretrorsum
712 1298 803 1346 post
819 1291 1001 1332 inimicos
1016 1295 1192 1331 nostros:
1250 1297 1289 1330 et
1305 1290 1373 1343 qui
1387 1290 1561 1330 oderunt
1576 1303 1659 1332 nos,
1674 1289 1918 1343 diripiebant
1933 1290 2019 1331 sibi.

128 1357 158 1379 ¹²
185 1354 343 1395 Dedisti
371 1366 444 1395 nos
473 1359 686 1405 tamquam
716 1364 810 1392 oves
840 1363 1040 1390 escarum:
1123 1355 1163 1389 et
1191 1349 1233 1389 in
1260 1349 1448 1397 gentibus
1477 1348 1699 1402 dispersisti
1727 1362 1810 1389 nos.

128 1416 159 1438 13
184 1413 413 1453 Vendidisti
429 1411 626 1465 populum
643 1416 760 1450 tuum
778 1409 862 1449 sine
878 1409 1026 1461 pretio:
1084 1415 1123 1448 et
1145 1421 1225 1448 non
1242 1407 1319 1447 fuit
1336 1407 1558 1448 multitudo
1575 1407 1615 1447 in
1633 1408 2021 1448 commutationibus

387 1483 537 1512 eorum.

128 1533 158 1555 ¹⁴
184 1530 358 1571 Posuisti
388 1543 459 1571 nos
488 1528 750 1582 opprobrium
778 1527 919 1567 vicinis
948 1526 1105 1570 nostris,
1189 1526 1549 1567 subsannationem
1578 1535 1617 1566 et
1647 1526 1822 1566 derisum
1849 1526 1922 1570 his,
1953 1525 2021 1579 qui

388 1595 484 1630 sunt
512 1588 552 1628 in
582 1587 750 1628 circuitu
781 1592 931 1627 nostro.

127 1651 158 1673 15
184 1649 360 1691 Posuisti
396 1661 468 1689 nos
504 1647 543 1687 in
581 1645 886 1687 similitudinem
923 1645 1140 1686 Gentibus:
1239 1644 1554 1685 commotionem
1591 1644 1735 1696 capitis
1770 1644 1811 1684 in
1846 1642 2017 1697 populis.

127 1710 161 1732 ¹⁶
185 1708 289 1749 Tota
312 1707 375 1748 die
399 1706 642 1747 verecundia
665 1718 756 1745 mea
778 1712 921 1745 contra
944 1717 1007 1744 me
1031 1710 1102 1748 est.
1182 1708 1223 1743 et
1246 1703 1426 1744 confusio
1451 1703 1566 1743 faciei
1590 1716 1689 1743 meae
1712 1702 1920 1756 cooperuit
1942 1715 2018 1744 me.

127 1769 159 1791 ¹⁷
184 1768 218 1807 A
247 1780 346 1808 voce
374 1765 669 1820 exprobrantis,
700 1770 741 1805 ct
769 1763 1044 1816 obloquentis:
1129 1776 1149 1802 a
1178 1762 1280 1803 facie
1308 1762 1470 1807 inimici,
1502 1769 1542 1802 et
1570 1761 1859 1815 persequentis,

128 1874 162 1896 13
186 1873 282 1913 Haec
311 1872 448 1913 onmia
476 1876 676 1912 venerunt
704 1882 823 1922 super
851 1882 935 1912 nos,
966 1882 1038 1909 nec
1068 1868 1182 1909 obliti
1211 1881 1349 1908 sumus
1379 1873 1437 1908 te:
1523 1874 1562 1907 et
1592 1867 1727 1920 inique
1756 1880 1836 1907 non
1865 1866 2017 1920 egimus
2050 1865 2193 1926 ssiffissffliffi

387 1931 427 1971 in
457 1934 704 1971 testamento
735 1936 817 1969 tuo.
2033 1937 2212 1976 διψῴη-

128 1993 161 2015 ¹⁹
184 1991 239 2031 Et
268 2003 350 2031 non
377 1989 540 2030 recessit
568 1994 675 2029 retro
705 2000 772 2029 cor
800 1993 1003 2028 nostrum:
1090 1992 1132 2026 et
1160 1985 1370 2027 declinasti
1399 1985 1564 2025 semitas
1592 1990 1751 2026 nostras
1781 1998 1804 2025 a
1833 1984 1900 2024 via
1928 1971 2224 2037 ῖιιᾶιᾱθῐξῖξζῗᾷῗρω

126 2051 162 2073 ²⁰
184 2049 386 2098 Quoniam
415 2047 638 2089 humiliasti
667 2060 739 2087 nos
768 2046 809 2086 in
837 2046 923 2087 loco
954 2044 1197 2093 afflictionis,
1285 2050 1325 2084 et
1354 2044 1562 2097 cooperuit
1591 2057 1662 2085 nos
1692 2044 1838 2084 umbra
1865 2043 2018 2084 mortis

126 2110 157 2132 ²¹
183 2108 225 2149 Si
250 2107 366 2149 obliti
391 2120 530 2148 sumus
556 2119 705 2148 nomen
729 2105 806 2146 Dei
832 2105 969 2147 nostri.
1049 2110 1090 2144 et
1115 2104 1147 2144 si
1172 2103 1441 2157 expandimus
1467 2116 1612 2143 manus
1638 2109 1796 2143 nostras
1823 2102 1875 2142 ad
1900 2102 2021 2142 deum

387 2166 581 2207 alienum:

126 2229 157 2251 ²²
185 2227 328 2268 Nonne
358 2226 469 2266 Deus
499 2225 677 2279 requiret
706 2223 809 2264 ista?
893 2223 977 2276 ipse
1009 2222 1115 2263 enim
1146 2222 1261 2264 novit
1293 2221 1533 2263 abscondita
1563 2220 1703 2261 cordis.

188 2286 410 2335 ³Quoniam
422 2290 589 2339 propter
601 2290 641 2324 te
658 2283 952 2324 mortificamur
967 2288 1057 2322 tota
1069 2281 1150 2321 die:
1208 2280 1399 2322 aestimati
1411 2293 1549 2321 sumus
1569 2280 1674 2320 sicut
1686 2293 1781 2320 oves
1800 2278 2017 2320 occisionis.

126 2348 158 2371 23
183 2345 357 2398 Exurge,
388 2357 513 2398 quare
540 2342 745 2384 obdormis
773 2341 971 2383 Domine?
1053 2354 1212 2394 exurge,
1243 2346 1284 2381 et
1311 2353 1360 2380 ne
1388 2338 1554 2393 repellas
1582 2339 1623 2379 in
1652 2339 1783 2379 finem.

126 2406 157 2429 ²⁴
184 2404 317 2452 Quare
338 2403 484 2444 faciem
507 2408 622 2443 tuam
646 2401 807 2449 avertis,
883 2399 1128 2442 oblivisceris
1150 2399 1296 2452 inopiae
1319 2404 1466 2439 nostrae
1488 2404 1528 2438 et
1553 2397 1824 2438 tribulationis
1847 2397 2017 2437 nostrae?

126 2465 158 2488 25
184 2462 387 2512 Quoniam
415 2461 632 2502 humiliata
661 2467 722 2502 est
750 2461 791 2501 in
820 2459 985 2514 pulvere
1015 2458 1153 2499 anima
1180 2464 1338 2500 nostra:
1422 2456 1724 2510 conglutinatus
1754 2462 1815 2497 est.
1843 2456 1883 2496 in
1915 2462 2020 2496 terra

269 2530 271 2533 “
391 2527 530 2562 venter
556 2525 704 2561 noster.

126 2584 161 2605 ²⁶
184 2581 346 2634 Exurge
370 2580 556 2629 Domine,
584 2579 735 2620 adiuva
757 2592 848 2620 nos:
928 2583 970 2619 et
992 2577 1144 2617 redime
1168 2590 1241 2618 nos
1266 2582 1431 2630 propter
1455 2588 1602 2616 nomen
1628 2580 1756 2616 tuum.

632 2694 798 2746 4405).
828 2692 1177 2746 Epithalamium
1209 2692 1518 2732 christianum.

230 2771 245 2793 ¹
272 2769 319 2809 In
344 2767 477 2816 finem,
505 2780 576 2821 pro
602 2767 660 2815 iis,
689 2766 757 2820 qui
783 2766 1158 2813 commutabuntur,
1185 2764 1275 2804 ffliis
1300 2764 1409 2807 Core.
1438 2763 1491 2803 ad
1515 2761 1777 2802 intellectum.
1805 2760 2018 2801 Canticum

126 2841 196 2881 pro
227 2827 385 2868 dilecto.
443 2826 622 2867 XLIIII.

146 2936 160 2957 '-’
183 2932 400 2974 Eructavit
424 2944 492 2973 cor
515 2944 651 2972 meum
676 2930 847 2971 verbum
872 2930 1043 2970 bonum:
1114 2928 1203 2969 dico
1228 2941 1299 2981 ego
1326 2940 1447 2980 opera
1471 2938 1561 2966 mea
1584 2924 1676 2978 regi.
1749 2924 1906 2977 Lingua
1929 2938 2018 2964 mea
2057 2920 2186 2986 QZ&

386 2989 565 3032 calamus
594 2989 744 3037 scribae,
777 2988 967 3029 velociter
996 2987 1218 3028 scribentis.
1562 3034 1565 3038 .

145 3053 161 3075 3
183 3050 394 3104 Speciosus
412 3050 545 3090 forma
561 3061 645 3102 prae
663 3047 752 3088 filiis
771 3047 994 3095 hominum,
1053 3046 1202 3088 diffusa
1219 3051 1280 3086 est
1298 3044 1429 3098 gratia
1447 3043 1487 3083 in
1505 3042 1621 3083 labiis
1641 3042 1739 3082 tuis:
1804 3047 2018 3095 propterea

385 3107 595 3149 benedixit
622 3112 663 3147 te
691 3107 802 3147 Deus
830 3106 871 3146 in
900 3111 1108 3146 aeternum.

145 3170 160 3192 ¹
182 3168 399 3221 Accingere
422 3166 556 3220 gladio
581 3171 652 3207 tuo
678 3178 798 3218 super
820 3165 952 3205 femur
975 3170 1105 3213 tuum,
1132 3162 1424 3217 potentissime.
1480 3162 1496 3185 5
1520 3159 1658 3213 Specie
1683 3166 1756 3200 tua
1780 3164 1819 3200 et
1843 3159 2015 3212 pulchri-

384 3225 526 3267 tudine
556 3230 630 3265 tua

183 3286 358 3333 intende,
380 3297 568 3338 prospere
594 3283 776 3336 procede,
803 3288 844 3323 et
872 3295 1006 3336 regna,
1083 3282 1255 3334 Propter
1283 3279 1499 3319 veritatem
1522 3283 1563 3319 et
1584 3277 1949 3318 mansuetudinem.
1975 3280 2015 3314 et

384 3342 602 3384 iustitiam:
687 3346 728 3382 et
756 3341 930 3382 deducet
958 3348 999 3382 te
1028 3339 1266 3381 mirabiliter
1295 3338 1463 3378 dextera
1491 3342 1574 3378 tua.

254 3446 307 3486 43.
331 3446 374 3479 :22
399 3446 507 3480 aRom
531 3446 562 3486 8,
587 3445 639 3480 36.
