2356 3760
135 165 167 205 3,
193 164 312 204 29—-3,
337 164 380 198 56
899 162 1277 196 MACHABAEORUM
1958 166 2033 206 907

135 257 477 357 aerariumdsuum,
506 262 547 298 et
572 256 686 298 dedit
711 255 916 309 stipendia
940 255 1135 297 exercitui
1160 256 1201 296 in
1228 269 1399 297 annum:
1427 260 1468 297 et
1493 256 1708 297 mandavit
1732 257 1807 299 illis
1833 263 1880 299 ut
1904 262 2038 298 essent

134 321 268 370 parati
296 329 319 356 a
376 316 523 358 omnia.

240 388 274 410 2⁹
299 386 355 426 Et
379 386 485 426 vidit
510 385 620 438 quod
645 383 794 425 defecit
818 384 991 437 pecunia
1015 384 1064 425 de
1089 385 1289 425 thesauris
1315 385 1407 431 suis,
1436 389 1477 425 et
1501 384 1659 425 tributa
1683 384 1853 437 regionis
1877 385 2037 426 modica
2060 387 2086 411 1¹¹
2109 386 2222 426 Pfflide

135 450 302 498 propter
333 444 634 491 dissensionem,
668 446 709 482 et
739 441 914 496 plagam,
950 455 1073 496 quam
1104 443 1201 484 fecit
1231 444 1272 484 in
1303 448 1422 490 terra,
1456 448 1503 483 ut
1534 442 1694 484 tolleret
1724 442 1915 497 legitima,
1950 456 2039 496 quae
2066 423 2217 481 eiffcbtlltr‘im

136 508 252 544 erant
276 516 299 543 a
321 502 460 555 primis
485 501 644 542 diebus:
695 502 732 524 ³⁰
755 506 795 541 et
818 501 958 541 timuit
981 513 1030 541 ne
1053 515 1133 542 non
1158 501 1328 542 haberet
1350 507 1397 542 ut
1419 501 1541 543 semel
1564 506 1605 542 et
1628 502 1699 549 bis,
1725 501 1766 542 in
1790 506 1976 555 sumptus
2000 507 2041 541 et

136 561 316 609 donaria,
344 574 434 614 quae
457 560 626 601 dederat
649 564 745 599 ante
767 559 881 613 larga
903 572 1046 600 manu:
1073 565 1114 600 et
1138 561 1422 601 abundaverat
1446 573 1566 614 super
1588 573 1710 614 reges,
1738 560 1806 613 qui
1830 565 1925 600 ante
1949 572 2039 600 eum

135 620 310 661 fuerant.
370 621 401 643 31
434 619 490 660 Et
521 622 805 659 consternatus
838 623 925 659 erat
957 619 1092 660 animo
1125 618 1255 663 valde,
1291 623 1331 659 et
1363 618 1560 672 cogitavit
1591 618 1646 658 ire
1677 619 1717 658 in
1749 618 1966 666 Persidem,
2001 622 2042 657 et

136 678 316 731 accipere
347 677 504 719 tributa
533 675 755 729 regionum,
789 682 830 717 et
860 690 1101 731 congregare
1133 682 1346 731 argentum
1377 676 1566 718 multum.

239 750 272 772 32
297 748 353 789 Et
376 746 539 801 reliquit
563 746 729 800 Lysiam
754 746 960 788 hominem
985 745 1162 787 nobilem
1189 745 1237 786 de
1261 758 1404 798 genere
1429 744 1562 798 regali,
1590 757 1710 798 super
1734 745 1896 797 negotia
1919 744 2037 797 regia.¹
2102 743 2190 773 Lffiae

2085 778 2204 802 admini-

136 820 160 848 a
183 807 349 848 flumine
373 806 585 860 Euphrate
609 818 737 858 usque
762 805 814 845 ad
837 805 988 845 flumen
1013 804 1200 858 AEgypti:
1252 805 1284 828 3³
1309 808 1350 844 et
1373 808 1420 844 ut
1443 803 1618 844 nutriret
1641 803 1889 844 Antiochum
1913 802 2039 843 filium
2088 813 2201 837 stratori

136 879 267 914 suum,
286 866 413 907 donec
428 864 588 905 rediret.
633 865 665 888 34
681 864 737 904 Et
753 863 925 904 tradidit
940 863 975 903 ei
990 863 1170 903 medium
1187 862 1422 910 exercitum,
1441 867 1482 902 et
1498 861 1753 915 elephantos:
1772 866 1812 902 et
1827 860 2042 901 mandavit
2084 848 2205 907 ἶῗζξῗζζζ

136 925 171 965 ei
201 924 250 965 de
280 923 479 971 omnibus,
513 935 602 976 quae
631 921 809 971 volebat,
841 927 882 962 et
911 922 960 963 de
989 921 1318 962 inhabitantibus
1350 921 1542 966 Iudaeam,
1575 924 1617 961 et
1647 919 1883 960 Ierusalem:
1940 921 1972 943 3⁵
2002 923 2042 958 et
2065 919 2227 977 Iudaeolrutm

136 988 183 1024 ut
213 982 397 1023 mitteret
428 982 480 1022 ad
511 994 577 1023 eos
609 980 832 1022 exercitum
865 981 917 1021 ad
949 980 1250 1028 conterendam,
1285 984 1326 1020 et
1357 979 1643 1032 extirpandam
1676 978 1873 1019 virtutem
1906 976 2040 1021 Israel,
2083 960 2210 981 maffl‘q'

136 1046 178 1082 et
192 1041 381 1094 reliquias
399 1039 630 1085 Ierusalem,
649 1044 690 1080 et
706 1039 970 1080 auferendam
985 1039 1224 1080 memoriam
1240 1051 1379 1079 eorum
1395 1037 1565 1078 deloco:
1608 1038 1644 1062 3⁶
1659 1041 1701 1077 et
1716 1042 1762 1077 ut
1778 1035 2045 1077 constitueret

136 1100 389 1141 habitatores
418 1099 520 1140 filios
550 1098 793 1152 alienigenas
822 1098 864 1139 in
894 1097 1081 1139 omnibus
1111 1097 1258 1138 finibus
1289 1109 1439 1145 eorum,
1471 1101 1513 1136 et
1541 1100 1647 1137 sorte
1677 1094 1939 1136 distribueret
1967 1099 2044 1134 ter-

136 1172 223 1199 ram
254 1171 404 1200 eorum.

241 1230 275 1253 ³⁷
302 1228 358 1269 Et
384 1240 454 1268 rex
482 1226 703 1281 assumpsit
728 1232 888 1281 partem
916 1226 1115 1267 exercitus
1142 1225 1303 1273 residui,
1332 1230 1373 1265 et
1399 1223 1528 1264 exivit
1554 1224 1604 1264 ab
1632 1223 1850 1264 Antiochia
1876 1222 2043 1263 civitate
2116 1225 2179 1242 “¹¹¹¹

2090 1253 2207 1277 dimidio

136 1287 248 1342 regni
279 1287 340 1328 sui
372 1299 478 1328 anno
511 1286 730 1327 centesimo
763 1291 803 1326 et
835 1284 1144 1339 quadragesimo
1176 1283 1368 1337 septimo:
1403 1287 1444 1322 et
1474 1281 1759 1322 transfretavit
1789 1280 2043 1334 Euphratem
2086 1289 2210 1313 exercitu

2096 1323 2202 1353 profici-

136 1346 300 1395 flumen,
332 1350 373 1386 et
401 1344 717 1399 perambulabat
745 1344 969 1397 superiores
998 1343 1190 1396 regiones
2102 1359 2197 1383 scitur.

262 1451 301 1490 3.
331 1449 465 1489 ludas
496 1448 806 1496 Ptolemaeum,
835 1446 1101 1486 Nicanorem
1133 1444 1177 1484 et
1207 1443 1432 1495 Gorgiam
1464 1444 1612 1494 fugat,
1640 1444 1679 1494 3,
1699 1443 1845 1493 38—4,
1865 1442 1930 1482 25.

242 1521 278 1545 ³⁵³
305 1519 361 1560 Et
389 1519 509 1573 elegit
536 1518 679 1572 Lysias
707 1516 974 1558 Ptolemaeum
1004 1516 1131 1557 filium
1159 1515 1387 1569 Dorymini,
1418 1519 1459 1555 et
1488 1514 1742 1561 Nicanorem,
1772 1517 1814 1553 et
1841 1512 2043 1565 Gorgiam,
2107 1508 2198 1533 Dum

138 1579 246 1621 viros
274 1583 463 1632 potentes
494 1590 543 1618 ex
572 1576 710 1617 amicis
740 1575 860 1629 regis:
917 1577 953 1599 ³⁹
982 1580 1023 1616 et
1051 1574 1162 1615 misit
1191 1587 1283 1614 cum
1313 1574 1367 1614 eis
1398 1573 1671 1626 quadraginta
1699 1571 1825 1612 millia
1853 1570 2044 1617 virorum,
2076 1543 2229 1621 Eiiiiiii‘iiu]

139 1644 180 1679 et
198 1643 355 1691 septem
373 1636 500 1677 millia
518 1635 704 1689 equitum
723 1640 770 1675 ut
789 1634 975 1675 venirent
993 1633 1034 1673 in
1053 1638 1204 1674 terram
1225 1632 1339 1676 Iuda,
1361 1636 1402 1672 et
1420 1632 1699 1685 disperderent
1717 1643 1805 1670 eam
1825 1629 2047 1670 secundum
2074 1614 2230 1643 apphcam'

139 1697 311 1738 verbum
338 1696 453 1749 regis.
509 1696 546 1719 40
572 1694 628 1735 Et
656 1697 940 1747 processerunt
967 1705 1059 1733 cum
1088 1692 1278 1732 universa
1305 1691 1459 1730 virtute
1487 1703 1571 1739 sua,
1602 1694 1643 1729 et
1671 1693 1881 1735 venerunt,
1913 1692 1954 1727 et
1981 1699 2050 1739 ap-

139 1755 371 1809 plicuerunt
403 1754 623 1794 Emmaum
656 1752 697 1793 in
731 1757 839 1793 terra
871 1751 1101 1804 campestri.
1162 1752 1194 1774 44
1227 1749 1283 1789 Et
1315 1749 1533 1790 audierunt
1564 1752 1808 1788 mercatores
1841 1746 2048 1800 regionum

139 1827 288 1855 nomen
318 1826 476 1854 eorum:
521 1817 562 1853 et
591 1815 836 1864 acceperunt
865 1815 1092 1863 argentum,
1136 1813 1176 1849 et
1206 1821 1350 1848 aurum
1379 1807 1555 1847 multum
1585 1806 1715 1851 valde,
1747 1810 1788 1846 et
1816 1817 1979 1858 pueros:
2010 1807 2051 1844 et

141 1877 343 1914 venerunt
360 1872 401 1913 in
420 1876 555 1913 castra
572 1876 619 1911 ut
637 1870 867 1923 acciperent
884 1868 986 1910 filios
1008 1867 1130 1909 Israel
1147 1867 1188 1907 in
1207 1880 1355 1915 servos,
1376 1871 1417 1907 et
1435 1865 1565 1906 additi
1583 1870 1678 1906 sunt
1697 1865 1748 1905 ad
1767 1877 1832 1905 eos
1851 1862 2050 1904 exercitus

140 1931 277 1986 Syriae,
310 1936 352 1971 et
380 1935 497 1971 terrae
527 1929 856 1983 alienigenarum.

2109 1984 2196 2010 Iudaei

245 2002 278 2025 ‘¹2
307 2000 364 2041 Et
393 2000 499 2041 vidit
530 1999 665 2045 Iudas,
698 2003 739 2039 et
768 1998 913 2038 fratres
945 1997 1040 2041 eius,
1074 1996 1170 2050 quia
1198 1994 1473 2048 multiplicata
1502 1998 1599 2034 sunt
1627 1992 1746 2040 mala,
1779 1997 1820 2033 et
1849 1991 2047 2033 exercitus
2093 2020 2213 2045 invicem

141 2060 408 2114 applicabant
439 2059 491 2100 ad
522 2058 621 2099 fines
653 2070 811 2099 eorum:
845 2062 886 2097 et
917 2059 1198 2109 cognoverunt
1228 2054 1354 2095 verba
1384 2053 1497 2106 regis,
1533 2065 1622 2106 quae
1652 2050 1868 2092 mandavit
1898 2049 2048 2103 populo
2079 2056 2227 2101 ⁵e131ut11is

142 2120 273 2160 facere
292 2118 333 2158 in
353 2117 577 2161 interitum,
601 2121 642 2157 et
661 2114 1076 2157 consummationem:
1124 2115 1156 2138 43
1176 2118 1217 2153 et
1237 2113 1430 2153 dixerunt
1449 2111 1727 2164 unusquisque
1746 2110 1798 2150 ad
1817 2109 2048 2163 proximum
2074 2091 2233 2150 taiissiiiijus

142 2190 280 2219 suum:
314 2176 529 2230 Erigamus
562 2174 828 2216 deiectionem
861 2172 1001 2227 populi
1033 2172 1172 2217 nostri,
1208 2176 1249 2212 et
1280 2183 1506 2225 pugnemus
1538 2182 1610 2224 pro
1642 2168 1792 2222 populo
1824 2172 1976 2215 nostro,
2010 2172 2051 2207 et
2077 2164 2230 2190 ⁶³³⁰¹¹¹¹¹³‘’

143 2236 294 2277 sanctis
321 2235 481 2277 nostris.
537 2236 570 2258 44
597 2234 653 2274 Et
680 2237 948 2286 congregatus
976 2237 1037 2272 est
1065 2235 1291 2272 conventus
1319 2234 1366 2270 ut
1393 2233 1527 2270 essent
1552 2227 1687 2281 parati
1714 2227 1754 2267 in
1781 2226 1982 2280 praelium:
2012 2230 2052 2265 et

143 2301 191 2336 ut
218 2299 393 2343 orarent,
424 2298 465 2335 et
491 2297 679 2347 peterent
706 2291 1035 2337 misericordiam,
1067 2295 1108 2330 et
1134 2288 1426 2330 miserationes.

142 2368 175 2391 45
196 2366 252 2406 Et
282 2363 501 2406 Ierusalem
529 2376 610 2404 non
638 2361 918 2407 habitabatur,
949 2360 1019 2400 sed
1048 2364 1135 2400 erat
1162 2359 1268 2399 sicut
1295 2358 1520 2399 desertum:
1602 2369 1683 2397 non
1712 2359 1800 2396 erat
1828 2354 1896 2408 qui
1923 2354 2052 2408 ingre-

406 2422 570 2463 deretur
598 2425 639 2462 et
668 2421 926 2475 egrederetur
954 2419 1003 2460 de
1032 2418 1139 2458 natis
1169 2417 1271 2458 eius:

196 2487 238 2524 et
267 2486 456 2523 sanctum
486 2479 820 2521 conculcabatur:

197 2546 239 2582 et
270 2541 341 2582 filii
373 2538 689 2593 alienigenarum
723 2542 839 2579 erant
870 2536 912 2577 in
945 2549 1046 2582 arce,
1134 2535 1189 2575 ibi
1222 2538 1310 2575 erat
1340 2532 1543 2574 habitatio
1577 2531 1788 2573 Gentium:

198 2604 239 2641 et
266 2599 407 2641 ablata
433 2603 494 2639 est
520 2597 711 2650 voluptas
740 2609 763 2637 a
791 2596 926 2643 Iacob,
1008 2599 1049 2635 et
1076 2593 1224 2635 defecit
1250 2592 1306 2634 ibi
1332 2592 1445 2639 tibia,
1476 2597 1516 2632 et
1543 2590 1710 2632 cithara.

250 2671 286 2694 4⁶
315 2669 371 2710 Et
401 2666 633 2721 congregati
663 2671 770 2715 sunt,
803 2670 844 2706 et
874 2669 1074 2705 venerunt
1103 2663 1144 2704 in
1173 2662 1347 2716 Maspha
1376 2665 1518 2703 contra
1549 2658 1784 2700 Ierusalem:
1818 2657 1912 2711 quia
1939 2654 2239 2715 locus³¹¹iefllfflalg11³fftla

147 2728 341 2771 orationis
367 2731 455 2768 erat
478 2726 520 2766 in
544 2725 718 2779 Maspha
742 2729 838 2765 ante
862 2723 903 2764 in
932 2722 1065 2764 Israel.
1120 2724 1154 2746 47
1180 2722 1236 2762 Et
1261 2721 1546 2762 ieiunaverunt
1569 2717 1638 2758 illa
1662 2716 1736 2763 die,
1765 2721 1806 2756 et
1830 2716 2051 2756 induerunt
2083 2726 2113 2750 et
2133 2726 2226 2755 orant,

147 2801 188 2829 se
210 2786 358 2833 ciliciis,
384 2790 425 2826 et
447 2785 620 2826 cinerem
643 2784 927 2838 imposuerunt
949 2781 1073 2835 capiti
1096 2794 1186 2822 suo:
1212 2785 1253 2820 et
1275 2779 1524 2820 disciderunt
1547 2776 1793 2817 vestimenta
1814 2787 1904 2814 sua:
1954 2775 1990 2798 4⁸
2012 2778 2054 2814 et

147 2846 434 2900 expanderunt
454 2843 577 2884 libros
600 2842 708 2897 legis,
732 2842 782 2883 de
805 2841 952 2896 quibus
976 2840 1269 2881 scrutabantur
1290 2838 1440 2879 Gentes
1463 2834 1769 2877 similitudinem
1791 2832 2052 2873 simulachro-

147 2918 238 2945 rum
262 2916 445 2945 suorum:
493 2904 529 2926 49
547 2906 589 2943 et
611 2900 843 2942 attulerunt
865 2903 1108 2942 ornamenta
1128 2896 1407 2943 sacerdotalia,
1433 2899 1473 2935 et
1495 2892 1706 2947 primitias,
1731 2896 1772 2932 et
1793 2891 1988 2932 decimas:
2015 2896 2057 2931 et

148 2962 452 3004 suscitaverunt
479 2961 704 3009 Nazaraeos,
735 2959 803 3013 qui
829 2958 1101 3012 impleverant
1126 2956 1228 2997 dies:
1282 2957 1318 2980 50
1344 2959 1384 2995 et
1410 2953 1691 2994 clamaverunt
1716 2963 1815 2991 voce
1840 2962 1989 3003 magna
2014 2949 2054 2989 in

148 3021 303 3070 caelum,
329 3020 526 3061 dicentes:
568 3019 675 3068 Quid
700 3018 894 3059 faciemus
920 3017 1019 3065 istis,
1046 3021 1087 3056 et
1113 3029 1192 3069 quo
1218 3028 1284 3055 eos
1310 3011 1527 3054 ducemus?
1577 3012 1608 3034 54
1633 3014 1673 3050 et
1698 3013 1841 3050 sancta
1865 3012 1939 3049 tua
1964 3020 2056 3048 con—

149 3080 311 3121 culcata
339 3083 447 3127 sunt,
479 3082 521 3118 et
550 3077 833 3119 contaminata
862 3080 969 3124 sunt,
1002 3079 1044 3115 et
1072 3074 1301 3115 sacerdotes
1331 3071 1392 3112 tui
1421 3069 1520 3110 facti
1549 3073 1645 3110 sunt
1674 3068 1715 3108 in
1743 3067 1913 3115 luctum,
1946 3071 1986 3106 et
2014 3065 2055 3106 in

149 3138 437 3180 humilitatem.
494 3138 526 3160 52
555 3140 596 3176 et
624 3148 713 3176 ecce
743 3135 939 3176 Nationes
968 3136 1248 3175 convenerunt
1276 3131 1492 3171 adversum
1521 3140 1593 3168 nos
1622 3131 1669 3167 ut
1696 3139 1769 3168 nos
1798 3125 2053 3178 disperdant:

149 3203 196 3238 tu
219 3197 294 3238 scis
319 3209 408 3250 quae
431 3194 615 3249 cogitant
635 3193 677 3235 in
699 3207 784 3235 nos.
835 3195 868 3218 ⁵³
891 3192 1106 3241 Quomodo
1128 3189 1352 3244 poterimus
1375 3186 1592 3228 subsistere
1615 3190 1711 3226 ante
1733 3184 1878 3225 faciem
1902 3195 2052 3230 eorum,

149 3255 226 3297 nisi
255 3260 302 3296 tu
331 3255 442 3295 Deus
473 3253 641 3294 adiuves
670 3252 768 3293 nos?
825 3253 858 3276 54
888 3251 944 3292 Et
973 3250 1084 3292 tubis
1114 3249 1448 3290 exclamaverunt
1477 3257 1576 3286 voce
1605 3256 1766 3297 magna.

2082 3306 2173 3329 castra
2195 3302 2231 3327 ad

254 3327 286 3349 55
318 3325 375 3366 Et
405 3327 501 3378 post
530 3322 616 3363 haec
648 3320 864 3362 constituit
897 3320 1019 3361 Iudas
1053 3320 1174 3360 duces
1206 3316 1356 3371 populi,
1392 3315 1589 3361 tribunos,
1625 3317 1667 3354 et
1698 3310 1963 3357 centuriones,
2013 3311 2052 3347 et
2081 3341 2232 3364 Emmaum

151 3382 532 3439 pentacontarchos,
556 3385 597 3421 et
616 3379 862 3421 decuriones
911 3380 947 3403 5⁶
971 3378 1046 3419 aEt
1066 3377 1170 3419 dixit
1190 3376 1262 3424 his,
1286 3374 1355 3429 qui
1375 3373 1634 3415 aedificabant
1654 3371 1806 3418 domos,
1830 3373 1870 3409 et
1890 3377 2051 3420 sponsa-
2080 3374 2230 3401 collocant:

285 3496 316 3538 3,
340 3496 382 3530 56
407 3496 475 3529 aDt
498 3497 551 3537 20,
576 3497 596 3530 5
620 3506 650 3536 ες
678 3494 737 3529 Idc
762 3495 792 3535 7,
817 3495 847 3528 3.
