2356 3760
247 168 323 208 622
1131 164 1279 199 LIBER
1918 169 1949 208 1,
1974 168 2095 209 30—2‚
2120 169 2164 203 20

247 261 284 285 ³⁰
302 259 440 300 Bonus
473 272 612 300 sensus
645 272 773 312 usque
807 258 847 299 in
891 262 1053 311 tempus
1087 259 1311 299 abscondet
1343 259 1470 300 verba
1508 258 1625 308 illius,
1722 263 1764 300 et
1794 259 1905 301 labia
1935 261 2162 303 multorum

510 319 761 359 enarrabunt
792 329 953 356 sensum
985 316 1101 358 illius.

247 378 279 402 31
303 376 350 417 In
384 377 583 418 thesauris
616 376 826 428 sapientiae
867 375 1108 428 significatio
1141 375 1380 429 disciplinae:
1467 378 1500 401 ³²
1532 375 1735 417 execratio
1772 382 1911 418 autem
1944 379 2161 432 peccatori,

512 435 673 476 cultura
701 435 789 475 Dei.

248 496 281 519 33
302 494 376 535 Fili
402 494 689 547 concupiscens
715 493 971 546 sapientiam,
999 506 1196 534 conserva
1219 493 1433 541 iustitiam,
1512 499 1554 534 et
1577 494 1687 534 Deus
1712 494 1912 547 praebebit
1935 495 2046 536 illam
2071 496 2160 537 tibi.

248 555 281 577 ³⁴
301 554 513 606 Sapientia
544 552 650 592 enim
685 556 726 592 et
759 551 973 605 disciplina
1017 551 1139 593 timor
1171 552 1356 593 Domini:
1443 557 1485 592 et
1519 553 1627 606 quod
1662 552 1965 607 beneplacitum
1999 558 2060 595 est
2092 553 2160 603 illi,

510 613 542 636 ³⁵
574 611 684 654 fides,
719 615 760 651 et
791 611 1077 660 mansuetudo,
1164 617 1205 651 et
1237 611 1480 664 adimplebit
1510 611 1722 653 thesauros
1754 611 1872 654 illius.

249 673 284 695 ³⁶
305 671 362 711 Ne
389 671 440 711 sis
466 670 710 711 incredibilis
737 669 873 710 timori
899 670 1084 711 Domini:
1165 674 1207 710 et
1231 683 1281 711 ne
1307 670 1519 714 accesseris
1546 670 1598 711 ad
1624 670 1736 711 illum
1763 671 1915 724 duplici
1941 672 2071 713 corde.

249 731 284 754 ³⁷
306 729 364 769 Ne
388 729 509 770 fueris
533 728 750 782 hypocrita
772 728 812 768 in
837 734 1057 782 conspectu
1083 729 1308 777 hominum,
1386 733 1428 769 et
1450 741 1531 770 non
1555 729 1839 770 scandalizeris
1863 729 1903 770 in
1925 729 2043 771 labiis
2066 730 2161 772 tuis.

249 789 285 812 ³⁸
302 788 483 829 Attende
511 788 551 829 in
579 787 666 835 illis,
696 800 745 828 ne
772 787 878 828 forte
905 788 1040 835 cadas,
1122 792 1164 828 et
1191 788 1371 828 adducas
1399 787 1546 829 animae
1572 792 1655 828 tuae
1680 788 2049 837 inhonorationem,

249 848 285 871 ³⁹
303 853 344 887 et
373 846 525 887 revelet
554 847 665 887 Deus
696 846 896 888 absconsa
925 851 1009 892 tua,
1095 851 1136 887 et
1166 847 1206 887 in
1237 847 1370 888 medio
1401 859 1619 900 synagogae
1648 847 1775 888 elidat
1804 852 1862 888 te:

249 907 287 930 ⁴⁰
304 906 498 959 quoniam
531 905 734 946 accessisti
765 905 940 957 maligne
972 906 1025 946 ad
1055 905 1293 955 Dominum,
1380 910 1421 946 et
1452 918 1520 947 cor
1550 910 1670 946 tuum
1708 906 1874 959 plenum
1906 910 1969 947 est
1999 906 2091 948 dolo
2123 910 2166 947 et

513 965 685 1006 fallacia.

509 1082 581 1133 ΙΙ.
620 1081 800 1133 Varia
838 1082 1132 1147 praecepta
1170 1081 1493 1148 sapientiae,
1532 1081 1792 1143 2‚1ffl23‚
1816 1081 1902 1133 38.

675 1171 713 1211 1.
745 1171 979 1223 Praecepta
1008 1172 1065 1214 de
1094 1172 1317 1214 servitute
1347 1173 1443 1224 Dei,
1470 1173 1510 1223 2,
1530 1173 1656 1224 1-4,
1676 1173 1742 1213 11.

73 1245 217 1269 Pffl‘miss
250 1242 287 1286 2.
344 1246 355 1267 1
388 1242 464 1284 Fili
500 1242 713 1283 aaccedens
745 1242 797 1283 ad
828 1242 1069 1284 servitutem
1100 1243 1188 1291 Dei,
1222 1248 1288 1283 sta
1316 1243 1357 1284 in
1389 1242 1558 1293 iustitia,
1591 1248 1634 1284 et
1664 1244 1821 1293 timore,
1908 1247 1949 1284 et
1980 1255 2167 1297 praepara

69 1281 219 1356 ssmiffi‘iss-
514 1301 694 1342 animam
724 1306 839 1342 tuam
870 1302 923 1343 ad
952 1302 1238 1344 tentationem.

75 1352 211 1380 ¹¹⁰⁰¹b²¹⁸·
271 1362 286 1385 ²
302 1361 496 1415 Deprime
516 1373 584 1402 cor
603 1366 734 1409 tuum,
752 1366 794 1401 et
813 1361 986 1402 sustine:
1052 1361 1203 1402 inclina
1222 1374 1361 1402 aurem
1382 1365 1511 1409 tuam,
1533 1366 1576 1402 et
1595 1361 1752 1415 suscipe
1770 1361 1898 1402 verba
1914 1360 2163 1402 intellectus:

513 1425 555 1460 et
582 1432 632 1460 ne
661 1419 828 1460 festines
857 1420 898 1460 in
929 1425 1111 1474 tempore
1141 1420 1412 1462 obductionis.

270 1481 287 1505 3
303 1479 466 1520 Sustine
484 1478 804 1519 sustentationes
821 1478 916 1519 Dei:
983 1479 1225 1533 coniungere
1241 1479 1342 1528 Deo,
1362 1484 1404 1520 et
1421 1479 1587 1528 sustine,
1646 1484 1694 1520 ut
1710 1484 1866 1520 crescat
1886 1479 1926 1519 in
1944 1477 2165 1520 novissimo

513 1537 602 1578 vita
630 1542 714 1578 tua.

270 1600 285 1621 ⁴
303 1597 446 1646 Omne,
467 1596 577 1651 quod
594 1596 668 1637 tibi
687 1596 927 1649 applicitum
945 1596 1079 1646 fuerit,
1099 1597 1254 1650 accipe:
1322 1601 1364 1637 et
1379 1596 1420 1637 in
1438 1596 1575 1638 dolore
1591 1597 1757 1646 sustine,
1816 1602 1858 1638 et
1872 1597 1915 1637 in
1931 1595 2165 1637 humilitate

512 1660 587 1696 tua
615 1655 860 1709 patientiam
889 1655 1014 1696 habe:

271 1716 286 1740 ⁵
307 1715 521 1769 bquoniam
556 1714 596 1755 in
632 1714 722 1768 igne
757 1714 956 1768 probatur
991 1727 1135 1756 aurum
1170 1720 1212 1756 et
1246 1719 1473 1769 argentum,
1563 1715 1747 1756 homines
1782 1727 1877 1756 vero
1912 1713 2164 1768 receptibiles

512 1774 554 1815 in
584 1773 743 1815 camino
773 1773 1081 1815 humiliationis.

118 1878 177 1903 ¹³⁸0
274 1881 289 1902 ‘³
305 1879 430 1920 Crede
455 1879 554 1927 Deo,
582 1884 624 1920 et
647 1878 904 1932 recuperabit
929 1883 981 1921 te.
1053 1883 1095 1921 et
1119 1878 1244 1932 dirige
1269 1878 1379 1920 viam
1405 1883 1533 1929 tuam,
1561 1884 1603 1921 et
1626 1892 1745 1934 spera
1767 1879 1809 1920 in
1833 1878 1960 1920 illum.
2039 1878 2167 1919 Serva

54 1914 237 1939 credendum.

70 1949 225 1990 protpqtori
516 1938 704 1979 timorem
734 1938 850 1987 illius,
882 1943 925 1979 et
952 1938 993 1979 in
1022 1937 1089 1980 illo
1119 1943 1338 1980 veterasce.

58 1985 236 2046 emdfflium
274 1998 536 2038 ⁷Metuentes
565 1997 790 2038 Dominum
820 1997 1018 2039 sustinete
1048 1997 1365 2039 misericordiam
1395 1998 1498 2039 eius:
1576 2002 1619 2039 et
1646 2010 1729 2040 non
1758 1996 1985 2039 deflectatis
2017 1996 2068 2037 ab
2098 1995 2165 2037 illo

77 2055 218 2117 ‹1211ssssss
223 2110 227 2114 ι
514 2069 564 2097 ne
594 2056 762 2098 cadatis.

274 2116 384 2164 ⁸Qui
414 2115 567 2156 timetis
596 2115 833 2164 Dominum,
865 2115 1016 2156 credite
1045 2115 1119 2157 illi:
1203 2120 1245 2156 et
1272 2129 1354 2156 non
1384 2116 1654 2157 evacuabitur
1681 2128 1832 2157 merces
1862 2120 2011 2156 vestra.

273 2176 289 2197 ⁰
306 2175 384 2223 Qui
419 2174 572 2215 timetis
606 2174 843 2223 Dominum,
896 2179 1056 2228 sperate
1090 2174 1131 2215 in
1164 2173 1296 2215 illum:
1379 2179 1420 2215 et
1452 2175 1493 2216 in
1527 2175 1844 2217 oblectationem
1878 2174 2017 2216 veniet
2049 2173 2167 2215 vobis

513 2233 800 2275 misericordia.

251 2295 286 2317 ¹⁰
303 2293 380 2341 Qui
411 2292 566 2333 timetis
596 2292 820 2333 Dominum
852 2292 1006 2346 diligite
1036 2292 1161 2341 illum,
1247 2297 1289 2333 et
1317 2291 1661 2334 illuminabuntur
1690 2293 1814 2334 corda
1842 2298 1991 2334 vestra.

250 2353 281 2376 11
304 2351 510 2405 Respicite
538 2350 607 2392 filii
635 2351 822 2393 nationes
849 2351 1080 2393 hominum:
1119 2356 1161 2392 et
1187 2351 1332 2393 scitote
1413 2352 1510 2405 quia
1535 2351 1669 2393 nullus
1697 2351 1879 2405 speravit
1904 2352 1946 2392 in
1972 2351 2164 2400 Domino,

515 2415 557 2451 et
585 2411 777 2452 confusus
807 2415 880 2452 est.
1958 2428 1961 2429 ⁷

251 2471 284 2494 ¹²
308 2470 424 2518 cQuis
450 2469 556 2510 enim
583 2469 809 2523 permansit
834 2469 874 2510 in
900 2469 1108 2510 mandatis
1134 2469 1230 2519 eius,
1268 2474 1311 2511 et
1336 2469 1550 2511 derelictus
1577 2470 1662 2511 est?
1743 2474 1816 2511 aut
1842 2469 1931 2524 quis
1956 2468 2168 2510 invocavit

514 2542 619 2577 eum,
651 2533 693 2569 et
722 2529 909 2582 despexit
937 2528 1075 2569 illum?
2015 2548 2017 2550 ·

252 2589 284 2613 13
305 2587 508 2636 Quoniam
532 2588 623 2641 pius
648 2592 689 2628 et
713 2587 937 2629 misericors
962 2592 1024 2628 est
1047 2588 1171 2637 Deus,
1250 2592 1292 2629 et
1314 2587 1499 2629 remittet
1521 2588 1562 2629 in
1587 2588 1651 2629 die
1675 2587 1951 2630 tribulationis
1975 2591 2164 2642 peccata:

514 2652 556 2687 et
584 2651 793 2700 protector
821 2651 883 2688 est
912 2646 1101 2688 omnibus
1130 2646 1439 2701 exquirentibus
1469 2659 1509 2688 se
1538 2647 1579 2688 in
1608 2647 1795 2689 veritate.

252 2707 285 2731 ¹⁴
305 2705 376 2746 Vae
401 2705 552 2759 duplici
578 2706 708 2751 corde,
737 2710 779 2746 et
802 2705 919 2746 labiis
945 2705 1134 2754 scelestis,
1163 2711 1204 2747 et
1233 2706 1422 2747 manibus
1451 2706 1816 2755 malefacientibus,
1896 2710 1939 2747 et
1961 2705 2167 2760 peccatori

517 2770 689 2805 dterram
719 2764 962 2818 ingredienti
992 2765 1152 2806 duabus
1182 2765 1269 2807 viis.

253 2825 285 2848 ¹⁵
306 2823 376 2864 Vae
407 2823 613 2865 dissolutis
644 2824 774 2872 corde,
809 2823 878 2877 qui
908 2837 989 2865 non
1021 2824 1193 2866 credunt
1222 2824 1328 2866 Deo:
1413 2829 1455 2865 et
1494 2824 1583 2866 ideo
1614 2837 1696 2866 non
1727 2829 1993 2878 protegentur
2023 2824 2074 2864 ab
2105 2835 2164 2864 eo.

255 2884 290 2906 ¹⁶
307 2882 377 2923 Vae
409 2883 481 2927 his,
518 2883 586 2937 qui
619 2882 885 2936 perdiderunt
916 2883 1215 2929 sustinentiam,
1312 2887 1355 2924 et
1386 2883 1455 2937 qui
1488 2883 1791 2937 dereliquerunt
1822 2883 1909 2923 vias
1948 2887 2091 2931 rectas,
2126 2886 2169 2923 et

516 2942 774 2983 diverterunt
796 2941 838 2983 in
861 2942 949 2982 Vias
972 2955 1132 2995 pravas.
1212 2944 1246 2967 1⁷
1270 2942 1327 2983 Et
1351 2942 1448 2996 quid
1471 2942 1635 2989 facient,
1662 2955 1755 2983 cum
1779 2941 1974 2995 inspicere
1998 2940 2168 2995 coeperit

517 3000 743 3042 Dominus?

257 3059 291 3082 ¹⁸
310 3059 384 3107 Qui
420 3060 567 3100 timent
595 3060 832 3108 Dominum,
864 3073 945 3101 non
975 3064 1096 3101 erunt
1124 3060 1377 3101 incredibiles
1407 3060 1530 3102 verbo
1574 3059 1696 3101 illius:
1780 3064 1822 3101 et
1866 3059 1953 3113 equi
1992 3059 2167 3113 diligunt

519 3118 643 3167 illum,
676 3119 980 3160 conservabunt
1008 3119 1117 3160 viam
1148 3118 1264 3161 illius.

258 3178 293 3200 ¹⁹
311 3176 387 3224 Qui
410 3177 558 3218 timent
579 3178 814 3227 Dominum,
844 3178 1051 3231 inquirent
1073 3191 1163 3231 quae
1185 3177 1442 3232 beneplacita
1461 3183 1558 3219 sunt
1579 3178 1632 3219 ei:
1709 3182 1750 3219 et
1771 3177 1840 3232 qui
1862 3177 2037 3231 diligunt
2057 3190 2163 3226 eum,

519 3236 785 3289 replebuntur
812 3237 897 3290 lege
926 3237 1063 3290 ipsius.

258 3295 295 3317 ²⁰
311 3294 390 3342 Qui
418 3294 565 3335 timent
591 3295 827 3344 Dominum,
857 3296 1149 3350 praeparabunt
1177 3296 1300 3337 corda
1325 3308 1410 3341 sua,
1503 3302 1545 3337 et
1570 3296 1611 3336 in
1639 3299 1857 3350 conspectu
1886 3294 1990 3336 illius
2018 3293 2166 3336 sancti-

520 3353 704 3395 ficabunt
733 3355 889 3395 animas
919 3368 1023 3397 suas,

262 3516 302 3550 18
330 3468 577 3550 θ1021419εὲῑκ1ι
601 3470 630 3502 4.
658 3472 691 3502 1:
725 3471 744 3502 ε
769 3470 843 3503 Tim
867 3471 897 3503 2-3.
924 3471 973 3503 12.
1068 3471 1087 3504 5
1113 3471 1200 3514 bSap
1225 3470 1255 3507 3,
1281 3470 1309 3504 c.
1338 3491 1349 3493 μ
1404 3469 1447 3504 12
1473 3471 1533 3504 01³5
1556 3470 1609 3509 30,
1635 3471 1663 3504 2.
1692 3491 1731 3493 Q
1758 3470 1801 3505 14
1823 3470 1861 3503 «η
1890 3470 1943 3515 Rg
1968 3469 2020 3510 18,
2045 3469 2097 3504 21.
2124 3490 2167 3494 —
