2356 3760
387 437 560 522 PR
575 434 1097 522 AEFATIO
1161 433 1794 522 EDITORIS.

245 659 410 712 Septem
439 659 586 700 abhinc
616 659 730 700 annis
759 659 993 713 OEniponte‚
1024 658 1255 712 sumptibus
1282 659 1455 701 librariae
1484 658 1724 700 academicae
1752 658 2251 713 Wagnerianae,<Et¹i1>9121a12a

140 717 321 758 criticam
349 723 488 759 textus
515 717 756 759 Clementini
782 718 1002 759 editionem
1029 717 1101 758 tali
1127 718 1259 758 forma
1284 718 1409 767 emisi,
1439 724 1485 759 ut
1511 718 1641 759 vicem
1668 717 1792 758 trium
1819 718 2045 759 editionum
2101 701 2202 732 ‘mm'

141 775 394 829 originalium
425 776 616 829 expleret.

245 834 339 875 Tres
365 834 472 875 enim
497 834 694 875 editiones
720 833 910 874 officiales
935 833 976 874 in
999 833 1184 886 pluribus
1208 833 1340 881 rebus,
1368 834 1420 874 ad
1445 834 1566 874 fidem
1591 838 1632 874 et
1657 833 1783 874 bonos
1808 847 1939 875 mores
1964 847 2045 874 non
2079 834 2221 894 1³32&ssOE

138 892 451 945 pertinentibus,
493 892 599 933 inter
639 906 679 933 se
720 892 964 945 discrepant,
1008 904 1097 945 quae
1137 891 1376 933 differentiae
1416 892 1656 933 correctorio
1698 892 1873 941 officiali,
1916 888 2240 935 tertiaeelucumata,

141 950 308 991 editioni
341 950 520 1004 praefixo,
556 950 767 991 minimam
802 956 967 991 tantum
1001 956 1161 1003 partem
1196 950 1449 992 auferuntur.
1511 950 1734 1004 Propterea
1767 950 1862 991 viris
1898 950 2046 991 criticis

141 1021 223 1049 una
246 1008 311 1050 vel
336 1008 465 1050 altera
490 1009 614 1050 editio
641 1008 823 1049 officialis
850 1021 931 1049 non
957 1008 1125 1049 sufficit:
1154 1008 1306 1050 debent
1331 1022 1470 1050 omnes
1496 1014 1576 1050 tres
1602 1009 1643 1049 in
1668 1008 1857 1049 manibus
1883 1008 2046 1058 habere,

142 1073 188 1108 ut
208 1080 257 1108 ex
277 1067 324 1107 iis
346 1073 507 1108 textum
531 1080 555 1107 a
575 1067 781 1108 Clemente
803 1067 919 1108 VIII.
941 1080 984 1107 re
1005 1079 1102 1107 vera
1122 1066 1329 1108 intentum
1351 1080 1487 1109 eruere
1508 1067 1677 1121 possint.
1729 1067 1861 1108 Extra
1884 1067 2047 1107 Italiam

141 1131 279 1166 autem
306 1125 447 1167 multae
473 1125 729 1166 bibliothecae
756 1125 912 1166 nullum
940 1125 1147 1178 exemplar
1174 1125 1365 1179 originale
1392 1125 1559 1175 habent,
1589 1125 1777 1179 quaedam
1805 1125 1885 1166 duo
1914 1138 2048 1166 exem-

140 1183 269 1237 plaria
294 1189 449 1233 tenent,
476 1197 690 1237 perpaucae
715 1197 854 1225 01111103
881 1189 961 1225 tres
988 1183 1184 1225 editiones
1212 1184 1423 1237 originales
1450 1183 1670 1237 possident.
1727 1183 1824 1224 Haec
1850 1197 1921 1237 ego
1948 1184 2045 1237 ipse,

141 1242 407 1283 bibliothecas
430 1242 592 1283 urbium
615 1241 878 1283 celebriorum
900 1242 1084 1291 visitans,
1117 1243 1367 1296 experientia
1389 1242 1522 1291 didici,
1555 1248 1679 1295 atque
1705 1242 1864 1283 aNestle
1887 1255 2048 1295 quoque

140 1306 317 1342 testatus
354 1307 426 1342 est.
491 1300 661 1341 Plurimi
696 1300 820 1354 igitur
856 1300 931 1340 viri
968 1300 1096 1340 critici
1132 1305 1250 1342 extra
1287 1301 1451 1342 Italiam
1488 1305 1786 1342 commorantes
1824 1300 2046 1341 necessario

140 1358 387 1400 editionibus
418 1358 482 1399 Vu
499 1365 605 1400 oatae
634 1359 805 1412 privatis
836 1358 1036 1399 confidere
1067 1358 1229 1400 debent.

245 1417 344 1466 Quae
371 1431 462 1458 cum
490 1417 550 1458 ita
576 1417 670 1467 sint,
698 1417 774 1458 illis
802 1417 898 1458 viris
926 1416 1145 1458 editionem
1174 1417 1315 1458 offerre
1343 1417 1466 1467 volui,
1495 1431 1545 1458 ex
1573 1430 1655 1470 qua
1680 1416 1765 1457 sine
1791 1415 1928 1456 labore
1957 1428 2045 1457 eam
2060 1415 2143 1480 (ἓξὲξ
2157 1417 2254 1480 3323}-

140 1476 363 1517 utilitatem
386 1475 591 1529 percipere
614 1481 792 1529 possent,
820 1488 943 1529 quam
968 1481 1048 1517 tres
1073 1475 1269 1517 editiones
1295 1475 1486 1517 officiales
1510 1475 1671 1525 criticis,
1695 1475 1888 1516 lectiones
1912 1474 2046 1515 varias
2077 1476 2084 1481 ‘
2107 1458 2215 1516 cagest,

139 1534 338 1575 laboriose
378 1533 660 1587 colligentibus
701 1539 742 1575 et
781 1533 1125 1579 examinantibus.
1168 1534 1356 1576 afferunt.
1426 1534 1514 1583 Quo
1555 1534 1720 1575 consilio
1761 1538 1936 1582 textum,
1980 1532 2050 1586 qui

141 1606 166 1633 a
182 1592 389 1634 Clemente
408 1592 524 1634 VIII.
544 1605 585 1633 re
603 1605 700 1633 Vera
717 1592 900 1633 intentus
919 1592 1093 1640 videtur,
1114 1593 1224 1646 typis
1243 1593 1422 1634 eiusdem
1440 1593 1595 1646 generis
1614 1592 1875 1645 eiusdemque
1894 1590 2050 1644 magni-

141 1651 294 1692 tudinis
317 1650 521 1704 descripsi,
546 1650 693 1704 quibus
715 1650 845 1691 altera
865 1650 989 1692 editio
1013 1651 1195 1692 officialis
1218 1651 1446 1704 composita
1466 1657 1539 1701 est,
1564 1658 1688 1704 atque
1711 1664 1849 1691 omnes
1872 1649 2050 1703 proprie—

142 1715 248 1751 tates
282 1709 598 1763 typographicas
633 1709 926 1762 exemplarium
960 1709 1215 1763 originalium
1249 1710 1435 1751 imitatus
1469 1723 1571 1759 sum,
1607 1709 1667 1750 ita
1700 1715 1747 1750 ut
1780 1708 1904 1750 editio
1939 1707 2051 1748 OEni-

141 1773 325 1822 pontana
362 1768 486 1809 editio
526 1768 641 1822 quasi
680 1768 1079 1822 autotypographica
1115 1768 1181 1809 vel
1219 1768 1333 1822 quasi
1372 1767 1813 1821 photozincographica
1849 1766 2050 1807 nominari

143 1832 278 1880 queat.
341 1826 382 1867 Si
416 1826 564 1867 idcirco
598 1826 823 1868 vetustiore
857 1831 918 1867 est
952 1832 1132 1879 aspectu,
1176 1826 1282 1867 idem
1318 1826 1366 1867 de
1401 1826 1647 1867 editionibus
1682 1825 1867 1867 codicum
1912 1837 2051 1878 reapse

142 1884 548 1938 autotypographicis
573 1884 637 1926 vel
660 1898 800 1938 reapse
824 1884 1271 1938 photozincographicis
1296 1885 1373 1926 dici
1398 1885 1532 1935 debet,
1560 1898 1733 1938 quarum
1756 1883 2050 1938 proprietatem

143 1943 362 1985 vetustatis
390 1943 465 1984 viri
493 1943 603 1984 docti
630 1956 710 1984 non
738 1943 988 1997 vituperant.
1017 1944 1087 1984 sed
1113 1943 1233 1984 valde
1258 1944 1476 1984 aestimant.
1532 1943 1689 1984 Eodem
1716 1942 1882 1983 consilio
1909 1941 2050 1982 collec-

142 2003 296 2043 tionem
319 2001 569 2042 variantium
593 2001 938 2042 Clementinarum
963 2002 1311 2042 accuratissimam
1335 2001 1487 2051 addidi,
1512 2006 1560 2042 ut
1580 2001 1750 2042 lectores
1774 2000 1850 2054 ipsi
1872 1999 2052 2041 iudicare

142 2065 321 2114 possent,
347 2059 509 2113 qualem
533 2065 695 2100 textum
719 2060 900 2101 Clemens
925 2059 1040 2101 VIII.
1067 2073 1108 2101 re
1132 2073 1229 2101 vera
1250 2060 1484 2101 intenderit.
1537 2059 1678 2101 Adieci
1702 2072 1863 2113 quoque
1886 2058 2049 2111 plenam

143 2132 189 2160 ac
211 2118 435 2172 perfectam
458 2118 735 2160 collectionem
758 2118 1008 2159 variantium
1030 2118 1296 2168 Sixtfflarum,
1322 2118 1419 2172 quia
1439 2118 1606 2166 „Sixtus
1628 2118 1674 2160 V.
1700 2117 1840 2158 multis
1863 2116 2050 2170 partibus

142 2182 326 2218 nostram
366 2176 678 2218 admirationem
719 2182 759 2218 et
797 2177 1022 2231 gratiarum
1062 2177 1265 2219 actionem
1310 2177 1527 2226 meretur“,
1576 2177 1638 2218 uti
1681 2176 1841 2217 bNestle
1880 2174 2051 2216 candide

143 2236 369 2290 profitetur.

248 2293 332 2334 Viri
358 2293 468 2334 docti
494 2292 714 2334 editionem
738 2306 873 2335 meam
898 2293 1222 2347 OEnipontanam
1247 2293 1421 2348 benigno
1447 2293 1568 2334 vultu
1593 2297 1853 2346 exceperunt,
1881 2304 1964 2332 non
1989 2303 2050 2331 so·
2082 2295 2229 2355 aberitigiss

142 2352 227 2393 lum
257 2351 459 2401 catholici,
490 2364 632 2392 verum
662 2352 786 2392 etiam
816 2352 1042 2394 acatholici.
1101 2352 1232 2406 Opere
1260 2365 1351 2393 11100
1381 2365 1476 2393 113113
1507 2356 1568 2393 031
1597 2351 1734 2392 White
1763 2351 1804 2391 in
1832 2350 1948 2399 libro,
1981 2349 2049 2403 qui
2076 2337 2233 2396 ex‘ssffifmef,

143 2410 395 2452 inscribitur:
416 2410 609 2458 „Novum
631 2410 939 2451 Testamentum
960 2411 1105 2452 Latine
1125 2410 1358 2452 Secundum
1378 2410 1613 2451 Editionem
1634 2409 1775 2451 Sancti
1796 2408 2050 2461 Hieronymi.

146 2470 453 2511 Recensuerunt
469 2468 748 2510 Wordsworth
766 2474 807 2510 et
824 2469 971 2511 White.
1025 2469 1181 2510 eEditio
1198 2470 1331 2510 Minor
1347 2469 1524 2511 Curante
1542 2468 1690 2510 White.
1737 2467 1886 2509 Oxonii
1905 2466 2052 2514 1911“;

145 2533 307 2569 textum
336 2540 473 2568 meum
505 2527 693 2581 dHoberg
722 2527 764 2568 in
795 2528 1087 2569 commentario
1117 2528 1159 2569 in
1189 2528 1377 2569 Genesim
1409 2534 1450 2569 et
1487 2527 1676 2568 eBrassac
1705 2526 1747 2567 in
1778 2538 1888 2567 nova
1916 2525 2054 2565 Evan-

143 2586 339 2641 geliorum
379 2586 545 2639 synopsi
594 2586 901 2639 fproduxerunt,
943 2586 975 2627 si
1015 2587 1229 2640 antiquam
1268 2587 1442 2627 formam
1482 2585 1822 2639 typographicam
1862 2583 2050 2636 excipias.

250 2643 371 2693 Quod
391 2644 443 2685 ad
462 2644 568 2685 hanc
588 2644 762 2685 formam
783 2645 946 2694 attinet,
968 2645 1050 2686 iam
1070 2658 1207 2686 mense
1228 2644 1451 2686 Novembri
1472 2644 1585 2693 1900,
1609 2657 1689 2697 quo
1710 2643 1860 2697 primas
1881 2642 2049 2696 paginas
2080 2646 2150 2707 {113³
2172 2652 2231 2706 ⁰3¹¹

145 2703 255 2756 typis
283 2702 507 2756 descriptas
535 2702 797 2757 corrigebam,
827 2703 994 2757 quidam
1022 2703 1176 2745 amicus
1203 2717 1316 2744 meus
1344 2703 1443 2743 mihi
1470 2702 1671 2756 praedixit,
1701 2714 1791 2742 eam
1818 2699 2050 2742 hominibus
2073 2688 2240 2743 vssraerdmi-

145 2774 227 2802 non
260 2761 453 2802 litteratis
489 2760 753 2803 difficultates
788 2761 1006 2803 allaturam
1040 2775 1142 2811 esse;
1179 2761 1231 2803 ob
1265 2761 1370 2803 hanc
1404 2761 1605 2802 rationem
1638 2773 1776 2801 mense
1812 2759 1915 2799 Iulio
1951 2758 2052 2798 1906
2086 2753 2229 2819 ῡξξξζζξζι]

146 2820 227 2861 duo
253 2819 497 2873 professores
524 2819 655 2860 Sacrae
681 2820 900 2873 Scripturae
925 2834 990 2861 me
1015 2825 1223 2874 rogarunt,
1251 2826 1299 2861 ut
1324 2832 1483 2861 sacrum
1510 2824 1672 2860 textum
1699 2818 1896 2859 hodierna
1921 2816 2054 2857 forma

146 2878 444 2932 typographica
473 2877 651 2927 ederem;
683 2878 858 2932 denique
888 2891 994 2919 anno
1026 2879 1128 2920 1910
1157 2878 1384 2920 Fridericus
1413 2878 1572 2927 Pustet,
1605 2876 1886 2930 typographus
1916 2874 2051 2929 ponti·

146 2936 273 2987 ficius‚
299 2950 364 2978 me
389 2935 597 2986 invitavit,
626 2942 673 2978 ut
698 2937 779 2978 suis
805 2937 1037 2990 sumptibus
1064 2937 1105 2978 in
1130 2937 1327 2979 moderna
1352 2949 1426 2977 sua
1450 2935 1641 2977 machina
1665 2935 1899 2988 typotheta‚
1929 2946 2054 2987 quam

146 2994 422 3049 ‚,m0notype“
447 3000 612 3044 vocant,
636 2994 858 3049 Vulgatam
882 2995 1178 3037 Clementinam
1202 2996 1312 3050 typis
1337 2994 1622 3036 describerem:
1649 3006 1823 3047 quorum
1846 2991 2054 3033 voluntati

148 3053 313 3095 omnino
343 3053 650 3107 obsequendum
680 3067 764 3095 esse
793 3053 942 3095 censui.

236 3163 253 3181 a
278 3155 500 3235 {egleitwort
515 3167 556 3190 zu
572 3156 639 3190 den
654 3167 722 3191 von
738 3157 780 3191 D.
798 3157 861 3192 Eb.
879 3157 997 3192 Nestle
1012 3156 1247 3191 bearbeiteten
1262 3156 1446 3202 Ausgaben
1461 3155 1519 3190 des
1535 3155 1656 3190 Neuen
1671 3155 1898 3189 Testaments.
1938 3152 2055 3187 811111-

148 3205 237 3247 gart,
263 3203 281 3235 1
308 3203 325 3235 1
354 3229 361 3242 ‚
387 3213 463 3246 pag.
490 3202 520 3236 8.

237 3250 255 3274 b
279 3247 343 3282 Die
368 3248 564 3293 Wartburg.
612 3249 795 3291 MUnchen,
820 3250 917 3290 1906,
944 3261 1020 3295 pag.
1046 3250 1120 3284 339.

242 3303 257 3320 0-
279 3294 416 3329 Maioris
441 3295 600 3329 editionis
622 3296 737 3331 nullus
759 3297 942 3331 fasciculus
967 3300 1046 3341 post
1069 3307 1199 3330 annum
1223 3296 1308 3330 1905
1333 3295 1528 3340 publicatus
1552 3298 1614 3329 est.

237 3342 257 3367 d
281 3341 345 3375 Die
365 3342 504 3376 Genesis
524 3342 612 3376 nach
633 3342 711 3376 dem
732 3343 940 3377 Literalsinn
960 3343 1098 3377 erklart.
1143 3343 1306 3387 Freiburg
1325 3343 1347 3377 i.
1370 3342 1426 3376 Br.
1448 3342 1545 3382 1908,
1567 3352 1642 3386 pag.
1664 3340 1757 3374 LIX.

243 3396 258 3414 e
281 3388 383 3422 Nova
406 3388 674 3434 Evangeliorum
698 3389 872 3434 Synopsis.
900 3390 1036 3424 Parisiis
1061 3390 1157 3430 1913,
1183 3400 1258 3434 pag.
1287 3390 1313 3423 1.

241 3436 253 3461 f
277 3434 441 3474 Similiter
464 3435 649 3480 Macaulay
673 3439 708 3470 et
732 3436 886 3471 Brebner
911 3437 945 3471 in
972 3447 1073 3481 opere
1098 3436 1265 3481 inscripto
1289 3436 1384 3477 „The
1410 3435 1558 3480 Vulgate
1585 3434 1728 3468 Psalter.
1767 3431 1911 3466 London
1937 3429 2055 3465 1913“.

1925 3491 1971 3530 1*
