2356 3760
132 111 163 149 4,
191 110 288 149 125,
314 110 335 143 6
797 109 1036 143 CANTICUM
1062 109 1368 144 CANTICORUM
1944 118 2020 159 599

132 203 169 246 4.
225 206 237 227 ¹
271 203 403 252 Quam
434 203 604 257 pulchra
633 217 673 245 es
705 203 836 244 amica
865 215 966 248 mea,
1001 215 1124 255 quam
1154 202 1323 255 pulchra
1353 205 1410 245 es!
1497 205 1611 245 Oculi
1642 208 1701 246 tui
1732 208 2019 255 (olumbarum
2036 210 2164 239 1¹¹¹⁶¹¹ffi
2160 210 2214 235 1‘10

393 264 546 316 absque
575 276 633 311 eo,
665 261 775 315 quod
803 260 1042 301 intrinsecus
1071 260 1184 302 latet.
2033 251 2147 310 ”mnssg
2152 246 2217 270 ‘¹¹¹⁰

185 322 328 377 Capilli
357 323 418 364 tui
446 322 550 363 sicut
577 333 714 375 greges
744 331 969 372 caprarum,
1055 332 1143 372 quae
1173 322 1441 362 ascenderunt
1469 322 1518 362 de
1547 326 1685 363 monte
1713 323 1878 365 Galaad.

153 385 167 406 3
185 383 338 423 Dentes
368 382 428 422 tui
457 380 561 421 sicut
588 392 725 432 greges
754 383 978 422 tonsarum,
1063 391 1152 430 qnae
1181 380 1449 420 ascenderunt
1478 381 1526 421 de
1555 380 1727 429 lavacro,

186 454 324 483 omnes
352 438 528 494 gemellis
558 437 737 481 foetibus,
822 441 863 477 et
891 435 1035 476 sterilis
1064 449 1145 477 non
1175 442 1236 477 est
1264 438 1368 478 inter
1397 452 1474 479 eas.

153 502 168 524 3
185 500 299 541 Sicut
327 499 435 539 vitta
463 497 659 545 coccinea,
690 495 800 536 labia
828 500 918 536 tua:
1002 499 1042 535 et
1071 494 1275 547 eloquium
1304 501 1434 543 tuum,
1466 497 1592 538 dulce.

185 559 300 600 Sicut
331 557 515 610 fragmen
547 555 643 596 mali
676 554 824 608 punici,
854 554 913 594 ita
934 566 1045 606 genae
1073 558 1165 598 tuae,
1255 555 1406 607 absque
1428 569 1484 603 00,
1519 557 1627 609 quod
1654 556 1890 597 intrinsecus
1913 558 2025 599 latet.

154 617 300 657 ⁴Sicut
330 615 451 656 turris
481 614 619 655 David
649 613 795 655 collum
827 617 957 659 tuum,
1044 625 1134 665 quae
1163 613 1364 653 aedificata
1394 619 1454 654 est
1485 627 1576 654 cum
1606 615 1934 667 propugnaculis:

184 674 292 716 mille
322 674 452 728 clypei
479 673 661 727 pendent¹
690 686 739 713 ex
768 685 825 717 ea,
911 670 1040 712 omnis
1070 677 1279 711 armatura
1307 672 1485 713 fortium.

152 735 167 758 5
184 734 277 775 Duo
305 734 431 774 ubera
456 737 540 776 tua,
570 731 674 772 sicut
701 732 781 772 duo
809 729 965 771 hinnuli
993 743 1146 783 capreae
1171 729 1340 783 gemelli,
1423 730 1491 784 qui
1518 736 1740 784 pascuntur
1765 732 1805 772 in
1831 732 1931 778 liliis,

153 794 168 816 ⁶
186 793 314 834 donec
343 791 493 844 aspiret
522 791 617 837 dies,
702 796 742 830 et
771 789 1015 830 inclinentur
1043 789 1208 836 umbrae,

186 851 337 892 vadam
366 850 419 891 ad
446 854 629 891 montem
658 848 844 902 myrrhae,
929 853 970 887 et
999 848 1051 888 ad
1080 847 1221 888 collem
1250 848 1391 888 thuris.

154 912 167 933 ⁷
187 910 292 951 Tota
320 909 490 963 pulchra
518 922 557 949 es
588 908 719 949 amica
746 920 848 955 mea,
933 911 974 947 et
1002 906 1162 947 macula
1190 920 1271 947 non
1301 912 1362 947 est
1390 907 1429 947 in
1460 912 1511 948 10.

154 971 168 992 ⁸
188 968 288 1010 Veni
317 969 366 1009 de
395 968 551 1009 Libano
582 980 731 1020 sponsa
758 979 861 1013 mea,
946 965 1037 1006 veni
1066 966 1115 1006 de
1144 965 1312 1012 Libano,
1345 965 1455 1005 veni:

187 1026 443 1069 coronaberis
473 1027 522 1067 de
552 1026 684 1079 capite
713 1025 885 1073 Amana⁷
971 1025 1019 1065 de
1048 1024 1198 1065 vertice
1227 1024 1345 1065 Sanir
1373 1030 1414 1065 et
1444 1025 1636 1072 Hermon,

188 1087 237 1128 de
267 1085 466 1127 cubilibus
494 1084 670 1133 leonum,
755 1084 803 1125 de
833 1083 1041 1125 montibus
1070 1083 1303 1136 pardorum.

154 1147 169 1169 ⁹
187 1144 419 1186 Vulnerasti
437 1157 504 1185 cor
526 1157 663 1185 meum
686 1155 797 1185 soror
820 1155 911 1183 mea
933 1155 1091 1196 sponsa,
1164 1141 1386 1183 vulnerasti
1410 1155 1476 1183 cor
1498 1155 1634 1182 meum
1657 1141 1698 1182 in
1722 1155 1800 1183 uno
1825 1143 2030 1184 oculorum

395 1208 573 1252 tuorum,
657 1208 699 1243 et
726 1202 766 1242 in
796 1215 876 1243 uno
907 1201 1014 1241 crine
1043 1200 1132 1242 colli
1160 1201 1233 1241 tui.

136 1265 170 1287 ¹⁰
187 1264 320 1312 Quam
350 1262 527 1316 pulchrae
556 1266 652 1303 sunt
680 1274 870 1301 mammae
899 1265 980 1301 tuae
1009 1272 1120 1300 soror
1147 1272 1239 1299 mea
1267 1259 1431 1312 sponsa!

187 1321 418 1376 pulchriora
468 1325 564 1362 sunt
613 1321 738 1361 ubera
789 1324 863 1359 tua
910 1319 1017 1366 vino,
1131 1323 1171 1357 et
1221 1319 1319 1358 odor
1364 1322 1663 1371 unguentorum
1708 1322 1871 1359 tuorum
1915 1331 2034 1371 super

398 1380 535 1421 omnia
562 1384 760 1420 aromata.

137 1442 165 1463 ¹¹
187 1440 324 1480 Favus
349 1438 548 1479 distillans
571 1437 681 1478 labia
706 1442 778 1476 tua
802 1447 961 1489 sponsa,
1045 1434 1124 1475 mel
1148 1439 1189 1475 et
1211 1434 1274 1475 100
1298 1435 1373 1476 sub
1397 1434 1535 1488 lingua
1559 1440 1648 1476 tua:
1727 1440 1768 1476 et
1793 1435 1891 1476 odor
1915 1435 2034 1476 vesti-

396 1501 628 1537 mentorum
658 1500 822 1536 tuorum
852 1494 957 1534 sicut
987 1494 1085 1535 odor
1113 1493 1255 1534 thuris.

136 1558 166 1580 ¹2
188 1556 343 1598 Hortus
374 1555 585 1596 conclusus
616 1567 727 1596 soror
755 1566 846 1594 mea
874 1565 1034 1606 sponsa
1119 1553 1261 1593 hortus
1291 1551 1513 1601 conclusus,
1546 1553 1635 1594 fons
1665 1553 1858 1603 signatus.

137 1617 166 1640 ¹3
186 1614 433 1656 Emissiones
455 1619 537 1655 tuae
558 1613 770 1667 paradisus
792 1611 992 1653 malorum
1014 1611 1255 1665 punicorum
1278 1624 1369 1652 cum
1391 1624 1606 1665 pomorum
1627 1604 1837 1652 fructibus
1914 1611 2036 1665 Cypri

396 1686 488 1714 cum
517 1674 657 1721 nardo,

137 1735 166 1757 Η
187 1733 337 1774 nardus
357 1738 398 1773 et
417 1745 567 1781 crocus,
589 1731 727 1772 fistula
744 1736 785 1771 et
804 1730 1107 1771 cinnamomum
1180 1742 1272 1770 cum
1291 1729 1487 1770 universis
1506 1729 1621 1783 lignis
1640 1729 1797 1777 Libani,
1871 1729 2037 1782 myrrha

397 1796 438 1832 et
467 1791 553 1833 aloe
583 1804 675 1832 011111
706 1789 893 1831 omnibus
922 1788 1061 1842 primis
1090 1788 1319 1841 unguentis.

137 1853 167 1875 ¹⁵
188 1850 295 1892 Fons
324 1851 555 1892 hortorum:
585 1854 733 1903 puteus
764 1860 963 1902 aquarum
993 1847 1233 1893 viventium,
1318 1860 1407 1901 quae
1435 1847 1570 1887 fluunt
1603 1847 1758 1900 impetu
1788 1847 1836 1887 (10
1866 1846 2032 1887 Libano.

138 1946 171 1968 ¹⁶
188 1945 313 1997 Surge
339 1942 499 1997 Aquilo,
529 1948 570 1984 et
597 1943 688 1983 veni
715 1942 874 1987 Auster,
956 1940 1082 1994 perfla
1107 1940 1272 1981 hortum
1298 1952 1446 1988 meum,
1483 1945 1523 1980 et
1550 1939 1680 1980 fluant
1706 1943 1892 1980 aromata
1917 1938 2031 1979 illius.
2071 1941 2207 2001 113111113ῗέ

135 2003 174 2045 5.
230 2004 243 2027 ¹
279 2002 427 2043 Veniat
462 2001 632 2043 dilectus
666 2015 779 2042 meus
815 2001 855 2041 in
890 2001 1055 2041 hortum
1090 2012 1221 2047 suum,
1311 2004 1352 2039 et
1386 1999 1574 2039 comedat
1608 1998 1786 2038 fructum
1822 2010 2035 2051 pomorum
2059 1982 2218 2037 alngorulri.

398 2074 575 2102 suorum.

189 2120 291 2161 Veni
323 2120 363 2160 in
396 2120 563 2161 hortum
606 2132 742 2159 meum
785 2130 897 2159 soror
941 2130 1032 2158 mea
1074 2129 1233 2169 sponsa,
1331 2115 1479 2156 messui
1520 2115 1729 2169 myrrham
1769 2128 1902 2156 meam
1945 2127 2036 2155 cum

400 2178 653 2220 aromatibus
681 2177 799 2218 meis:

189 2237 346 2280 comedi
376 2237 519 2278 favum
550 2250 642 2278 cum
673 2236 789 2277 melle
821 2249 922 2280 11100,
1008 2234 1091 2276 bibi
1123 2234 1264 2274 vinum
1295 2246 1431 2274 meum
1464 2247 1555 2274 cum
1585 2232 1689 2274 laete
1720 2246 1828 2273 meo:

190 2296 389 2339 comedite
419 2296 549 2345 amici,
581 2301 622 2337 et
651 2295 790 2344 bibite,
874 2300 915 2335 et
944 2293 1199 2334 inebriamini
1228 2292 1461 2333 charissimi.

767 2420 1004 2475 ‚PARS
1045 2419 1402 2472 ALTERA.

571 2511 779 2564 Amor
816 2510 1196 2575 coniugum,
1235 2508 1291 2572 5,
1319 2506 1491 2571 2—-8‚
1518 2506 1604 2558 14.

659 2655 700 2706 Ι.
739 2655 1165 2721 Separatorum‚
1204 2654 1250 2714 5,
1277 2653 1428 2714 2—7‚
1456 2650 1534 2703 10.

483 2748 523 2788 1.
553 2746 842 2798 Negligentia
872 2747 915 2787 et
944 2745 1202 2786 emendatio
1233 2754 1434 2797 sponsae,
1462 2742 1501 2793 5,
1520 2741 1638 2792 2-6,
1657 2741 1696 2781 9.

159 2823 173 2844 3
191 2820 277 2873 Ego
311 2818 478 2867 dormio,
513 2823 554 2859 et
585 2830 653 2859 cor
683 2830 820 2858 meum
852 2816 1012 2871 vigilat:
1098 2829 1180 2857 vox
1211 2814 1347 2856 dilecti
1378 2814 1456 2854 mei
1487 2812 1703 2866 pulsantis:
2053 2804 2229 2865 dissfissgsffon

191 2878 315 2933 Aperi
343 2878 443 2918 mihi
471 2890 582 2919 soror
610 2890 712 2925 11100,
745 2876 876 2917 0111100
904 2889 1005 2919 11100
1091 2874 1281 2916 columba
1308 2886 1409 2916 mea.
1441 2870 1704 2912 immaculata
1732 2882 1840 2910 mea:
2092 2875 2191 2914 statim

2091 2911 2191 2940 aperit,

192 2937 289 2991 quia
317 2941 442 2990 eaput
469 2949 606 2977 meum
635 2935 801 2989 plenum
831 2939 892 2976 est
919 2947 1019 2983 rore,
1104 2939 1144 2974 et
1173 2932 1346 2974 cincinni
1374 2930 1453 2971 mei
1481 2930 1607 2984 guttis
1637 2928 1831 2969 noctium.

160 2999 175 3022 ³
192 2995 413 3050 Expoliavi
440 3008 506 3036 me
534 2995 675 3036 tunica
702 3007 804 3041 mea,
890 2993 1094 3047 quomodo
1124 2992 1270 3033 induar
1298 2990 1388 3031 illa?

191 3055 273 3096 lavi
301 3055 424 3108 pedes
452 3067 575 3103 meos⁷
660 3053 864 3107 quomodo
894 3052 1117 3106 inquinabo
1147 3050 1258 3092 illos?

161 3117 175 3139 ⁴
192 3113 375 3155 Dilectus
401 3126 515 3154 meus
542 3112 653 3153 misit
679 3125 847 3153 manum
872 3124 988 3152 suam
1015 3123 1086 3165 per
1111 3110 1305 3156 foramen,
1378 3112 1418 3148 et
1445 3110 1587 3146 venter
1611 3118 1724 3146 meus
1751 3103 1961 3145 intremuit
1989 3102 2041 3143 ad

400 3176 561 3213 tactum
590 3171 685 3212 eius.

161 3269 176 3291 5
193 3265 367 3308 Surrexi.
387 3270 435 3307 ut
454 3265 650 3319 aperirem
669 3264 815 3306 dilecto
836 3277 945 3305 meo:
1019 3276 1164 3304 manus
1181 3274 1280 3302 meae
1300 3258 1558 3300 stillaverunt
1575 3256 1796 3311 myrrham.
1864 3259 1904 3295 et
1924 3252 2037 3306 digiti
2026 3251 2237 3316 1¹22¹123³gffjm

400 3325 480 3365 mei
507 3323 617 3378 pleni
644 3324 811 3377 myrrha
839 3322 1137 3376 probatissima.
2053 3320 2223 3346 vuffleffiffl

162 3386 178 3408 ⁶
194 3383 406 3425 Pessulum
435 3383 528 3425 ostii
553 3382 633 3424 mei
660 3382 800 3436 aperui
827 3381 974 3423 dilecto
1002 3394 1111 3422 meo:
1186 3383 1230 3419 at
1256 3377 1320 3418 ille
1339 3375 1625 3423 declinaverat,
1657 3379 1779 3427 atque
1807 3369 2030 3412 transierat.

404 3442 554 3483 Anima
581 3454 673 3483 mea
700 3441 922 3495 liquefacta
950 3444 1022 3485 est,
1055 3443 1102 3480 ut
1129 3438 1289 3479 loeutus
1319 3440 1397 3476 est:
