2356 3760
94 146 147 185 36,
173 147 313 186 23—37,
340 146 380 179 17
939 142 1154 176 IEREMIAE
1924 145 2000 185 759

94 239 245 294 prunis.
302 241 335 264 23
363 239 545 292 Cumque
574 238 734 291 legisset
765 236 855 276 Iudi
885 242 964 276 tres
995 236 1170 289 pagellas
1200 236 1263 276 vel
1294 241 1501 289 quattuor,
1534 235 1651 276 scidit
1682 236 1780 277 illud
1809 238 1995 291 scalpello

94 299 245 343 scribae,
274 302 314 339 et
338 298 507 351 proiecit
531 297 572 336 in
596 297 741 349 ignem.
771 295 838 347 qui
864 301 951 334 erat
976 308 1096 348 super
1121 294 1276 335 arulam
1302 295 1429 335 donec
1455 300 1760 335 consumeretur
1785 308 1902 335 omne
1927 309 1997 337 vo-

94 357 231 397 lumen
258 357 351 410 igni,
383 356 452 409 qui
479 360 565 396 erat
592 354 633 394 in
661 353 785 394 arula.
842 354 874 377 '²⁴
902 353 955 393 Et
984 366 1064 393 non
1093 353 1330 397 timuerunt.
1361 366 1491 406 neque
1518 353 1724 394 sciderunt
1753 354 1996 394 vestimenta

95 428 169 456 sua
194 428 275 460 rex,
306 420 347 455 et
374 426 512 459 omnes
540 412 643 453 servi
671 412 766 459 eius,
798 411 865 464 qui
894 411 1111 451 audierunt
1139 412 1347 451 universos
1375 424 1577 452 sermones
1605 411 1715 452 istos.
1772 413 1803 435 ²5
1831 412 1998 451 Verum-

95 480 235 515 tamen
252 472 473 518 Elnafflan,
494 476 535 512 et
551 470 728 514 Dalaias,
750 475 789 510 et
808 470 1019 510 Gamarias
1038 470 1374 510 contradixerunt
1392 470 1473 523 regi
1491 483 1540 510 ne
1558 470 1814 510 combureret
1830 469 1997 509 librum:

96 538 137 573 et
156 545 239 574 non
259 531 418 572 audivit
439 543 517 571 eos.
566 530 601 553 ²⁶
620 529 675 569 Et
696 528 887 581 praecepit
907 541 977 568 rex
999 528 1180 568 Ieremiel
1200 527 1279 569 filio
1301 527 1503 572 Amelech,
1527 533 1567 568 et
1587 528 1735 569 Saraiae
1755 528 1835 569 filio
1856 527 1998 571 Ezriel,

96 596 137 632 et
150 590 331 632 Selerniae
345 589 425 630 filio
440 587 594 629 Abdeel
609 592 655 627 ut
670 586 1059 640 comprehenderent
1076 586 1237 626 Baruch
1252 586 1437 633 scribam,
1455 591 1495 627 et
1511 586 1722 627 Ieremiam
1738 587 2000 640 prophetam:

96 648 311 690 abscondit
341 652 479 688 autem
509 659 574 687 eos
604 645 816 687 Dominus.

199 708 233 731 2⁷
264 707 320 747 Et
349 706 505 746 factum
536 709 597 745 est
627 704 798 745 verbum
828 704 994 745 Domini
1025 704 1076 744 ad
1109 702 1320 744 Ieremiam
1351 703 1606 756 prophetam,
1640 708 1860 756 postquam
1892 716 1997 744 com·
2035 704 2175 764 30¹¹fifl11³

96 767 281 807 busserat
312 777 383 805 rex
414 762 605 804 volumen
638 769 678 803 et
710 775 924 806 sermones,
961 776 1060 815 quos
1093 762 1307 816 scripserat
1341 762 1502 802 Baruch
1535 774 1584 801 ex
1617 774 1682 802 ore
1716 762 1905 809 Ieremiae,
1941 742 2199 805 di-sssfissssiffi‘ss'm

95 838 206 866 cens:
265 825 300 848 2⁸
332 824 510 864 Rursum
541 821 636 862 tolle
668 821 859 862 volumen
891 821 1018 861 aliud:
1052 827 1091 861 et
1123 821 1250 861 scribe
1280 820 1321 860 in
1353 833 1397 861 eo
1431 833 1568 861 omnes
1600 833 1802 860 sermones
1834 820 1995 873 priores.
2065 811 2143 835 ΜΡ(

97 884 166 937 qui
191 887 308 923 erant
331 882 373 922 in
398 881 527 934 primo
554 880 772 929 volumine,
801 880 909 933 quod
936 880 1159 921 combussit
1186 879 1343 920 Ioakim
1368 892 1438 919 rex
1466 879 1579 920 Iuda.

200 944 235 966 2⁹
250 941 306 982 Et
321 941 374 981 ad
390 939 548 980 Ioakim
564 952 697 992 regem
716 938 829 985 Iuda,
848 938 973 979 dices:
993 938 1089 979 Haec
1105 938 1205 979 dicit
1219 938 1438 979 Dominus:
1457 938 1517 978 Tu
1533 936 1791 978 combussisti
1808 936 2000 977 volumen
2019 937 2120 996 essarssgi
2132 943 2194 995 gg?

94 1000 206 1045 illud,
234 1000 388 1041 dicens:
416 998 548 1046 Quare
574 997 767 1051 scripsisti
792 997 832 1037 in
857 1009 902 1038 eo
930 997 1199 1038 annuncians:
1226 996 1414 1037 Festinus
1440 996 1576 1036 veniet
1600 1009 1671 1036 rex
1696 995 1931 1048 Babylonis,
1959 999 1999 1035 et
2072 979 2140 1033 tia¹t¹z

95 1059 280 1100 vastabit
297 1062 448 1098 terram
466 1056 584 1104 hanc,
605 1061 646 1097 et
665 1069 817 1096 cessare
837 1055 958 1097 faciet
977 1069 1027 1096 ex
1044 1055 1114 1096 illa
1131 1055 1350 1099 hominem,
1371 1060 1411 1096 et
1431 1054 1684 1095 iumentum?
1730 1056 1766 1078 3⁰
1783 1054 2006 1107 Propterea

96 1119 181 1159 haec
209 1117 308 1158 dicit
335 1115 536 1157 Dominus
566 1120 709 1155 contra
738 1114 895 1155 Ioakim
924 1128 1058 1168 regem
1089 1114 1210 1155 Iuda:
1243 1114 1333 1154 Non
1363 1114 1437 1154 erit
1467 1127 1516 1153 ex
1545 1126 1589 1154 eo
1621 1113 1689 1166 qui
1717 1113 1857 1153 sedeat
1886 1124 2006 1165 super

96 1177 241 1218 solium
258 1175 414 1216 David:
435 1179 475 1214 et
494 1174 670 1214 cadaver
687 1173 770 1214 eius
790 1173 1023 1226 proiicietur
1041 1174 1092 1213 ad
1111 1178 1256 1214 aestum
1274 1186 1345 1225 per
1363 1173 1481 1217 diem,
1503 1177 1543 1212 et
1562 1172 1613 1212 ad
1630 1172 1721 1225 gelu
1740 1184 1810 1224 per
1827 1176 2002 1211 noctem.

95 1238 128 1261 31
154 1236 210 1276 Et
234 1233 411 1274 visitabo
438 1238 580 1273 contra
607 1246 711 1276 eum.
740 1237 781 1272 et
807 1237 949 1273 contra
974 1245 1110 1273 semen
1137 1232 1232 1275 eius,
1261 1236 1301 1271 et
1328 1236 1471 1271 contra
1496 1243 1632 1270 servos
1658 1230 1741 1269 eius
1768 1229 2006 1282 iniquitates

97 1307 201 1342 suas,
233 1298 274 1333 et
304 1292 507 1332 adducam
537 1303 657 1344 super
685 1304 751 1331 eos
781 1296 821 1331 et
851 1303 971 1344 super
999 1290 1252 1330 habitatores
1286 1288 1515 1332 Ierusalem.
1548 1294 1588 1328 et
1617 1301 1737 1341 super
1767 1287 1872 1327 viros
1905 1287 2008 1326 Iuda

97 1365 217 1394 omne
241 1351 408 1395 malum,
438 1350 547 1403 quod
572 1349 731 1390 locutus
757 1362 846 1388 sum
873 1350 924 1389 ad
950 1361 1028 1392 eos.
1057 1353 1096 1388 et
1122 1361 1203 1388 non
1230 1347 1459 1388 audierunt.

201 1412 234 1436 ³2
256 1409 444 1450 Ieremias
466 1413 604 1448 autem
625 1407 720 1448 tulit
741 1406 931 1447 volumen
953 1407 1074 1451 aliud,
1098 1413 1137 1446 et
1159 1406 1271 1446 dedit
1291 1405 1390 1446 illud
1413 1405 1573 1446 Baruch
1594 1405 1673 1446 filio
1697 1404 1826 1445 Neriae
1846 1404 2002 1444 scribae:
2056 1402 2169 1462 Βῇξξζ]

99 1470 167 1524 qui
191 1468 351 1521 scripsit
374 1468 415 1507 in
439 1480 484 1507 eo
510 1479 559 1507 ex
583 1479 649 1507 ore
676 1465 854 1506 leremiae
878 1479 1016 1507 omnes
1041 1478 1244 1506 sermones
1268 1464 1370 1508 libri,
1399 1478 1517 1518 quem
1544 1464 1822 1505 combusserat
1848 1462 2005 1503 Ioakim
2040 1445 2184 1498 seimonau·

97 1542 167 1570 rex
194 1527 297 1568 Iuda
320 1526 420 1579 igni:
447 1531 487 1566 et
512 1525 676 1578 insuper
700 1524 830 1565 additi
855 1531 950 1565 sunt
976 1536 1178 1565 sermones
1204 1523 1333 1564 multo
1359 1523 1504 1577 plures.
1533 1536 1655 1576 quam
1683 1526 1805 1563 antea
1828 1521 2003 1561 fuerant.
2058 1508 2166 1533 scribit·

442 1631 480 1669 2.
511 1628 722 1669 Ieremias
752 1628 796 1667 in
828 1625 1081 1667 custodiam
1113 1627 1299 1677 missus,
1333 1627 1398 1676 37,
1417 1627 1563 1677 1—38,
1582 1626 1669 1666 282.

205 1702 268 1745 37.
324 1704 337 1726 1
366 1701 420 1741 Et
447 1699 635 1753 regnavit
662 1712 732 1740 rex
759 1698 945 1740 Sedecias
974 1697 1077 1738 filius
1109 1698 1222 1738 Iosiae
1250 1710 1321 1750 pro
1352 1696 1542 1738 Iechonia
1570 1696 1648 1737 filio
1679 1695 1855 1736 Ioakim:
1886 1708 2006 1749 quem
2051 1693 2176 1719 0¹¹³¹d⁸¹¹

2057 1730 2173 1759 propter

100 1761 315 1803 constituit
336 1773 471 1813 regem
494 1758 873 1799 Nabuchodonosor
893 1770 963 1797 rex
988 1757 1208 1810 Babylonis
1231 1756 1271 1796 in
1295 1756 1414 1796 Terra
1440 1756 1560 1796 Iuda:
1610 1757 1624 1779 ²
1647 1754 1701 1795 Et
1723 1767 1804 1795 non
1826 1754 2008 1796 obedivit
2040 1763 2190 1795 AEgyvtios

100 1821 197 1874 ipse,
227 1824 268 1861 et
294 1818 399 1859 servi
427 1818 522 1866 eius,
553 1823 593 1858 et
621 1816 794 1870 populus
823 1822 939 1856 terrae
968 1815 1099 1856 verbis
1127 1815 1304 1859 Domini,
1336 1828 1425 1868 quae
1452 1815 1611 1855 locutus
1639 1819 1699 1854 est
1727 1813 1767 1852 in
1795 1826 1919 1854 manu
1950 1813 2008 1853 Ie-
2035 1800 2194 1859 ²²¹'ff1‘1ss¹⁵²¹'

100 1879 235 1920 remiae
264 1877 485 1931 prophetae.
544 1878 560 1900 ³
590 1876 644 1916 Et
674 1875 785 1915 misit
815 1888 886 1915 rex
915 1874 1100 1915 Sedecias
1134 1873 1274 1915 Iuchal
1305 1873 1431 1914 filium
1462 1872 1654 1919 Selemiae,
1687 1877 1727 1912 et
1757 1871 2006 1925 Sophoniam
2040 1870 2187 1898 secedunt*

101 1938 228 1979 filium
247 1936 411 1977 Maasiae
429 1935 682 1976 sacerdotem
702 1934 754 1974 ad
775 1933 987 1974 Ieremiam
1006 1933 1263 1986 prophetam.
1285 1933 1439 1973 dicens:
1461 1932 1540 1973 Ora
1560 1945 1631 1984 pro
1652 1930 1766 1972 nobis
1786 1930 2010 1971 Dominum

101 1998 235 2037 Deum
264 2000 462 2036 nostrum.
520 1995 535 2017 ⁴
566 1993 754 2033 Ieremias
784 1998 922 2033 autem
951 1991 1073 2032 libere
1103 1991 1344 2032 ambulabat
1372 1991 1413 2031 in
1443 1990 1574 2031 medio
1604 1989 1762 2043 populi:
1793 2002 1875 2030 non
1904 1988 2009 2029 enim

101 2055 297 2096 miserant
326 2066 419 2094 eum
448 2052 489 2092 in
520 2051 748 2093 custodiam
779 2051 958 2091 carceris.
1019 2050 1149 2103 Igitur
1178 2050 1377 2090 exercitus
1409 2049 1632 2090 Pharaonis
1663 2060 1842 2101 egressus
1873 2052 1933 2087 est
1963 2047 2012 2087 de

102 2114 299 2167 AEgypto:
330 2117 371 2152 et
399 2111 610 2151 audientes
639 2109 829 2155 Chaldaei,
862 2109 930 2162 qui
959 2109 1202 2150 obsidebant
1234 2108 1464 2152 Ierusalem,
1495 2106 1774 2147 huiuscemodi
1802 2105 2010 2149 nuncium.

102 2175 353 2213 recesserunt
383 2170 433 2211 ab
465 2169 696 2210 Ierusalem.

206 2233 221 2255 5
243 2230 298 2271 Et
318 2229 475 2270 factum
497 2233 557 2268 est
579 2228 749 2268 verbum
771 2227 937 2268 Domini
959 2227 1011 2267 ad
1035 2226 1247 2266 Ieremiam
1269 2226 1524 2279 prophetam,
1549 2225 1703 2265 dicens:
1756 2226 1771 2248 ⁶
1794 2224 1890 2264 Haec
1912 2222 2009 2263 dicit
2047 2221 2187 2251 1110ῡῆθῆ

2033 2257 2103 2282 redit
2108 2257 2133 2281 io
2137 2263 2201 2281 nem

102 2289 302 2332 Dominus
329 2288 440 2328 Deus
469 2286 611 2328 Israel:
639 2287 703 2327 Sic
731 2286 872 2327 dicetis
898 2285 981 2339 regi
1010 2285 1123 2333 Iuda,
1154 2285 1223 2338 qui
1250 2284 1359 2324 misit
1387 2296 1459 2324 vos
1487 2284 1538 2324 ad
1565 2296 1629 2323 me
1656 2282 2008 2335 interrogandum:
2067 2298 2166 2331 eqrum

104 2349 208 2390 Ecce
233 2347 433 2388 exercitus
457 2345 694 2393 Pharaonis,
723 2345 791 2398 qui
816 2357 994 2397 egressus
1020 2349 1080 2384 est
1105 2343 1220 2385 vobis
1244 2342 1285 2383 in
1311 2342 1518 2387 auxilium,
1545 2346 1772 2382 revertetur
1796 2341 1836 2380 in
1861 2346 2011 2381 terram
2032 2328 2202 2387 dffiffiffiis

103 2420 219 2448 suam
250 2406 292 2446 in
323 2405 562 2458 AEgyptum.
625 2405 638 2427 ⁷
671 2409 710 2444 et
741 2403 900 2444 redient
931 2402 1119 2447 Chaldaei,
1154 2407 1195 2443 et
1226 2401 1438 2442 bellabunt
1469 2405 1612 2441 contra
1643 2400 1854 2440 civitatem
1885 2398 2008 2438 hanc:
2048 2397 2185 2427 Praedicst·

105 2472 146 2507 et
175 2464 338 2518 capient
367 2476 468 2511 eam,
500 2468 541 2503 et
569 2463 816 2503 succendent
845 2475 934 2503 eam
963 2461 1056 2514 igni.
1117 2462 1132 2485 ⁸
1162 2461 1259 2501 Haec
1289 2460 1387 2501 dicit
1415 2459 1634 2500 Dominus:
1667 2458 1802 2499 Nolite
1831 2456 2014 2510 decipere

105 2524 262 2565 animas
289 2526 458 2565 vestras,
488 2521 686 2562 dicentes:
716 2521 871 2561 Euntes
900 2521 1085 2564 abibunt,
1115 2525 1155 2560 et
1182 2519 1371 2560 recedent
1399 2531 1423 2558 a
1448 2518 1564 2559 nobis
1591 2516 1780 2565 Chaldaei,
1811 2516 1906 2569 quia
1932 2528 2013 2556 non

105 2583 291 2624 abibunt.
349 2582 364 2605 ⁹
389 2580 469 2622 Sed
495 2586 536 2621 et
561 2580 595 2620 si
618 2579 894 2633 percusseritis
922 2592 1083 2620 omnem
1111 2578 1335 2619 exercitum
1361 2577 1655 2625 Chaldaeorum,
1685 2575 1753 2629 qui
1780 2574 2016 2628 praeliantur

106 2642 323 2682 adversum
352 2652 436 2687 vos,
467 2644 507 2679 et
535 2638 715 2680 derelicti
742 2638 893 2679 fuerint
922 2651 971 2678 ex
999 2637 1053 2678 eis
1083 2637 1208 2690 aliqui
1236 2636 1458 2677 vulnerati:
1488 2634 1633 2688 singuli
1661 2635 1710 2675 de
1739 2632 1913 2674 tentorio
1943 2644 2014 2672 suo

106 2703 362 2752 consurgent,
394 2703 433 2739 et
461 2698 681 2738 incendent
710 2697 921 2738 civitatem
950 2697 1055 2737 hanc
1083 2696 1176 2749 igni.

211 2759 247 2782 1⁰
268 2757 374 2811 Ergo
397 2769 489 2797 cum
510 2756 738 2797 recessisset
760 2755 959 2797 exercitus
982 2754 1263 2796 Chaldaeorum
1287 2754 1337 2794 ab
1362 2752 1580 2794 Ierusalem
1601 2756 1768 2805 propter
1789 2749 2012 2790 exercitum
2036 2754 2052 2771 ³
2067 2745 2200 2806 fflffipi·

106 2816 342 2864 Pharaonis,
397 2817 429 2840 11
455 2828 634 2868 egressus
660 2819 722 2856 est
749 2814 938 2855 Ieremias
965 2814 1013 2854 de
1042 2813 1260 2853 Ierusalem
1286 2817 1333 2853 ut
1358 2812 1433 2852 iret
1459 2811 1499 2851 in
1527 2811 1690 2851 Terram
1718 2808 1943 2857 Beniamin,
1971 2812 2013 2848 et
2048 2823 2189 2842 carcerem

108 2875 307 2916 divideret
329 2874 386 2915 ibi
408 2873 701 2927 possessionem
723 2873 764 2914 in
787 2878 1007 2926 conspectu
1031 2871 1192 2913 civium.
1244 2873 1276 2896 12
1298 2871 1480 2923 Cumque
1503 2868 1752 2923 pervenisset
1775 2868 1827 2908 ad
1849 2872 2012 2921 portam
2071 2852 2166 2881 datur’

110 2932 336 2980 Beniamin,
356 2938 443 2973 erat
459 2932 515 2973 ibi
532 2938 668 2973 custos
685 2937 814 2986 portae
831 2945 901 2985 per
918 2932 1036 2977 vices,
1057 2930 1220 2971 nomine
1239 2929 1374 2975 Ierias,
1394 2928 1498 2969 filius
1516 2927 1696 2969 Selemiae
1713 2926 1782 2966 filii
1801 2925 2012 2969 Hananiae,

108 2998 150 3033 et
167 2991 437 3045 apprehendit
456 2990 668 3031 Ieremiam
686 2990 942 3044 prophetam,
963 2990 1118 3030 dicens:
1136 2989 1201 3029 Ad
1219 2988 1427 3029 Chaldaeos
1445 2985 1637 3040 profugis
1684 2986 1716 3009 ¹3
1733 2985 1788 3025 Et
1804 2983 2015 3038 respondit

111 3050 319 3091 Ieremias:
341 3048 507 3089 Falsum
528 3054 601 3095 est,
623 3062 705 3090 non
726 3048 835 3101 fugio
857 3048 910 3089 ad
929 3047 1150 3089 Chaldaeos.
1174 3047 1230 3088 Et
1250 3060 1331 3087 non
1352 3045 1512 3086 audivit
1532 3057 1643 3084 eum:
1666 3044 1734 3084 sed
1756 3042 2018 3097 comprehen-

110 3109 172 3150 dit
196 3109 318 3149 Ierias
343 3107 568 3150 Ieremiam.
593 3112 634 3148 et
657 3107 831 3148 adduxit
854 3120 946 3147 eum
970 3107 1022 3147 ad
1044 3106 1257 3160 principes.
1309 3107 1341 3129 1⁴
1364 3105 1496 3153 Quam
1519 3103 1571 3144 ob
1593 3115 1677 3143 rem
1700 3102 1794 3142 irati
1816 3101 2017 3155 principes

110 3172 254 3209 contra
282 3166 508 3212 Ieremiam,
540 3178 687 3206 caesum
716 3178 808 3206 eum
837 3165 1035 3206 miserunt
1063 3165 1104 3205 in
1134 3176 1345 3207 carcerem,
1378 3162 1447 3215 qui
1476 3167 1563 3202 erat
1590 3161 1631 3201 in
1660 3161 1781 3202 domo
1814 3159 2019 3201 Ionathan

111 3226 268 3266 scribae:
291 3225 375 3279 ipse
397 3225 504 3266 enim
524 3224 766 3278 praepositus
788 3228 875 3264 erat
896 3237 1016 3277 super
1036 3235 1248 3264 carcerem.
1299 3223 1330 3246 1⁵
1354 3221 1499 3274 Itaque
1520 3220 1721 3274 ingressus
1743 3224 1804 3260 est
1827 3217 2016 3258 Ieremias

111 3284 152 3324 in
177 3284 346 3325 domum
369 3283 446 3324 laci
471 3288 511 3324 et
535 3283 577 3323 in
602 3281 870 3335 ergastulum:
897 3287 937 3323 et
962 3282 1067 3323 sedit
1090 3282 1146 3323 ibi
1173 3279 1362 3321 Ieremias
1387 3279 1528 3320 diebus
1554 3278 1705 3319 multis.

216 3344 251 3367 1⁶
280 3342 448 3382 Mittens
480 3346 617 3382 autem
641 3340 826 3382 Sedecias
857 3354 927 3381 rex
957 3340 1053 3381 tulit
1083 3353 1194 3380 eum:
1226 3344 1267 3379 et
1296 3337 1565 3390 interrogavit
1594 3350 1687 3378 eum
1717 3336 1758 3376 in
1789 3336 1909 3376 domo
1940 3345 2012 3373 sua
2043 3327 2191 3388 ἣξξξζξξξῗ

112 3401 361 3447 abscondite,
386 3406 427 3441 et
449 3400 571 3441 dixit:
595 3399 775 3440 Putasne
798 3404 858 3439 est
880 3412 1009 3440 sermo
1033 3412 1057 3439 a
1077 3396 1279 3440 Domino?
1303 3396 1358 3437 Et
1381 3396 1485 3437 dixit
1509 3395 1716 3436 Ieremias:
1741 3394 1828 3434 Est.
1859 3392 1914 3432 Et
1937 3390 2010 3430 ait:
2069 3398 2168 3423 bulum

2059 3432 2178 3458 carceris

114 3459 162 3500 In
184 3471 329 3500 manus
351 3459 453 3512 regis
477 3457 699 3512 Babylonis
723 3457 905 3499 traderis.
950 3459 983 3482 1⁷
1008 3458 1061 3498 Et
1085 3457 1189 3498 dixit
1214 3455 1402 3496 Ieremias
1426 3455 1478 3495 ad
1499 3467 1633 3507 regem
1656 3451 1882 3494 Sedeciam:
1907 3447 2013 3496 Quid
2050 3468 2185 3497 traditur,
