2356 3760
103 94 156 132 19,
182 93 322 133 reka,
347 93 389 126 13
854 92 1255 126 PARALIPOMENON
1924 102 1999 142 359

103 190 241 243 Syrus,
260 186 337 240 ipsi
355 199 517 240 quoque
534 186 725 239 fugerunt
742 185 881 225 Abisai
900 185 1068 225 fratrem
1087 186 1182 231 eius,
1203 192 1244 227 et
1260 187 1427 240 ingressi
1445 192 1541 228 sunt
1557 188 1783 231 civitatem:
1803 206 2000 234 reversus-

106 260 184 302 que
212 251 274 287 est
302 245 425 286 etiam
456 245 556 286 Ioab
582 244 624 284 in
655 242 885 284 Ierusalem.

211 306 246 329 ¹⁶
268 304 420 345 Videns
441 308 579 343 autem
602 302 728 354 Syrus
751 302 861 354 quod
884 302 1093 343 cecidisset
1115 316 1250 343 coram
1275 304 1409 351 Israel,
1435 304 1545 344 misit
1566 306 1745 355 nuncios,
1771 312 1811 348 et
1834 310 2004 351 adduxit

105 365 266 419 Syrum,
300 363 369 417 qui
399 366 486 402 erat
515 364 630 401 trans
662 359 852 400 fluvium:
885 360 1073 413 Sophach
1105 367 1243 402 autem
1274 363 1460 415 princeps
1489 362 1643 404 militiae
1672 364 1883 409 Adarezer,
1918 373 2004 408 erat

106 424 191 465 dux
217 435 367 464 eorum.
422 420 455 443 ¹⁷
483 418 602 467 Quod
628 431 720 459 cum
747 419 987 459 nunciatum
1014 424 1119 460 esset
1144 419 1293 469 David,
1322 421 1583 474 congregavit
1608 423 1842 464 universum
1870 424 2003 467 Israel,

108 490 148 524 et
177 479 369 524 transivit
399 477 626 525 Iordanem,
658 477 857 530 irruitque
885 478 927 518 in
957 490 1034 522 eos,
1067 483 1108 518 et
1137 478 1284 519 direxit
1314 492 1363 519 ex
1393 473 1562 520 adverso
1593 480 1730 529 aciem,
1762 482 1837 522 illis
1867 488 2009 523 contra

107 538 397 596 pugnantibus.
456 538 490 560 ¹⁸
519 536 641 589 Fugit
670 540 809 576 autem
839 536 965 590 Syrus
996 536 1136 577 Israel:
1169 542 1210 577 et
1238 537 1442 578 interfecit
1470 538 1607 578 David
1636 539 1685 579 de
1714 540 1824 584 Svris
1853 546 2008 594 septem

108 598 234 640 millia
262 609 465 643 curruum,
498 599 539 636 et
569 595 843 648 quadraginta
870 594 997 635 millia
1025 595 1223 648 peditum,
1256 600 1297 636 et
1326 596 1514 648 Sophach
1544 586 1754 638 exercitus*
1772 599 2006 652 principem.

108 660 143 682 ¹⁹
173 657 368 698 Videntes
400 658 538 695 autem
569 653 674 694 servi
705 653 906 694 Adarezer
937 667 977 694 se
1010 654 1060 694 ab
1094 654 1217 694 Israel
1249 667 1333 695 esse
1364 659 1587 707 superatos,
1621 656 1928 710 transfugerunt
1959 658 2010 698 ad

106 715 256 759 David,
293 719 334 755 et
367 713 594 754 servierunt
628 712 680 752 ei:
717 712 929 766 noluitque
964 712 1073 753 ultra
1105 713 1222 766 Syria
1256 712 1452 753 auxilium
1486 713 1664 766 praebere
1697 714 1787 755 ffliis
1820 715 2008 757 Ammon.

212 774 276 816 20,
332 775 345 796 ¹
373 771 547 812 Factum
580 776 660 811 aest
687 776 825 812 autem
853 776 947 824 post
975 772 1071 811 anni
1099 771 1306 820 circulum,
1336 784 1382 812 eo
1409 776 1604 824 tempore,
1636 785 1716 825 quo
1744 773 1875 814 solent
1902 787 2012 823 reges

110 834 161 874 ad
180 832 285 874 bella
303 830 529 884 procedere,
552 830 814 883 congregavit
835 830 933 871 Ioab
954 830 1188 874 exercitum,
1211 835 1251 871 et
1270 830 1394 871 robur
1412 829 1578 875 militiae,
1601 835 1641 870 et
1660 832 1843 871 vastavit
1862 825 2012 872 terram

110 892 281 932 filiorum
302 890 498 937 Ammon,
519 889 778 942 perrexitque
798 893 839 929 et
858 889 1018 929 obsedit
1039 889 1203 930 Babba:
1224 902 1343 943 porro
1363 888 1500 929 David
1519 889 1715 930 manebat
1733 890 1775 929 in
1797 890 2013 931 Ierusalem

109 950 274 1004 quando
305 948 404 990 Ioab
432 948 631 1001 percussit
660 948 819 996 Rabba,
849 952 890 988 et
919 948 1122 988 destruxit
1151 961 1252 989 eam.
1309 950 1324 972 '²
1353 947 1463 988 Tulit
1492 952 1629 988 autem
1658 948 1795 989 David
1823 962 2014 990 coronam

108 1008 309 1050 Melchom
339 1007 388 1048 de
418 1006 551 1060 capite
580 1007 676 1053 61113,
708 1012 749 1047 61
776 1007 935 1047 invenit
962 1007 1003 1047 in
1033 1019 1080 1047 ea
1108 1007 1195 1047 auri
1223 1007 1359 1060 pondo
1389 1006 1604 1051 talentum,
1636 1011 1677 1047 et
1705 1007 2015 1060 pretiosissimas

108 1080 302 1121 gemmas,
320 1066 499 1119 fecitque
516 1065 591 1106 sibi
608 1065 702 1106 inde
720 1065 926 1106 diadema:
946 1066 1162 1106 manubias
1180 1078 1341 1119 quoque
1358 1065 1469 1106 urbis
1485 1065 1680 1118 plurimas
1696 1065 1810 1107 tulit:
1856 1069 1871 1091 ³
1887 1079 2016 1120 popu-

108 1126 195 1168 lum
219 1130 369 1173 autem,
397 1124 465 1178 qui
489 1129 576 1165 erat
598 1124 640 1165 111
664 1137 721 1172 ea,
748 1124 909 1165 eduxit:
934 1130 975 1165 et
998 1124 1095 1165 16011
1118 1137 1238 1177 super
1261 1137 1328 1165 eos
1351 1123 1533 1171 tribulas,
1561 1128 1602 1164 et
1624 1124 1774 1168 trahas,
1802 1130 1842 1165 et
1864 1125 2017 1166 ferrata

109 1190 306 1239 carpenta
333 1183 518 1229 transire,
550 1183 610 1224 ita
638 1188 686 1224 ut
716 1183 1023 1232 dissecarentur,
1057 1188 1097 1223 et
1127 1187 1451 1224 contererentur:
1483 1182 1538 1222 sic
1568 1182 1664 1222 16611
1694 1182 1830 1223 David
1860 1184 2017 1225 cunctis

109 1244 279 1285 urbibus
311 1243 485 1283 filiorum
516 1242 713 1283 Ammon:
758 1248 799 1283 et
830 1255 1013 1283 reversus
1046 1247 1107 1282 est
1139 1255 1230 1282 cum
1264 1241 1373 1282 omni
1413 1240 1564 1293 populo
1597 1253 1668 1282 3110
1710 1241 1750 1281 111
1784 1241 2014 1283 Ierusalem.

630 1346 669 1386 9.
699 1345 820 1385 Bella
850 1356 951 1385 cum
983 1344 1267 1394 philisthiim,
1295 1345 1362 1395 20,
1382 1344 1499 1383 4—7.

214 1421 228 1443 1
252 1418 371 1459 bPost
390 1417 475 1457 haec
494 1416 642 1456 initum
663 1422 723 1456 est
745 1415 894 1456 bellum
915 1416 955 1455 in
976 1415 1105 1456 Gazer
1125 1415 1341 1455 adversum
1362 1414 1634 1455 Philisthaeos:
1657 1415 1697 1455 in
1719 1428 1798 1468 quo
1819 1415 2017 1468 percussit

109 1476 310 1519 Sobochai
341 1474 595 1521 Husathites,
628 1474 780 1527 Saphai
811 1474 860 1514 de
890 1487 1033 1527 genere
1066 1473 1282 1527 Raphaim,
1315 1479 1356 1514 et
1385 1473 1618 1514 humiliavit
1649 1486 1726 1514 603.

213 1538 228 1560 ⁵
262 1535 385 1576 Aliud
421 1547 583 1588 quoque
617 1532 767 1574 bellum
802 1538 961 1586 gestum
998 1539 1058 1573 est
1093 1533 1288 1573 adversus
1322 1532 1588 1577 Philisthaeos,
1625 1532 1667 1572 in
1702 1545 1781 1586 quo
1816 1533 2014 1586 percussit

107 1595 347 1636 Adeodatus
369 1593 474 1634 filius
497 1592 635 1633 Saltus
659 1592 978 1633 Bethlehemites
1001 1592 1169 1632 fratrem
1193 1591 1357 1632 Goliath
1382 1591 1549 1637 Gethaei,
1576 1591 1689 1631 cuius
1711 1591 1840 1632 hastae
1860 1591 2014 1645 lignum

109 1659 197 1695 erat
226 1653 342 1707 quasi
370 1652 615 1693 liciatorium
645 1651 887 1692 texentium.

216 1714 231 1737 ⁶
259 1712 339 1753 Sed
368 1717 409 1752 et
439 1711 549 1752 aliud
579 1709 728 1751 bellum
760 1710 908 1751 accidit
936 1710 977 1750 in
1008 1710 1126 1755 Geth,
1158 1709 1199 1750 in
1231 1723 1310 1762 quo
1340 1709 1419 1750 11111
1448 1709 1570 1750 1101110
1598 1708 1866 1762 longissimus,
1899 1723 2014 1751 senos

108 1772 263 1813 habens
289 1771 449 1825 digitos,
477 1770 519 1810 id
545 1774 618 1815 est.
647 1769 767 1809 simul
793 1769 939 1822 viginti
966 1773 1181 1822 quattuor:
1211 1768 1278 1821 qui
1305 1773 1346 1809 et
1371 1768 1456 1821 ipse
1482 1768 1531 1808 de
1559 1767 1707 1821 Rapha
1730 1768 1866 1809 fuerat
1891 1768 2015 1821 stirpe

107 1836 335 1885 generatus.
399 1831 412 1853 ⁷
447 1829 524 1869 Hic
556 1828 859 1881 blasphemavit
894 1828 1033 1868 lsrael:
1067 1832 1108 1868 et
1139 1827 1338 1880 percussit
1369 1840 1461 1867 eum
1496 1826 1699 1867 Ionathan
1732 1826 1835 1867 filius
1867 1827 2016 1867 Samaa

126 1903 146 1930 r
345 1903 369 1929 v
419 1923 426 1930 .

108 1890 125 1931 f
149 1889 482 1988 atrlISIilgiinidfilii
509 1946 656 1999 Rapha
679 1946 720 1986 in
744 1945 863 1989 Geth,
892 1945 959 1998 qui
985 1945 1217 1985 ceciderunt
1241 1945 1281 1985 in
1306 1957 1431 1984 manu
1456 1944 1593 1985 David
1617 1948 1658 1984 et
1682 1957 1890 1985 servorum
1915 1944 2009 1985 61113.

544 2051 609 2089 10.
640 2049 898 2089 Numeratio
928 2049 1083 2101 populi
1115 2047 1265 2098 lsrael,
1294 2048 1353 2097 21,
1380 2047 1526 2098 1—-22‚
1546 2048 1584 2088 1.

212 2123 276 2166 21.
332 2125 345 2147 1
376 2121 639 2164 Consurrexit
678 2126 831 2160 cautem
863 2120 991 2161 Satan
1023 2124 1167 2160 contra
1198 2118 1338 2159 Israel:
1372 2123 1414 2160 et
1443 2118 1667 2159 concitavit
1697 2118 1834 2159 David
1864 2123 1911 2159 ut
1942 2131 2014 2159 nu-

107 2188 283 2224 meraret
305 2181 438 2222 Israel.
488 2183 502 2205 ‘2
523 2180 721 2233 Dixitque
741 2179 878 2219 David
899 2179 951 2219 ad
974 2178 1084 2223 Ioab,
1108 2185 1149 2219 et
1169 2178 1221 2218 ad
1240 2177 1441 2231 principes
1463 2177 1620 2230 populi:
1645 2177 1717 2224 Ite,
1741 2182 1781 2217 et
1801 2182 2013 2218 numerate

109 2241 232 2282 Israel
257 2254 280 2282 a
304 2241 503 2282 Bersabee
527 2252 655 2292 usque
678 2238 790 2279 Dan:
816 2243 856 2279 et
880 2237 1023 2279 3116116
1045 2237 1145 2278 1111111
1168 2250 1382 2277 11111116111111
1407 2241 1453 2277 111
1477 2236 1612 2278 sciam.
1664 2238 1680 2260 ³
1704 2236 2012 2289 Responditque

109 2300 227 2342 Ioab:
264 2300 425 2354 Augeat
459 2299 660 2340 Dominus
695 2297 893 2351 populum
928 2310 1047 2337 suum
1083 2295 1333 2349 centuplum,
1372 2308 1494 2349 quam
1530 2299 1643 2335 sunt:
1682 2308 1814 2336 nonne
1849 2295 2011 2336 domine

107 2360 163 2400 mi
186 2372 268 2408 rex,
295 2371 434 2400 omnes
458 2357 564 2398 servi
586 2357 648 2398 tui
672 2355 792 2397 sunt?
819 2368 943 2410 quare
966 2355 1042 2396 hoc
1068 2355 1212 2409 quaerit
1235 2354 1424 2396 dominus
1447 2366 1572 2403 1116113,
1601 2354 1709 2407 quod
1732 2353 1773 2393 in
1796 2358 2010 2407 peccatum

107 2422 321 2472 reputetur
352 2416 514 2458 Israeli?
571 2418 588 2441 4
617 2416 696 2457 Sed
726 2428 856 2456 sermo
887 2414 989 2468 regis
1019 2414 1147 2468 magis
1177 2413 1410 2467 praevaluit:
1443 2425 1703 2466 egressusque
1733 2416 1794 2453 est
1825 2412 1936 2455 Ioab.
1971 2416 2011 2453 et

107 2477 293 2519 circuivit
313 2476 548 2517 universum
570 2474 711 2523 Israel:
735 2479 775 2515 et
793 2487 977 2515 reversus
998 2478 1059 2514 est
1081 2472 1318 2514 Ierusalem:
1365 2474 1381 2496 ⁵
1400 2472 1606 2525 Deditque
1626 2471 1776 2512 Davidi
1797 2483 2009 2511 numerum

107 2549 258 2585 eorum,
281 2548 381 2589 quos
401 2534 631 2576 circuierat:
652 2538 692 2574 et
710 2533 903 2574 inventus
921 2537 982 2573 est
1001 2532 1130 2574 omnis
1150 2544 1342 2572 numerus
1364 2530 1496 2575 Israel,
1518 2530 1625 2571 mille
1643 2530 1769 2570 millia
1786 2534 1827 2571 et
1845 2534 2008 2570 centum

106 2594 233 2636 millia
268 2594 447 2636 virorum
484 2592 745 2634 educentium
780 2592 978 2645 gladium:
1017 2592 1066 2632 de
1104 2590 1207 2631 Iuda
1242 2595 1380 2631 autem
1418 2589 1716 2644 quadringenta
1750 2588 2010 2642 septuaginta

107 2654 233 2694 millia
253 2653 509 2694 bellatorum.
562 2653 577 2676 ⁶
599 2652 705 2692 Nam
726 2651 836 2697 Levi,
861 2656 902 2692 et
924 2650 1137 2691 Beniamin
1158 2662 1240 2691 non
1261 2649 1511 2690 numeravit:
1535 2661 1580 2689 eo
1603 2648 1712 2701 quod
1735 2647 1832 2688 Ioab
1854 2647 2008 2687 invitus

107 2717 375 2767 exequeretur
402 2711 504 2765 regis
532 2711 760 2764 imperium.

214 2773 228 2796 ⁷
259 2770 477 2825 Displicuit
510 2776 648 2811 autem
679 2769 766 2810 Deo
800 2769 909 2823 quod
941 2768 1093 2809 iussum
1126 2772 1232 2816 erat:
1265 2772 1306 2808 et
1337 2766 1534 2820 percussit
1567 2765 1700 2806 Israel.
1764 2766 1778 2788 ⁸
1809 2764 2007 2817 Dixitque

105 2830 243 2871 David
271 2831 323 2871 ad
350 2830 502 2871 Deum:
532 2828 703 2870 Peccavi
732 2828 850 2869 nimis
878 2832 926 2868 ut
953 2827 1029 2868 hoc
1056 2827 1249 2868 facerem:
1280 2826 1444 2867 obsecro
1474 2825 1587 2865 aufer
1613 2823 1873 2876 iniquitatem
1902 2822 2007 2863 servi

106 2889 178 2939 tui,
213 2889 308 2943 quia
335 2889 572 2942 insipienter
601 2888 674 2941 egi.
735 2889 751 2911 ⁹
780 2887 836 2928 Et
864 2886 1024 2928 locutus
1055 2890 1116 2926 est
1145 2885 1346 2927 Dominus
1376 2884 1427 2925 ad
1457 2883 1547 2925 Gad
1577 2882 1792 2924 Videntem
1822 2881 2005 2929 Davidis‚

106 2948 260 2989 dicens:
315 2949 350 2972 1⁰
374 2947 499 2993 Vade,
528 2952 569 2988 et
593 2946 757 3000 loquere
784 2945 835 2986 ad
860 2945 1010 2991 David,
1038 2950 1080 2985 et
1105 2944 1169 2985 dic
1195 2944 1247 2985 ei:
1276 2943 1373 2984 Haec
1399 2943 1497 2984 dicit
1522 2941 1740 2983 Dominus:
1768 2941 1906 2981 Trium
1932 2939 2008 2981 tibi

106 3007 314 3061 optionem
338 3007 409 3055 do:
434 3019 573 3055 unum,
601 3006 710 3059 quod
733 3004 919 3052 volueris,
947 3003 1056 3057 elige,
1083 3008 1124 3044 et
1146 3003 1295 3044 faciam
1318 3002 1405 3043 tibi.
1458 3003 1488 3025 ¹¹
1513 3000 1695 3053 Cumque
1718 3000 1895 3040 venisset
1918 2999 2008 3040 Gad

106 3066 158 3107 ad
182 3066 331 3115 David,
360 3065 465 3106 dixit
489 3064 542 3105 ei:
570 3064 668 3105 Haec
693 3064 792 3105 dicit
816 3063 1035 3104 Dominus:
1062 3061 1175 3115 Elige
1202 3061 1311 3115 quod
1336 3060 1528 3102 volueris:
1582 3060 1613 3083 ¹2
1638 3064 1711 3100 aut
1734 3059 1866 3099 tribus
1891 3057 2007 3098 annis

104 3125 274 3166 famem:
305 3130 378 3165 aut
406 3124 536 3165 tribus
565 3123 771 3164 mensibus
800 3127 841 3163 te
869 3122 1006 3175 fugere
1035 3121 1171 3162 hostes
1200 3125 1304 3167 tuos,
1337 3124 1378 3160 et
1404 3118 1585 3172 gladium
1613 3130 1752 3159 eorum
1781 3130 1862 3158 non
1890 3129 2007 3169 posse

105 3184 294 3224 evadere:
328 3188 400 3224 aut
430 3183 561 3224 tribus
591 3182 734 3223 diebus
763 3181 944 3235 gladium
974 3180 1152 3227 Domini,
1186 3184 1227 3220 et
1256 3177 1530 3232 pestilentiam
1561 3176 1713 3218 versari
1742 3176 1783 3216 in
1814 3180 1933 3223 terra,
1966 3178 2007 3215 et

105 3242 293 3296 angelum
321 3242 487 3284 Domini
515 3240 740 3282 interficere
767 3241 809 3281 in
838 3239 1035 3280 universis
1064 3238 1212 3279 finibus
1242 3236 1382 3278 Israel:
1414 3249 1521 3276 nunc
1549 3235 1672 3289 igitur
1700 3235 1793 3275 vide
1823 3233 1919 3287 quid
1947 3245 2006 3272 re-

104 3302 327 3355 spondeam
348 3300 395 3350 ei,
419 3300 488 3354 qui
507 3300 619 3341 misit
637 3313 714 3341 me.
764 3301 795 3325 13
815 3299 871 3339 Ε1
891 3298 996 3339 dixit
1015 3297 1151 3338 David
1172 3297 1223 3337 ad
1244 3296 1351 3337 Gad:
1374 3295 1438 3335 Ex
1459 3294 1568 3336 omni
1588 3298 1705 3347 parte
1724 3306 1789 3333 me
1810 3291 2005 3345 angustiae

103 3366 313 3413 premunt:
346 3360 416 3401 sed
446 3359 588 3399 melius
619 3358 718 3398 mihi
749 3363 821 3403 est,
855 3362 902 3398 ut
932 3357 1109 3397 incidam
1140 3356 1181 3396 in
1212 3367 1356 3395 manus
1388 3353 1565 3399 Domini,
1615 3352 1709 3406 quia
1739 3350 1878 3391 multae
1907 3352 2001 3388 sunt

236 3446 289 3486 ⁶20,
311 3448 328 3479 1
352 3446 390 3479 ³2
411 3445 469 3479 8111
492 3445 544 3486 10,
567 3446 601 3486 73
624 3446 676 3485 11,
699 3446 728 3478 1.
754 3465 796 3468 —
821 3445 841 3477 4
865 3445 903 3477 ᾖ2
928 3444 987 3478 8111
1011 3444 1064 3483 21,
1090 3443 1140 3476 18.
1168 3463 1209 3465 fi
1234 3441 1287 3483 21,
1313 3442 1330 3474 1
1361 3441 1395 3473 02
1420 3440 1478 3474 Sm
1500 3440 1553 3480 24,
1580 3440 1614 3478 1;
1642 3437 1696 3471 Inf
1720 3437 1772 3475 27,
1798 3435 1847 3467 24.

2032 306 2093 337 Syri
2120 305 2182 335 noli,

2029 772 2203 796 Ammonnae

2084 807 2147 832 soli.

2051 1419 2190 1449 Primum,

2035 1535 2203 1565 secundum,

2052 1710 2171 1734 tertium
2179 1717 2184 1739 ;

2055 1942 2183 1973 gigantes

2084 1983 2154 2001 caesi.

2060 2115 2179 2145 Propter

2032 2151 2205 2175 numeratio-

2031 2193 2094 2210 nem
2110 2193 2127 2210 a
2142 2193 2204 2215 rene

2031 2222 2202 2252 praeceptam

2050 2763 2174 2793 populus

2029 2798 2195 2829 pestilentia

2036 2834 2186 2864 affligitur,
