2356 3760
135 109 166 147 6,
191 109 311 150 21-8,
337 109 379 143 13
793 130 798 134 ·
999 107 1167 142 ESDRAE
1937 109 2038 152 1215

135 200 334 240 aedificatur,
356 203 391 234 et
409 210 478 234 non
499 201 631 245 accepit
651 199 992 235 consummationem.
1038 201 1062 219 ²¹
1083 200 1185 233 Nunc
1205 210 1282 243 ergo
1303 199 1330 233 si
1350 199 1522 233 iudicatur
1542 210 1562 233 a
1581 205 1615 233 te
1636 211 1655 234 o
1676 211 1745 241 rex,
1766 202 1986 246 perquiratur
2004 203 2039 236 in

135 247 303 292 regalibus
327 247 542 281 bibliothecis
566 248 645 291 Gyri
667 247 766 292 regis,
791 256 866 290 quae
890 250 972 280 sunt
994 247 1029 280 in
1053 246 1261 290 Babylonia:
1310 248 1337 266 ²²
1360 249 1395 280 et
1418 246 1446 280 si
1468 246 1649 280 inventum
1673 247 1776 281 fuerit
1799 248 1936 282 consilio
1961 249 2039 293 Cyri

135 294 220 338 regis
242 299 394 338 coeptam
415 304 486 328 esse
507 297 718 328 structuram
739 293 861 327 domus
883 292 1033 334 Domini,
1056 304 1132 337 quae
1154 295 1206 327 est
1226 293 1262 327 in
1284 293 1480 333 Ierusalem,
1503 296 1538 327 et
1558 292 1731 327 iudicatur
1752 305 1772 327 a
1793 294 1940 329 Domino
1962 307 2037 341 rege

135 343 263 381 nostro,
288 341 417 375 scribat
440 340 481 374 de
505 341 557 374 his
580 341 689 375 nobis.

247 390 273 408 ²³
296 388 392 423 Tunc
414 387 539 422 Darius
561 399 621 421 rex
644 386 805 432 praecepit
827 386 952 430 inquiri
975 387 1010 420 iu
1034 387 1263 421 bibliothecis:
1288 390 1324 420 et
1345 387 1506 421 inventus
1530 390 1582 421 est
1604 387 1639 421 in
1662 387 1874 422 Ecbathanis
1898 389 2035 433 oppido,
2089 390 2194 415 Darius

135 434 228 478 quod
250 438 302 469 est
322 435 358 468 in
378 434 492 468 media
512 434 646 478 regione
667 434 760 468 10003
782 444 881 473 11003,
903 433 938 466 10
960 444 1028 477 quo
1050 434 1178 478 scripta
1199 436 1298 467 erant
1318 433 1399 467 ista:
1446 435 1472 454 ²⁴
1494 434 1623 469 ANNO
1637 434 1746 478 primo
1760 438 1924 478 regnante
1938 436 2035 479 Cym,
2067 425 2217 485 dgcrgtrlixrn

134 492 193 515 rex
214 482 321 525 Cyrus
342 481 504 526 praecepit
523 481 665 514 domum
685 480 825 514 Domini
845 490 920 524 quae
941 483 993 514 est
1012 480 1047 513 in
1069 481 1253 514 Ierusalem
1273 480 1451 521 aedificare,
1472 480 1531 514 ubi
1550 481 1781 515 incendebant
1800 481 1868 525 igni
1889 482 2034 522 assiduo,
2062 468 2220 520 Eeiiatanis

136 530 162 547 ²⁶
190 529 284 562 cuius
313 527 462 562 altitudo
490 527 535 561 sit
561 527 756 561 cubitorum
784 527 912 567 decem,
941 529 977 561 et
1002 527 1152 561 latitudo
1180 527 1375 561 cubitorum
1402 527 1592 571 sexaginta,
1630 527 1840 571 quadratum
1867 528 2037 573 lapidibus
2085 531 2197 556 invenit

138 575 252 619 politis
271 575 392 614 tribus,
412 577 446 608 et
462 574 621 608 meniano
639 573 748 618 ligneo
767 573 919 608 eiusdem
936 574 1092 619 regionis,
1110 577 1145 607 et
1162 574 1321 607 meniano
1339 584 1407 607 uno
1425 585 1526 614 novo,
1546 577 1580 608 et
1596 574 1771 618 impendia
1788 575 1861 609 dari
1879 575 1920 609 de
1938 575 2040 609 domo

135 622 214 665 Cyri
231 622 332 666 regis:
373 623 402 641 2⁶
417 624 452 655 et
467 631 564 655 sacra
578 631 663 654 vasa
678 620 799 654 domus
816 620 955 655 Domini
972 624 1044 654 tam
1061 631 1165 655 aurea
1180 631 1285 664 quam
1302 623 1474 665 argentea,
1491 631 1566 664 quae
1583 621 1708 655 ext-ulit
1723 622 2041 656 Nabuchodonosor

137 668 171 702 in
189 668 331 702 domum
349 667 498 708 Domini,
517 678 592 712 quae
610 670 661 701 est
678 668 712 701 in
731 667 926 708 Ierusalem,
945 667 1003 701 ubi
1020 670 1118 701 erant
1136 667 1259 712 posita,
1278 670 1317 701 ut
1334 670 1508 711 ponantur
1523 667 1605 701 illic:
1647 669 1674 687 ²⁷
1693 671 1727 701 et
1744 669 1906 713 praecepit
1922 680 2038 703 curam

137 726 235 760 agere
255 715 432 749 Sisemiem
451 714 672 759 subregulum
691 714 807 758 Syriae,
829 717 864 749 et
884 715 1065 755 Phcenicis‚
1087 717 1122 749 et
1142 714 1424 753 Satrabuzanem,
1446 718 1481 747 et
1500 714 1632 749 sodales
1653 714 1733 754 eius,
1756 718 1791 748 61
1811 716 1869 759 (101
1889 716 2037 750 ordinati

135 765 234 796 erant
258 762 293 796 in
319 762 418 805 Syria
443 763 478 795 et
503 761 663 795 Phoenice
690 761 859 806 praesides,
887 764 926 795 ut
952 761 1165 795 abstinerent
1190 772 1225 795 se
1251 761 1294 794 ab
1321 761 1441 794 eodem
1467 761 1551 796 loco.

246 811 275 829 ²⁸
291 809 337 842 Et
352 819 413 853 ego
429 818 565 852 quoque
582 808 726 852 praecepi
740 808 775 841 in
790 810 905 842 totum
920 808 1101 842 aedificare:
1120 810 1154 841 et
1170 807 1340 852 prospexi,
1357 810 1397 841 ut
1412 807 1578 841 adiuvent
1594 819 1649 841 eos
1665 808 1724 852 qui
1739 814 1820 842 sunt
1835 818 1876 842 ex
1893 809 2035 853 captivi·
2055 813 2090 831 ¹¹0
2110 806 2224 836 proprie

135 860 209 890 tate
233 855 437 895 Iudaeorum,
462 854 570 888 donec
594 859 850 889 consummetur
872 855 1041 899 templum
1064 855 1145 889 aedis
1169 854 1323 888 Domini:
1372 856 1400 874 ²⁹
1423 857 1459 888 et
1481 865 1502 888 a
1524 854 1707 888 vexatione
1731 855 1939 889 tributorum
1963 856 2036 890 Coe·
2080 842 2202 901 ἓὲξξξζο

135 903 264 946 lesyn'ae
286 905 321 936 et
342 901 522 942 Phoenicis,
545 902 725 946 diligenter
745 902 979 946 quantitatem
1001 902 1074 936 dari
1095 902 1146 935 his
1168 901 1364 936 hominibus
1386 901 1429 935 ad
1450 901 1653 935 sacrificium
1676 901 1826 942 Domini,
1850 902 2036 936 Zorobabel
2086 912 2197 937 tionem

137 950 308 994 praefecto,
331 948 375 983 ad
398 951 526 989 tauros,
549 951 584 982 et
606 949 738 989 arietes,
762 951 797 982 et
818 960 935 993 agnos,
981 951 1010 969 ³⁰
1031 949 1186 982 similiter
1208 952 1325 982 autem
1348 951 1382 982 et
1404 949 1628 989 frumentum,
1652 951 1687 982 et
1708 948 1768 989 sal,
1792 952 1826 983 et
1849 949 1979 989 vinum,
2002 952 2037 983 et
2068 947 2213 994 permittit

136 996 247 1030 oleum
268 996 438 1030 instanter
458 1006 518 1040 per
538 996 686 1040 singulos
708 1006 826 1035 annos,
849 1000 952 1039 prout
972 995 1164 1029 sacerdotes
1186 995 1246 1039 qui
1266 998 1348 1029 sunt
1368 995 1402 1029 in
1425 995 1620 1035 Ierusalem,
1642 995 1863 1029 dictaverunt
1884 996 2037 1030 consumi
2067 984 2097 1008 et
2117 983 2213 1011 mvat,

135 1042 288 1087 quotidie
308 1043 380 1076 sine
400 1042 470 1076 ulla
489 1042 663 1083 dilatione,
689 1044 714 1062 ³¹
730 1045 769 1076 ut
785 1042 974 1076 offerantur
986 1043 1167 1076 libationes
1188 1053 1322 1076 summo
1344 1042 1415 1076 Deo
1437 1053 1497 1086 pro
1518 1053 1594 1086 rege
1609 1045 1643 1076 et
1658 1043 1769 1086 pueris
1784 1043 1866 1082 eius,
1888 1046 1922 1077 et
1942 1046 2041 1077 orent

139 1101 199 1134 pro
219 1090 371 1134 ipsorum
392 1089 480 1123 vita:
525 1091 551 1109 ³²
571 1092 606 1123 et
624 1089 860 1130 denuncietur,
882 1092 921 1123 ut
941 1090 1148 1134 quicumque
1168 1089 1368 1133 transgressi
1388 1089 1516 1123 fuerint
1535 1089 1664 1133 aliquid
1684 1100 1725 1122 ex
1745 1089 1796 1123 his
1817 1099 1892 1133 quae
1912 1089 2040 1134 scripta

139 1140 231 1177 sunt,
256 1140 318 1170 aut
341 1136 543 1181 spreverint,
569 1137 758 1181 accipiatur
780 1136 909 1181 lignum
935 1136 976 1170 de
1000 1137 1068 1170 suis
1094 1136 1248 1181 propriis,
1274 1140 1309 1170 et
1332 1135 1597 1180 suspendantur,
1623 1138 1657 1170 et
1681 1136 1772 1169 bona
1795 1136 1947 1180 ipsorum
1971 1136 2040 1181 regi

136 1184 361 1218 ascribantur.
406 1185 433 1203 ³³
454 1183 640 1227 Propterea
659 1186 694 1218 et
713 1183 892 1223 Dominus,
915 1184 1009 1217 cuius
1029 1194 1155 1217 nomen
1174 1184 1375 1217 invocatum
1395 1186 1447 1216 est
1466 1183 1523 1223 1111,
1545 1183 1751 1217 exterminet
1770 1194 1907 1216 omnem
1926 1194 2039 1227 regem

136 1234 171 1264 et
192 1233 340 1275 gentem,
365 1230 424 1274 qui
445 1240 587 1264 manum
609 1241 707 1264 suam
730 1230 924 1264 extenderit
946 1230 1134 1274 prohibere,
1158 1233 1219 1264 aut
1241 1230 1329 1263 male
1352 1232 1500 1263 tractare
1523 1229 1664 1263 domum
1687 1229 1826 1264 Domini
1848 1230 1941 1264 illam
1964 1240 2039 1274 quae

136 1282 187 1311 est
212 1278 247 1311 in
273 1277 467 1312 Ierusalem.
517 1279 543 1297 ³⁴
568 1277 641 1321 Ego
667 1277 790 1311 Darius
815 1288 874 1311 rex
900 1277 1033 1311 decrevi
1059 1288 1163 1321 quam
1189 1277 1445 1321 diligentissime
1470 1277 1657 1310 secundum
1683 1277 1755 1310 haec
1780 1276 1861 1311 fieri.

247 1325 276 1359 7.
324 1326 335 1344 ¹
361 1324 456 1358 Tunc
475 1324 631 1358 Sisennes
650 1324 849 1369 subregulus
869 1324 1070 1368 Coelesyriae,
1090 1327 1125 1358 et
1144 1324 1325 1364 Phoenicis,
1345 1326 1380 1358 et
1398 1323 1660 1363 Satrabuzanes,
1681 1326 1716 1357 et
1733 1323 1865 1357 sodales
1885 1323 2037 1358 obsecuti
2090 1326 2194 1365 equum

137 1371 199 1412 his,
227 1382 302 1415 quae
328 1382 348 1405 a
372 1371 477 1405 Dario
503 1382 579 1416 rege
604 1374 703 1405 erant
727 1371 874 1411 decreta,
924 1373 936 1391 2
960 1371 1166 1405 insistebant
1190 1371 1415 1405 sacrosanctis
1441 1371 1599 1415 operibus
1625 1370 1892 1415 diligentissime,
1919 1381 2037 1414 coope—
2068 1361 2217 1422 Defeffi'ffn'

138 1421 251 1452 rantes
273 1429 350 1452 cum
371 1418 559 1452 senioribus
583 1418 776 1452 Iudaeorum
797 1418 1007 1462 principibus
1028 1418 1143 1461 Syriae.
1190 1420 1201 1437 ³
1222 1420 1258 1451 et
1278 1420 1479 1461 prosperata
1499 1420 1581 1451 sunt
1601 1420 1819 1451 sacrosancta
1840 1428 1943 1462 opera
1964 1428 2038 1461 pro·
2090 1402 2108 1427 p
2190 1415 2194 1419 “

138 1465 362 1509 phetantibus
384 1466 508 1509 Aggaeo
530 1468 565 1499 et
587 1465 750 1499 Zacharia
771 1464 957 1509 prophetis.
1002 1466 1016 1484 ⁴
1036 1464 1083 1498 Et
1105 1467 1434 1498 consummaverunt
1454 1464 1569 1497 omnia
1590 1475 1650 1508 per
1670 1467 1879 1508 praeceptum
1902 1464 2041 1497 Domini

137 1512 201 1546 Dei
219 1512 332 1552 Israel,
351 1515 386 1545 61
402 1523 443 1545 ex
461 1512 599 1546 consilio
616 1511 705 1555 Cyri,
723 1514 758 1545 et
774 1511 880 1552 Darii,
898 1514 934 1545 et
949 1512 1149 1545 Artaxerxis
1166 1511 1252 1556 regis
1270 1511 1460 1545 Persarum.
1502 1512 1514 1530 ⁵
1531 1511 1578 1544 Et
1594 1514 1835 1545 consummata
1851 1513 1902 1544 est
1919 1511 2040 1544 domus

136 1563 255 1593 nostra
277 1570 384 1603 usque
407 1559 451 1593 ad
474 1559 613 1593 tertiam
636 1562 670 1593 et
693 1559 891 1592 vicesimam
915 1558 1004 1592 diem
1028 1558 1152 1592 mensis
1175 1558 1280 1598 Adar,
1304 1561 1402 1592 sexto
1425 1568 1516 1592 anno
1539 1558 1635 1592 Darii
1657 1558 1752 1602 regis.

241 1639 276 1674 8.
304 1638 525 1675 Dedicatio
551 1637 697 1683 templi
726 1639 768 1674 et
794 1637 1026 1674 celebratio
1054 1637 1292 1683 paschatis,
1319 1637 1354 1683 7,
1371 1636 1488 1674 6—15
1517 1637 1584 1683 (cf.
1613 1637 1690 1674 Esr
1715 1637 1750 1683 6,
1767 1637 1938 1683 16—22).

249 1705 262 1723 Β
283 1703 330 1737 Et
350 1703 505 1736 fecerunt
526 1702 584 1736 filii
607 1703 711 1737 Israel
731 1706 767 1738 et
787 1703 979 1737 sacerdotes
1001 1706 1036 1736 et
1057 1703 1198 1743 Levitae,
1221 1706 1255 1736 et
1277 1702 1379 1736 ceteri
1400 1703 1459 1746 qui
1480 1706 1579 1736 erant
1599 1713 1641 1736 ex
1663 1703 1878 1746 captivitate,
1901 1703 1959 1747 qui
1980 1714 2039 1748 ap·
2068 1702 2221 1727 Dedicatio

138 1751 241 1795 positi
258 1752 340 1784 sunt
356 1749 544 1784 secundum
564 1760 604 1784 ea
622 1761 697 1794 quae
715 1750 844 1795 scripta
861 1753 943 1784 sunt
960 1750 993 1783 in
1013 1750 1098 1784 libro
1117 1750 1237 1793 Moysi.
1283 1751 1294 1769 ⁷
1314 1750 1361 1784 Et
1379 1749 1580 1783 obtulerunt
1597 1749 1632 1783 in
1651 1749 1901 1784 dedicationem
1919 1750 2039 1794 templi
2087 1737 2200 1766 domus,

138 1797 288 1836 Domini,
310 1800 427 1831 tauros
448 1799 598 1836 centum,
620 1797 742 1831 arietes
763 1798 940 1836 ducentos,
962 1808 1066 1842 agnos
1088 1797 1368 1841 quadringentos,
1414 1798 1426 1816 ⁸
1447 1800 1482 1831 et
1501 1797 1621 1830 hoedos
1642 1807 1702 1841 pro
1724 1797 1871 1841 peccatis
1892 1797 2041 1831 universi

140 1844 254 1884 Israel,
274 1843 466 1884 duodecim,
485 1844 674 1878 secundum
692 1855 873 1878 numerum
893 1844 1046 1878 tribuum
1067 1844 1181 1879 Israel.
1226 1846 1238 1864 ⁹
1258 1844 1305 1878 Et
1322 1846 1494 1878 steterunt
1512 1843 1704 1878 sacerdotes
1723 1846 1758 1878 et
1777 1844 1905 1878 Levitae
1924 1844 2039 1878 amicti

137 1891 233 1925 stolis
247 1902 307 1936 per
320 1890 429 1925 tribus
443 1901 545 1935 super
557 1892 673 1925 omnia
686 1902 790 1936 opera
802 1891 941 1925 Domini
955 1891 1019 1925 Dei
1034 1891 1139 1925 Israel
1151 1891 1340 1925 secundum
1354 1891 1477 1924 librum
1494 1891 1614 1934 Moysi,
1629 1894 1664 1924 et
1677 1891 1806 1925 ostiarii
1820 1902 1880 1935 per
1892 1891 2041 1935 singulas

137 1950 267 1972 ianuas.

250 1987 278 2006 ¹⁰
289 1984 335 2018 Et
350 1988 493 2029 egerunt
507 1984 566 2018 filij
578 1985 681 2019 Israel
695 1996 772 2019 cum
787 1986 838 2019 his
854 1986 914 2030 qui
928 1988 1025 2019 erant
1040 1996 1081 2019 ex
1097 1985 1313 2029 captivitate,
1327 1985 1411 2019 illud
1426 1985 1535 2019 Phase
1549 1984 1809 2029 quartadecima
1821 1985 1904 2019 luna
1916 1985 2040 2019 mensis
2055 1986 2235 2011 sollemnitas

140 2032 250 2076 primi,
274 2031 413 2076 quando
436 2031 642 2066 sanctificati
664 2037 746 2066 sunt
767 2032 961 2067 sacerdotes
984 2035 1019 2066 et
1042 2032 1181 2067 Levitae.
1228 2034 1253 2052 ¹¹
1279 2032 1404 2066 Omnes
1428 2032 1486 2066 filii
1510 2032 1723 2076 captivitatis
1746 2043 1815 2066 non
1837 2034 1919 2066 sunt
1941 2032 2041 2065 simul
2054 2029 2235 2053 azymorum.

138 2078 354 2119 sanctificati,
379 2078 460 2123 quia
482 2079 612 2113 Levitae
636 2090 753 2113 omnes
776 2080 877 2114 simul
900 2080 1106 2113 sanctificati
1129 2083 1220 2114 311111.
1268 2081 1295 2099 ¹²
1319 2079 1366 2113 Et
1388 2078 1656 2113 immolaverunt
1680 2079 1788 2113 Phase
1812 2078 1961 2113 universi
1984 2079 2043 2112 filii

139 2126 364 2171 captivitatis,
388 2129 423 2159 et
444 2126 608 2160 tratribus
630 2126 699 2160 suis
721 2126 968 2167 sacerdotibus,
992 2130 1026 2160 et
1048 2126 1278 2171 sibimetipsis.
1325 2128 1352 2146 ¹³
1374 2126 1422 2160 Et
1443 2126 1742 2160 manducaverunt
1764 2126 1823 2159 filii
1847 2126 1960 2166 Israel,
1985 2126 2043 2169 qui

138 2176 237 2207 erant
257 2183 299 2207 ex
320 2172 525 2217 captivitate
546 2183 663 2207 omnes
684 2173 743 2218 qui
763 2177 999 2208 remanserant
1020 2173 1063 2207 ab
1085 2173 1244 2207 omnibus
1265 2173 1539 2207 execrationibus
1560 2172 1714 2217 gentium
1735 2176 1833 2207 terrae
1854 2176 2045 2217 quaerentes

138 2220 338 2259 Dominum,
387 2221 415 2239 ¹⁴
441 2222 476 2254 et
502 2220 762 2254 celebraverunt
788 2220 877 2254 diem
905 2221 1033 2254 festum
1059 2231 1260 2263 azymorum
1287 2223 1419 2264 septem
1446 2219 1566 2253 diebus
1593 2219 1771 2263 epulantes
1798 2220 1832 2253 in
1860 2222 2044 2264 conspectu

139 2267 290 2306 Domini,
339 2268 366 2287 ¹⁵
391 2267 554 2311 quoniam
581 2267 753 2301 convertit
777 2267 955 2301 consilium
981 2267 1067 2311 regis
1092 2266 1310 2310 Assyriorum
1335 2267 1371 2300 in
1396 2277 1463 2306 603,
1491 2267 1683 2300 confortare
1709 2276 1831 2300 manus
1857 2277 1974 2300 eorum
2000 2266 2044 2299 ad

139 2325 243 2359 opera
265 2313 405 2348 Domini
430 2313 494 2347 Dei
520 2314 633 2348 Israel.

459 2406 528 2448 ΙΙ.
560 2406 762 2448 Reditus
794 2407 1063 2448 Iudaeorum
1094 2406 1248 2448 Esdra
1281 2405 1412 2458 duce,
1443 2406 1486 2457 8,
1511 2405 1639 2458 l——-9‚
1662 2405 1731 2447 36.

383 2479 418 2515 1.
447 2478 675 2517 Generalis
702 2481 934 2527 descriptio
961 2480 1200 2526 reditionis,
1226 2479 1374 2526 8,1—8
1401 2479 1469 2526 (cf.
1497 2479 1574 2516 Esr
1599 2478 1800 2526 7,1—10).

226 2544 257 2580 8.
304 2547 315 2564 1
341 2544 389 2578 Ε1
416 2547 495 2588 post
521 2544 613 2578 hunc
640 2548 804 2590 regnante
831 2546 1022 2580 Artaxerxe
1051 2545 1231 2579 Persarum
1259 2555 1346 2589 rege,
1375 2544 1517 2578 accessit
1545 2543 1671 2577 Esdras
1699 2543 1787 2577 filius
1815 2544 1955 2584 Azariae,
1984 2544 2042 2577 filii
2094 2545 2200 2570 Esar-as

140 2591 277 2632 Helciae,
296 2591 357 2625 filii
375 2591 521 2631 Solome,
564 2593 576 2611 ‘³
595 2591 654 2625 filii
672 2592 794 2633 Sadoc,
814 2592 874 2626 filii
893 2592 1053 2633 Achitob,
1073 2592 1133 2626 filii
1151 2592 1278 2632 Ameri,
1298 2591 1358 2625 filii
1376 2591 1515 2631 Azahel,
1535 2591 1595 2624 filii
1614 2590 1727 2631 Bocci,
1748 2590 1807 2624 filii
1825 2590 1963 2632 Abisue,
1984 2591 2042 2624 filii
2069 2587 2225 2641 mugitibus

139 2638 294 2679 Phinees,
314 2638 374 2672 filii
392 2637 557 2679 Eleazari,
577 2638 636 2672 filii
654 2640 770 2673 Aaron
789 2640 890 2684 primi
907 2639 1108 2674 sacerdotis:
1152 2641 1164 2659 ³
1182 2638 1237 2673 hic
1255 2639 1382 2673 Esdras
1402 2637 1557 2672 ascendit
1575 2638 1616 2671 de
1635 2637 1838 2681 Babylonia,
1859 2648 1936 2671 cum
1955 2640 2044 2671 esset

139 2685 251 2720 scriba
268 2687 303 2719 et
319 2685 513 2730 ingeniosus
530 2685 566 2719 in
582 2685 654 2730 lege
672 2686 794 2730 Moysi,
813 2697 889 2731 quae
907 2686 992 2721 data
1009 2689 1062 2720 est
1079 2697 1100 2720 a
1117 2686 1266 2720 Domino
1285 2686 1358 2719 Deo
1377 2685 1481 2719 Israel
1500 2685 1619 2719 docere
1637 2687 1672 2718 et
1690 2685 1810 2718 facere.
1852 2685 1865 2704 ⁴
1883 2684 1930 2718 Et
1947 2684 2044 2718 dedit

139 2732 169 2766 ei
191 2743 252 2766 rex
274 2732 427 2777 gloriam,
453 2732 546 2776 quod
569 2732 756 2768 invenisset
778 2734 926 2778 gratiam
949 2733 984 2767 in
1008 2733 1101 2767 omni
1125 2732 1294 2777 dignitate
1318 2734 1353 2766 et
1376 2732 1542 2766 desiderio
1565 2731 1601 2765 in
1624 2733 1809 2775 conspectu
1833 2731 1913 2765 eius.
1962 2733 1974 2750 ⁵
1998 2731 2045 2765 Et

140 2779 369 2813 ascenderunt
388 2779 489 2812 simul
509 2790 586 2812 cum
606 2779 680 2824 ipso
700 2791 742 2814 ex
761 2780 837 2814 filiis
859 2780 973 2820 Israel,
994 2783 1029 2814 et
1048 2779 1282 2814 sacerdotibus
1303 2782 1338 2813 et
1357 2778 1497 2819 Levitis,
1518 2781 1553 2812 et
1571 2777 1674 2812 sacris
1694 2777 1891 2812 cantoribus
1911 2778 2043 2822 templi,

140 2828 175 2860 et
198 2826 355 2866 ostiariis,
380 2828 415 2860 et
437 2826 542 2860 servis
566 2827 686 2871 templi
709 2828 744 2861 in
769 2827 964 2862 Ierusalem.

231 2874 243 2893 ⁶
262 2873 362 2907 Anno
381 2872 527 2917 septimo
546 2876 711 2918 regnante
730 2875 934 2914 Artaxerxe,
953 2874 989 2908 in
1008 2873 1130 2918 quinto
1149 2884 1276 2913 mense,
1296 2873 1351 2907 hic
1370 2883 1480 2906 annus
1499 2872 1665 2916 septimus
1686 2874 1738 2905 est
1755 2871 1859 2915 regni,
1880 2874 2044 2905 exeuntes
2078 2869 2217 2915 ierosely7

140 2920 183 2953 de
200 2919 395 2962 Babylonia
412 2920 588 2954 novilunio
608 2921 720 2964 quinti
738 2921 875 2962 mensis,
919 2922 931 2941 ⁷
951 2923 1120 2955 venerunt
1140 2920 1386 2963 Ierosolymam
1404 2919 1504 2953 iuxta
1521 2920 1731 2963 praeceptum
1749 2918 1837 2952 illius
1856 2918 2045 2952 secundum
2057 2911 2136 2928 mam
2151 2906 2240 2929 vemt.

141 2966 404 3011 prosperitatem
426 2966 556 3001 itineris
578 2978 599 3001 a
620 2967 769 3002 Domino
791 2969 944 3013 ipsorum
966 2967 1086 3002 datam
1108 2967 1165 3002 eis.
1214 2969 1225 2987 Β
1250 2967 1290 3000 10
1311 2966 1362 3000 1113
1385 2966 1475 3000 60110
1498 2965 1625 2999 Esdras
1647 2975 1809 3010 magnam
1831 2965 2044 3009 disciplinam

141 3013 333 3054 obtinebat,
349 3023 392 3047 ne
409 3014 688 3058 praetermitteret
705 3015 896 3060 quidquam
912 3025 1041 3055 eorum,
1059 3024 1135 3059 quae
1151 3016 1265 3048 essent
1280 3024 1322 3047 ex
1337 3013 1409 3058 lege
1426 3012 1566 3047 Domini
1582 3014 1617 3046 et
1633 3012 1822 3056 praeceptis,
1840 3014 1875 3046 et
1891 3011 2043 3045 docendo

142 3060 339 3095 universum
364 3060 468 3095 Israel
491 3071 629 3094 omnem
651 3061 822 3096 iustitiam
845 3065 880 3096 et
902 3061 1078 3099 iudicium.

427 3141 461 3178 2.
490 3141 679 3179 Edictum
706 3140 823 3186 regis
850 3140 1115 3185 Artaxerxis,
1140 3140 1177 3185 8,
1194 3138 1313 3176 9-30
1340 3138 1408 3184 (cf.
1436 3137 1513 3174 Esr
1539 3138 1573 3184 7,
1591 3137 1762 3183 11—28).

255 3198 480 3233 ‘'Accedentes
489 3202 617 3240 autem,
628 3200 688 3244 qui
695 3200 892 3235 scribebant
905 3200 1034 3245 scripta
1042 3199 1243 3234 Artaxerxis
1252 3198 1338 3242 regis
1348 3197 1566 3231 tradiderunt
1575 3197 1742 3242 scriptum
1753 3196 1845 3240 quod
1857 3195 2046 3229 obvenerat
2071 3197 2227 3226 Exemplar

142 3246 185 3280 ab
201 3247 392 3280 Artaxerxe
408 3256 484 3290 rege
500 3245 544 3279 ad
559 3246 708 3280 Esdram
723 3246 948 3288 sacerdotem,
964 3250 999 3281 et
1013 3247 1175 3281 lectorem
1190 3246 1271 3290 legis
1287 3244 1437 3284 Domini,
1454 3244 1548 3278 cuius
1565 3244 1759 3288 exemplum
1775 3242 1967 3276 subiectum
1984 3245 2044 3275 est.

253 3295 282 3314 ¹⁰
310 3292 408 3326 REX
434 3293 642 3327 Artaxerxes
668 3293 786 3327 Esdrae
811 3293 991 3335 sacerdoti,
1019 3296 1054 3328 et
1078 3293 1196 3327 lectori
1221 3292 1302 3336 legis
1329 3291 1468 3325 Domini
1493 3291 1650 3325 salutem.
1712 3292 1737 3310 ¹¹
1766 3288 1959 3322 Humanior
1984 3299 2043 3331 ego
2083 3287 2213 3333 epistolas

143 3339 296 3374 iudicans
314 3340 349 3373 in
365 3339 548 3379 beneficiis,
566 3341 711 3385 praecepi
727 3340 774 3374 eis
791 3340 851 3385 qui
867 3340 1064 3375 desiderant
1080 3351 1122 3374 ex
1138 3342 1239 3384 gente
1258 3338 1452 3373 Iudaeorum
1469 3349 1532 3372 sua
1547 3341 1680 3382 sponte,
1699 3339 1734 3371 et
1750 3347 1791 3369 ex
1808 3335 2041 3369 sacerdotibus
2080 3324 2216 3382 ,argisa-

143 3389 179 3421 et
197 3386 336 3428 Levitis,
357 3386 416 3432 qui
434 3389 516 3420 311111
533 3387 569 3420 111
586 3398 689 3431 regno
708 3398 795 3428 meo,
816 3387 972 3422 comitari
990 3390 1105 3421 tecum
1123 3387 1159 3420 in
1179 3385 1372 3420 Ierusalem.
1415 3386 1443 3405 ¹²
1461 3384 1496 3419 Si
1514 3385 1573 3429 qui
1592 3395 1668 3428 ergo
1688 3383 1832 3427 cupiunt
1850 3383 1896 3416 ire
1916 3385 2040 3434 tecum,
2167 3377 2174 3388 '

145 3434 363 3473 conveniant,
387 3436 421 3468 61
443 3433 702 3479 proficiscantur
723 3434 811 3469 sicut
833 3434 962 3479 placuit
983 3434 1066 3468 mihi
1088 3436 1122 3467 et
1144 3435 1277 3478 septem
1298 3432 1417 3466 amicis
1439 3432 1522 3467 meis
1545 3430 1752 3465 consiliariis.
1798 3432 1824 3449 ¹³
1846 3432 1885 3463 ut
1906 3430 2046 3461 vieitent
