<?xml version="1.0" encoding="UTF-8"?>
<!DOCTYPE html PUBLIC "-//W3C//DTD XHTML 1.0 Transitional//EN"
    "http://www.w3.org/TR/xhtml1/DTD/xhtml1-transitional.dtd">
<html xmlns="http://www.w3.org/1999/xhtml" xml:lang="en" lang="en">
 <head>
  <title>
</title>
<meta http-equiv="Content-Type" content="text/html;charset=utf-8" />
  <meta name='ocr-system' content='tesseract 3.04.00' />
  <meta name='ocr-capabilities' content='ocr_page ocr_carea ocr_par ocr_line ocrx_word'/>
</head>
<body>
  <div class='ocr_page' id='page_1' title='image "./bibliasacravulga00helzuoft_0494.png"; bbox 0 0 2356 3760; ppageno 0'>
   <div class='ocr_carea' id='block_1_1' title="bbox 108 270 264 365">
    <p class='ocr_par' dir='ltr' id='par_1_1' title="bbox 108 270 264 365">
     <span class='ocr_line' id='line_1_1' title="bbox 131 270 239 294; baseline -0.009 0"><span class='ocrx_word' id='word_1_1' title='bbox 131 270 239 294; x_wconf 81' lang='lat' dir='ltr'>sortem</span> 
     </span>
     <span class='ocr_line' id='line_1_2' title="bbox 108 311 264 334; baseline 0 -5"><span class='ocrx_word' id='word_1_2' title='bbox 108 311 264 334; x_wconf 68' lang='lat' dir='ltr'>impiorum</span> 
     </span>
     <span class='ocr_line' id='line_1_3' title="bbox 112 340 259 365; baseline 0 -1"><span class='ocrx_word' id='word_1_3' title='bbox 112 340 259 365; x_wconf 82' lang='lat' dir='ltr'>describit.</span> 
     </span>
    </p>
   </div>
   <div class='ocr_carea' id='block_1_2' title="bbox 88 2349 272 2415">
    <p class='ocr_par' dir='ltr' id='par_1_2' title="bbox 88 2349 272 2415">
     <span class='ocr_line' id='line_1_4' title="bbox 88 2349 272 2374; baseline -0.005 0"><span class='ocrx_word' id='word_1_4' title='bbox 88 2349 272 2374; x_wconf 77' lang='lat' dir='ltr'>Horrendum</span> 
     </span>
     <span class='ocr_line' id='line_1_5' title="bbox 91 2385 268 2415; baseline 0.006 -7"><span class='ocrx_word' id='word_1_5' title='bbox 91 2385 201 2409; x_wconf 77' lang='lat' dir='ltr'>facturn</span> <span class='ocrx_word' id='word_1_6' title='bbox 216 2388 268 2415; x_wconf 75' lang='lat' dir='ltr'>est,</span> 
     </span>
    </p>
   </div>
   <div class='ocr_carea' id='block_1_3' title="bbox 62 2688 258 2824">
    <p class='ocr_par' dir='ltr' id='par_1_3' title="bbox 127 2688 231 2718">
     <span class='ocr_line' id='line_1_6' title="bbox 127 2688 231 2718; baseline -0.01 -6"><span class='ocrx_word' id='word_1_7' title='bbox 127 2688 231 2718; x_wconf 73' lang='lat' dir='ltr'>impios</span> 
     </span>
    </p>

    <p class='ocr_par' dir='ltr' id='par_1_4' title="bbox 62 2724 258 2754">
     <span class='ocr_line' id='line_1_7' title="bbox 62 2724 258 2754; baseline 0.015 -9"><span class='ocrx_word' id='word_1_8' title='bbox 62 2731 66 2735; x_wconf 62' lang='lat'>¹</span> <span class='ocrx_word' id='word_1_9' title='bbox 99 2724 258 2754; x_wconf 57' lang='lat' dir='ltr'>garn-ratim</span> 
     </span>
    </p>

    <p class='ocr_par' dir='ltr' id='par_1_5' title="bbox 110 2758 248 2824">
     <span class='ocr_line' id='line_1_8' title="bbox 110 2758 248 2784; baseline 0.007 -2"><span class='ocrx_word' id='word_1_10' title='bbox 110 2758 248 2784; x_wconf 70' lang='lat' dir='ltr'>felicitate</span> 
     </span>
     <span class='ocr_line' id='line_1_9' title="bbox 152 2795 205 2824; baseline 0 -6"><span class='ocrx_word' id='word_1_11' title='bbox 152 2795 205 2824; x_wconf 82' lang='lat' dir='ltr'>uti,</span> 
     </span>
    </p>
   </div>
   <div class='ocr_carea' id='block_1_4' title="bbox 291 178 2203 224">
    <p class='ocr_par' dir='ltr' id='par_1_6' title="bbox 291 178 2203 224">
     <span class='ocr_line' id='line_1_10' title="bbox 291 178 2203 224; baseline 0.003 -13"><span class='ocrx_word' id='word_1_12' title='bbox 291 178 368 219; x_wconf 71' lang='lat'>470</span> <span class='ocrx_word' id='word_1_13' title='bbox 1171 178 1316 212; x_wconf 80' lang='lat' dir='ltr'>LIBER</span> <span class='ocrx_word' id='word_1_14' title='bbox 1936 182 1989 223; x_wconf 80' lang='lat'>20,</span> <span class='ocrx_word' id='word_1_15' title='bbox 2014 184 2134 224; x_wconf 71' lang='lat'>4-21,</span> <span class='ocrx_word' id='word_1_16' title='bbox 2160 184 2203 218; x_wconf 84' lang='lat'>16</span> 
     </span>
    </p>
   </div>
   <div class='ocr_carea' id='block_1_5' title="bbox 286 271 2198 2096">
    <p class='ocr_par' dir='ltr' id='par_1_7' title="bbox 313 271 1880 327">
     <span class='ocr_line' id='line_1_11' title="bbox 313 271 1880 327; baseline 0.003 -16"><span class='ocrx_word' id='word_1_17' title='bbox 313 274 327 295; x_wconf 79' lang='lat'>⁴</span> <span class='ocrx_word' id='word_1_18' title='bbox 354 271 442 312; x_wconf 88' lang='lat' dir='ltr'>Hoc</span> <span class='ocrx_word' id='word_1_19' title='bbox 474 271 554 311; x_wconf 81' lang='lat' dir='ltr'>scio</span> <span class='ocrx_word' id='word_1_20' title='bbox 587 285 611 312; x_wconf 87' lang='lat' dir='ltr'>a</span> <span class='ocrx_word' id='word_1_21' title='bbox 641 271 851 324; x_wconf 74' lang='lat' dir='ltr'>principio,</span> <span class='ocrx_word' id='word_1_22' title='bbox 938 284 987 311; x_wconf 85' lang='lat' dir='ltr'>ex</span> <span class='ocrx_word' id='word_1_23' title='bbox 1019 284 1099 324; x_wconf 91' lang='lat' dir='ltr'>quo</span> <span class='ocrx_word' id='word_1_24' title='bbox 1131 272 1289 325; x_wconf 91' lang='lat' dir='ltr'>positus</span> <span class='ocrx_word' id='word_1_25' title='bbox 1321 276 1382 313; x_wconf 88' lang='lat' dir='ltr'>est</span> <span class='ocrx_word' id='word_1_26' title='bbox 1412 272 1534 314; x_wconf 90' lang='lat' dir='ltr'>homo</span> <span class='ocrx_word' id='word_1_27' title='bbox 1566 286 1687 327; x_wconf 89' lang='lat' dir='ltr'>super</span> <span class='ocrx_word' id='word_1_28' title='bbox 1717 278 1880 323; x_wconf 86' lang='lat' dir='ltr'>terram,</span> 
     </span>
    </p>

    <p class='ocr_par' dir='ltr' id='par_1_8' title="bbox 312 329 2115 388">
     <span class='ocr_line' id='line_1_12' title="bbox 352 329 2115 388; baseline 0.003 -17.867"><span class='ocrx_word' id='word_1_29' title='bbox 352 330 471 378; x_wconf 87' lang='lat' dir='ltr'>Quod</span> <span class='ocrx_word' id='word_1_30' title='bbox 500 329 587 371; x_wconf 86' lang='grc'><strong>10115</strong></span> <span class='ocrx_word' id='word_1_31' title='bbox 616 330 834 383; x_wconf 87' lang='lat' dir='ltr'>impiorum</span> <span class='ocrx_word' id='word_1_32' title='bbox 865 329 998 370; x_wconf 82' lang='lat' dir='ltr'>brevis</span> <span class='ocrx_word' id='word_1_33' title='bbox 1028 330 1091 374; x_wconf 88' lang='lat' dir='ltr'>sit,</span> <span class='ocrx_word' id='word_1_34' title='bbox 1176 336 1217 371; x_wconf 85' lang='lat' dir='ltr'>et</span> <span class='ocrx_word' id='word_1_35' title='bbox 1244 331 1441 383; x_wconf 81' lang='lat' dir='ltr'>gaudium</span> <span class='ocrx_word' id='word_1_36' title='bbox 1468 331 1695 385; x_wconf 74' lang='lat' dir='ltr'>hypocritae</span> <span class='ocrx_word' id='word_1_37' title='bbox 1724 333 1776 373; x_wconf 89' lang='lat' dir='ltr'>ad</span> <span class='ocrx_word' id='word_1_38' title='bbox 1803 332 1933 374; x_wconf 88' lang='lat' dir='ltr'>instar</span> <span class='ocrx_word' id='word_1_39' title='bbox 1960 336 2115 388; x_wconf 90' lang='lat' dir='ltr'>puncti.</span> 
     </span>
    </p>

    <p class='ocr_par' dir='ltr' id='par_1_9' title="bbox 311 388 2198 447">
     <span class='ocr_line' id='line_1_13' title="bbox 311 388 2198 447; baseline 0.003 -18"><span class='ocrx_word' id='word_1_40' title='bbox 311 390 326 412; x_wconf 76' lang='lat'><strong>⁶</strong></span> <span class='ocrx_word' id='word_1_41' title='bbox 350 388 391 430; x_wconf 84' lang='lat' dir='ltr'>Si</span> <span class='ocrx_word' id='word_1_42' title='bbox 424 389 649 429; x_wconf 82' lang='lat' dir='ltr'>ascenderit</span> <span class='ocrx_word' id='word_1_43' title='bbox 685 402 811 441; x_wconf 89' lang='lat' dir='ltr'>usque</span> <span class='ocrx_word' id='word_1_44' title='bbox 844 388 895 429; x_wconf 88' lang='lat' dir='ltr'>ad</span> <span class='ocrx_word' id='word_1_45' title='bbox 928 388 1070 429; x_wconf 84' lang='lat' dir='ltr'>caelum</span> <span class='ocrx_word' id='word_1_46' title='bbox 1103 390 1294 443; x_wconf 88' lang='lat' dir='ltr'>superbia</span> <span class='ocrx_word' id='word_1_47' title='bbox 1325 390 1421 437; x_wconf 91' lang='lat' dir='ltr'>eius,</span> <span class='ocrx_word' id='word_1_48' title='bbox 1509 396 1550 431; x_wconf 89' lang='lat' dir='ltr'>et</span> <span class='ocrx_word' id='word_1_49' title='bbox 1577 397 1703 444; x_wconf 83' lang='lat' dir='ltr'>eaput</span> <span class='ocrx_word' id='word_1_50' title='bbox 1731 391 1814 432; x_wconf 90' lang='lat' dir='ltr'>eius</span> <span class='ocrx_word' id='word_1_51' title='bbox 1842 393 1971 433; x_wconf 89' lang='lat' dir='ltr'>nubes</span> <span class='ocrx_word' id='word_1_52' title='bbox 1999 393 2198 447; x_wconf 85' lang='lat' dir='ltr'>tetigerit:</span> 
     </span>
    </p>

    <p class='ocr_par' dir='ltr' id='par_1_10' title="bbox 311 447 2198 502">
     <span class='ocr_line' id='line_1_14' title="bbox 311 447 2198 502; baseline 0.004 -15"><span class='ocrx_word' id='word_1_53' title='bbox 311 449 324 470; x_wconf 77' lang='lat'>⁷</span> <span class='ocrx_word' id='word_1_54' title='bbox 350 448 475 496; x_wconf 81' lang='lat' dir='ltr'>Quasi</span> <span class='ocrx_word' id='word_1_55' title='bbox 505 447 804 500; x_wconf 76' lang='lat' dir='ltr'>sterquilinium</span> <span class='ocrx_word' id='word_1_56' title='bbox 835 447 875 487; x_wconf 93' lang='lat' dir='ltr'>in</span> <span class='ocrx_word' id='word_1_57' title='bbox 906 447 983 487; x_wconf 87' lang='lat' dir='ltr'>fine</span> <span class='ocrx_word' id='word_1_58' title='bbox 1013 448 1223 501; x_wconf 76' lang='lat' dir='ltr'>perdetur:</span> <span class='ocrx_word' id='word_1_59' title='bbox 1307 455 1349 489; x_wconf 88' lang='lat' dir='ltr'>et</span> <span class='ocrx_word' id='word_1_60' title='bbox 1372 449 1440 502; x_wconf 92' lang='lat' dir='ltr'>qui</span> <span class='ocrx_word' id='word_1_61' title='bbox 1470 462 1562 489; x_wconf 93' lang='lat' dir='ltr'>eum</span> <span class='ocrx_word' id='word_1_62' title='bbox 1587 450 1788 496; x_wconf 85' lang='lat' dir='ltr'>viderant,</span> <span class='ocrx_word' id='word_1_63' title='bbox 1815 451 1970 492; x_wconf 85' lang='lat' dir='ltr'>dicent:</span> <span class='ocrx_word' id='word_1_64' title='bbox 2003 452 2084 493; x_wconf 89' lang='lat' dir='ltr'>Ubi</span> <span class='ocrx_word' id='word_1_65' title='bbox 2113 453 2198 494; x_wconf 80' lang='lat' dir='ltr'>est?</span> 
     </span>
    </p>

    <p class='ocr_par' dir='ltr' id='par_1_11' title="bbox 311 506 2061 552">
     <span class='ocr_line' id='line_1_15' title="bbox 311 506 2061 552; baseline 0.003 -6"><span class='ocrx_word' id='word_1_66' title='bbox 311 508 326 529; x_wconf 69' lang='lat'><strong>⁸</strong></span> <span class='ocrx_word' id='word_1_67' title='bbox 350 506 471 547; x_wconf 73' lang='lat' dir='ltr'>Velut</span> <span class='ocrx_word' id='word_1_68' title='bbox 504 506 705 547; x_wconf 82' lang='lat' dir='ltr'>somnium</span> <span class='ocrx_word' id='word_1_69' title='bbox 739 506 907 546; x_wconf 74' lang='lat' dir='ltr'>avolans</span> <span class='ocrx_word' id='word_1_70' title='bbox 938 519 1019 547; x_wconf 91' lang='lat' dir='ltr'>non</span> <span class='ocrx_word' id='word_1_71' title='bbox 1050 506 1292 552; x_wconf 82' lang='lat' dir='ltr'>invenietur,</span> <span class='ocrx_word' id='word_1_72' title='bbox 1379 507 1550 548; x_wconf 73' lang='lat' dir='ltr'><strong>transiet</strong></span> <span class='ocrx_word' id='word_1_73' title='bbox 1581 508 1686 549; x_wconf 84' lang='lat' dir='ltr'>sieut</span> <span class='ocrx_word' id='word_1_74' title='bbox 1716 509 1816 550; x_wconf 87' lang='lat' dir='ltr'>visio</span> <span class='ocrx_word' id='word_1_75' title='bbox 1847 515 2061 552; x_wconf 88' lang='lat' dir='ltr'>nocturna.</span> 
     </span>
    </p>

    <p class='ocr_par' dir='ltr' id='par_1_12' title="bbox 310 565 2192 619">
     <span class='ocr_line' id='line_1_16' title="bbox 310 565 2192 619; baseline 0.003 -14"><span class='ocrx_word' id='word_1_76' title='bbox 310 568 325 589; x_wconf 69' lang='lat'>²³</span> <span class='ocrx_word' id='word_1_77' title='bbox 350 565 512 607; x_wconf 72' lang='lat' dir='ltr'>Oculus,</span> <span class='ocrx_word' id='word_1_78' title='bbox 543 565 610 618; x_wconf 88' lang='lat' dir='ltr'>qui</span> <span class='ocrx_word' id='word_1_79' title='bbox 637 578 729 605; x_wconf 91' lang='lat' dir='ltr'>eum</span> <span class='ocrx_word' id='word_1_80' title='bbox 756 565 928 608; x_wconf 82' lang='lat' dir='ltr'>viderat.</span> <span class='ocrx_word' id='word_1_81' title='bbox 953 578 1035 606; x_wconf 90' lang='lat' dir='ltr'>non</span> <span class='ocrx_word' id='word_1_82' title='bbox 1060 565 1229 613; x_wconf 88' lang='lat' dir='ltr'>videbit,</span> <span class='ocrx_word' id='word_1_83' title='bbox 1300 579 1431 619; x_wconf 88' lang='lat' dir='ltr'>neque</span> <span class='ocrx_word' id='word_1_84' title='bbox 1455 566 1563 607; x_wconf 91' lang='lat' dir='ltr'>ultra</span> <span class='ocrx_word' id='word_1_85' title='bbox 1587 566 1816 608; x_wconf 74' lang='lat' dir='ltr'>intuebitur</span> <span class='ocrx_word' id='word_1_86' title='bbox 1836 582 1928 609; x_wconf 93' lang='lat' dir='ltr'>eum</span> <span class='ocrx_word' id='word_1_87' title='bbox 1952 569 2065 610; x_wconf 91' lang='lat' dir='ltr'>locus</span> <span class='ocrx_word' id='word_1_88' title='bbox 2089 582 2192 611; x_wconf 90' lang='lat' dir='ltr'>suus.</span> 
     </span>
    </p>

    <p class='ocr_par' dir='ltr' id='par_1_13' title="bbox 292 624 2096 677">
     <span class='ocr_line' id='line_1_17' title="bbox 292 624 2096 677; baseline 0.003 -14"><span class='ocrx_word' id='word_1_89' title='bbox 292 626 326 648; x_wconf 85' lang='lat'>¹⁰</span> <span class='ocrx_word' id='word_1_90' title='bbox 353 624 438 664; x_wconf 84' lang='lat' dir='ltr'>Filii</span> <span class='ocrx_word' id='word_1_91' title='bbox 468 624 551 664; x_wconf 90' lang='grc'><strong>01115</strong></span> <span class='ocrx_word' id='word_1_92' title='bbox 581 629 812 664; x_wconf 87' lang='lat' dir='ltr'>atterentur</span> <span class='ocrx_word' id='word_1_93' title='bbox 839 629 1031 677; x_wconf 79' lang='lat' dir='ltr'>egestate,</span> <span class='ocrx_word' id='word_1_94' title='bbox 1116 630 1154 665; x_wconf 87' lang='lat' dir='ltr'>et</span> <span class='ocrx_word' id='word_1_95' title='bbox 1184 638 1329 665; x_wconf 89' lang='lat' dir='ltr'>manus</span> <span class='ocrx_word' id='word_1_96' title='bbox 1358 624 1462 665; x_wconf 88' lang='lat' dir='ltr'>illius</span> <span class='ocrx_word' id='word_1_97' title='bbox 1490 625 1663 666; x_wconf 88' lang='lat' dir='ltr'>reddent</span> <span class='ocrx_word' id='word_1_98' title='bbox 1693 626 1728 667; x_wconf 92' lang='lat' dir='ltr'>ei</span> <span class='ocrx_word' id='word_1_99' title='bbox 1756 626 1935 668; x_wconf 91' lang='lat' dir='ltr'>dolorem</span> <span class='ocrx_word' id='word_1_100' title='bbox 1965 641 2096 669; x_wconf 91' lang='lat' dir='ltr'>suum.</span> 
     </span>
    </p>

    <p class='ocr_par' dir='ltr' id='par_1_14' title="bbox 291 682 2196 739">
     <span class='ocr_line' id='line_1_18' title="bbox 291 682 2196 739; baseline 0.003 -16"><span class='ocrx_word' id='word_1_101' title='bbox 291 685 318 707; x_wconf 86' lang='lat'>¹¹</span> <span class='ocrx_word' id='word_1_102' title='bbox 349 684 452 723; x_wconf 82' lang='lat' dir='ltr'>Ossa</span> <span class='ocrx_word' id='word_1_103' title='bbox 471 683 557 723; x_wconf 89' lang='lat' dir='ltr'>eius</span> <span class='ocrx_word' id='word_1_104' title='bbox 579 682 860 736; x_wconf 84' lang='lat' dir='ltr'>implebuntur</span> <span class='ocrx_word' id='word_1_105' title='bbox 883 683 991 723; x_wconf 85' lang='lat' dir='ltr'>vitiis</span> <span class='ocrx_word' id='word_1_106' title='bbox 1016 683 1298 724; x_wconf 56' lang='lat' dir='ltr'>adolescentiae</span> <span class='ocrx_word' id='word_1_107' title='bbox 1320 683 1416 729; x_wconf 92' lang='lat' dir='ltr'>eius,</span> <span class='ocrx_word' id='word_1_108' title='bbox 1484 688 1523 724; x_wconf 87' lang='lat' dir='ltr'>et</span> <span class='ocrx_word' id='word_1_109' title='bbox 1546 698 1638 725; x_wconf 86' lang='lat' dir='ltr'>cum</span> <span class='ocrx_word' id='word_1_110' title='bbox 1662 698 1706 726; x_wconf 95' lang='grc'>00</span> <span class='ocrx_word' id='word_1_111' title='bbox 1729 685 1770 726; x_wconf 91' lang='grc'>111</span> <span class='ocrx_word' id='word_1_112' title='bbox 1792 685 1958 739; x_wconf 87' lang='lat' dir='ltr'>pulvere</span> <span class='ocrx_word' id='word_1_113' title='bbox 1981 687 2196 729; x_wconf 90' lang='lat' dir='ltr'>dormient.</span> 
     </span>
    </p>

    <p class='ocr_par' dir='ltr' id='par_1_15' title="bbox 291 741 2195 798">
     <span class='ocr_line' id='line_1_19' title="bbox 291 741 2195 798; baseline 0.004 -18"><span class='ocrx_word' id='word_1_114' title='bbox 291 744 321 765; x_wconf 74' lang='lat'>¹2</span> <span class='ocrx_word' id='word_1_115' title='bbox 348 743 449 781; x_wconf 55' lang='lat' dir='ltr'>sum</span> <span class='ocrx_word' id='word_1_116' title='bbox 482 741 588 781; x_wconf 90' lang='lat' dir='ltr'>enim</span> <span class='ocrx_word' id='word_1_117' title='bbox 621 742 736 782; x_wconf 89' lang='lat' dir='ltr'>dulce</span> <span class='ocrx_word' id='word_1_118' title='bbox 766 742 888 782; x_wconf 77' lang='lat' dir='ltr'>fuerit</span> <span class='ocrx_word' id='word_1_119' title='bbox 920 742 960 782; x_wconf 91' lang='lat' dir='ltr'>in</span> <span class='ocrx_word' id='word_1_120' title='bbox 992 755 1058 783; x_wconf 91' lang='lat' dir='ltr'>ore</span> <span class='ocrx_word' id='word_1_121' title='bbox 1090 743 1173 783; x_wconf 92' lang='lat' dir='ltr'>eius</span> <span class='ocrx_word' id='word_1_122' title='bbox 1204 742 1372 789; x_wconf 88' lang='lat' dir='ltr'>malum,</span> <span class='ocrx_word' id='word_1_123' title='bbox 1451 743 1676 784; x_wconf 79' lang='lat' dir='ltr'><strong>abscondet</strong></span> <span class='ocrx_word' id='word_1_124' title='bbox 1706 743 1911 786; x_wconf 84' lang='lat' dir='ltr'>illud&#39;sub</span> <span class='ocrx_word' id='word_1_125' title='bbox 1942 744 2082 798; x_wconf 86' lang='lat' dir='ltr'>lingua</span> <span class='ocrx_word' id='word_1_126' title='bbox 2111 759 2195 787; x_wconf 89' lang='lat' dir='ltr'>sua.</span> 
     </span>
    </p>

    <p class='ocr_par' dir='ltr' id='par_1_16' title="bbox 291 800 1862 855">
     <span class='ocr_line' id='line_1_20' title="bbox 291 800 1862 855; baseline 0.003 -15"><span class='ocrx_word' id='word_1_127' title='bbox 291 803 321 824; x_wconf 75' lang='lat'>¹³²</span> <span class='ocrx_word' id='word_1_128' title='bbox 349 801 492 841; x_wconf 78' lang='lat' dir='ltr'>Parcet</span> <span class='ocrx_word' id='word_1_129' title='bbox 522 800 588 845; x_wconf 87' lang='lat' dir='ltr'>illi,</span> <span class='ocrx_word' id='word_1_130' title='bbox 619 806 660 841; x_wconf 88' lang='lat' dir='ltr'>et</span> <span class='ocrx_word' id='word_1_131' title='bbox 687 814 768 841; x_wconf 87' lang='grc'><strong>11011</strong></span> <span class='ocrx_word' id='word_1_132' title='bbox 796 800 1050 855; x_wconf 78' lang='lat' dir='ltr'>derelinquet</span> <span class='ocrx_word' id='word_1_133' title='bbox 1077 801 1188 850; x_wconf 91' lang='lat' dir='ltr'>illud,</span> <span class='ocrx_word' id='word_1_134' title='bbox 1272 806 1313 842; x_wconf 87' lang='lat' dir='ltr'>et</span> <span class='ocrx_word' id='word_1_135' title='bbox 1341 801 1490 843; x_wconf 78' lang='lat' dir='ltr'>celabit</span> <span class='ocrx_word' id='word_1_136' title='bbox 1517 802 1557 842; x_wconf 89' lang='lat' dir='ltr'>in</span> <span class='ocrx_word' id='word_1_137' title='bbox 1583 808 1750 855; x_wconf 86' lang='lat' dir='ltr'>gutture</span> <span class='ocrx_word' id='word_1_138' title='bbox 1778 816 1862 845; x_wconf 90' lang='lat' dir='ltr'>suo.</span> 
     </span>
    </p>

    <p class='ocr_par' dir='ltr' id='par_1_17' title="bbox 290 860 1858 914">
     <span class='ocr_line' id='line_1_21' title="bbox 290 860 1858 914; baseline 0.002 -15"><span class='ocrx_word' id='word_1_139' title='bbox 290 862 320 883; x_wconf 77' lang='lat'>¹⁴</span> <span class='ocrx_word' id='word_1_140' title='bbox 347 860 470 900; x_wconf 80' lang='lat' dir='ltr'>Panis</span> <span class='ocrx_word' id='word_1_141' title='bbox 500 860 584 900; x_wconf 90' lang='grc'><strong>01115</strong></span> <span class='ocrx_word' id='word_1_142' title='bbox 614 860 654 900; x_wconf 90' lang='grc'>111</span> <span class='ocrx_word' id='word_1_143' title='bbox 685 866 800 901; x_wconf 85' lang='grc'><strong>111010</strong></span> <span class='ocrx_word' id='word_1_144' title='bbox 831 860 935 901; x_wconf 90' lang='grc'><strong>1111115</strong></span> <span class='ocrx_word' id='word_1_145' title='bbox 965 866 1150 901; x_wconf 87' lang='lat' dir='ltr'>vertetur</span> <span class='ocrx_word' id='word_1_146' title='bbox 1231 860 1272 901; x_wconf 92' lang='lat' dir='ltr'>in</span> <span class='ocrx_word' id='word_1_147' title='bbox 1302 860 1355 901; x_wconf 92' lang='grc'>101</span> <span class='ocrx_word' id='word_1_148' title='bbox 1385 860 1574 914; x_wconf 88' lang='lat' dir='ltr'>aspidum</span> <span class='ocrx_word' id='word_1_149' title='bbox 1604 861 1858 904; x_wconf 85' lang='lat' dir='ltr'>intrinsecus.</span> 
     </span>
    </p>

    <p class='ocr_par' dir='ltr' id='par_1_18' title="bbox 290 919 2100 972">
     <span class='ocr_line' id='line_1_22' title="bbox 290 919 2100 972; baseline 0.002 -13"><span class='ocrx_word' id='word_1_150' title='bbox 290 920 321 943; x_wconf 87' lang='grc'>15</span> <span class='ocrx_word' id='word_1_151' title='bbox 348 919 538 965; x_wconf 75' lang='lat' dir='ltr'>Divitias,</span> <span class='ocrx_word' id='word_1_152' title='bbox 570 932 670 972; x_wconf 92' lang='lat' dir='ltr'>quas</span> <span class='ocrx_word' id='word_1_153' title='bbox 698 919 926 964; x_wconf 88' lang='lat' dir='ltr'>devoravit,</span> <span class='ocrx_word' id='word_1_154' title='bbox 957 925 1132 963; x_wconf 85' lang='lat' dir='ltr'>evomet,</span> <span class='ocrx_word' id='word_1_155' title='bbox 1215 924 1257 960; x_wconf 90' lang='lat' dir='ltr'>et</span> <span class='ocrx_word' id='word_1_156' title='bbox 1283 920 1333 960; x_wconf 93' lang='lat' dir='ltr'>de</span> <span class='ocrx_word' id='word_1_157' title='bbox 1361 926 1503 960; x_wconf 86' lang='lat' dir='ltr'>ventre</span> <span class='ocrx_word' id='word_1_158' title='bbox 1531 919 1636 961; x_wconf 91' lang='lat' dir='ltr'>illius</span> <span class='ocrx_word' id='word_1_159' title='bbox 1665 921 1853 962; x_wconf 80' lang='lat' dir='ltr'>extrahet</span> <span class='ocrx_word' id='word_1_160' title='bbox 1882 934 1948 962; x_wconf 89' lang='lat' dir='ltr'>eas</span> <span class='ocrx_word' id='word_1_161' title='bbox 1976 922 2100 963; x_wconf 91' lang='lat' dir='ltr'>Deus.</span> 
     </span>
    </p>

    <p class='ocr_par' dir='ltr' id='par_1_19' title="bbox 290 978 1647 1033">
     <span class='ocr_line' id='line_1_23' title="bbox 290 978 1647 1033; baseline 0.001 -15"><span class='ocrx_word' id='word_1_162' title='bbox 290 980 324 1001; x_wconf 76' lang='lat'>¹⁶</span> <span class='ocrx_word' id='word_1_163' title='bbox 348 978 482 1031; x_wconf 87' lang='lat' dir='ltr'>Caput</span> <span class='ocrx_word' id='word_1_164' title='bbox 512 978 700 1031; x_wconf 90' lang='lat' dir='ltr'>aspidum</span> <span class='ocrx_word' id='word_1_165' title='bbox 730 984 858 1031; x_wconf 85' lang='lat' dir='ltr'>suget.</span> <span class='ocrx_word' id='word_1_166' title='bbox 943 984 982 1019; x_wconf 88' lang='lat' dir='ltr'>et</span> <span class='ocrx_word' id='word_1_167' title='bbox 1012 978 1171 1020; x_wconf 76' lang='lat' dir='ltr'>occidet</span> <span class='ocrx_word' id='word_1_168' title='bbox 1199 992 1291 1019; x_wconf 89' lang='grc'><strong>011111</strong></span> <span class='ocrx_word' id='word_1_169' title='bbox 1320 978 1459 1032; x_wconf 86' lang='lat' dir='ltr'>lingua</span> <span class='ocrx_word' id='word_1_170' title='bbox 1487 979 1647 1033; x_wconf 84' lang='lat' dir='ltr'>viperae.</span> 
     </span>
    </p>

    <p class='ocr_par' dir='ltr' id='par_1_20' title="bbox 290 1037 1757 1092">
     <span class='ocr_line' id='line_1_24' title="bbox 290 1037 1757 1092; baseline 0.001 -15"><span class='ocrx_word' id='word_1_171' title='bbox 290 1039 323 1060; x_wconf 84' lang='lat'>¹⁷</span> <span class='ocrx_word' id='word_1_172' title='bbox 348 1037 459 1089; x_wconf 77' lang='lat' dir='ltr'>(Non</span> <span class='ocrx_word' id='word_1_173' title='bbox 488 1037 628 1077; x_wconf 79' lang='lat' dir='ltr'>videat</span> <span class='ocrx_word' id='word_1_174' title='bbox 658 1037 808 1077; x_wconf 80' lang='lat' dir='ltr'>rivulos</span> <span class='ocrx_word' id='word_1_175' title='bbox 840 1037 1029 1083; x_wconf 87' lang='lat' dir='ltr'>fluminis,</span> <span class='ocrx_word' id='word_1_176' title='bbox 1114 1042 1315 1078; x_wconf 84' lang='lat' dir='ltr'>torrentes</span> <span class='ocrx_word' id='word_1_177' title='bbox 1344 1037 1484 1087; x_wconf 89' lang='grc'><strong>11101115,</strong></span> <span class='ocrx_word' id='word_1_178' title='bbox 1516 1043 1558 1078; x_wconf 84' lang='grc'>01</span> <span class='ocrx_word' id='word_1_179' title='bbox 1585 1038 1757 1092; x_wconf 84' lang='lat' dir='ltr'>butyri.)</span> 
     </span>
    </p>

    <p class='ocr_par' dir='ltr' id='par_1_21' title="bbox 290 1093 2196 1202">
     <span class='ocr_line' id='line_1_25' title="bbox 290 1093 2196 1149; baseline 0.002 -13"><span class='ocrx_word' id='word_1_180' title='bbox 290 1098 324 1120; x_wconf 70' lang='lat'>¹⁸</span> <span class='ocrx_word' id='word_1_181' title='bbox 348 1096 453 1136; x_wconf 88' lang='lat' dir='ltr'>Luet</span> <span class='ocrx_word' id='word_1_182' title='bbox 481 1109 571 1149; x_wconf 82' lang='lat' dir='ltr'>quae</span> <span class='ocrx_word' id='word_1_183' title='bbox 597 1095 694 1136; x_wconf 83' lang='lat' dir='ltr'>fecit</span> <span class='ocrx_word' id='word_1_184' title='bbox 721 1096 869 1143; x_wconf 86' lang='lat' dir='ltr'>omnia,</span> <span class='ocrx_word' id='word_1_185' title='bbox 899 1109 971 1137; x_wconf 90' lang='lat' dir='ltr'>nec</span> <span class='ocrx_word' id='word_1_186' title='bbox 999 1102 1138 1137; x_wconf 91' lang='lat' dir='ltr'>tamen</span> <span class='ocrx_word' id='word_1_187' title='bbox 1166 1102 1446 1137; x_wconf 81' lang='lat' dir='ltr'>consumetur:</span> <span class='ocrx_word' id='word_1_188' title='bbox 1519 1097 1638 1138; x_wconf 81' lang='lat' dir='ltr'>iuxta</span> <span class='ocrx_word' id='word_1_189' title='bbox 1662 1097 1972 1139; x_wconf 83' lang='lat' dir='ltr'>multitudinem</span> <span class='ocrx_word' id='word_1_190' title='bbox 2000 1093 2196 1140; x_wconf 85' lang='lat' dir='ltr'>adinven-</span> 
     </span>
     <span class='ocr_line' id='line_1_26' title="bbox 553 1154 1340 1202; baseline 0.001 -7"><span class='ocrx_word' id='word_1_191' title='bbox 553 1154 713 1196; x_wconf 89' lang='lat' dir='ltr'>tionum</span> <span class='ocrx_word' id='word_1_192' title='bbox 743 1168 921 1202; x_wconf 87' lang='lat' dir='ltr'>suarum,</span> <span class='ocrx_word' id='word_1_193' title='bbox 954 1155 1009 1196; x_wconf 91' lang='lat' dir='ltr'>sic</span> <span class='ocrx_word' id='word_1_194' title='bbox 1039 1161 1080 1196; x_wconf 92' lang='lat' dir='ltr'>et</span> <span class='ocrx_word' id='word_1_195' title='bbox 1109 1155 1340 1197; x_wconf 86' lang='lat' dir='ltr'>sustinebit.</span> 
     </span>
    </p>

    <p class='ocr_par' dir='ltr' id='par_1_22' title="bbox 288 1214 2194 1269">
     <span class='ocr_line' id='line_1_27' title="bbox 288 1214 2194 1269; baseline 0.002 -15"><span class='ocrx_word' id='word_1_196' title='bbox 288 1216 323 1238; x_wconf 83' lang='lat'>¹⁹</span> <span class='ocrx_word' id='word_1_197' title='bbox 348 1214 551 1263; x_wconf 77' lang='lat' dir='ltr'>Quoniam</span> <span class='ocrx_word' id='word_1_198' title='bbox 573 1214 829 1267; x_wconf 82' lang='lat' dir='ltr'>confringens</span> <span class='ocrx_word' id='word_1_199' title='bbox 850 1214 1027 1255; x_wconf 86' lang='lat' dir='ltr'>nudavit</span> <span class='ocrx_word' id='word_1_200' title='bbox 1046 1227 1264 1268; x_wconf 81' lang='lat' dir='ltr'>pauperes:</span> <span class='ocrx_word' id='word_1_201' title='bbox 1323 1215 1492 1256; x_wconf 85' lang='lat' dir='ltr'>domurn</span> <span class='ocrx_word' id='word_1_202' title='bbox 1512 1214 1663 1269; x_wconf 79' lang='lat' dir='ltr'>rapuit,</span> <span class='ocrx_word' id='word_1_203' title='bbox 1687 1220 1728 1257; x_wconf 89' lang='lat' dir='ltr'>et</span> <span class='ocrx_word' id='word_1_204' title='bbox 1747 1228 1830 1257; x_wconf 92' lang='lat' dir='ltr'>non</span> <span class='ocrx_word' id='word_1_205' title='bbox 1850 1215 2071 1257; x_wconf 88' lang='lat' dir='ltr'>aedificavit</span> <span class='ocrx_word' id='word_1_206' title='bbox 2091 1229 2194 1258; x_wconf 89' lang='lat' dir='ltr'>eam.</span> 
     </span>
    </p>

    <p class='ocr_par' dir='ltr' id='par_1_23' title="bbox 288 1273 2197 1385">
     <span class='ocr_line' id='line_1_28' title="bbox 288 1273 2197 1329; baseline 0.002 -16"><span class='ocrx_word' id='word_1_207' title='bbox 288 1274 325 1297; x_wconf 82' lang='lat'>‘²⁰</span> <span class='ocrx_word' id='word_1_208' title='bbox 351 1273 455 1313; x_wconf 73' lang='lat' dir='ltr'>aNec</span> <span class='ocrx_word' id='word_1_209' title='bbox 488 1278 549 1314; x_wconf 92' lang='lat' dir='ltr'>est</span> <span class='ocrx_word' id='word_1_210' title='bbox 580 1273 755 1313; x_wconf 89' lang='lat' dir='ltr'>satiatus</span> <span class='ocrx_word' id='word_1_211' title='bbox 786 1278 930 1314; x_wconf 80' lang='lat' dir='ltr'>venter</span> <span class='ocrx_word' id='word_1_212' title='bbox 961 1273 1063 1314; x_wconf 90' lang='lat' dir='ltr'>eius:</span> <span class='ocrx_word' id='word_1_213' title='bbox 1150 1279 1191 1314; x_wconf 90' lang='lat' dir='ltr'>et</span> <span class='ocrx_word' id='word_1_214' title='bbox 1222 1287 1314 1314; x_wconf 90' lang='lat' dir='ltr'>cum</span> <span class='ocrx_word' id='word_1_215' title='bbox 1345 1273 1537 1315; x_wconf 81' lang='lat' dir='ltr'>habuerit</span> <span class='ocrx_word' id='word_1_216' title='bbox 1568 1287 1658 1328; x_wconf 83' lang='lat' dir='ltr'>quae</span> <span class='ocrx_word' id='word_1_217' title='bbox 1689 1274 1962 1328; x_wconf 79' lang='lat' dir='ltr'>concupierat,</span> <span class='ocrx_word' id='word_1_218' title='bbox 1993 1275 2197 1329; x_wconf 90' lang='lat' dir='ltr'>possidere</span> 
     </span>
     <span class='ocr_line' id='line_1_29' title="bbox 553 1332 827 1385; baseline 0.004 -13"><span class='ocrx_word' id='word_1_219' title='bbox 553 1345 635 1373; x_wconf 88' lang='lat' dir='ltr'>non</span> <span class='ocrx_word' id='word_1_220' title='bbox 664 1332 827 1385; x_wconf 90' lang='lat' dir='ltr'>poterit.</span> 
     </span>
    </p>

    <p class='ocr_par' dir='ltr' id='par_1_24' title="bbox 288 1391 2100 1446">
     <span class='ocr_line' id='line_1_30' title="bbox 288 1391 2100 1446; baseline 0.001 -14"><span class='ocrx_word' id='word_1_221' title='bbox 288 1392 319 1415; x_wconf 82' lang='lat'>2¹</span> <span class='ocrx_word' id='word_1_222' title='bbox 349 1391 440 1432; x_wconf 79' lang='lat' dir='ltr'>Non</span> <span class='ocrx_word' id='word_1_223' title='bbox 467 1391 664 1432; x_wconf 80' lang='lat' dir='ltr'>remansit</span> <span class='ocrx_word' id='word_1_224' title='bbox 691 1392 739 1432; x_wconf 89' lang='lat' dir='ltr'>de</span> <span class='ocrx_word' id='word_1_225' title='bbox 767 1391 856 1432; x_wconf 90' lang='lat' dir='ltr'>cibo</span> <span class='ocrx_word' id='word_1_226' title='bbox 884 1391 980 1438; x_wconf 90' lang='lat' dir='ltr'>eius,</span> <span class='ocrx_word' id='word_1_227' title='bbox 1063 1397 1103 1432; x_wconf 87' lang='lat' dir='ltr'>et</span> <span class='ocrx_word' id='word_1_228' title='bbox 1129 1397 1347 1445; x_wconf 89' lang='lat' dir='ltr'>propterea</span> <span class='ocrx_word' id='word_1_229' title='bbox 1373 1392 1473 1433; x_wconf 89' lang='lat' dir='ltr'>nihil</span> <span class='ocrx_word' id='word_1_230' title='bbox 1498 1393 1758 1446; x_wconf 79' lang='lat' dir='ltr'>permanebit</span> <span class='ocrx_word' id='word_1_231' title='bbox 1783 1393 1834 1434; x_wconf 91' lang='lat' dir='ltr'>de</span> <span class='ocrx_word' id='word_1_232' title='bbox 1860 1392 1976 1434; x_wconf 90' lang='lat' dir='ltr'>bonis</span> <span class='ocrx_word' id='word_1_233' title='bbox 2003 1393 2100 1434; x_wconf 89' lang='lat' dir='ltr'>eius.</span> 
     </span>
    </p>

    <p class='ocr_par' dir='ltr' id='par_1_25' title="bbox 288 1450 2195 1506">
     <span class='ocr_line' id='line_1_31' title="bbox 288 1450 2195 1506; baseline 0.002 -16"><span class='ocrx_word' id='word_1_234' title='bbox 288 1452 320 1474; x_wconf 75' lang='lat'>2²</span> <span class='ocrx_word' id='word_1_235' title='bbox 346 1450 448 1491; x_wconf 86' lang='lat' dir='ltr'>Cum</span> <span class='ocrx_word' id='word_1_236' title='bbox 479 1450 654 1491; x_wconf 87' lang='lat' dir='ltr'>satiatus</span> <span class='ocrx_word' id='word_1_237' title='bbox 683 1450 818 1494; x_wconf 80' lang='lat' dir='ltr'>fuerit.</span> <span class='ocrx_word' id='word_1_238' title='bbox 852 1450 1090 1497; x_wconf 77' lang='lat' dir='ltr'>arctabitur,</span> <span class='ocrx_word' id='word_1_239' title='bbox 1170 1451 1375 1499; x_wconf 72' lang='lat' dir='ltr'>aestuabit,</span> <span class='ocrx_word' id='word_1_240' title='bbox 1409 1456 1450 1492; x_wconf 90' lang='lat' dir='ltr'>et</span> <span class='ocrx_word' id='word_1_241' title='bbox 1480 1450 1610 1492; x_wconf 90' lang='lat' dir='ltr'>omnis</span> <span class='ocrx_word' id='word_1_242' title='bbox 1641 1451 1755 1493; x_wconf 92' lang='lat' dir='ltr'>dolor</span> <span class='ocrx_word' id='word_1_243' title='bbox 1783 1451 1911 1493; x_wconf 87' lang='lat' dir='ltr'>irruet</span> <span class='ocrx_word' id='word_1_244' title='bbox 1939 1465 2060 1506; x_wconf 89' lang='lat' dir='ltr'>super</span> <span class='ocrx_word' id='word_1_245' title='bbox 2089 1465 2195 1493; x_wconf 91' lang='lat' dir='ltr'>eum.</span> 
     </span>
    </p>

    <p class='ocr_par' dir='ltr' id='par_1_26' title="bbox 288 1509 2198 1622">
     <span class='ocr_line' id='line_1_32' title="bbox 288 1509 2198 1565; baseline 0.002 -16"><span class='ocrx_word' id='word_1_246' title='bbox 288 1511 321 1534; x_wconf 81' lang='lat'>2³</span> <span class='ocrx_word' id='word_1_247' title='bbox 348 1509 519 1550; x_wconf 88' lang='lat' dir='ltr'>Utinam</span> <span class='ocrx_word' id='word_1_248' title='bbox 543 1509 764 1562; x_wconf 82' lang='lat' dir='ltr'>impleatur</span> <span class='ocrx_word' id='word_1_249' title='bbox 788 1515 932 1550; x_wconf 89' lang='lat' dir='ltr'>venter</span> <span class='ocrx_word' id='word_1_250' title='bbox 955 1509 1052 1557; x_wconf 89' lang='lat' dir='ltr'>eius,</span> <span class='ocrx_word' id='word_1_251' title='bbox 1124 1515 1172 1551; x_wconf 89' lang='lat' dir='ltr'>ut</span> <span class='ocrx_word' id='word_1_252' title='bbox 1196 1510 1361 1551; x_wconf 87' lang='lat' dir='ltr'>emittat</span> <span class='ocrx_word' id='word_1_253' title='bbox 1386 1510 1427 1551; x_wconf 92' lang='lat' dir='ltr'>in</span> <span class='ocrx_word' id='word_1_254' title='bbox 1453 1523 1545 1551; x_wconf 90' lang='lat' dir='ltr'>eum</span> <span class='ocrx_word' id='word_1_255' title='bbox 1570 1510 1672 1551; x_wconf 87' lang='lat' dir='ltr'>iram</span> <span class='ocrx_word' id='word_1_256' title='bbox 1696 1511 1842 1552; x_wconf 83' lang='lat' dir='ltr'>furoris</span> <span class='ocrx_word' id='word_1_257' title='bbox 1867 1510 1940 1560; x_wconf 90' lang='lat' dir='ltr'>sui,</span> <span class='ocrx_word' id='word_1_258' title='bbox 2015 1516 2056 1552; x_wconf 88' lang='lat' dir='ltr'>et</span> <span class='ocrx_word' id='word_1_259' title='bbox 2079 1510 2198 1565; x_wconf 84' lang='lat' dir='ltr'>pluat</span> 
     </span>
     <span class='ocr_line' id='line_1_33' title="bbox 552 1568 1157 1622; baseline 0.002 -14"><span class='ocrx_word' id='word_1_260' title='bbox 552 1581 672 1622; x_wconf 89' lang='lat' dir='ltr'>super</span> <span class='ocrx_word' id='word_1_261' title='bbox 700 1568 814 1609; x_wconf 88' lang='lat' dir='ltr'>illum</span> <span class='ocrx_word' id='word_1_262' title='bbox 844 1568 995 1609; x_wconf 84' lang='lat' dir='ltr'>bellum</span> <span class='ocrx_word' id='word_1_263' title='bbox 1025 1581 1157 1610; x_wconf 91' lang='lat' dir='ltr'>suum.</span> 
     </span>
    </p>

    <p class='ocr_par' dir='ltr' id='par_1_27' title="bbox 288 1627 1517 1681">
     <span class='ocr_line' id='line_1_34' title="bbox 288 1627 1517 1681; baseline 0 -13"><span class='ocrx_word' id='word_1_264' title='bbox 288 1629 319 1651; x_wconf 72' lang='lat'>2⁴</span> <span class='ocrx_word' id='word_1_265' title='bbox 347 1628 379 1668; x_wconf 93' lang='lat' dir='ltr'>F</span> <span class='ocrx_word' id='word_1_266' title='bbox 383 1627 492 1681; x_wconf 87' lang='lat' dir='ltr'>ugiet</span> <span class='ocrx_word' id='word_1_267' title='bbox 524 1641 638 1668; x_wconf 87' lang='lat' dir='ltr'>arma</span> <span class='ocrx_word' id='word_1_268' title='bbox 666 1628 806 1675; x_wconf 80' lang='lat' dir='ltr'>ferrea,</span> <span class='ocrx_word' id='word_1_269' title='bbox 892 1633 933 1668; x_wconf 88' lang='lat' dir='ltr'>et</span> <span class='ocrx_word' id='word_1_270' title='bbox 961 1627 1088 1668; x_wconf 87' lang='lat' dir='ltr'>irruet</span> <span class='ocrx_word' id='word_1_271' title='bbox 1116 1628 1157 1668; x_wconf 93' lang='lat' dir='ltr'>in</span> <span class='ocrx_word' id='word_1_272' title='bbox 1188 1641 1326 1668; x_wconf 89' lang='lat' dir='ltr'>arcum</span> <span class='ocrx_word' id='word_1_273' title='bbox 1356 1640 1517 1669; x_wconf 86' lang='lat' dir='ltr'>aereum.</span> 
     </span>
    </p>

    <p class='ocr_par' dir='ltr' id='par_1_28' title="bbox 288 1686 2194 1799">
     <span class='ocr_line' id='line_1_35' title="bbox 288 1686 2194 1740; baseline 0.001 -13"><span class='ocrx_word' id='word_1_274' title='bbox 288 1689 320 1711; x_wconf 82' lang='lat'>2⁵</span> <span class='ocrx_word' id='word_1_275' title='bbox 348 1686 545 1730; x_wconf 85' lang='lat' dir='ltr'>Eductus,</span> <span class='ocrx_word' id='word_1_276' title='bbox 561 1693 601 1727; x_wconf 89' lang='lat' dir='ltr'>et</span> <span class='ocrx_word' id='word_1_277' title='bbox 620 1687 827 1740; x_wconf 85' lang='lat' dir='ltr'>egrediens</span> <span class='ocrx_word' id='word_1_278' title='bbox 841 1687 890 1727; x_wconf 91' lang='lat' dir='ltr'>de</span> <span class='ocrx_word' id='word_1_279' title='bbox 904 1687 1055 1740; x_wconf 86' lang='lat' dir='ltr'>vagina</span> <span class='ocrx_word' id='word_1_280' title='bbox 1072 1699 1156 1733; x_wconf 93' lang='lat' dir='ltr'>sua,</span> <span class='ocrx_word' id='word_1_281' title='bbox 1228 1692 1268 1727; x_wconf 92' lang='lat' dir='ltr'>et</span> <span class='ocrx_word' id='word_1_282' title='bbox 1285 1686 1496 1740; x_wconf 82' lang='lat' dir='ltr'>fulgurans</span> <span class='ocrx_word' id='word_1_283' title='bbox 1513 1687 1555 1727; x_wconf 91' lang='lat' dir='ltr'>in</span> <span class='ocrx_word' id='word_1_284' title='bbox 1574 1687 1848 1729; x_wconf 88' lang='lat' dir='ltr'>amaritudine</span> <span class='ocrx_word' id='word_1_285' title='bbox 1866 1700 1956 1729; x_wconf 91' lang='lat' dir='ltr'>sua:</span> <span class='ocrx_word' id='word_1_286' title='bbox 2026 1688 2194 1737; x_wconf 82' lang='lat' dir='ltr'>vadent,</span> 
     </span>
     <span class='ocr_line' id='line_1_36' title="bbox 551 1745 1312 1799; baseline 0.001 -13"><span class='ocrx_word' id='word_1_287' title='bbox 551 1752 592 1787; x_wconf 90' lang='lat' dir='ltr'>et</span> <span class='ocrx_word' id='word_1_288' title='bbox 621 1746 788 1787; x_wconf 85' lang='lat' dir='ltr'>venient</span> <span class='ocrx_word' id='word_1_289' title='bbox 817 1758 938 1799; x_wconf 90' lang='lat' dir='ltr'>super</span> <span class='ocrx_word' id='word_1_290' title='bbox 966 1759 1059 1787; x_wconf 91' lang='lat' dir='ltr'>eum</span> <span class='ocrx_word' id='word_1_291' title='bbox 1089 1745 1312 1787; x_wconf 89' lang='lat' dir='ltr'>horribiles.</span> 
     </span>
    </p>

    <p class='ocr_par' dir='ltr' id='par_1_29' title="bbox 287 1804 2196 1918">
     <span class='ocr_line' id='line_1_37' title="bbox 287 1804 2196 1860; baseline 0.001 -15"><span class='ocrx_word' id='word_1_292' title='bbox 287 1806 322 1829; x_wconf 76' lang='lat'>²⁶</span> <span class='ocrx_word' id='word_1_293' title='bbox 346 1805 497 1846; x_wconf 89' lang='lat' dir='ltr'>Omnes</span> <span class='ocrx_word' id='word_1_294' title='bbox 529 1806 707 1846; x_wconf 84' lang='lat' dir='ltr'>tenebrae</span> <span class='ocrx_word' id='word_1_295' title='bbox 739 1805 990 1846; x_wconf 78' lang='lat' dir='ltr'>absconditae</span> <span class='ocrx_word' id='word_1_296' title='bbox 1020 1810 1117 1846; x_wconf 87' lang='lat' dir='ltr'>sunt</span> <span class='ocrx_word' id='word_1_297' title='bbox 1147 1805 1189 1846; x_wconf 91' lang='lat' dir='ltr'>in</span> <span class='ocrx_word' id='word_1_298' title='bbox 1220 1804 1388 1846; x_wconf 88' lang='lat' dir='ltr'>occultis</span> <span class='ocrx_word' id='word_1_299' title='bbox 1419 1805 1522 1846; x_wconf 88' lang='lat' dir='ltr'>eius:</span> <span class='ocrx_word' id='word_1_300' title='bbox 1607 1806 1823 1847; x_wconf 85' lang='lat' dir='ltr'>devorabit</span> <span class='ocrx_word' id='word_1_301' title='bbox 1854 1819 1947 1847; x_wconf 90' lang='lat' dir='ltr'>eum</span> <span class='ocrx_word' id='word_1_302' title='bbox 1978 1805 2092 1860; x_wconf 85' lang='lat' dir='ltr'>ignis,</span> <span class='ocrx_word' id='word_1_303' title='bbox 2127 1806 2196 1860; x_wconf 90' lang='lat' dir='ltr'>qui</span> 
     </span>
     <span class='ocr_line' id='line_1_38' title="bbox 551 1863 1899 1918; baseline 0.001 -13"><span class='ocrx_word' id='word_1_304' title='bbox 551 1878 632 1906; x_wconf 90' lang='lat' dir='ltr'>non</span> <span class='ocrx_word' id='word_1_305' title='bbox 662 1864 934 1908; x_wconf 79' lang='lat' dir='ltr'>succenditur,</span> <span class='ocrx_word' id='word_1_306' title='bbox 1020 1863 1226 1918; x_wconf 84' lang='lat' dir='ltr'>affligetur</span> <span class='ocrx_word' id='word_1_307' title='bbox 1254 1864 1418 1905; x_wconf 88' lang='lat' dir='ltr'>relictus</span> <span class='ocrx_word' id='word_1_308' title='bbox 1448 1864 1489 1905; x_wconf 90' lang='lat' dir='ltr'>in</span> <span class='ocrx_word' id='word_1_309' title='bbox 1518 1865 1783 1907; x_wconf 87' lang='lat' dir='ltr'>tabernaculo</span> <span class='ocrx_word' id='word_1_310' title='bbox 1814 1878 1899 1907; x_wconf 90' lang='grc'><strong>5110.</strong></span> 
     </span>
    </p>

    <p class='ocr_par' dir='ltr' id='par_1_30' title="bbox 287 1923 2012 1978">
     <span class='ocr_line' id='line_1_39' title="bbox 287 1923 2012 1978; baseline 0.001 -14"><span class='ocrx_word' id='word_1_311' title='bbox 287 1925 321 1947; x_wconf 72' lang='lat'>2⁷</span> <span class='ocrx_word' id='word_1_312' title='bbox 348 1924 609 1965; x_wconf 83' lang='lat' dir='ltr'>Revelabunt</span> <span class='ocrx_word' id='word_1_313' title='bbox 638 1923 723 1964; x_wconf 84' lang='lat' dir='ltr'>caeli</span> <span class='ocrx_word' id='word_1_314' title='bbox 752 1923 1015 1977; x_wconf 90' lang='lat' dir='ltr'>iniquitatem</span> <span class='ocrx_word' id='word_1_315' title='bbox 1046 1923 1142 1969; x_wconf 90' lang='lat' dir='ltr'>eius,</span> <span class='ocrx_word' id='word_1_316' title='bbox 1228 1930 1269 1964; x_wconf 90' lang='lat' dir='ltr'>et</span> <span class='ocrx_word' id='word_1_317' title='bbox 1298 1928 1408 1964; x_wconf 89' lang='lat' dir='ltr'>terra</span> <span class='ocrx_word' id='word_1_318' title='bbox 1436 1929 1653 1978; x_wconf 82' lang='lat' dir='ltr'>consurget</span> <span class='ocrx_word' id='word_1_319' title='bbox 1682 1924 1877 1965; x_wconf 89' lang='lat' dir='ltr'>adversus</span> <span class='ocrx_word' id='word_1_320' title='bbox 1907 1937 2012 1965; x_wconf 88' lang='lat' dir='ltr'>eum.</span> 
     </span>
    </p>

    <p class='ocr_par' dir='ltr' id='par_1_31' title="bbox 286 1982 1957 2036">
     <span class='ocr_line' id='line_1_40' title="bbox 286 1982 1957 2036; baseline 0 -12"><span class='ocrx_word' id='word_1_321' title='bbox 286 1985 321 2007; x_wconf 67' lang='lat'>²⁸</span> <span class='ocrx_word' id='word_1_322' title='bbox 344 1983 546 2036; x_wconf 89' lang='lat' dir='ltr'>Apertum</span> <span class='ocrx_word' id='word_1_323' title='bbox 578 1983 654 2024; x_wconf 90' lang='lat' dir='ltr'>erit</span> <span class='ocrx_word' id='word_1_324' title='bbox 684 1995 848 2036; x_wconf 83' lang='lat' dir='ltr'>germen</span> <span class='ocrx_word' id='word_1_325' title='bbox 879 1983 1025 2024; x_wconf 90' lang='lat' dir='ltr'>domus</span> <span class='ocrx_word' id='word_1_326' title='bbox 1056 1982 1174 2032; x_wconf 87' lang='lat' dir='ltr'>illius,</span> <span class='ocrx_word' id='word_1_327' title='bbox 1260 1982 1501 2023; x_wconf 84' lang='lat' dir='ltr'>detrahetur</span> <span class='ocrx_word' id='word_1_328' title='bbox 1530 1983 1572 2024; x_wconf 90' lang='lat' dir='ltr'>in</span> <span class='ocrx_word' id='word_1_329' title='bbox 1601 1983 1665 2024; x_wconf 92' lang='lat' dir='ltr'>die</span> <span class='ocrx_word' id='word_1_330' title='bbox 1694 1983 1840 2025; x_wconf 83' lang='lat' dir='ltr'>furoris</span> <span class='ocrx_word' id='word_1_331' title='bbox 1869 1983 1957 2024; x_wconf 92' lang='lat' dir='ltr'>Dei.</span> 
     </span>
    </p>

    <p class='ocr_par' dir='ltr' id='par_1_32' title="bbox 286 2041 2193 2096">
     <span class='ocr_line' id='line_1_41' title="bbox 286 2041 2193 2096; baseline 0.001 -13"><span class='ocrx_word' id='word_1_332' title='bbox 286 2043 321 2066; x_wconf 78' lang='lat'>2⁹</span> <span class='ocrx_word' id='word_1_333' title='bbox 347 2042 444 2084; x_wconf 84' lang='lat' dir='ltr'>Haec</span> <span class='ocrx_word' id='word_1_334' title='bbox 475 2047 535 2083; x_wconf 90' lang='lat' dir='ltr'>est</span> <span class='ocrx_word' id='word_1_335' title='bbox 566 2055 660 2096; x_wconf 88' lang='lat' dir='ltr'>pars</span> <span class='ocrx_word' id='word_1_336' title='bbox 690 2042 865 2083; x_wconf 90' lang='lat' dir='ltr'>hominis</span> <span class='ocrx_word' id='word_1_337' title='bbox 896 2041 1010 2095; x_wconf 88' lang='lat' dir='ltr'>impii</span> <span class='ocrx_word' id='word_1_338' title='bbox 1042 2055 1066 2083; x_wconf 93' lang='lat' dir='ltr'>a</span> <span class='ocrx_word' id='word_1_339' title='bbox 1094 2042 1194 2091; x_wconf 87' lang='lat' dir='ltr'>Deo,</span> <span class='ocrx_word' id='word_1_340' title='bbox 1276 2047 1318 2083; x_wconf 89' lang='lat' dir='ltr'>et</span> <span class='ocrx_word' id='word_1_341' title='bbox 1348 2041 1552 2084; x_wconf 88' lang='lat' dir='ltr'>hereditas</span> <span class='ocrx_word' id='word_1_342' title='bbox 1583 2042 1802 2084; x_wconf 87' lang='lat' dir='ltr'>verborum</span> <span class='ocrx_word' id='word_1_343' title='bbox 1834 2042 1917 2084; x_wconf 90' lang='lat' dir='ltr'>eius</span> <span class='ocrx_word' id='word_1_344' title='bbox 1949 2055 1973 2082; x_wconf 90' lang='lat' dir='ltr'>a</span> <span class='ocrx_word' id='word_1_345' title='bbox 2001 2042 2193 2084; x_wconf 90' lang='lat' dir='ltr'>Domino.</span> 
     </span>
    </p>
   </div>
   <div class='ocr_carea' id='block_1_6' title="bbox 391 2157 1621 2293">
    <p class='ocr_par' dir='ltr' id='par_1_33' title="bbox 391 2157 1621 2293">
     <span class='ocr_line' id='line_1_42' title="bbox 861 2157 1621 2209; baseline 0 -12"><span class='ocrx_word' id='word_1_346' title='bbox 861 2157 899 2197; x_wconf 91' lang='lat'>6.</span> <span class='ocrx_word' id='word_1_347' title='bbox 930 2157 1006 2198; x_wconf 89' lang='lat' dir='ltr'>lob</span> <span class='ocrx_word' id='word_1_348' title='bbox 1037 2157 1174 2198; x_wconf 84' lang='lat' dir='ltr'>tertio</span> <span class='ocrx_word' id='word_1_349' title='bbox 1205 2158 1362 2209; x_wconf 85' lang='lat' dir='ltr'>negat,</span> <span class='ocrx_word' id='word_1_350' title='bbox 1391 2158 1457 2209; x_wconf 82' lang='lat'>21,</span> <span class='ocrx_word' id='word_1_351' title='bbox 1475 2158 1621 2198; x_wconf 83' lang='lat'>1—34.</span> 
     </span>
     <span class='ocr_line' id='line_1_43' title="bbox 391 2240 1267 2293; baseline -0.001 -11"><span class='ocrx_word' id='word_1_352' title='bbox 391 2242 455 2284; x_wconf 79' lang='lat'>21.</span> <span class='ocrx_word' id='word_1_353' title='bbox 512 2243 525 2265; x_wconf 88' lang='lat'>¹</span> <span class='ocrx_word' id='word_1_354' title='bbox 557 2240 823 2293; x_wconf 89' lang='lat' dir='ltr'>Respondens</span> <span class='ocrx_word' id='word_1_355' title='bbox 854 2245 993 2281; x_wconf 90' lang='lat' dir='ltr'>autem</span> <span class='ocrx_word' id='word_1_356' title='bbox 1026 2240 1111 2290; x_wconf 89' lang='lat' dir='ltr'>Iob,</span> <span class='ocrx_word' id='word_1_357' title='bbox 1144 2241 1267 2282; x_wconf 83' lang='lat' dir='ltr'>dixit:</span> 
     </span>
    </p>
   </div>
   <div class='ocr_carea' id='block_1_7' title="bbox 304 2345 2191 2637">
    <p class='ocr_par' dir='ltr' id='par_1_34' title="bbox 306 2345 1637 2400">
     <span class='ocr_line' id='line_1_44' title="bbox 306 2345 1637 2400; baseline -0.002 -12"><span class='ocrx_word' id='word_1_358' title='bbox 306 2350 320 2372; x_wconf 75' lang='lat'><strong>2</strong></span> <span class='ocrx_word' id='word_1_359' title='bbox 344 2347 495 2388; x_wconf 85' lang='lat' dir='ltr'>Audite</span> <span class='ocrx_word' id='word_1_360' title='bbox 526 2359 660 2399; x_wconf 75' lang='lat' dir='ltr'>quaeso</span> <span class='ocrx_word' id='word_1_361' title='bbox 691 2358 894 2386; x_wconf 87' lang='lat' dir='ltr'>sermones</span> <span class='ocrx_word' id='word_1_362' title='bbox 923 2359 1046 2395; x_wconf 89' lang='lat' dir='ltr'>meos,</span> <span class='ocrx_word' id='word_1_363' title='bbox 1130 2351 1171 2386; x_wconf 89' lang='lat' dir='ltr'>et</span> <span class='ocrx_word' id='word_1_364' title='bbox 1200 2346 1307 2400; x_wconf 85' lang='lat' dir='ltr'>agite</span> <span class='ocrx_word' id='word_1_365' title='bbox 1336 2345 1637 2400; x_wconf 88' lang='lat' dir='ltr'>poenitentiam.</span> 
     </span>
    </p>

    <p class='ocr_par' dir='ltr' id='par_1_35' title="bbox 305 2403 2037 2459">
     <span class='ocr_line' id='line_1_45' title="bbox 305 2403 2037 2459; baseline -0.001 -11"><span class='ocrx_word' id='word_1_366' title='bbox 305 2409 320 2431; x_wconf 80' lang='lat'><strong>³</strong></span> <span class='ocrx_word' id='word_1_367' title='bbox 345 2406 552 2448; x_wconf 85' lang='lat' dir='ltr'>Sustinete</span> <span class='ocrx_word' id='word_1_368' title='bbox 581 2418 657 2449; x_wconf 81' lang='lat' dir='ltr'>me.</span> <span class='ocrx_word' id='word_1_369' title='bbox 689 2409 730 2445; x_wconf 86' lang='lat' dir='ltr'>et</span> <span class='ocrx_word' id='word_1_370' title='bbox 759 2417 831 2458; x_wconf 88' lang='lat' dir='ltr'>ego</span> <span class='ocrx_word' id='word_1_371' title='bbox 861 2404 1017 2459; x_wconf 90' lang='lat' dir='ltr'>loquar,</span> <span class='ocrx_word' id='word_1_372' title='bbox 1101 2410 1143 2446; x_wconf 85' lang='lat' dir='ltr'>et</span> <span class='ocrx_word' id='word_1_373' title='bbox 1172 2411 1266 2459; x_wconf 89' lang='lat' dir='ltr'>post</span> <span class='ocrx_word' id='word_1_374' title='bbox 1294 2418 1396 2453; x_wconf 90' lang='lat' dir='ltr'>mea,</span> <span class='ocrx_word' id='word_1_375' title='bbox 1429 2405 1461 2446; x_wconf 90' lang='grc'>51</span> <span class='ocrx_word' id='word_1_376' title='bbox 1489 2404 1709 2453; x_wconf 89' lang='lat' dir='ltr'>videbitur,</span> <span class='ocrx_word' id='word_1_377' title='bbox 1741 2404 1869 2445; x_wconf 88' lang='lat' dir='ltr'>verba</span> <span class='ocrx_word' id='word_1_378' title='bbox 1896 2403 2037 2446; x_wconf 88' lang='lat' dir='ltr'>ridete.</span> 
     </span>
    </p>

    <p class='ocr_par' dir='ltr' id='par_1_36' title="bbox 304 2463 2191 2578">
     <span class='ocr_line' id='line_1_46' title="bbox 305 2463 2191 2519; baseline 0.001 -13"><span class='ocrx_word' id='word_1_379' title='bbox 305 2468 319 2490; x_wconf 71' lang='grc'>1</span> <span class='ocrx_word' id='word_1_380' title='bbox 346 2464 557 2519; x_wconf 78' lang='lat' dir='ltr'>Numquid</span> <span class='ocrx_word' id='word_1_381' title='bbox 572 2470 716 2505; x_wconf 90' lang='lat' dir='ltr'>contra</span> <span class='ocrx_word' id='word_1_382' title='bbox 730 2463 938 2505; x_wconf 87' lang='lat' dir='ltr'>hominem</span> <span class='ocrx_word' id='word_1_383' title='bbox 952 2464 1178 2517; x_wconf 86' lang='lat' dir='ltr'>disputatio</span> <span class='ocrx_word' id='word_1_384' title='bbox 1195 2478 1288 2505; x_wconf 93' lang='lat' dir='ltr'>mea</span> <span class='ocrx_word' id='word_1_385' title='bbox 1300 2469 1373 2514; x_wconf 88' lang='lat' dir='ltr'>est,</span> <span class='ocrx_word' id='word_1_386' title='bbox 1426 2470 1473 2506; x_wconf 91' lang='lat' dir='ltr'>ut</span> <span class='ocrx_word' id='word_1_387' title='bbox 1488 2464 1635 2505; x_wconf 87' lang='lat' dir='ltr'>merito</span> <span class='ocrx_word' id='word_1_388' title='bbox 1652 2476 1734 2505; x_wconf 93' lang='lat' dir='ltr'>non</span> <span class='ocrx_word' id='word_1_389' title='bbox 1747 2463 1920 2504; x_wconf 87' lang='lat' dir='ltr'>debeam</span> <span class='ocrx_word' id='word_1_390' title='bbox 1933 2463 2191 2507; x_wconf 83' lang='lat' dir='ltr'>contristari?</span> 
     </span>
     <span class='ocr_line' id='line_1_47' title="bbox 304 2522 1951 2578; baseline -0.002 -12"><span class='ocrx_word' id='word_1_391' title='bbox 304 2527 318 2549; x_wconf 97' lang='grc'><strong>5</strong></span> <span class='ocrx_word' id='word_1_392' title='bbox 343 2524 559 2566; x_wconf 88' lang='lat' dir='ltr'>Attendite</span> <span class='ocrx_word' id='word_1_393' title='bbox 588 2536 664 2566; x_wconf 87' lang='lat' dir='ltr'>me,</span> <span class='ocrx_word' id='word_1_394' title='bbox 696 2528 737 2564; x_wconf 91' lang='lat' dir='ltr'>et</span> <span class='ocrx_word' id='word_1_395' title='bbox 767 2523 1055 2577; x_wconf 88' lang='lat' dir='ltr'>obstupescite,</span> <span class='ocrx_word' id='word_1_396' title='bbox 1141 2528 1181 2564; x_wconf 88' lang='lat' dir='ltr'>et</span> <span class='ocrx_word' id='word_1_397' title='bbox 1211 2524 1474 2578; x_wconf 88' lang='lat' dir='ltr'>superponite</span> <span class='ocrx_word' id='word_1_398' title='bbox 1504 2523 1678 2577; x_wconf 81' lang='lat' dir='ltr'>digitum</span> <span class='ocrx_word' id='word_1_399' title='bbox 1709 2522 1767 2564; x_wconf 93' lang='lat' dir='ltr'>ori</span> <span class='ocrx_word' id='word_1_400' title='bbox 1796 2527 1951 2564; x_wconf 90' lang='lat' dir='ltr'>vestro:</span> 
     </span>
    </p>

    <p class='ocr_par' dir='ltr' id='par_1_37' title="bbox 306 2581 2189 2637">
     <span class='ocr_line' id='line_1_48' title="bbox 306 2581 2189 2637; baseline 0 -13"><span class='ocrx_word' id='word_1_401' title='bbox 306 2586 320 2608; x_wconf 76' lang='grc'><strong>5</strong></span> <span class='ocrx_word' id='word_1_402' title='bbox 344 2584 398 2624; x_wconf 85' lang='grc' dir='ltr'>Ε1</span> <span class='ocrx_word' id='word_1_403' title='bbox 421 2597 492 2637; x_wconf 86' lang='lat' dir='ltr'>ego</span> <span class='ocrx_word' id='word_1_404' title='bbox 512 2583 676 2637; x_wconf 87' lang='lat' dir='ltr'>quando</span> <span class='ocrx_word' id='word_1_405' title='bbox 698 2582 935 2623; x_wconf 86' lang='lat' dir='ltr'>recordatus</span> <span class='ocrx_word' id='word_1_406' title='bbox 957 2583 1083 2627; x_wconf 80' lang='lat' dir='ltr'>fuero,</span> <span class='ocrx_word' id='word_1_407' title='bbox 1102 2583 1357 2635; x_wconf 87' lang='lat' dir='ltr'>pertimesco,</span> <span class='ocrx_word' id='word_1_408' title='bbox 1416 2589 1457 2624; x_wconf 89' lang='lat' dir='ltr'>et</span> <span class='ocrx_word' id='word_1_409' title='bbox 1479 2581 1663 2624; x_wconf 90' lang='lat' dir='ltr'>concutit</span> <span class='ocrx_word' id='word_1_410' title='bbox 1685 2594 1848 2622; x_wconf 85' lang='lat' dir='ltr'>carnem</span> <span class='ocrx_word' id='word_1_411' title='bbox 1868 2595 2003 2622; x_wconf 90' lang='lat' dir='ltr'>meam</span> <span class='ocrx_word' id='word_1_412' title='bbox 2025 2587 2189 2624; x_wconf 85' lang='lat' dir='ltr'>tremor.</span> 
     </span>
    </p>
   </div>
   <div class='ocr_carea' id='block_1_8' title="bbox 284 2686 2191 3447">
    <p class='ocr_par' dir='ltr' id='par_1_38' title="bbox 305 2686 1926 2741">
     <span class='ocr_line' id='line_1_49' title="bbox 305 2686 1926 2741; baseline 0.001 -14"><span class='ocrx_word' id='word_1_413' title='bbox 305 2689 318 2710; x_wconf 75' lang='lat'>⁷</span> <span class='ocrx_word' id='word_1_414' title='bbox 347 2687 502 2736; x_wconf 86' lang='lat' dir='ltr'>bQuare</span> <span class='ocrx_word' id='word_1_415' title='bbox 531 2699 623 2741; x_wconf 87' lang='lat' dir='ltr'>ergo</span> <span class='ocrx_word' id='word_1_416' title='bbox 652 2686 767 2740; x_wconf 91' lang='lat' dir='ltr'>impii</span> <span class='ocrx_word' id='word_1_417' title='bbox 795 2686 956 2736; x_wconf 84' lang='lat' dir='ltr'>vivunt,</span> <span class='ocrx_word' id='word_1_418' title='bbox 1040 2688 1245 2729; x_wconf 88' lang='lat' dir='ltr'>sublevati</span> <span class='ocrx_word' id='word_1_419' title='bbox 1273 2693 1382 2732; x_wconf 85' lang='lat' dir='ltr'>sunt,</span> <span class='ocrx_word' id='word_1_420' title='bbox 1414 2687 1718 2741; x_wconf 82' lang='lat' dir='ltr'>confortatique</span> <span class='ocrx_word' id='word_1_421' title='bbox 1747 2686 1926 2728; x_wconf 83' lang='lat' dir='ltr'>divitiis?</span> 
     </span>
    </p>

    <p class='ocr_par' dir='ltr' id='par_1_39' title="bbox 305 2746 2191 2859">
     <span class='ocr_line' id='line_1_50' title="bbox 305 2746 2191 2801; baseline 0 -14"><span class='ocrx_word' id='word_1_422' title='bbox 305 2749 320 2770; x_wconf 71' lang='lat'>⁸</span> <span class='ocrx_word' id='word_1_423' title='bbox 343 2747 488 2788; x_wconf 84' lang='lat' dir='ltr'>Semen</span> <span class='ocrx_word' id='word_1_424' title='bbox 517 2759 656 2787; x_wconf 92' lang='lat' dir='ltr'>eorum</span> <span class='ocrx_word' id='word_1_425' title='bbox 684 2752 898 2799; x_wconf 90' lang='lat' dir='ltr'>permanet</span> <span class='ocrx_word' id='word_1_426' title='bbox 926 2759 1061 2787; x_wconf 89' lang='lat' dir='ltr'>coram</span> <span class='ocrx_word' id='word_1_427' title='bbox 1088 2747 1154 2795; x_wconf 87' lang='lat' dir='ltr'>eis,</span> <span class='ocrx_word' id='word_1_428' title='bbox 1231 2747 1555 2801; x_wconf 92' lang='lat' dir='ltr'>propinquorum</span> <span class='ocrx_word' id='word_1_429' title='bbox 1583 2747 1718 2795; x_wconf 88' lang='lat' dir='ltr'>turba,</span> <span class='ocrx_word' id='word_1_430' title='bbox 1742 2751 1783 2787; x_wconf 90' lang='lat' dir='ltr'>et</span> <span class='ocrx_word' id='word_1_431' title='bbox 1811 2751 2009 2799; x_wconf 86' lang='lat' dir='ltr'>nepotum</span> <span class='ocrx_word' id='word_1_432' title='bbox 2037 2746 2078 2787; x_wconf 91' lang='lat' dir='ltr'>in</span> <span class='ocrx_word' id='word_1_433' title='bbox 2099 2759 2191 2788; x_wconf 89' lang='lat' dir='ltr'>con-</span> 
     </span>
     <span class='ocr_line' id='line_1_51' title="bbox 548 2811 872 2859; baseline 0 -13"><span class='ocrx_word' id='word_1_434' title='bbox 548 2811 690 2859; x_wconf 89' lang='lat' dir='ltr'>spectu</span> <span class='ocrx_word' id='word_1_435' title='bbox 721 2817 872 2846; x_wconf 89' lang='lat' dir='ltr'>eorum.</span> 
     </span>
    </p>

    <p class='ocr_par' dir='ltr' id='par_1_40' title="bbox 305 2863 2054 2919">
     <span class='ocr_line' id='line_1_52' title="bbox 305 2863 2054 2919; baseline 0 -14"><span class='ocrx_word' id='word_1_436' title='bbox 305 2866 320 2887; x_wconf 81' lang='lat'>⁹</span> <span class='ocrx_word' id='word_1_437' title='bbox 344 2866 500 2905; x_wconf 89' lang='lat' dir='ltr'>Domus</span> <span class='ocrx_word' id='word_1_438' title='bbox 528 2877 667 2905; x_wconf 90' lang='lat' dir='ltr'>eorum</span> <span class='ocrx_word' id='word_1_439' title='bbox 694 2876 843 2905; x_wconf 82' lang='lat' dir='ltr'>securae</span> <span class='ocrx_word' id='word_1_440' title='bbox 868 2870 965 2905; x_wconf 90' lang='lat' dir='ltr'>sunt</span> <span class='ocrx_word' id='word_1_441' title='bbox 990 2870 1031 2905; x_wconf 90' lang='lat' dir='ltr'>et</span> <span class='ocrx_word' id='word_1_442' title='bbox 1057 2871 1226 2919; x_wconf 80' lang='lat' dir='ltr'>paeatae,</span> <span class='ocrx_word' id='word_1_443' title='bbox 1308 2870 1349 2906; x_wconf 89' lang='lat' dir='ltr'>et</span> <span class='ocrx_word' id='word_1_444' title='bbox 1373 2879 1455 2906; x_wconf 91' lang='lat' dir='ltr'>non</span> <span class='ocrx_word' id='word_1_445' title='bbox 1482 2870 1543 2906; x_wconf 90' lang='lat' dir='ltr'>est</span> <span class='ocrx_word' id='word_1_446' title='bbox 1569 2864 1684 2918; x_wconf 87' lang='lat' dir='ltr'>virga</span> <span class='ocrx_word' id='word_1_447' title='bbox 1708 2863 1785 2905; x_wconf 92' lang='lat' dir='ltr'>Dei</span> <span class='ocrx_word' id='word_1_448' title='bbox 1810 2876 1931 2918; x_wconf 90' lang='lat' dir='ltr'>super</span> <span class='ocrx_word' id='word_1_449' title='bbox 1954 2863 2054 2905; x_wconf 84' lang='grc'><strong>11105.</strong></span> 
     </span>
    </p>

    <p class='ocr_par' dir='ltr' id='par_1_41' title="bbox 286 2922 2187 2978">
     <span class='ocr_line' id='line_1_53' title="bbox 286 2922 2187 2978; baseline 0.001 -15"><span class='ocrx_word' id='word_1_450' title='bbox 286 2926 321 2947; x_wconf 83' lang='lat'>¹⁰</span> <span class='ocrx_word' id='word_1_451' title='bbox 346 2924 424 2964; x_wconf 86' lang='lat' dir='ltr'>Bos</span> <span class='ocrx_word' id='word_1_452' title='bbox 442 2936 580 2964; x_wconf 90' lang='lat' dir='ltr'>eorum</span> <span class='ocrx_word' id='word_1_453' title='bbox 598 2923 796 2977; x_wconf 85' lang='lat' dir='ltr'>concepit,</span> <span class='ocrx_word' id='word_1_454' title='bbox 811 2930 851 2964; x_wconf 92' lang='lat' dir='ltr'>et</span> <span class='ocrx_word' id='word_1_455' title='bbox 868 2937 949 2965; x_wconf 90' lang='lat' dir='ltr'>non</span> <span class='ocrx_word' id='word_1_456' title='bbox 968 2924 1183 2965; x_wconf 86' lang='lat' dir='ltr'>abortivit:</span> <span class='ocrx_word' id='word_1_457' title='bbox 1241 2937 1369 2966; x_wconf 90' lang='lat' dir='ltr'>vacca</span> <span class='ocrx_word' id='word_1_458' title='bbox 1383 2924 1553 2978; x_wconf 81' lang='lat' dir='ltr'>peperit,</span> <span class='ocrx_word' id='word_1_459' title='bbox 1570 2928 1611 2964; x_wconf 91' lang='lat' dir='ltr'>et</span> <span class='ocrx_word' id='word_1_460' title='bbox 1626 2936 1708 2965; x_wconf 92' lang='lat' dir='ltr'>non</span> <span class='ocrx_word' id='word_1_461' title='bbox 1725 2928 1785 2963; x_wconf 90' lang='lat' dir='ltr'>est</span> <span class='ocrx_word' id='word_1_462' title='bbox 1801 2922 1967 2976; x_wconf 87' lang='lat' dir='ltr'>privata</span> <span class='ocrx_word' id='word_1_463' title='bbox 1980 2923 2086 2964; x_wconf 80' lang='lat' dir='ltr'>foetu</span> <span class='ocrx_word' id='word_1_464' title='bbox 2103 2936 2187 2965; x_wconf 89' lang='lat' dir='ltr'>suo.</span> 
     </span>
    </p>

    <p class='ocr_par' dir='ltr' id='par_1_42' title="bbox 286 2981 2186 3037">
     <span class='ocr_line' id='line_1_54' title="bbox 286 2981 2186 3037; baseline 0.001 -15"><span class='ocrx_word' id='word_1_465' title='bbox 286 2984 316 3006; x_wconf 89' lang='lat'>¹¹</span> <span class='ocrx_word' id='word_1_466' title='bbox 344 2982 621 3036; x_wconf 89' lang='lat' dir='ltr'>Egrediuntur</span> <span class='ocrx_word' id='word_1_467' title='bbox 649 2982 764 3036; x_wconf 88' lang='lat' dir='ltr'>quasi</span> <span class='ocrx_word' id='word_1_468' title='bbox 790 2995 927 3037; x_wconf 86' lang='lat' dir='ltr'>greges</span> <span class='ocrx_word' id='word_1_469' title='bbox 955 2983 1115 3036; x_wconf 91' lang='lat' dir='ltr'>parvuli</span> <span class='ocrx_word' id='word_1_470' title='bbox 1142 2997 1293 3033; x_wconf 90' lang='lat' dir='ltr'>eorum,</span> <span class='ocrx_word' id='word_1_471' title='bbox 1371 2989 1411 3024; x_wconf 86' lang='lat' dir='ltr'>et</span> <span class='ocrx_word' id='word_1_472' title='bbox 1437 2983 1616 3024; x_wconf 83' lang='lat' dir='ltr'>infantes</span> <span class='ocrx_word' id='word_1_473' title='bbox 1643 2995 1782 3023; x_wconf 90' lang='lat' dir='ltr'>eorum</span> <span class='ocrx_word' id='word_1_474' title='bbox 1804 2981 1995 3022; x_wconf 86' lang='lat' dir='ltr'>exultant</span> <span class='ocrx_word' id='word_1_475' title='bbox 2020 2981 2186 3024; x_wconf 91' lang='lat' dir='ltr'>lusibus.</span> 
     </span>
    </p>

    <p class='ocr_par' dir='ltr' id='par_1_43' title="bbox 284 3040 1906 3097">
     <span class='ocr_line' id='line_1_55' title="bbox 284 3040 1906 3097; baseline 0 -16"><span class='ocrx_word' id='word_1_476' title='bbox 284 3043 316 3065; x_wconf 83' lang='lat'>¹²</span> <span class='ocrx_word' id='word_1_477' title='bbox 344 3041 499 3081; x_wconf 85' lang='lat' dir='ltr'>Tenent</span> <span class='ocrx_word' id='word_1_478' title='bbox 529 3047 788 3095; x_wconf 83' lang='lat' dir='ltr'>tympanum,</span> <span class='ocrx_word' id='word_1_479' title='bbox 820 3047 859 3082; x_wconf 90' lang='lat' dir='ltr'>et</span> <span class='ocrx_word' id='word_1_480' title='bbox 889 3042 1101 3084; x_wconf 87' lang='lat' dir='ltr'>citharam.</span> <span class='ocrx_word' id='word_1_481' title='bbox 1186 3048 1225 3083; x_wconf 91' lang='lat' dir='ltr'>et</span> <span class='ocrx_word' id='word_1_482' title='bbox 1253 3043 1435 3097; x_wconf 87' lang='lat' dir='ltr'>gaudent</span> <span class='ocrx_word' id='word_1_483' title='bbox 1464 3042 1517 3083; x_wconf 86' lang='lat' dir='ltr'>ad</span> <span class='ocrx_word' id='word_1_484' title='bbox 1545 3041 1725 3083; x_wconf 86' lang='lat' dir='ltr'>sonitum</span> <span class='ocrx_word' id='word_1_485' title='bbox 1754 3040 1906 3094; x_wconf 84' lang='lat' dir='ltr'>organi.</span> 
     </span>
    </p>

    <p class='ocr_par' dir='ltr' id='par_1_44' title="bbox 285 3100 1930 3155">
     <span class='ocr_line' id='line_1_56' title="bbox 285 3100 1930 3155; baseline 0 -15"><span class='ocrx_word' id='word_1_486' title='bbox 285 3102 316 3124; x_wconf 76' lang='lat'>¹³</span> <span class='ocrx_word' id='word_1_487' title='bbox 343 3100 511 3140; x_wconf 80' lang='lat' dir='ltr'>Ducunt</span> <span class='ocrx_word' id='word_1_488' title='bbox 543 3100 582 3140; x_wconf 92' lang='lat' dir='ltr'>in</span> <span class='ocrx_word' id='word_1_489' title='bbox 615 3100 730 3141; x_wconf 89' lang='lat' dir='ltr'>bonis</span> <span class='ocrx_word' id='word_1_490' title='bbox 761 3100 845 3141; x_wconf 90' lang='lat' dir='ltr'>dies</span> <span class='ocrx_word' id='word_1_491' title='bbox 875 3113 980 3150; x_wconf 88' lang='lat' dir='ltr'>suos,</span> <span class='ocrx_word' id='word_1_492' title='bbox 1066 3107 1106 3142; x_wconf 89' lang='lat' dir='ltr'>et</span> <span class='ocrx_word' id='word_1_493' title='bbox 1137 3102 1177 3142; x_wconf 90' lang='lat' dir='ltr'>in</span> <span class='ocrx_word' id='word_1_494' title='bbox 1208 3107 1362 3155; x_wconf 89' lang='lat' dir='ltr'>puncto</span> <span class='ocrx_word' id='word_1_495' title='bbox 1394 3102 1445 3142; x_wconf 91' lang='lat' dir='ltr'>ad</span> <span class='ocrx_word' id='word_1_496' title='bbox 1476 3100 1635 3142; x_wconf 88' lang='lat' dir='ltr'>inferna</span> <span class='ocrx_word' id='word_1_497' title='bbox 1664 3100 1930 3141; x_wconf 88' lang='lat' dir='ltr'>descendunt.</span> 
     </span>
    </p>

    <p class='ocr_par' dir='ltr' id='par_1_45' title="bbox 285 3158 2143 3207">
     <span class='ocr_line' id='line_1_57' title="bbox 285 3158 2143 3207; baseline 0.001 -9"><span class='ocrx_word' id='word_1_498' title='bbox 285 3160 315 3182; x_wconf 71' lang='lat'>¹⁴</span> <span class='ocrx_word' id='word_1_499' title='bbox 344 3159 421 3207; x_wconf 85' lang='lat' dir='ltr'>Qui</span> <span class='ocrx_word' id='word_1_500' title='bbox 449 3159 643 3199; x_wconf 80' lang='lat' dir='ltr'>dixerunt</span> <span class='ocrx_word' id='word_1_501' title='bbox 668 3160 774 3200; x_wconf 89' lang='lat' dir='ltr'>Deo:</span> <span class='ocrx_word' id='word_1_502' title='bbox 806 3160 964 3201; x_wconf 87' lang='lat' dir='ltr'>Recede</span> <span class='ocrx_word' id='word_1_503' title='bbox 993 3174 1017 3201; x_wconf 90' lang='lat' dir='ltr'>a</span> <span class='ocrx_word' id='word_1_504' title='bbox 1043 3160 1170 3207; x_wconf 91' lang='lat' dir='ltr'>nobis,</span> <span class='ocrx_word' id='word_1_505' title='bbox 1254 3167 1294 3202; x_wconf 89' lang='lat' dir='ltr'>et</span> <span class='ocrx_word' id='word_1_506' title='bbox 1321 3160 1533 3202; x_wconf 82' lang='lat' dir='ltr'>seientiam</span> <span class='ocrx_word' id='word_1_507' title='bbox 1561 3160 1721 3200; x_wconf 89' lang='lat' dir='ltr'>viarum</span> <span class='ocrx_word' id='word_1_508' title='bbox 1749 3164 1915 3200; x_wconf 87' lang='lat' dir='ltr'>tuarum</span> <span class='ocrx_word' id='word_1_509' title='bbox 1942 3158 2143 3200; x_wconf 92' lang='lat' dir='ltr'>nolumus.</span> 
     </span>
    </p>

    <p class='ocr_par' dir='ltr' id='par_1_46' title="bbox 285 3217 2188 3320">
     <span class='ocr_line' id='line_1_58' title="bbox 285 3217 2188 3273; baseline 0.001 -16"><span class='ocrx_word' id='word_1_510' title='bbox 285 3220 315 3241; x_wconf 89' lang='grc'>15</span> <span class='ocrx_word' id='word_1_511' title='bbox 350 3218 464 3266; x_wconf 67' lang='lat' dir='ltr'>(Quis</span> <span class='ocrx_word' id='word_1_512' title='bbox 493 3224 551 3258; x_wconf 87' lang='lat' dir='ltr'>est</span> <span class='ocrx_word' id='word_1_513' title='bbox 580 3218 862 3271; x_wconf 86' lang='lat' dir='ltr'>Omnipotens,</span> <span class='ocrx_word' id='word_1_514' title='bbox 893 3225 940 3260; x_wconf 92' lang='lat' dir='ltr'>ut</span> <span class='ocrx_word' id='word_1_515' title='bbox 966 3219 1190 3260; x_wconf 84' lang='lat' dir='ltr'>serviamus</span> <span class='ocrx_word' id='word_1_516' title='bbox 1218 3220 1276 3260; x_wconf 75' lang='lat' dir='ltr'>ei?</span> <span class='ocrx_word' id='word_1_517' title='bbox 1348 3226 1389 3261; x_wconf 87' lang='lat' dir='ltr'>et</span> <span class='ocrx_word' id='word_1_518' title='bbox 1416 3219 1514 3273; x_wconf 88' lang='lat' dir='ltr'>quid</span> <span class='ocrx_word' id='word_1_519' title='bbox 1542 3218 1658 3260; x_wconf 92' lang='lat' dir='ltr'>nobis</span> <span class='ocrx_word' id='word_1_520' title='bbox 1685 3218 1853 3272; x_wconf 90' lang='lat' dir='ltr'>prodest</span> <span class='ocrx_word' id='word_1_521' title='bbox 1879 3217 1911 3258; x_wconf 91' lang='lat' dir='ltr'>si</span> <span class='ocrx_word' id='word_1_522' title='bbox 1938 3217 2188 3259; x_wconf 87' lang='lat' dir='ltr'>oraverimus</span> 
     </span>
     <span class='ocr_line' id='line_1_59' title="bbox 546 3276 1874 3320; baseline 0.003 -4"><span class='ocrx_word' id='word_1_523' title='bbox 546 3276 685 3317; x_wconf 76' lang='lat' dir='ltr'>illum?</span> <span class='ocrx_word' id='word_1_524' title='bbox 1871 3318 1874 3320; x_wconf 75' lang='grc'><strong>,</strong></span> 
     </span>
    </p>

    <p class='ocr_par' dir='ltr' id='par_1_47' title="bbox 284 3334 2188 3447">
     <span class='ocr_line' id='line_1_60' title="bbox 284 3334 2188 3391; baseline 0.001 -16"><span class='ocrx_word' id='word_1_525' title='bbox 284 3337 318 3359; x_wconf 77' lang='lat'>¹⁶</span> <span class='ocrx_word' id='word_1_526' title='bbox 342 3335 635 3376; x_wconf 85' lang='lat' dir='ltr'>Verumtamen</span> <span class='ocrx_word' id='word_1_527' title='bbox 668 3336 763 3389; x_wconf 88' lang='lat' dir='ltr'>quia</span> <span class='ocrx_word' id='word_1_528' title='bbox 792 3349 873 3378; x_wconf 90' lang='lat' dir='ltr'>non</span> <span class='ocrx_word' id='word_1_529' title='bbox 903 3343 1000 3378; x_wconf 86' lang='lat' dir='ltr'>sunt</span> <span class='ocrx_word' id='word_1_530' title='bbox 1029 3337 1070 3378; x_wconf 89' lang='lat' dir='ltr'>in</span> <span class='ocrx_word' id='word_1_531' title='bbox 1099 3351 1224 3379; x_wconf 92' lang='lat' dir='ltr'>manu</span> <span class='ocrx_word' id='word_1_532' title='bbox 1255 3351 1393 3379; x_wconf 90' lang='lat' dir='ltr'>eorum</span> <span class='ocrx_word' id='word_1_533' title='bbox 1425 3338 1533 3379; x_wconf 89' lang='lat' dir='ltr'>bona</span> <span class='ocrx_word' id='word_1_534' title='bbox 1562 3350 1646 3385; x_wconf 82' lang='lat' dir='ltr'>sua,</span> <span class='ocrx_word' id='word_1_535' title='bbox 1727 3334 1939 3378; x_wconf 88' lang='lat' dir='ltr'>consilium</span> <span class='ocrx_word' id='word_1_536' title='bbox 1969 3335 2188 3391; x_wconf 89' lang='lat' dir='ltr'>impiorum</span> 
     </span>
     <span class='ocr_line' id='line_1_61' title="bbox 546 3394 901 3447; baseline 0.006 -13"><span class='ocrx_word' id='word_1_537' title='bbox 546 3394 662 3447; x_wconf 73' lang='lat' dir='ltr'>longe</span> <span class='ocrx_word' id='word_1_538' title='bbox 692 3394 743 3435; x_wconf 87' lang='lat' dir='ltr'>sit</span> <span class='ocrx_word' id='word_1_539' title='bbox 774 3408 797 3435; x_wconf 84' lang='lat' dir='ltr'>a</span> <span class='ocrx_word' id='word_1_540' title='bbox 826 3410 901 3436; x_wconf 87' lang='lat' dir='ltr'>me.</span> 
     </span>
    </p>
   </div>
   <div class='ocr_carea' id='block_1_9' title="bbox 414 3521 1752 3564">
    <p class='ocr_par' dir='ltr' id='par_1_48' title="bbox 414 3521 1752 3564">
     <span class='ocr_line' id='line_1_62' title="bbox 414 3521 1752 3564; baseline 0 -9"><span class='ocrx_word' id='word_1_541' title='bbox 414 3522 467 3563; x_wconf 75' lang='lat'>2⁰,</span> <span class='ocrx_word' id='word_1_542' title='bbox 493 3522 534 3555; x_wconf 72' lang='lat'>⁴20</span> <span class='ocrx_word' id='word_1_543' title='bbox 560 3521 639 3555; x_wconf 74' lang='lat' dir='ltr'>aEcl</span> <span class='ocrx_word' id='word_1_544' title='bbox 664 3523 695 3562; x_wconf 79' lang='lat'>5,</span> <span class='ocrx_word' id='word_1_545' title='bbox 720 3522 749 3555; x_wconf 82' lang='lat'>9.</span> <span class='ocrx_word' id='word_1_546' title='bbox 778 3543 819 3545; x_wconf 88' lang='lat'>—</span> <span class='ocrx_word' id='word_1_547' title='bbox 844 3522 897 3564; x_wconf 74' lang='lat'>21,</span> <span class='ocrx_word' id='word_1_548' title='bbox 924 3525 941 3555; x_wconf 84' lang='lat'><em>7</em></span> <span class='ocrx_word' id='word_1_549' title='bbox 967 3523 1021 3556; x_wconf 79' lang='lat' dir='ltr'>bIr</span> <span class='ocrx_word' id='word_1_550' title='bbox 1046 3524 1098 3564; x_wconf 83' lang='lat'>12,</span> <span class='ocrx_word' id='word_1_551' title='bbox 1124 3525 1158 3562; x_wconf 76' lang='lat'>1:</span> <span class='ocrx_word' id='word_1_552' title='bbox 1187 3523 1264 3557; x_wconf 85' lang='lat' dir='ltr'>Hab</span> <span class='ocrx_word' id='word_1_553' title='bbox 1292 3526 1320 3564; x_wconf 86' lang='lat'>1,</span> <span class='ocrx_word' id='word_1_554' title='bbox 1346 3524 1375 3557; x_wconf 87' lang='lat'>3.</span> <span class='ocrx_word' id='word_1_555' title='bbox 1403 3545 1443 3547; x_wconf 97' lang='lat'><strong>—</strong></span> <span class='ocrx_word' id='word_1_556' title='bbox 1469 3523 1511 3558; x_wconf 83' lang='lat'>15</span> <span class='ocrx_word' id='word_1_557' title='bbox 1538 3522 1623 3557; x_wconf 79' lang='lat' dir='ltr'>cMal</span> <span class='ocrx_word' id='word_1_558' title='bbox 1645 3522 1677 3563; x_wconf 86' lang='lat'>3,</span> <span class='ocrx_word' id='word_1_559' title='bbox 1702 3523 1752 3555; x_wconf 90' lang='grc'>14.</span> 
     </span>
    </p>
   </div>
  </div>
 </body>
</html>
