2356 3760
97 151 152 190 28,
179 150 320 190 14—28,
345 149 385 182 51
869 147 1241 181 DEL'TERONOMH
1924 156 1997 195 167

100 250 141 285 et
168 242 407 285 custodieris
437 247 478 282 et
504 241 656 287 feceris,
714 242 745 264 14
773 253 819 280 ac
847 253 928 280 non
956 240 1221 281 declinaveris
1251 242 1302 281 ab
1331 241 1384 280 eis
1413 254 1486 281 nec
1514 242 1565 281 ad
1594 243 1814 291 dexteram,
1846 260 1917 287 nec
1946 247 1998 287 ad

100 303 318 350 sinistram,
350 314 423 341 nec
453 304 614 340 secutus
644 298 766 339 fueris
797 298 892 339 deos
923 298 1086 343 alienos,
1118 311 1249 351 neque
1279 299 1446 339 colueris
1477 312 1555 340 eos.

205 363 235 385 ¹5
258 360 398 409 aQuod
416 358 448 399 si
468 357 606 398 audire
626 356 799 397 nolueris
820 370 961 397 vocem
981 356 1146 398 Domini
1165 356 1240 397 Dei
1260 357 1332 404 tui,
1353 362 1401 397 ut
1419 358 1636 406 custodias,
1658 364 1699 399 et
1717 360 1840 401 facias
1860 363 1996 403 omnia

99 420 298 460 mandata
321 418 405 458 eius
428 421 469 457 et
491 415 749 463 ceremonias,
778 428 877 468 quas
902 428 972 467 ego
997 415 1185 468 praecipio
1210 415 1285 455 tibi
1309 415 1438 461 hodie,
1465 416 1631 456 venient
1654 430 1773 471 super
1794 423 1836 459 te
1859 433 1996 461 omnes

98 477 403 519 maledictiones
429 475 528 520 istae,
557 479 598 515 et
623 473 931 527 apprehendent
955 478 1006 515 te.
1062 476 1097 497 1⁶
1120 474 1361 514 Maledictus
1388 474 1462 514 eris
1488 474 1528 514 in
1554 474 1732 523 civitate,
1760 477 1999 519 maledictus

100 537 142 578 in
167 549 273 589 agro.
326 536 359 558 1⁷
384 532 647 574 Maledictum
672 532 860 573 horreum
886 537 1016 580 tuum,
1043 537 1084 572 et
1106 532 1334 572 maledictae
1357 531 1534 585 reliquize
1557 538 1649 574 tuae.
1703 536 1737 558 18
1760 535 2000 576 Maledictus

98 596 255 636 fructus
282 592 435 633 ventris
461 591 533 639 tui,
562 596 603 632 et
626 591 783 632 fructus
810 596 926 632 terrae
951 595 1043 637 tuae,
1072 595 1258 630 armenta
1284 591 1405 632 boum
1431 595 1607 635 tuorum,
1637 596 1677 632 et
1699 605 1836 645 greges
1861 594 1999 635 ovium

100 659 277 694 tuarum.
328 654 361 676 111
381 649 622 691 Maledictus
643 649 718 689 eris
739 649 977 703 ingrediens,
1001 654 1042 690 et
1060 649 1302 690 maledictus
1323 649 1540 701 egrediens.
1590 652 1625 673 20
1644 644 1785 692 Mittet
1802 652 2002 694 Dominus

100 724 220 765 super
246 716 287 752 te
313 711 464 750 famem
492 714 533 749 et
559 708 742 753 esuriem,
767 714 808 749 913
833 707 1153 760 increpationem
1180 707 1221 748 111
1245 707 1382 749 onmia
1409 720 1531 760 opera
1558 712 1641 755 tua,
1673 722 1761 761 qua}
1788 715 1834 750 tu
1860 711 2000 752 facies:

100 771 228 811 donec
262 773 449 811 conterat
481 771 533 813 te,
571 772 612 808 et
644 767 791 820 perdat
823 766 1026 809 velociter,
1064 772 1231 820 propter
1264 766 1573 807 adinventiones
1607 771 1699 807 tuas
1734 768 1927 820 pessimas
1960 769 2000 808 in

101 829 248 882 quibus
274 825 474 880 reliquisti
499 839 575 866 me.
631 828 662 850 21
688 826 899 875 Adiungat
925 825 999 865 tibi
1025 825 1225 866 Dominus
1252 824 1539 878 pestilentiam,
1569 826 1697 866 donec
1723 831 1937 867 consumat
1963 832 2003 868 te

100 888 148 928 de
179 893 299 935 terra,
335 886 386 926 ad
419 898 542 938 quam
574 883 806 937 ingredieris
840 884 1139 936 possidendam.
1201 886 1232 907 ‘22
1264 883 1473 924 Percutiat
1505 888 1545 923 te
1577 883 1777 924 Dominus
1810 890 2000 937 egestate,

98 946 200 987 febri
225 951 265 987 et
288 945 445 997 frigore,
473 944 614 983 ardore
639 948 679 984 et
702 948 815 985 aestu,
840 949 880 983 et
904 955 993 983 aere
1019 948 1208 996 corrupto
1230 955 1275 982 ac
1299 942 1495 995 rubigine,
1520 947 1558 982 et
1585 948 1852 995 persequatur
1876 944 2002 984 donec

98 1017 250 1058 pereas.
308 1006 340 1028 23
368 1002 431 1043 Sit
459 1002 612 1050 91911191,
645 1002 754 1055 9110(1
783 1014 906 1054 supra
934 1006 973 1041 te
1003 1006 1075 1047 est,
1107 1014 1282 1042 aeneum:
1313 1006 1355 1041 et
1383 1005 1501 1049 terra,
1534 1014 1657 1053 quam
1686 1001 1829 1047 calcas,
1860 1002 2000 1043 ferrea.

99 1065 131 1088 2⁴
155 1063 238 1104 Det
260 1062 460 1103 Dominus
486 1061 658 1101 imbrem
682 1064 799 1101 terrae
824 1065 905 1100 tuae
929 1059 1149 1113 pulverem,
1177 1064 1218 1100 et
1243 1060 1290 1100 de
1316 1059 1410 1100 caelo
1437 1059 1657 1100 descendat
1681 1073 1801 1113 super
1824 1064 1863 1101 te
1889 1061 2000 1108 cinis,

100 1122 227 1162 donec
252 1120 483 1161 conteraris.
537 1121 569 1144 25
595 1119 748 1159 Tradat
773 1123 813 1159 te
838 1119 1037 1159 Dominus
1064 1124 1317 1159 corruentem
1344 1123 1438 1158 ante
1464 1118 1599 1159 hostes
1625 1123 1728 1159 11109.
1782 1132 1853 1172 per
1878 1132 2001 1159 unam

100 1181 209 1220 viam
238 1179 451 1233 egrediaris
480 1182 623 1219 contra
650 1191 728 1225 eos,
759 1182 800 1218 et
827 1191 898 1231 per
925 1182 1081 1231 septem
1109 1178 1251 1231 fugias,
1283 1183 1323 1218 et
1351 1176 1591 1230 dispergaris
1620 1189 1691 1229 per
1718 1177 1853 1217 onmia
1880 1191 2003 1227 regna

99 1243 226 1280 terrae.
282 1240 317 1262 2⁶
342 1238 476 1291 sitque
502 1237 677 1277 cadaver
702 1241 821 1277 tuum
846 1237 887 1276 in
914 1250 1047 1277 escam
1073 1236 1228 1276 cunctis
1256 1235 1490 1276 volatilibus
1517 1234 1612 1280 caeli,
1641 1239 1682 1275 et
1708 1236 1845 1276 bestiis
1872 1241 1999 1280 terrai.

99 1303 140 1339 et
162 1310 243 1339 non
265 1297 319 1338 sit
342 1297 410 1350 qui
433 1296 584 1349 abigat.
635 1297 669 1319 2⁷
692 1296 901 1336 Percutiat
924 1300 963 1336 te
985 1295 1186 1335 Dominus
1209 1294 1338 1335 ulcere
1363 1294 1542 1347 AEgypti,
1567 1298 1608 1334 et
1630 1298 1789 1347 partem
1811 1296 1999 1347 corporis,

99 1370 170 1410 per
198 1369 321 1409 quain
350 1360 527 1396 stercora
556 1359 784 1408 egeruntur.
815 1354 948 1395 scabie
979 1367 1140 1406 quoque
1169 1358 1209 1393 et
1237 1353 1459 1405 prurigine:
1490 1352 1550 1392 ita
1578 1357 1624 1392 ut
1653 1353 1782 1392 curari
1811 1366 1999 1406 nequeas.

98 1417 134 1440 ²⁸
164 1415 373 1455 Percutiat
402 1420 442 1454 te
472 1413 672 1454 Dominus
704 1413 880 1452 amentia
913 1418 954 1452 et
984 1412 1165 1453 9199111119
1198 1425 1243 1452 ac
1274 1412 1406 1452 furore
1438 1411 1597 1457 mentis,
1657 1412 1691 1435 ²9
1722 1416 1762 1451 et
1792 1411 1931 1465 palpes
1961 1412 2002 1452 in

99 1474 263 1514 meridie
293 1473 397 1513 sicut
424 1472 589 1526 palpare
618 1471 719 1512 solet
748 1484 874 1512 eaeeus
904 1472 943 1511 in
974 1471 1162 1514 tenebris.
1193 1474 1234 1511 et
1262 1484 1343 1510 non
1372 1469 1519 1523 dirigas
1548 1470 1635 1510 vias
1665 1474 1768 1510 tuas.
1800 1470 2002 1524 Omnique

98 1538 280 1586 tempore
309 1531 555 1572 calumniam
583 1530 794 1574 sustineas,
826 1535 866 1570 et
895 1529 1134 1583 opprimaris
1164 1529 1369 1573 violentia,
1401 1542 1473 1568 nec
1501 1528 1651 1569 habeas
1682 1529 1750 1581 qui
1778 1529 1921 1569 liberet
1948 1534 2000 1570 te.

98 1593 135 1616 ³⁰
154 1591 332 1633 Uxorem
353 1590 538 1644 accipias,
561 1594 602 1630 91
622 1589 721 1630 alius
743 1589 920 1629 dormiat
940 1602 1032 1629 cum
1052 1602 1110 1629 ea.
1132 1588 1312 1629 Domum
1333 1587 1518 1633 aedifices,
1541 1592 1582 1628 et
1601 1600 1681 1627 non
1702 1587 1861 1628 habites
1881 1588 1922 1628 in
1942 1601 1999 1628 ea.

99 1650 263 1691 Plantes
289 1650 464 1697 vineam,
492 1654 533 1689 et
558 1662 639 1689 non
665 1648 887 1688 vindemies
914 1661 1015 1688 eam.
1070 1649 1101 1672 31
1130 1648 1207 1688 Bos
1234 1652 1329 1687 tuus
1356 1646 1589 1686 immoletur
1614 1659 1750 1686 coram
1775 1651 1827 1693 te,
1855 1652 1896 1687 et
1921 1660 2001 1687 non

98 1709 286 1750 comedas
312 1722 361 1749 ex
385 1722 443 1749 eo.
470 1708 617 1748 Asinus
643 1712 737 1747 tuus
762 1707 946 1760 rapiatur
970 1707 1010 1747 in
1035 1710 1255 1759 conspectu
1281 1710 1364 1753 tuo,
1391 1710 1432 1745 et
1457 1718 1536 1745 non
1561 1705 1757 1745 reddatur
1780 1705 1866 1746 tibi.
1895 1706 2001 1746 Oves

98 1773 180 1809 tuae
198 1768 346 1808 dentur
364 1767 534 1807 inimicis
554 1767 647 1815 tuis,
668 1772 709 1807 et
728 1779 808 1806 non
828 1766 880 1806 sit
900 1766 967 1819 qui
988 1770 1027 1806 te
1047 1765 1226 1805 adiuvet.
1273 1766 1305 1789 ³2
1325 1763 1414 1804 Filii
1433 1764 1493 1804 tui
1513 1768 1553 1803 et
1575 1763 1664 1804 111119
1684 1768 1765 1804 11119
1783 1764 2001 1804 tradantur

98 1827 213 1868 alteri
243 1826 405 1880 populo,
438 1826 671 1866 videntibus
703 1825 825 1865 oeulis
856 1825 949 1869 tuis,
982 1829 1023 1865 et
1053 1824 1335 1865 deficientibus
1367 1823 1419 1863 ad
1449 1827 1711 1875 conspectum
1742 1836 1880 1863 eorum
1911 1828 2001 1863 tota

98 1886 173 1934 die,
198 1890 239 1926 91
260 1898 341 1926 909
363 1885 415 1925 911
437 1885 635 1925 fortitudo
658 1884 699 1924 in
721 1897 845 1924 manu
868 1890 951 1924 tua.
1002 1885 1034 1907 33
1057 1883 1229 1923 Fructus
1252 1887 1368 1922 191119
1390 1886 1482 1930 11119,
1507 1886 1548 1922 91
1570 1894 1707 1922 0191199
1729 1881 1885 1922 labores
1909 1886 2000 1922 tuos

98 1945 287 1986 comedat
314 1943 498 1997 populus,
528 1956 647 1997 quem
674 1944 851 1996 ignoras:
880 1947 920 1982 et
945 1943 997 1982 sis
1024 1954 1181 1995 semper
1206 1940 1452 1981 calumniam
1477 1940 1691 1987 9119119999,
1720 1944 1761 1980 91
1787 1953 1999 1993 oppressus

98 2003 254 2044 cunctis
271 2003 424 2051 diebus,
469 2005 501 2027 ³⁴
516 2006 558 2043 et
572 2007 739 2055 stupens
757 2001 808 2041 ad
824 2006 1016 2041 terrore-m
1034 2013 1171 2041 eorum
1189 2013 1278 2052 91119
1293 1999 1493 2046 videbunt
1509 1998 1612 2039 oculi
1628 1998 1699 2039 tui.
1744 2000 1776 2022 35
1791 1999 2001 2039 Percutiat

98 2068 137 2103 te
165 2062 365 2103 Dominus
394 2061 523 2101 ulcere
552 2061 725 2114 pessimo
754 2060 794 2100 in
822 2060 989 2113 genibus
1019 2064 1060 2099 et
1088 2059 1128 2099 in
1156 2059 1269 2105 suris,
1300 2057 1514 2110 sanarique.
1542 2070 1623 2097 non
1652 2057 1778 2109 possis
1808 2070 1832 2097 a
1859 2057 2001 2110 planta

98 2121 211 2175 pedis
236 2134 362 2174 usque
388 2120 440 2161 ad
464 2120 656 2160 verticem
681 2123 812 2159 tuum.
865 2120 900 2143 ae
924 2119 1058 2158 Ducet
1082 2122 1121 2158 te
1146 2117 1358 2161 Dominus,
1385 2121 1426 2156 et
1449 2129 1581 2169 regem
1606 2120 1736 2163 tuum,
1765 2129 1886 2169 quem
1909 2129 2001 2157 con-

98 2180 277 2221 stitueris
296 2192 416 2233 snper
433 2184 485 2227 te,
505 2179 546 2219 in
563 2183 738 2232 gentem,
761 2191 882 2231 quani
902 2178 1060 2226 ignoras
1080 2182 1125 2216 111
1144 2182 1186 2216 91
1203 2180 1338 2229 patres
1358 2175 1435 2215 tui:
1457 2180 1497 2214 et
1515 2174 1661 2215 servies
1680 2174 1734 2214 ibi
1754 2174 1828 2214 diis
1848 2173 1999 2223 alienis,

97 2239 204 2293 ligno
235 2243 276 2279 91
304 2238 440 2291 lapidi.
497 2239 532 2262 3⁷
562 2237 618 2278 Et
647 2237 720 2278 eris
752 2237 932 2290 perditus
964 2236 1002 2276 in
1032 2235 1294 2289 proverbium
1324 2247 1369 2274 ac
1399 2233 1581 2274 fabulam
1611 2233 1797 2273 omnibus
1828 2233 2000 2287 populis,

99 2299 151 2339 ad
185 2311 284 2351 quos
318 2302 359 2338 te
393 2296 666 2337 introduxerit
698 2296 910 2337 Dominus.
972 2296 1008 2319 3⁸
1044 2294 1296 2334 1189199919111
1330 2292 1503 2333 multam
1536 2292 1654 2332 iacies
1688 2292 1729 2332 in
1764 2297 1924 2341 terram,
1961 2296 2002 2333 91

98 2357 304 2398 modicum
333 2355 611 2410 congregabis:
643 2354 739 2409 quia
766 2354 932 2395 locustae
959 2354 1218 2394 devorabunt
1246 2352 1393 2393 onmia.
1450 2353 1485 2375 ³9
1512 2351 1682 2392 Vineam
1712 2350 1930 2403 plantabis,
1961 2355 2002 2391 91

98 2416 225 2457 fodies
237 2429 244 2455 :
258 2420 299 2456 et
310 2415 452 2456 vinum
464 2427 545 2455 non
560 2414 684 2463 bibes,
698 2427 771 2454 nec
784 2413 941 2466 colliges
955 2425 1004 2454 ex
1019 2426 1065 2453 ea
1081 2411 1309 2465 quippiam:
1327 2410 1473 2464 quonia
1481 2423 1520 2450 m
1535 2410 1768 2450 vastabitur
1781 2410 1999 2450 vermibus.

98 2476 135 2499 40
165 2474 302 2516 Olivas
333 2474 501 2515 habebis
533 2473 574 2513 in
605 2473 792 2514 omnibus
825 2472 1006 2513 terminis
1038 2471 1131 2519 tuis,
1165 2475 1206 2511 91
1236 2483 1317 2511 909
1349 2469 1507 2523 ungeris
1540 2468 1644 2509 oleo:
1679 2468 1773 2521 quia
1804 2468 1998 2516 defluent,

100 2539 141 2574 et
169 2533 372 2587 peribunt.
429 2535 461 2558 41
490 2532 613 2573 Filios
642 2531 852 2586 generabis
882 2535 924 2571 et
948 2530 1062 2578 filias,
1095 2534 1136 2570 et
1164 2542 1246 2570 non
1274 2528 1416 2569 frueris
1446 2528 1519 2569 eis:
1579 2527 1771 2580 quoniam
1801 2527 2001 2567 ducentur

99 2592 139 2633 in
172 2592 470 2646 captivitatem.
531 2592 564 2615 42
596 2591 746 2632 Omnes
780 2591 940 2631 arbores
975 2594 1066 2630 tuas
1100 2593 1141 2629 et
1172 2589 1305 2642 fruges
1339 2592 1455 2628 terrae
1486 2591 1569 2627 11119
1600 2586 1741 2639 rubigo
1775 2590 1996 2626 consumet.

98 2654 131 2676 43
158 2651 341 2700 Advena,
373 2651 442 2704 qui
469 2655 605 2692 tecum
633 2653 819 2691 versatur
846 2649 887 2690 in
915 2653 1033 2696 terra,
1064 2647 1256 2688 ascendet
1283 2659 1403 2700 super
1431 2650 1482 2694 19,
1513 2645 1668 2698 91119119
1696 2644 1922 2685 sublimior:
1952 2648 1997 2684 tu

99 2715 239 2751 autem
265 2709 493 2759 descendes,
523 2714 564 2749 et
589 2709 664 2750 eris
691 2708 865 2749 inferior.
920 2710 953 2732 44
982 2707 1072 2761 Ipse
1098 2705 1318 2747 foenerabit
1343 2704 1430 2753 tibi,
1460 2708 1501 2746 et
1527 2708 1571 2744 tu
1600 2716 1681 2744 non
1706 2703 1923 2743 foenerabis
1951 2702 1996 2742 ei.

102 2770 192 2823 Ipse
211 2769 286 2810 erit
304 2769 345 2809 in
364 2773 500 2822 caput,
522 2772 563 2808 et
580 2772 627 2808 tu
646 2768 721 2808 eris
740 2768 781 2808 in
800 2767 986 2808 caudam.
1033 2767 1064 2790 ‘¹⁵
1084 2766 1140 2806 Et
1158 2765 1323 2806 venient
1342 2776 1462 2817 super
1479 2768 1519 2803 19
1539 2776 1676 2804 omnes
1696 2761 1998 2802 maledictiones

97 2828 197 2877 19119,
231 2832 273 2868 91
304 2831 589 2881 persequentes
622 2826 929 2880 apprehendent
961 2830 1013 2873 te,
1048 2824 1176 2866 donec
1206 2823 1398 2864 intereas:
1434 2822 1529 2876 quia
1560 2834 1641 2862 non
1674 2820 1824 2861 audisti
1855 2833 1997 2860 vocem

98 2887 263 2928 Domini
295 2886 371 2927 Dei
404 2887 476 2935 tui,
512 2898 584 2926 nec
617 2886 788 2927 servasti
821 2885 1020 2925 mandata
1052 2884 1135 2924 eius
1169 2888 1210 2924 et
1243 2881 1501 2927 ceremonias,
1552 2893 1651 2933 quas
1685 2878 1877 2932 praecepit
1909 2878 1996 2919 tibi.

98 2947 134 2970 46
161 2946 217 2986 Ε1
244 2950 363 2986 erunt
389 2945 431 2985 in
458 2949 498 2985 te
527 2945 641 2998 signa
668 2949 793 2998 atque
820 2943 1015 2997 prodigia,
1046 2946 1087 2983 et
1114 2942 1156 2983 in
1184 2941 1334 2983 semine
1362 2945 1434 2981 tuo
1463 2952 1590 2992 usque
1617 2938 1659 2979 in
1686 2937 1996 2991 sempiternum:

201 3005 235 3029 47
259 3017 304 3045 eo
329 3003 438 3057 quod
459 3017 541 3045 non
562 3003 744 3044 servieris
766 3003 943 3043 Domino
966 3002 1053 3042 Deo
1076 3005 1147 3042 tuo
1170 3001 1211 3041 in
1233 2999 1393 3053 gaudio,
1418 2998 1629 3050 cordisque
1651 2996 1805 3044 laetitia,
1831 3000 1996 3050 propter

98 3076 231 3104 rerum
251 3063 433 3104 omnium
453 3062 768 3103 abundantiam:
816 3063 852 3086 4⁸
872 3061 1018 3101 servies
1038 3060 1200 3101 inimico
1221 3064 1305 3107 tuo,
1330 3071 1450 3111 quem
1470 3056 1668 3097 immittet
1686 3055 1762 3096 tibi
1781 3055 1993 3103 Dominus,

97 3122 139 3163 in
155 3122 275 3171 fame,
294 3125 336 3162 et
352 3121 431 3171 siti,
450 3126 492 3162 et
507 3121 708 3170 nuditate,
728 3126 769 3162 et
786 3120 896 3161 omni
912 3119 1099 3173 penuria:
1119 3123 1160 3160 et
1176 3122 1302 3172 ponet
1318 3117 1457 3170 iugum
1474 3116 1649 3155 ferreum
1665 3127 1785 3167 super
1801 3113 1998 3154 cervicem

98 3185 225 3230 tuam,
259 3182 387 3222 donec
416 3184 457 3221 te
488 3184 684 3222 conterat.
744 3181 779 3203 ⁴9
809 3179 999 3220 Adducet
1028 3177 1228 3219 Dominus
1260 3188 1379 3229 super
1409 3179 1449 3215 te
1480 3174 1654 3215 Gentem
1685 3173 1733 3213 de
1763 3171 1995 3226 longinquo,

98 3244 139 3280 91
166 3240 214 3280 (19
242 3239 431 3280 extremis
459 3243 576 3280 terrae
605 3239 752 3280 finibus
779 3239 821 3279 in
848 3237 1157 3278 similitudinem
1184 3234 1329 3289 aquilae
1356 3232 1532 3274 volantis
1561 3245 1654 3272 cum
1680 3231 1855 3285 impetu:
1885 3229 1997 3270 cuius

96 3298 277 3352 linguam
303 3297 523 3352 intelligere
550 3311 632 3339 non
658 3297 804 3351 possis:
859 3298 896 3321 ⁵⁰
921 3296 1095 3338 Gentem
1122 3293 1461 3349 procacissimam,
1492 3305 1581 3345 quae
1608 3303 1689 3331 non
1717 3290 1873 3330 deferat
1899 3287 1994 3335 seni,

98 3370 170 3398 nec
203 3357 442 3397 misereatur
474 3355 647 3410 parvuli,
708 3358 740 3380 ⁵¹
774 3361 816 3397 et
849 3356 1018 3396 devoret
1050 3355 1230 3395 fructum
1264 3353 1540 3394 iumentorum
1573 3355 1750 3397 tuorum,
1786 3360 1832 3388 ac
1864 3348 1997 3399 fruges

99 3416 230 3456 Terrae
248 3420 347 3456 tuae:
369 3415 498 3456 donec
514 3415 702 3464 intereas,
723 3419 764 3455 et
782 3428 863 3455 non
881 3413 1087 3467 relinquat
1105 3413 1181 3454 tibi
1199 3411 1393 3459 triticum,
1414 3410 1569 3457 vinum,
1590 3412 1631 3449 91
1649 3407 1793 3454 oleum,
1815 3407 1998 3445 armenta

228 3490 281 3532 28,
302 3491 344 3524 15
364 3491 434 3524 aLv
455 3490 508 3530 26,
528 3490 585 3530 143
611 3489 697 3523 Lam
717 3489 748 3529 2,
770 3489 826 3529 17;
852 3489 921 3522 Bar
941 3490 971 3529 1,
992 3488 1049 3528 203
1075 3487 1144 3521 Mal
1164 3488 1195 3528 2,
1216 3487 1245 3520 2.
1272 3507 1313 3510 -
1338 3485 1380 3519 38
1398 3484 1497 3517 chh
1519 3483 1549 3523 6,
1571 3483 1627 3521 15;
1653 3482 1726 3525 Agg
1746 3481 1776 3519 1,
1798 3479 1828 3511 6.

2014 365 2186 390 minutiones

2044 400 2157 429 priores,

2015 2994 2187 3020 minatione:

2047 3029 2152 3055 altera).
