2356 3760
118 201 189 225 alios

61 236 244 267 sapientibus

102 272 202 296 tradit.

99 492 206 515 Contra

264 109 360 150 1232
1099 106 1243 140 LIBER
1268 106 1326 139 IV.
1883 107 1934 147 14,
1962 107 2103 147 47—15,
2131 108 2174 142 53

261 199 489 237 conservabis,
516 202 556 233 ut
582 199 698 233 tradas
725 209 780 233 eos
807 199 1019 243 sapientibus
1046 199 1088 232 de
1115 199 1241 244 populo
1267 202 1339 234 tuo.
1390 200 1417 218 ⁴⁷
1446 199 1486 232 In
1512 198 1563 232 his
1589 198 1680 233 enim
1706 200 1758 233 est
1783 209 1871 233 vena
1897 199 2103 238 intellectus,
2141 203 2176 236 et

260 247 436 292 sapientiae
462 247 548 285 fons,
575 250 610 280 et
633 246 782 281 scientia*
808 246 946 280 flumen.
974 246 1020 279 Et
1045 246 1107 279 feci
1132 246 1189 280 sic.

732 349 910 390 Addita
944 350 1113 391 contra
1142 350 1326 402 gentes,
1363 349 1432 402 15,
1457 350 1615 401 1—-16,
1640 349 1708 392 78.

754 422 788 459 1.
830 422 994 459 Contra
1022 425 1176 469 gentes
1204 423 1244 460 in
1273 424 1429 469 specie,
1456 423 1665 469 15,1*63.

372 486 422 520 15.
471 487 480 503 ¹
508 484 594 516 Ecce
619 481 757 525 loquere
782 481 817 514 in
842 491 939 514 aures
965 481 1072 525 plebis
1098 491 1181 515 meae
1206 491 1377 515 sermones
1404 481 1603 525 prophetiae,
1630 492 1715 525 quos
1741 481 1913 517 immisero
1938 483 1973 516 in
1998 493 2035 517 os
2060 485 2175 523 tuum,

68 527 238 557 aegyptum,
260 532 342 566 dicit
372 532 555 565 Dominus:
610 531 620 548 ²
645 534 680 562 et
704 530 758 562 fac
784 531 823 562 ut
847 528 881 561 in
907 528 1027 562 charta
1055 528 1260 568 scribantur,
1290 528 1454 572 quoniam
1484 528 1598 562 fideles
1628 532 1662 562 et
1692 529 1762 562 veri
1789 534 1881 564 sunt.
1936 532 1948 550 ³
1972 530 2024 564 Ne
2052 530 2175 565 timeas

101 1475 204 1500 contra

102 1510 199 1541 Syros,

101 1949 167 1973 cont
173 1954 202 1972 ra

79 1983 222 2014 Assyrios,

101 2373 203 2397 contra

50 2407 242 2438 Babylonem,

107 3121 209 3144 contra

103 3156 209 3179 Asiam.

258 592 276 614 a
302 577 568 623 ‹·‹r›gitationibus
598 576 781 610 adversum
811 579 856 614 te,
882 586 944 609 nec
972 575 1116 609 turbent
1145 580 1178 609 te
1207 575 1465 609 incredulitates
1495 575 1693 610 dicentium.
1747 578 1759 595 ⁴
1784 576 1958 619 Quoniam
1987 577 2097 611 omnis
2127 578 2175 611 in-

259 626 414 661 credulus
435 625 469 658 in
490 623 731 657 incredulitate
751 633 814 656 sua
834 622 1007 657 morietur.
1053 624 1065 642 ⁵
1090 623 1178 656 Ecce
1198 633 1259 667 ego
1279 622 1416 662 indum,
1438 622 1522 656 dicit
1542 623 1721 663 Dominus,
1744 634 1848 668 super
1868 624 1986 658 orbem
2006 627 2175 659 terrarum

258 674 359 707 mala.
380 672 543 716 gladium,
564 674 599 705 et
617 671 755 709 famem,
777 673 812 704 et
831 673 988 709 mortem,
1009 673 1044 704 et
1063 670 1257 703 interitum:
1304 671 1316 689 ⁶
1336 672 1476 714 propter
1495 670 1587 714 quod
1607 671 1836 715 superpolluit
1855 671 2019 716 iniquitas
2039 682 2176 705 omnem

258 724 396 754 terram.
420 722 455 752 et
477 717 667 762 adimpleta
688 721 770 751 sunt
793 727 896 761 opera
918 717 1042 750 nociva.
1063 717 1209 751 illorum.
1258 718 1269 736 ⁷
1294 717 1481 761 Propterea
1503 717 1587 750 dicit
1609 717 1795 751 Dominus:
1844 720 1856 738 ⁸
1883 718 1957 752 Iam
1980 729 2049 752 non
2070 718 2176 753 silebo

258 768 299 800 de
324 765 562 810 impietatibus
592 775 709 798 eorum
738 775 813 808 quae
842 764 1023 808 irreligiose
1053 767 1171 808 agunt,
1213 774 1276 797 nec
1303 764 1480 798 sustinebo
1509 764 1544 797 in
1572 764 1623 797 his
1653 775 1728 808 quae
1760 765 1875 809 inique
1904 768 2074 800 exercent.
2101 777 2176 800 ecce

257 814 394 857 sanguis
416 813 574 846 innoxius
595 816 629 846 et
648 812 758 846 iustus
779 812 908 846 clamat
927 811 970 845 ad
990 822 1055 850 me,
1076 814 1111 845 et
1130 811 1253 845 animae
1273 811 1443 845 iustorum
1463 811 1616 845 clamant
1636 815 1905 856 perseveranter.
1952 814 1964 832 ⁹
1989 812 2176 847 Vindicans

259 861 441 894 vindicabo
464 860 547 900 illos,
571 859 654 893 dicit
676 859 855 897 Dominus,
879 861 914 892 et
934 858 1101 902 accipiam
1123 869 1260 891 omnem
1282 859 1483 903 sanguinem
1505 859 1685 892 innoxium
1707 869 1748 892 ex
1769 859 1835 893 illis
1858 860 1902 894 ad
1924 870 1988 895 me.
2034 862 2064 880 ¹⁰
2089 860 2177 894 Ecce

257 908 404 952 populus
427 918 522 940 meus
545 907 643 951 quasi
665 917 746 950 grex
769 906 812 939 ad
836 906 1038 939 occisionem
1061 905 1209 945 ducitur,
1234 905 1302 939 iam
1324 916 1393 939 non
1416 906 1529 950 patiar
1550 905 1647 939 illum
1669 905 1826 940 habitare
1848 907 1883 940 in
1905 910 1997 940 terra
2016 906 2175 952 AEgypti:

258 957 281 974 ¹¹
308 955 367 988 sed
393 955 537 987 educam
562 964 640 987 eum
665 953 700 986 in
725 963 829 986 manu
856 953 991 997 potenti
1014 956 1049 987 et
1072 952 1211 986 brachio
1236 953 1379 992 excelso,
1405 956 1440 987 et
1463 953 1654 997 percutiam
1679 953 1780 997 plaga
1802 953 1892 988 sicut
1915 954 2019 998 prius,
2046 958 2081 988 et
2104 965 2175 988 cor-

257 1013 415 1045 rumpam
445 1011 581 1034 omnem
610 1004 737 1033 terram
767 1000 847 1034 eius.
901 1001 927 1018 ¹2
953 999 1100 1044 Lugebit
1127 1000 1319 1044 AEgyptus,
1355 1002 1390 1034 et
1425 1000 1655 1034 fundamenta
1683 1000 1753 1034 eius
1783 1000 1884 1045 plaga
1911 1001 2112 1042 verberata,
2142 1005 2178 1035 et

257 1049 483 1093 castigatione
510 1058 595 1091 quas
624 1047 764 1081 inducet
791 1047 821 1080 ei
848 1047 951 1081 Deus.
1004 1049 1030 1066 13
1058 1047 1243 1091 Lugebunt
1270 1047 1416 1080 cultores
1445 1050 1625 1091 operantes
1653 1050 1792 1087 terram,
1821 1048 1986 1092 quonia-m
2014 1048 2177 1082 deficient

256 1096 387 1129 semina
407 1106 525 1128 eorum
546 1095 589 1128 ab
610 1094 761 1128 uredine.
783 1097 818 1127 et
838 1094 1013 1138 grandine,
1036 1097 1071 1127 et
1091 1105 1111 1127 a
1130 1094 1238 1127 sidere
1259 1094 1410 1128 terribili.
1457 1096 1484 1114 ¹⁴
1509 1094 1566 1128 Vae
1587 1094 1721 1134 saeculo,
1743 1098 1778 1128 et
1799 1095 1857 1139 qui
1877 1094 2041 1129 habitant
2062 1095 2098 1129 in
2119 1106 2174 1129 eo:

258 1145 283 1162 ¹5
308 1143 387 1187 quia
414 1142 709 1187 appropinquavit
734 1141 866 1185 gladius
892 1144 927 1175 et
952 1141 1113 1175 contritio
1139 1152 1268 1181 eorum,
1294 1144 1329 1175 et
1354 1145 1497 1186 exurget
1522 1152 1602 1186 gens
1629 1144 1749 1175 contra
1774 1145 1912 1186 gentem
1938 1142 1982 1176 ad
2008 1153 2175 1187 pugnam,

256 1193 291 1224 et
315 1190 491 1234 romphaea
515 1189 548 1222 in
574 1188 733 1222 manibus
753 1199 881 1222 eorum.
926 1190 955 1207 ¹⁶
975 1188 1051 1222 Erit
1070 1189 1161 1221 enim
1180 1188 1450 1222 inconstabilitio
1471 1188 1678 1228 hominibus,
1700 1192 1735 1223 et
1754 1189 1810 1223 alii
1830 1189 1903 1223 aliis
1924 1189 2174 1224 invalescentes

258 1248 325 1270 non
351 1237 523 1270 curabunt
547 1246 660 1281 regem
685 1246 796 1270 suum.
823 1238 858 1269 et
882 1235 1051 1280 principes
1077 1235 1140 1269 viae
1165 1238 1340 1280 gestorum
1365 1246 1505 1269 suorum
1530 1236 1565 1269 in
1591 1236 1748 1280 potentia
1772 1247 1844 1271 sua.
1894 1238 1921 1256 ¹⁷
1948 1236 2177 1281 Concupiscet

257 1284 346 1317 enim
371 1284 474 1317 homo
498 1283 532 1316 in
556 1283 734 1317 civitatem
758 1283 814 1319 ire.
840 1286 875 1316 et
897 1293 966 1316 non
990 1283 1126 1327 poterit.
1175 1285 1203 1302 ¹⁸
1230 1283 1374 1327 Propter
1396 1283 1593 1327 superbiam
1617 1283 1707 1316 enim
1731 1294 1849 1317 eorum
1873 1283 2032 1318 civitates
2056 1284 2175 1318 turba-

256 1331 397 1367 buntur.
429 1331 551 1364 domus
582 1334 791 1369 exter-entur,
823 1330 977 1363 homines
1008 1333 1175 1364 metuent.
1231 1332 1259 1350 ¹⁹
1284 1330 1363 1364 Non
1393 1330 1610 1364 miserebitur
1639 1331 1742 1364 homo
1773 1330 1970 1375 proximum
1999 1341 2102 1365 suum
2132 1331 2176 1365 ad

256 1378 408 1412 irrritum
435 1378 631 1411 iaciendum
659 1377 778 1411 domos
805 1388 922 1410 eorum
949 1377 984 1410 in
1010 1377 1162 1421 gladium
1189 1377 1233 1411 ad
1260 1377 1468 1421 diripiendas
1495 1377 1709 1412 substantias
1736 1388 1854 1412 eorum
1880 1380 2023 1422 propter
2048 1378 2176 1412 famem

258 1426 354 1470 panis
380 1429 415 1459 et
440 1425 699 1459 tribulationem
725 1425 883 1458 multam.

371 1475 399 1493 '³⁰
424 1473 523 1511 Ecce,
549 1483 610 1516 ego
631 1482 793 1511 convoco,
815 1471 899 1505 dicit
920 1471 1023 1511 Deus,
1045 1482 1162 1505 omnes
1184 1482 1276 1516 reges
1297 1474 1396 1505 terrae
1416 1471 1460 1505 ad
1480 1481 1535 1505 me
1555 1471 1755 1511 verendum,
1779 1471 1837 1516 qui
1857 1474 1940 1506 sunt
1959 1472 2003 1506 ab
2025 1471 2176 1512 Oriente,

258 1523 293 1554 et
318 1520 360 1553 ab
386 1521 524 1558 Austro,
551 1523 586 1553 et
610 1519 653 1552 ab
679 1519 783 1558 Euro,
811 1522 846 1552 et
871 1530 891 1551 a
918 1518 1060 1558 Libano,
1088 1518 1132 1552 ad
1159 1518 1408 1552 convertendos
1434 1518 1469 1551 in
1495 1529 1540 1555 se,
1568 1521 1603 1553 et
1628 1518 1768 1552 reddere
1795 1529 1872 1562 quae
1898 1519 2069 1553 dederunt
2093 1519 2175 1553 inis:

258 1569 281 1586 ²¹
308 1567 397 1600 sicut
421 1566 555 1600 faciunt
579 1576 687 1609 usque
706 1565 806 1599 hodie
826 1564 941 1599 electis
960 1565 1054 1604 meis,
1075 1564 1122 1598 sic
1141 1565 1266 1599 faciam
1286 1568 1321 1599 et
1339 1565 1481 1599 reddam
1501 1565 1535 1598 in
1554 1565 1630 1599 sinu
1650 1576 1778 1600 eorum.
1801 1565 1885 1600 Haec
1903 1566 1988 1600 dicit
2006 1566 2175 1600 Dominus

256 1614 357 1647 Deus.
412 1615 438 1632 ²²
462 1613 541 1646 Non
567 1616 685 1657 parcet
713 1612 856 1646 dextera
884 1622 962 1646 mea
989 1623 1091 1656 super
1119 1615 1326 1656 peccatores,
1356 1623 1419 1646 nec
1448 1612 1596 1646 cessabit
1623 1613 1800 1657 romphaea
1828 1624 1931 1658 super
1959 1613 2176 1648 effundentes

253 1661 456 1705 sanguinem
477 1660 657 1694 innoxium
679 1670 781 1704 super
803 1662 940 1693 terram.
988 1661 1014 1679 ²³
1040 1659 1136 1693 Exiit
1157 1659 1243 1704 ignis
1266 1659 1309 1693 ab
1332 1659 1382 1693 ira
1403 1660 1474 1693 eius
1496 1662 1531 1693 et
1553 1659 1737 1694 devoravit
1758 1660 1988 1694 fundamenta
2009 1663 2119 1701 terrae,
2142 1663 2177 1694 et

255 1711 451 1752 peccatores
472 1707 571 1751 quasi
589 1710 743 1741 stramen
762 1707 949 1740 incensum.
994 1708 1020 1726 ²⁴
1046 1706 1104 1741 Vae
1124 1707 1170 1740 eis
1191 1707 1249 1750 qui
1270 1709 1425 1751 peccant,
1446 1709 1481 1741 et
1500 1717 1570 1740 non
1590 1707 1778 1741 observant
1796 1707 1966 1741 mandata
1983 1717 2071 1747 mea,
2092 1707 2176 1743 dicit

253 1755 434 1790 Dominus.
487 1756 513 1774 ²⁵
537 1765 606 1788 non
635 1764 773 1798 parcam
802 1754 876 1787 illis.
906 1754 1080 1788 Discedite
1108 1753 1167 1787 filii
1195 1765 1215 1787 a
1243 1757 1427 1799 potestate.
1458 1754 1574 1788 Nolite
1602 1754 1839 1788 contaminare
1866 1754 2177 1789 sanctificationem

254 1813 378 1842 meam,
431 1804 459 1821 ²⁶
484 1802 649 1846 quoniam
675 1802 775 1835 novit
801 1801 971 1834 Dominus
1000 1812 1116 1834 omnes
1145 1801 1203 1845 qui
1230 1801 1438 1845 delinquunt
1464 1801 1499 1834 in
1525 1801 1637 1841 illum,
1678 1804 1861 1846 propterea
1886 1801 2032 1836 tradidit
2059 1812 2114 1836 eos
2142 1801 2176 1835 in

257 1853 415 1889 mortem,
441 1852 476 1883 et
499 1849 533 1882 in
558 1848 771 1882 occisionem.
822 1850 848 1868 ²⁷
877 1848 951 1882 Iam
976 1848 1067 1882 enim
1092 1852 1262 1882 venerunt
1285 1859 1387 1893 super
1411 1848 1528 1882 orbem
1552 1851 1723 1882 terrarum
1747 1849 1849 1889 mala,
1875 1852 1910 1883 et
1933 1849 2117 1884 manebitis
2141 1849 2177 1883 in

256 1897 330 1931 illis.
360 1907 429 1930 non
457 1896 547 1929 enim
574 1895 735 1929 liberabit
763 1906 823 1929 vos
851 1895 956 1935 Deus,
985 1899 1126 1940 propter
1153 1896 1246 1940 quod
1274 1895 1440 1940 peccastis
1468 1896 1503 1929 in
1530 1906 1619 1930 eum.

370 1945 398 1963 ²ss
424 1944 511 1976 Eece
544 1943 629 1976 visio
662 1942 851 1982 horribilis,
890 1946 924 1976 et
956 1942 1059 1976 facies
1092 1942 1180 1976 illius
1214 1943 1258 1976 ab
1297 1943 1437 1977 oriente.
1500 1944 1528 1962 ²⁹
1554 1943 1601 1976 Et
1636 1943 1752 1977 exient
1790 1943 1949 1978 nationes
1986 1943 2175 1977 draconum

259 1991 413 2024 Arabum
436 1991 470 2023 in
493 1990 646 2023 curribus
670 1990 799 2029 multis,
819 1993 853 2023 et
875 1990 964 2024 sicut
986 1990 1100 2030 flatus,
1120 2001 1238 2023 eorum
1261 2001 1423 2023 numerus
1442 1991 1571 2024 feretur
1592 2001 1694 2034 super
1716 1993 1854 2030 terram,
1875 1993 1916 2024 ut
1936 1990 2005 2024 iam
2027 1990 2176 2025 timeant

256 2042 290 2071 et
315 2038 489 2082 trepident
514 2048 631 2071 omnes
658 2037 715 2081 qui
740 2037 814 2070 illos
840 2037 991 2070 audient.
1040 2039 1069 2057 30
1094 2037 1259 2071 carmonii
1281 2037 1489 2071 insanientes
1513 2037 1547 2071 in
1570 2037 1630 2077 ira,
1655 2041 1690 2071 et
1712 2037 1828 2072 exient
1851 2040 1890 2071 ut
1913 2037 1987 2082 apri
2010 2037 2052 2071 de
2074 2037 2172 2077 silva,

255 2088 290 2118 et
315 2085 501 2118 advenient
526 2085 656 2117 virtute
681 2095 818 2128 magna,
843 2087 878 2117 et
903 2084 1115 2118 constabunt
1138 2084 1173 2117 in
1198 2095 1350 2128 pugnam
1376 2095 1453 2118 cum
1478 2085 1554 2124 illis,
1580 2088 1615 2118 et
1640 2085 1832 2119 vastabunt
1857 2085 2052 2129 portionem
2076 2087 2175 2119 terrae

256 2132 483 2174 Assyriorum.
539 2133 562 2150 31
591 2131 637 2164 Et
663 2135 740 2175 post
764 2131 836 2164 haec
866 2131 1144 2174 supervalescent
1174 2131 1337 2165 dracones
1368 2131 1565 2165 nativitatis
1596 2142 1664 2165 suae
1695 2142 1874 2171 memores,
1905 2134 1940 2165 et
1971 2134 2176 2166 convertent

255 2190 289 2212 se
315 2178 549 2222 conspirantes
576 2178 609 2211 in
635 2178 764 2211 virtute
789 2188 916 2221 magna
934 2178 978 2211 ad
998 2178 1250 2222 persequendos
1271 2189 1336 2212 eos.
1381 2180 1408 2197 ³2
1428 2178 1491 2212 Isti
1510 2178 1748 2212 turbabuntur
1766 2181 1801 2212 et
1819 2178 1971 2212 silebunt
1990 2179 2025 2212 in
2044 2178 2174 2213 virtute

255 2226 401 2264 illorum,
431 2229 465 2259 et
492 2228 696 2258 convertent
723 2224 825 2269 pedes
852 2235 930 2258 suos
958 2225 992 2258 in
1019 2225 1148 2269 fugam,
1200 2227 1226 2244 33
1251 2228 1286 2259 et
1311 2236 1331 2258 a
1354 2225 1526 2259 territorio
1554 2225 1773 2268 Assyriorum
1800 2225 1976 2260 subsessor
2003 2225 2176 2260 obsidebit

255 2283 321 2311 eos,
345 2277 380 2306 et
402 2275 581 2306 consumet
603 2282 710 2305 unum
733 2283 773 2305 ex
796 2271 870 2309 illis.
894 2274 929 2306 et
951 2272 1015 2306 erit
1037 2272 1141 2305 timor
1162 2275 1197 2306 et
1218 2275 1347 2306 tremor
1368 2272 1403 2306 in
1424 2272 1576 2306 exercitu
1598 2272 1745 2312 illorum,
1769 2276 1803 2306 et
1825 2273 2002 2307 contentio
2024 2273 2060 2306 in
2080 2283 2174 2317 reges

255 2320 418 2364 ipsorum.

370 2369 396 2386 33
423 2367 509 2400 Ecce
534 2366 641 2399 nubes
667 2366 710 2399 ab
736 2365 876 2405 oriente,
903 2370 937 2399 et
961 2366 1195 2410 septentrione
1223 2377 1330 2410 usque
1359 2366 1402 2400 ad
1430 2366 1670 2406 meridianum,
1698 2370 1734 2400 et
1760 2366 1863 2400 iacies
1891 2377 2009 2400 earum
2036 2366 2176 2400 horrida

259 2414 368 2453 valde,
391 2414 491 2458 plena
510 2413 565 2447 irae
585 2417 619 2446 et
639 2413 803 2457 procellae,
847 2415 873 2432 ³5
899 2418 933 2447 et
958 2413 1120 2447 collident
1138 2424 1173 2446 se
1192 2413 1350 2453 invicem,
1371 2416 1405 2447 et
1425 2413 1588 2448 collident
1606 2413 1699 2447 sidus
1720 2414 1895 2458 copiosum
1914 2424 2017 2457 super
2034 2416 2174 2453 terram,

256 2464 290 2494 et
314 2461 407 2494 sidus
432 2460 579 2499 illorum,
605 2464 639 2493 et
664 2460 728 2494 erit
752 2460 889 2504 sanguis
913 2471 933 2493 a
953 2460 1066 2505 gladio
1089 2471 1197 2505 usque
1219 2460 1263 2494 ad
1286 2464 1453 2499 ventrem,
1500 2462 1528 2480 ³⁶
1551 2464 1585 2494 et
1607 2461 1706 2494 fimus
1729 2460 1876 2495 hominis
1900 2471 2008 2505 usque
2029 2460 2074 2494 ad
2095 2460 2174 2494 sub-

257 2512 410 2541 stramen
430 2507 560 2546 cameli,
582 2512 615 2540 et
636 2507 699 2540 erit
719 2507 822 2540 timor
842 2510 876 2540 et
896 2510 1024 2541 tremor
1043 2507 1173 2541 multus
1194 2518 1295 2552 super
1314 2511 1453 2547 terram,
1497 2509 1524 2527 ³⁷
1551 2511 1585 2541 et
1609 2508 1800 2542 horrebunt
1819 2507 1879 2552 qui
1899 2507 2069 2541 videbunt
2088 2507 2174 2541 iram

257 2555 361 2593 illam,
388 2558 422 2588 et
447 2558 575 2587 tremor
600 2554 835 2598 apprehendet
863 2554 950 2587 illos:
981 2558 1015 2587 et
1043 2557 1121 2598 post
1148 2555 1219 2588 haec
1246 2554 1480 2588 movebuntur
1507 2555 1616 2588 nimbi
1643 2555 1771 2599 copiosi
1820 2556 1848 2574 ³⁸
1876 2566 1897 2588 a
1922 2554 2112 2588 meridiano
2139 2557 2174 2588 et

257 2601 501 2645 septentrione,
527 2604 562 2635 et
588 2601 699 2645 portio
725 2601 791 2634 alia
816 2601 859 2634 ab
885 2601 1075 2635 occidente:
1127 2604 1155 2621 ³³⁹
1180 2604 1215 2635 et
1239 2601 1554 2646 superinvalescent
1580 2601 1674 2635 venti
1699 2601 1742 2635 ab
1769 2601 1909 2641 oriente,
1936 2605 1971 2635 et
1995 2601 2174 2635 recludent

258 2659 344 2687 eam,
371 2653 405 2682 et
430 2648 557 2682 nubem
583 2659 687 2691 quam
717 2648 900 2682 suscitavit
930 2648 964 2681 in
994 2648 1053 2687 ira,
1085 2652 1120 2682 et
1149 2648 1242 2682 sidus
1273 2649 1317 2682 ad
1347 2648 1540 2682 faciendam
1571 2649 1869 2683 exterritationem
1899 2649 1943 2682 ad
1974 2648 2175 2682 orientalem

260 2700 403 2729 ventum
422 2700 455 2729 et
475 2695 686 2728 occidentem
707 2695 906 2729 violabitur:
950 2697 979 2715 ⁴⁰
1004 2698 1039 2728 et
1063 2695 1313 2729 exaltabuntur
1330 2696 1437 2729 nubes
1457 2706 1589 2740 magnae
1608 2699 1643 2729 et
1661 2696 1784 2729 validae
1803 2696 1911 2740 plenae
1928 2695 1996 2736 irae,
2016 2698 2051 2729 et
2068 2694 2173 2735 sidus,

259 2746 297 2775 ut
323 2745 519 2775 exterreant
545 2753 679 2775 omnem
708 2746 844 2778 terram,
872 2746 907 2776 et
931 2742 1167 2776 inhabitantes
1193 2753 1280 2782 eam,
1307 2746 1341 2777 et
1366 2743 1551 2776 infundent
1576 2753 1678 2787 super
1703 2753 1840 2776 omnem
1864 2743 1978 2776 locum
2004 2742 2115 2776 altum
2141 2746 2175 2776 et

259 2789 465 2823 eminentem
491 2789 584 2822 sidus
609 2789 770 2828 terribile,
818 2791 841 2808 ⁴¹
869 2789 982 2833 ignem
1008 2793 1042 2823 et
1067 2789 1279 2833 grandinem,
1306 2793 1340 2823 et
1365 2790 1556 2834 romphaeas
1583 2789 1750 2829 volantes,
1777 2792 1811 2823 et
1836 2800 1943 2834 aquas
1968 2789 2108 2829 multas,
2136 2792 2175 2822 ut

259 2836 363 2869 etiam
384 2836 592 2880 impleantur
612 2847 728 2869 omnes
749 2836 872 2880 campi,
893 2840 926 2870 et
947 2847 1063 2869 omnes
1087 2837 1147 2869 rivi
1168 2836 1380 2880 plenitudine
1401 2847 1569 2881 aquarum
1589 2837 1789 2870 multarum.
1834 2838 1861 2856 ⁴²
1885 2840 1920 2871 et
1944 2835 2175 2870 demolientur

261 2882 429 2918 civitates.
456 2886 489 2916 et
515 2894 640 2922 muros,
666 2887 701 2916 et
725 2886 871 2923 montes,
897 2887 932 2917 et
957 2883 1068 2924 colles,
1094 2887 1129 2917 et
1153 2883 1245 2928 ligna
1268 2884 1444 2921 silvarum.
1471 2887 1506 2918 et
1530 2884 1661 2917 foenum
1699 2887 1889 2928 pratorum,
1927 2886 1962 2917 et
1998 2883 2174 2917 frumenta

260 2940 387 2962 eorum.
438 2931 463 2947 ¹³¹
489 2930 533 2963 Et
560 2930 758 2963 transibunt
783 2934 981 2964 constantes
1007 2941 1114 2974 usque
1139 2931 1182 2963 ad
1209 2931 1434 2974 Babylonem.
1462 2934 1497 2964 et
1522 2933 1679 2975 exterent
1704 2941 1794 2964 eam:
1845 2932 1871 2949 ⁴⁴
1897 2929 2104 2964 convenient
2129 2929 2172 2963 ad

260 2977 380 3019 ipsam,
400 2981 434 3010 et
452 2976 644 3010 circuibunt
662 2987 748 3016 eam,
768 2980 802 3010 et
820 2977 999 3011 effundent
1016 2977 1120 3016 sidus,
1140 2981 1175 3011 et
1192 2988 1328 3011 omnem
1347 2978 1432 3012 iram
1450 2988 1552 3022 super
1569 2988 1656 3016 eam,
1675 2980 1710 3011 et
1727 2977 1858 3011 subibit
1876 2977 1987 3022 pulvis
2006 2980 2040 3011 et
2057 2977 2173 3010 fumus

263 3033 368 3066 usque
393 3023 426 3055 in
449 3023 579 3061 eaelum,
603 3027 637 3057 et
660 3034 776 3057 omnes
799 3024 833 3057 in
857 3024 999 3058 circuitu
1025 3024 1192 3068 lugebunt
1214 3036 1304 3058 eam:
1354 3026 1379 3044 3·
1403 3028 1436 3059 et
1459 3025 1517 3069 qui
1540 3025 1603 3058 sub
1627 3035 1666 3058 ea
1688 3024 1926 3064 remanserint,
1950 3024 2100 3057 servient
2122 3023 2173 3056 his

261 3070 318 3113 qui
344 3073 594 3103 exterruerunt.

375 3119 403 3135 Μ
433 3117 475 3150 Et
500 3121 537 3150 tu
564 3116 643 3149 Asia
669 3128 806 3151 concors
832 3118 866 3151 in
890 3128 985 3162 spem
1012 3118 1210 3161 Babylonis,
1226 3121 1260 3152 et
1273 3119 1377 3162 gloria
1394 3129 1544 3163 persona}
1558 3118 1639 3153 eius.
1677 3120 1704 3137 ⁴⁷
1732 3129 1782 3152 vae
1808 3117 1870 3152 tibi
1898 3117 2021 3151 misera
2034 3119 2173 3162 propter

263 3163 354 3207 quod
373 3163 567 3197 assimilasti
585 3163 624 3201 ei,
643 3168 676 3197 et
694 3165 820 3198 ornasti
841 3165 924 3198 filias
943 3169 1019 3198 tuas
1037 3165 1071 3198 in
1089 3165 1324 3205 fornicatione,
1343 3166 1385 3199 ad
1404 3165 1608 3210 placendum
1626 3170 1659 3199 et
1677 3165 1892 3209 gloriandum
1910 3165 1943 3198 in
1960 3163 2172 3198 amatoribus

264 3210 342 3243 tuis.
371 3211 429 3253 qui
457 3215 571 3244 tecum
599 3210 779 3253 cupierunt
805 3222 938 3255 semper
964 3211 1133 3246 fornicari.
1185 3214 1212 3231 ⁴⁸
1239 3212 1409 3245 Odibilem
1436 3213 1574 3246 imitata
1600 3223 1632 3245 es
1660 3212 1693 3245 in
1720 3212 1878 3245 omnibus
1906 3211 2063 3256 operibus
2090 3210 2172 3250 eiuS,

264 3260 297 3289 et
325 3257 357 3289 in
383 3257 684 3291 adinventionibus
710 3257 794 3290 eius:
823 3261 1002 3302 propterea
1028 3259 1111 3293 dicit
1137 3259 1240 3299 Deus,
1289 3261 1319 3278 ⁴⁹
1347 3259 1538 3293 immittam
1566 3259 1629 3293 tibi
1654 3259 1755 3299 mala,
1783 3259 2001 3298 viduitatem,
2028 3268 2172 3301 pauper-

264 3307 385 3341 tatem,
411 3309 443 3336 et
468 3304 605 3342 famem,
630 3308 665 3338 et
687 3304 848 3347 gladium.
875 3310 909 3339 et
934 3309 1075 3349 pestem.
1100 3306 1143 3339 ad
1168 3306 1400 3339 devastandas
1425 3306 1544 3340 domos
1568 3310 1646 3340 tuas
1670 3318 1690 3339 a
1714 3305 1909 3345 violatione,
1935 3309 1969 3339 et
1992 3308 2112 3342 morte,
2138 3308 2173 3337 et

264 3350 369 3394 gloria
394 3349 530 3383 virtutis
555 3354 632 3384 tuae.
681 3352 709 3370 ⁵⁰
731 3351 826 3384 Sicut
849 3351 909 3385 flos
932 3352 1126 3388 siccabitur.
1151 3364 1228 3386 cum
1252 3357 1393 3395 exurget
1416 3353 1517 3386 ardor
1539 3353 1598 3396 qui
1621 3353 1762 3386 emissus
1785 3356 1836 3386 est
1859 3363 1960 3396 super
1982 3354 2026 3387 te.
2073 3353 2097 3370 ⁵¹
2124 3351 2172 3384 in-

265 3397 452 3429 firmaberis
477 3402 513 3430 ut
540 3398 745 3441 paupercula
771 3397 909 3441 plagata
933 3402 967 3432 et
991 3400 1160 3444 castigata
1183 3411 1201 3433 a
1226 3399 1434 3436 mulieribus.
1460 3404 1499 3434 ut
1516 3411 1584 3433 non
1609 3400 1740 3444 possint
1764 3403 1797 3433 te
1820 3399 1989 3443 suscipere
2013 3401 2170 3443 potentes

265 3446 298 3477 et
324 3450 505 3477 amatores.
555 3446 580 3463 ⁷¹²
607 3445 784 3488 Numquid
809 3455 869 3488 ego
894 3445 940 3479 sic
966 3445 1100 3479 zelabor
1124 3450 1169 3488 te,
1194 3446 1277 3480 dicit
1302 3447 1482 3485 Dominus,
1531 3448 1557 3466 ⁵³
1581 3447 1645 3480 nisi
1670 3447 1847 3480 occidisses
1872 3445 1996 3479 electos
2022 3455 2114 3478 meos
2139 3445 2174 3478 in
