2356 3760
250 189 327 229 884
1068 187 1342 221 PROPHETIA
1966 191 1996 230 2,
2022 191 2119 229 2—3‚
2145 189 2165 221 2

74 279 213 339 {cssssfgliffss
265 283 280 305 ²
301 281 356 321 Et
385 280 598 334 respondit
625 280 725 321 mihi
754 280 968 328 Dominus,
1001 285 1043 321 et
1072 281 1195 321 dixit:

75 334 186 389 ‚fldmn'
300 338 438 380 Scribe
468 339 614 383 visum.
647 344 686 379 et
717 339 894 392 explana
922 351 1014 378 eum
1044 352 1166 391 super
1194 338 1375 379 tabula-s:
1460 344 1507 380 ut
1535 343 1747 393 percurrat
1777 339 1846 393 qui
1873 340 2015 394 legerit
2058 355 2162 383 eum.

74 385 208 414 ¹¹¹‘''¹¹¹⁰“*'’
264 399 280 422 ³
301 397 407 446 Quia
437 397 571 439 adhuc
602 398 712 438 visus
742 396 895 450 procul,
981 402 1022 437 et
1053 397 1269 450 apparebit
1298 397 1339 437 in
1370 397 1504 446 finem,
1537 403 1579 439 et
1607 410 1690 439 non
1719 399 1953 441 mentietur.

299 457 331 497 si
362 470 517 498 moram
551 456 691 497 fecerit
722 460 896 508 expecta
925 454 1058 495 illum:
1146 455 1243 509 quia
1273 455 1438 496 veniens
1469 456 1618 505 veniet,
1652 461 1693 497 et
1722 469 1805 498 non
1836 458 2032 500 tardabit.

264 516 279 539 ⁴
299 514 405 556 Ecce
428 516 496 568 qui
519 514 749 554 incredulus
772 518 845 562 est,
870 526 951 554 non
975 514 1050 555 crit
1072 519 1185 556 recta
1207 514 1344 555 anima
1366 514 1449 555 eius
1471 515 1512 555 in
1534 515 1772 568 semetipso:
1854 516 2003 558 aiustus
2026 522 2164 558 autem

510 573 549 613 iu
580 572 658 613 fide
688 585 762 612 sua
792 572 916 613 vivet.

73 678 212 738 Cfffl‘jffiss
267 681 281 702 ⁵
303 678 357 718 Et
378 677 583 730 quomodo
604 677 744 717 vinum
765 681 980 729 potantem
1001 677 1171 730 decipit:
1245 677 1301 718 sic
1320 677 1396 717 erit
1415 677 1477 718 vir
1494 678 1704 732 superbus.
1727 683 1768 719 et
1785 692 1867 720 non
1886 679 2164 721 decorabitur:

81 731 122 773 ἐκ
139 756 205 789 „5ae-
303 737 371 790 qui
416 735 610 776 dilatavit
656 736 771 789 quasi
814 735 996 776 infernus
1044 736 1225 776 animam
1275 749 1410 776 suam:
1509 742 1550 777 et
1579 737 1663 790 ipse
1699 737 1815 791 quasi
1844 751 1964 785 morS,
2014 743 2055 779 et
2083 752 2165 781 non

80 787 205 809 “¹¹¹¹¹¹“*''
514 794 781 848 adimpletur:

299 859 340 894 et
367 854 630 907 congregabit
657 854 709 894 ad
735 866 777 894 se
804 866 943 894 omnes
969 859 1123 907 gentes,
1205 858 1247 894 et
1273 853 1534 895 coacervabit
1560 854 1612 895 ad
1639 867 1680 895 se
1707 868 1847 896 omnes
1873 855 2058 909 populos.

263 914 279 937 ⁶
301 912 511 966 Numquid
537 925 618 953 non
644 925 783 953 ornnes
808 912 875 952 isti
900 925 1021 965 super
1045 925 1137 952 eum
1162 911 1401 965 parabolam
1427 917 1603 957 sument,
1682 918 1724 954 et
1746 913 1952 967 loquelam
1976 914 2166 969 aenigma-

510 976 599 1012 tum
630 971 733 1012 eius:

299 1035 340 1071 et
368 1027 544 1071 dicetur:
575 1030 645 1070 Vae
674 1030 719 1073 ei,
751 1030 821 1082 qui
848 1028 1098 1083 multiplicat
1125 1042 1207 1070 non
1235 1029 1333 1070 sua?
1417 1043 1629 1084 usquequo
1658 1036 1699 1071 et
1727 1036 1927 1085 aggravat
1954 1037 2099 1073 contra
2124 1045 2166 1073 se

510 1089 680 1129 densum
710 1087 871 1129 lutum?

264 1149 278 1172 ⁷
302 1147 512 1200 Numquid
532 1160 614 1187 non
635 1152 801 1200 repente
822 1152 1068 1200 consurgent
1089 1147 1159 1200 qui
1178 1147 1396 1189 mordeant
1415 1153 1474 1189 te:
1550 1152 1591 1189 et
1610 1148 1922 1190 suscitabuntur
1940 1148 2165 1191 lacerantes

510 1211 561 1250 te,
647 1211 688 1246 et
718 1205 792 1246 eris
822 1205 863 1246 in
892 1206 1080 1259 rapinam
1111 1205 1191 1247 eis?

263 1267 279 1289 ⁸
300 1265 406 1313 Quia
435 1270 480 1305 tu
510 1264 694 1318 spoliasti
723 1270 863 1318 gentes
893 1264 1057 1310 multas,
1142 1264 1380 1319 spoliabunt
1410 1270 1450 1306 te
1480 1278 1631 1315 omnes,
1664 1266 1733 1319 qui
1762 1266 1905 1320 reliqui
1934 1266 2088 1308 fuerint
2117 1267 2166 1308 de

510 1323 669 1377 popufis

299 1388 467 1436 propter
488 1383 727 1436 sanguinem
750 1382 925 1424 hominis
949 1388 989 1423 et
1011 1382 1274 1436 iniquitatem
1297 1388 1414 1424 terrae
1489 1383 1682 1433 civitatis,
1707 1388 1749 1425 et
1770 1383 1953 1425 omnium
1976 1384 2166 1425 habitan-

510 1442 612 1482 tium
643 1442 683 1482 in
714 1455 772 1483 ea.

263 1503 278 1525 ⁹
299 1501 369 1541 Vae
400 1500 467 1554 qui
498 1506 718 1554 congregat
747 1500 967 1542 avaritiam
996 1500 1148 1541 malam
1178 1501 1318 1542 domui
1348 1513 1442 1551 suae,

301 1566 347 1600 ut
373 1560 426 1600 sit
454 1559 493 1600 in
522 1559 679 1601 excelso
707 1559 827 1600 nidus
855 1559 951 1606 eius,
1034 1564 1075 1600 et
1101 1559 1263 1600 liberari
1290 1573 1331 1601 se
1357 1565 1483 1614 putat
1509 1561 1559 1601 de
1586 1574 1712 1602 manu
1739 1560 1848 1602 mali.

248 1621 283 1644 ¹⁰
300 1618 497 1672 Cogitasti
528 1618 807 1660 confusionem
838 1618 977 1659 domui
1008 1623 1101 1665 tuae,
1187 1618 1400 1660 concidisti
1437 1619 1609 1673 populos
1646 1619 1810 1667 multos,
1903 1625 1944 1661 et
1978 1620 2168 1673 peccavit

510 1677 648 1718 anima
678 1683 761 1718 tua.

248 1739 277 1761 ¹¹
299 1736 406 1785 Quia
423 1736 525 1789 lapis
545 1737 594 1776 de
613 1736 769 1789 pariete
788 1735 1002 1777 clamabit:
1076 1741 1118 1777 et
1135 1736 1303 1788 lignum,
1326 1737 1436 1790 quod
1455 1737 1562 1778 inter
1579 1737 1789 1778 iuncturas
1809 1737 2071 1779 aedificiorum
2091 1742 2163 1787 est,

509 1795 784 1848 respondebit.

248 1857 278 1879 1²
303 1854 393 1894 bVae
422 1854 490 1908 qui
518 1854 694 1895 aedificat
721 1854 933 1895 civitatem
962 1854 1001 1895 in
1030 1854 1309 1908 sanguinibus,
1392 1860 1434 1896 et
1459 1860 1666 1909 praeparat
1693 1854 1836 1896 urbem
1863 1855 1905 1896 in
1932 1855 2164 1909 iniquitate.

248 1916 279 1938 13
301 1913 513 1967 Numquid
543 1926 624 1954 non
654 1913 739 1954 haec
769 1918 866 1954 sunt
895 1926 919 1954 a
947 1913 1125 1954 Domino
1156 1913 1434 1955 exercituum?

299 1972 569 2013 Laborabunt
598 1972 705 2013 enim
735 1971 875 2026 populi
905 1972 946 2013 in
976 1972 1107 2013 multo
1137 1972 1246 2026 igne:
1345 1977 1386 2014 et
1413 1978 1555 2027 gentes
1584 1973 1625 2014 in
1656 1985 1846 2022 vacuum,
1884 1978 1926 2014 et
1962 1973 2164 2015 deficient.

246 2033 278 2056 1⁶²
299 2031 405 2080 Quia
416 2031 640 2085 replebitur
652 2037 772 2079 terra,
788 2037 835 2072 ut
847 2036 1096 2085 cognoscant
1113 2031 1283 2085 gloriam
1295 2032 1476 2081 Domini,
1535 2032 1651 2086 quasi
1668 2045 1785 2086 aquae
1799 2032 2025 2086 operientes
2040 2045 2164 2074 mare.

247 2092 278 2115 1⁵
299 2090 370 2131 Vae
395 2090 462 2143 qui
487 2095 632 2143 potum
658 2091 730 2131 dat
755 2090 886 2131 amico
910 2103 982 2131 suo
1007 2090 1176 2132 mittens
1201 2090 1254 2131 fel
1277 2104 1410 2141 suum,
1490 2096 1531 2132 et
1553 2091 1758 2132 inebrians
1783 2096 1830 2132 ut
1853 2091 2026 2145 aspiciat
2049 2092 2166 2133 nudi-

510 2154 641 2190 tatem
671 2149 766 2190 eius.

248 2209 282 2232 1⁶
302 2208 498 2261 Repletus
530 2221 570 2248 es
601 2208 825 2262 ignominia
854 2221 927 2261 pro
958 2208 1103 2261 gloria:
1190 2208 1283 2249 bibe
1314 2214 1360 2249 tu
1393 2222 1567 2263 quoque,
1601 2214 1642 2250 et
1673 2209 1901 2263 consopire:

300 2267 572 2307 circumdabit
588 2272 627 2307 te
645 2267 749 2307 calix
766 2267 944 2307 dexterae
959 2266 1139 2313 Domini,
1210 2272 1252 2308 et
1268 2267 1447 2309 vomitus
1464 2267 1696 2321 ignominiae
1711 2281 1833 2322 super
1846 2267 2017 2322 gloriam
2034 2273 2163 2310 tuam.

247 2327 281 2350 ¹⁷
300 2325 406 2374 Quia
434 2325 628 2379 iniquitas
658 2325 803 2366 Libani
832 2325 987 2379 operiet
1014 2330 1067 2374 te,
1151 2331 1192 2367 et
1220 2326 1394 2367 vastitas
1423 2326 1662 2367 animalium
1691 2327 1914 2368 deterrebit
1941 2340 2008 2369 eos

299 2384 348 2425 de
372 2384 637 2435 sanguinibus
661 2385 886 2433 hominum,
911 2389 952 2425 et
974 2384 1194 2438 iniquitate
1217 2390 1345 2430 terrae.
1424 2391 1465 2427 et
1487 2385 1680 2433 civitatis,
1705 2391 1747 2427 et
1769 2386 1952 2427 omnium
1975 2386 2166 2428 habitan-

509 2443 613 2484 tium
643 2444 684 2484 in
714 2456 772 2484 ea.

246 2503 281 2527 1⁸
299 2502 407 2550 Quid
427 2503 594 2556 prodest
615 2502 814 2556 sculptile,
892 2502 989 2556 quia
1009 2502 1179 2556 sculpsit
1199 2502 1299 2544 illud
1320 2503 1439 2545 fictor
1459 2516 1567 2553 suus,
1644 2502 1860 2553 conflatile,
1884 2508 1926 2545 et
1945 2504 2165 2559 imaginem

509 2561 680 2602 falsam?

300 2620 396 2673 quia
424 2621 605 2673 speravit
634 2621 674 2660 in
704 2620 899 2674 figmento
928 2620 1046 2661 fictor
1075 2620 1158 2661 eius
1241 2626 1288 2662 ut
1315 2622 1469 2663 faceret
1496 2621 1743 2662 simulachra
1770 2626 1900 2664 muta.

246 2681 281 2704 1⁹
300 2678 369 2720 Vae
398 2679 467 2732 qui
494 2679 594 2720 dicit
621 2679 747 2732 ligno:
778 2679 1086 2733 Expergiscere:
1168 2680 1307 2734 Surge,
1337 2679 1464 2734 lapidi
1492 2680 1664 2722 tacenti:

298 2738 499 2791 numquid
529 2738 613 2791 ipse
644 2738 786 2779 docere
815 2737 993 2792 poterit?

299 2797 402 2838 Ecce
428 2797 504 2838 iste
530 2802 745 2851 coopertus
770 2802 833 2838 est
858 2810 968 2844 auro,
996 2802 1037 2838 et
1062 2803 1250 2852 argento:
1330 2804 1372 2839 et
1396 2798 1527 2839 omnis
1552 2798 1719 2852 spiritus
1744 2812 1826 2840 non
1852 2803 1914 2840 est
1937 2799 1979 2839 in
2005 2798 2165 2840 visceri-

510 2856 583 2897 bus
614 2856 710 2898 eius.

247 2914 283 2937 ²0
307 2914 523 2956 cDominus
554 2921 692 2956 autem
723 2916 764 2956 in
795 2914 949 2969 templo
980 2920 1123 2957 sancto
1153 2929 1244 2957 suo:
1329 2916 1447 2957 sileat
1476 2929 1500 2957 a
1528 2915 1631 2957 facie
1661 2916 1745 2957 eius
1776 2916 1906 2958 omnis
1937 2921 2056 2958 terra.

806 3036 845 3076 2.
876 3035 1087 3077 Psalmus
1116 3036 1374 3089 prophetae,
1403 3038 1442 3088 3,
1462 3037 1615 3078 1—19.

78 3118 217 3147 ''ww-¹22
356 3114 393 3157 3.
451 3118 460 3139 ¹
489 3116 699 3157 ORATIO
730 3116 991 3159 HABACUC
1020 3117 1341 3159 PROPHETAE
1370 3119 1483 3161 PRO
1514 3118 1900 3162 IGNORANTIIS.

61 3157 226 3218 ..8215ssssOE
268 3176 281 3197 ’ὲ
305 3173 475 3213 Domine
507 3175 644 3215 audivi
675 3176 928 3217 auditionem
959 3182 1087 3220 tuam,
1119 3182 1160 3217 et
1190 3177 1321 3219 timui.

300 3232 473 3272 Domine
505 3246 604 3285 opus
635 3239 752 3275 tuum
782 3235 822 3275 in
853 3235 986 3276 medio
1017 3248 1219 3277 annorum
1249 3236 1414 3278 vivifiea
1441 3235 1560 3278 illud:
1672 3236 1719 3277 In
1775 3236 1908 3278 medio
1964 3249 2164 3278 annorum

509 3297 653 3332 notum
684 3293 823 3333 facies:

299 3362 391 3389 cum
422 3351 549 3390 iratus
580 3350 713 3397 fueris,
747 3352 1031 3394 nnserieordiae
1058 3353 1345 3395 recordaberis.

247 3521 290 3554 20
317 3474 547 3562 031)Ξ“.ὶ,10;1ἒ.10
570 3478 601 3515 3,
625 3478 682 3511 30¹:
725 3477 811 3510 Rom
839 3480 866 3518 l,
902 3481 956 3520 17;
994 3479 1058 3514 Gal
1080 3481 1111 3520 3,
1143 3481 1199 3520 11;
1237 3480 1312 3514 Hbr
1337 3482 1387 3521 10,
1420 3482 1472 3515 38.
1511 3501 1553 3505 —
1590 3481 1632 3515 12
1656 3480 1724 3514 bEz
1748 3482 1779 3521 4,
1813 3481 1849 3522 9;
1888 3480 1966 3515 Nah
1990 3482 2021 3522 3,
2055 3482 2085 3516 1.
2124 3501 2165 3505 —-
