2356 3760
303 211 381 252 350
1162 208 1307 242 LIBER
1336 209 1361 242 l.
1972 212 2002 250 0,
2029 210 2170 250 23—10,
2191 208 2234 243 10

306 303 455 348 David,
488 311 527 344 et
557 303 721 345 Samuel
746 302 909 345 Yidens,
942 301 982 341 in
1013 302 1091 342 tide
1121 315 1194 342 sua
1250 304 1282 326 ²³
1312 308 1398 342 tam
1429 301 1548 354 ipsos,
1582 315 1707 355 quam
1736 302 1838 343 filios
1869 316 2009 344 eorum
2040 305 2081 345 in
2112 304 2226 345 ostiis

305 362 451 402 domus
470 362 648 406 Domini,
670 368 709 401 et
728 361 768 400 in
791 359 1053 401 tabernaculo
1074 359 1230 400 vicibus
1248 360 1342 402 suis.
1389 361 1422 385 ²¹²
1441 360 1518 400 Per
1536 365 1735 413 quattuor
1753 366 1898 401 ventos
1917 367 2036 402 erant
2054 361 2225 403 ostiarii:

305 421 346 462 id
367 426 428 461 est
449 421 499 461 ad
521 420 743 466 Orientem,
766 423 807 459 et
828 419 879 459 ad
900 418 1178 462 Oeeidentem.
1201 425 1242 460 et
1263 419 1314 459 ad
1335 418 1593 472 Aquilonem,
1616 423 1658 459 et
1678 419 1730 459 ad
1750 419 1961 461 Austrum.
2011 421 2043 444 2⁵
2064 420 2228 462 Fratres

306 486 444 520 autem
466 492 604 519 eorum
626 478 666 518 in
687 477 829 518 viculis
850 478 1132 522 morabantur,
1155 482 1196 518 et
1216 478 1438 518 veniebant
1459 477 1498 517 in
1519 477 1703 518 sabbatis
1724 478 1805 518 suis
1826 478 1875 518 de
1896 483 2080 531 tempore
2100 493 2228 533 usque

306 539 359 579 ad
392 544 564 589 tempus.
624 538 659 561 ²⁶
692 536 764 576 His
796 541 995 588 quattuor
1024 536 1177 577 Levitis
1209 537 1386 577 creditus
1418 542 1504 576 erat
1535 537 1665 576 omnis
1697 549 1890 577 numerus
1919 537 2154 587 ianitorum,
2187 543 2228 579 et

307 603 424 638 erant
453 609 574 648 super
603 596 784 637 exedras.
817 601 857 635 et
888 595 1101 636 thesauros
1131 595 1276 635 domus
1306 594 1485 636 Domini.
1545 596 1578 618 ²⁷
1609 594 1687 635 Per
1714 608 1862 648 gyrum
1893 609 2055 650 quoque
2085 596 2228 650 templi

307 655 472 695 Domini
500 654 769 694 morabantur
797 654 834 693 in
861 654 1057 695 custodiis
1082 654 1181 694 suis:
1210 659 1257 694 ut
1283 667 1375 694 eum
1401 659 1565 706 tompus
1594 653 1747 699 fuisset,
1776 653 1851 706 ipsi
1877 667 1998 695 mane
2024 654 2230 708 aperirent

308 714 423 754 fores.
481 715 515 737 2⁸
544 713 604 754 De
634 713 775 754 horum
805 725 949 763 genere
978 717 1094 753 erant
1123 717 1163 753 et
1191 725 1312 765 super
1339 725 1439 752 vasa
1467 712 1699 753 ministerii:
1728 713 1780 753 ad
1808 725 2023 753 numerum
2053 714 2160 754 enim
2188 718 2229 754 et

309 773 590 813 inferebantur
618 785 728 814 vasa.
759 776 798 811 01
828 772 1114 812 efferebantur.
1173 774 1208 795 2⁹
1240 772 1297 812 De
1325 771 1420 824 ipsis
1449 776 1489 811 et
1520 771 1588 824 qui
1617 771 1774 812 eredita
1800 771 2012 813 habebant
2040 772 2230 813 utensilia

307 831 541 879 sanctuarii,
564 836 767 884 praeerant
787 830 938 875 similae,
962 836 1002 871 et
1024 830 1131 874 vino.
1155 835 1195 871 et
1216 830 1316 878 oleo,
1339 836 1379 871 et
1400 830 1522 873 thuri,
1546 835 1587 870 et
1607 830 1872 871 aromatibus.
1922 832 1959 855 ³⁰
1978 830 2069 871 Filii
2090 837 2228 872 autem

308 890 568 931 sacerdotum
609 894 820 940 unguenta
860 902 909 929 ex
951 889 1205 929 aromatibus
1247 889 1531 930 conficiebant.
1601 890 1632 914 ³¹
1674 888 1730 930 Et
1770 889 2025 929 Mathathias
2065 890 2229 930 Levites

310 949 603 1002 primogenitus
630 948 781 988 Sellum
810 948 968 995 (Ἵο11110,
998 948 1214 1001 praefeetus
1242 954 1330 989 erat
1358 961 1510 996 eorum,
1542 960 1632 1000 quae
1659 947 1700 988 in
1727 948 1933 1001 sartagine
1959 948 2226 1002 frigebantur.

308 1010 340 1032 ²³²
362 1008 487 1049 l'orro
512 1008 559 1048 de
584 1007 673 1047 tiliis
696 1006 827 1048 Caath
850 1007 1046 1047 fratribus
1069 1020 1221 1052 eorum,
1247 1020 1367 1060 super
1388 1019 1514 1060 panes
1537 1012 1654 1047 erant
1675 1007 1977 1059 propositionis,
2003 1012 2050 1048 ut
2072 1020 2231 1061 semper

310 1080 438 1108 novos
459 1080 530 1119 per
549 1065 708 1116 singula
727 1066 901 1106 sabbata
924 1071 1213 1119 praepararent.
1262 1068 1295 1090 3³
1317 1066 1369 1106 Hi
1390 1070 1486 1106 sunt
1506 1065 1707 1118 principes
1728 1071 1943 1105 cantorum
1966 1079 2035 1118 per
2054 1066 2230 1106 familias

310 1126 561 1168 Levitarum.
587 1124 655 1178 qui
678 1125 718 1164 in
741 1125 898 1165 exedris
922 1124 1201 1170 morabantur,
1228 1129 1273 1166 ut
1295 1125 1359 1165 die
1381 1138 1427 1165 ae
1450 1129 1568 1165 noete
1590 1124 1737 1177 iugiter
1758 1137 1830 1165 suo
1853 1124 2075 1166 ministerio
2099 1125 2229 1165 deser-

310 1185 454 1225 virent.
508 1187 539 1208 ²⁴⁴
565 1183 712 1236 Capita
735 1184 987 1231 Levitarum,
1014 1196 1086 1237 per
1108 1183 1284 1225 familias
1309 1197 1402 1224 suas
1426 1183 1639 1237 principes,
1667 1189 1905 1223 manserunt
1930 1183 1969 1223 in
1998 1183 2227 1224 Ierusalem.

144 1244 265 1269 malms*
415 1245 447 1268 ³5
482 1243 524 1284 [n
557 1243 747 1283 aGabaon
776 1248 914 1283 autem
944 1243 1186 1284 commorati
1214 1247 1311 1284 sunt
1337 1247 1456 1295 pater
1482 1242 1654 1283 Gabaon
1684 1241 1818 1288 lehiel,
1849 1247 1890 1283 et
1917 1255 2066 1283 nomen
2093 1242 2230 1283 uxoris

311 1303 396 1343 eius
422 1302 606 1343 Ma-aeha.
663 1304 699 1326 ³⁶
725 1301 850 1342 Filius
877 1301 1172 1355 primogenitus
1200 1302 1285 1342 eius
1311 1301 1472 1346 Abdon,
1501 1306 1542 1341 et
1568 1301 1656 1349 Sur,
1686 1306 1726 1341 et
1753 1301 1828 1349 s‘is,
1857 1306 1898 1341 et
1926 1300 2038 1349 Baal,
2068 1306 2109 1341 et
2137 1301 2227 1345 Ner.

312 1367 353 1402 et
372 1362 407 1401 N
412 1361 531 1406 adab,
578 1362 612 1385 ³⁷
631 1361 767 1401 Gedor
784 1374 958 1414 quoque,
979 1366 1020 1401 et
1036 1360 1154 1407 Ahio,
1175 1366 1215 1402 et
1233 1360 1460 1407 Zacharias,
1481 1366 1522 1401 et
1539 1359 1769 1401 Mateelloth.
1816 1362 1852 1384 3⁸
1869 1360 1994 1401 Porro
2012 1359 2231 1401 Macelloth

311 1420 452 1473 genuit
484 1421 681 1460 Samaan:
717 1420 783 1460 isti
816 1419 1111 1460 habitaverunt
1145 1433 1164 1460 e
1196 1419 1358 1473 regione
1390 1420 1565 1459 fratrum
1598 1431 1764 1459 suorum
1797 1418 1837 1459 in
1878 1418 2103 1467 Ierusalem,
2138 1431 2230 1459 eum

311 1479 507 1519 fratribus
537 1479 630 1519 suis.
687 1481 723 1503 ³⁹
756 1479 859 1519 bNer
887 1484 1025 1519 autem
1055 1478 1196 1532 genuit
1225 1479 1307 1519 Cis:
1338 1483 1378 1519 et
1407 1478 1471 1519 Cis
1499 1477 1640 1529 genuit
1668 1477 1783 1518 Saul:

124 1539 288 1599 ΜἙΞῘΠῘΝΜ
419 1544 459 1579 01
492 1537 588 1578 Saul
621 1537 763 1591 genuit
798 1537 1016 1586 Ionathan,
1053 1543 1094 1578 et
1127 1537 1361 1585 Meleliisua,
1397 1543 1438 1578 et
1470 1537 1702 1585 Abinadab,
1739 1541 1779 1577 et
1812 1536 1975 1577 Esbaal.
2038 1538 2075 1561 ⁴⁰
2106 1535 2231 1577 Filius

167 1590 179 1599 ⁸*
241 1594 245 1598 ’
313 1602 450 1638 autem
490 1596 707 1644 lonatlian,
745 1596 989 1637 Meribbaal:
1027 1601 1067 1636 et
1102 1596 1328 1637 Meribbaal
1362 1596 1504 1650 genuit
1539 1595 1685 1636 Mieha.
1750 1597 1781 1619 ⁴1
1817 1595 1942 1636 Porro
1978 1595 2049 1636 filii
2083 1595 2229 1640 Mieha,

312 1656 505 1700 Phithon,
530 1660 570 1696 et
591 1655 757 1703 Meleeh,
782 1661 823 1696 et
844 1655 1016 1703 Thama,
1040 1660 1081 1696 et
1101 1655 1227 1696 Ahaz.
1277 1657 1309 1679 42
1329 1655 1443 1696 Ahaz
1465 1659 1604 1695 autem
1624 1654 1766 1707 genuit
1792 1654 1891 1697 lara.
1915 1659 1957 1695 et
1980 1654 2072 1695 Iara
2090 1654 2230 1707 genuit

312 1714 520 1763 Alamath,
551 1719 592 1755 et
619 1714 810 1762 Azmoth,
840 1719 882 1755 et
910 1714 1054 1755 Zamri.
1087 1714 1220 1754 Zamri
1249 1720 1387 1755 autem
1415 1714 1558 1767 genuit
1584 1713 1709 1754 Mosa.
1766 1715 1799 1738 4³
1826 1713 1941 1754 Mosa
1968 1726 2063 1754 vero
2090 1713 2230 1767 genuit

312 1774 472 1814 Banaa:
503 1773 616 1814 euius
644 1773 749 1814 filius
779 1773 979 1827 Raphaia,
1009 1773 1150 1827 genuit
1178 1773 1319 1814 Elasa:
1349 1773 1399 1814 de
1427 1786 1507 1826 quo
1536 1777 1649 1813 ortus
1677 1777 1738 1813 est
1764 1772 1870 1813 Asel.
1926 1774 1959 1796 ⁴⁴
1988 1772 2110 1813 Porro
2138 1771 2230 1813 Asel

312 1846 382 1873 sex
413 1832 514 1873 filios
545 1832 691 1873 habuit
720 1832 1058 1878 his¹nominibus
1092 1832 1290 1877 Ezrieam,
1325 1833 1469 1877 Boeru,
1506 1831 1693 1877 ismahel,
1726 1831 1852 1880 Saria,
1886 1831 2032 1880 Obdia,
2066 1831 2228 1872 Hanan.

313 1892 355 1933 hi
385 1897 481 1933 511111
511 1891 581 1932 filii
610 1891 716 1933 Asel.

961 1995 1181 2049 PARS
1223 1996 1584 2049 ALTERA.

636 2083 936 2137 Historia
972 2084 1153 2149 regis
1192 2083 1427 2147 David,
1466 2081 1788 2148 10‚1—29,
1819 2081 1919 2136 30.

1157 2185 1165 2186 ἶ
1198 2180 1375 2191 -ου-α·ο-4-ῐ
1401 2185 1410 2186 7

621 2228 663 2279 Ι.
701 2228 943 2279 Initium
982 2228 1148 2294 regni
1188 2228 1476 2289 Davidiei‚
1517 2227 1598 2290 10,
1628 2228 1812 2288 1-12,
1839 2227 1930 2279 40.

793 2319 832 2359 1.
864 2318 971 2359 Saul
1003 2330 1103 2359 cum
1135 2319 1240 2360 finis
1271 2320 1478 2370 moritur,
1506 2320 1573 2371 10,
1593 2321 1740 2361 1—14.

123 2395 297 2421 FiffiSffiffiS
419 2391 483 2433 10.
540 2393 552 2415 ¹
586 2390 833 2431 Philisthiim
875 2395 1030 2431 Cautem
1063 2391 1307 2444 pugnabant
1341 2397 1485 2432 eontra
1520 2391 1655 2439 Israel,
1691 2392 1966 2445 fugeruntque
2000 2389 2075 2431 viri
2109 2389 2234 2430 Israel

130 2438 291 2497 cuti'fifstur,
315 2449 595 2496 Palaesthinos,
619 2455 659 2490 et
680 2449 913 2491 oeciderunt
934 2449 1138 2491 vulnerati
1158 2449 1200 2490 in
1220 2455 1360 2491 monte
1381 2449 1544 2491 Gelboe.
1595 2452 1609 2475 2
1629 2450 1814 2504 Cumque
1835 2449 2234 2503 appropinquassent

316 2509 540 2549 Philisthaei
571 2514 860 2562 persequentes
890 2508 998 2558 Saul,
1031 2514 1072 2550 et
1101 2508 1202 2550 filios
1233 2509 1329 2557 eius,
1362 2514 1650 2562 percusserunt
1681 2509 1898 2557 Ionathan‚
1931 2514 1972 2549 et
2000 2507 2231 2556 Abinadab,

316 2574 357 2609 et
379 2567 601 2608 Melehisua
623 2567 724 2609 filios
747 2567 854 2609 Saul.
906 2570 922 2592 ³
943 2567 999 2609 Et
1022 2572 1294 2621 aggravatum
1317 2573 1379 2609 est
1401 2567 1584 2621 praelium
1608 2574 1753 2609 eontra
1773 2567 1881 2616 Saul,
1907 2567 2234 2620 inveneruntque

317 2640 408 2667 eum
439 2626 652 2679 sagittarii,
685 2631 726 2668 et
755 2627 1077 2668 vulneraverunt
1106 2627 1257 2668 iaeulis.

126 2725 153 2747 pf
174 2688 298 2751 Jffisser
422 2688 435 2709 ‘¹
461 2686 516 2726 Et
541 2685 645 2726 dixit
670 2685 766 2726 Saul
792 2686 843 2726 ad
869 2686 1112 2739 armigerum
1138 2699 1276 2727 suum:
1303 2686 1491 2739 Evagina
1513 2686 1696 2739 gladium
1721 2692 1851 2735 tuum,
1879 2690 1920 2726 et
1944 2684 2125 2726 interfice
2148 2697 2231 2725 me:

125 2760 155 2797 m*
171 2758 299 2787 annuum
320 2758 367 2786 ne
392 2745 496 2785 forte
523 2745 691 2785 veniant
716 2745 984 2785 ineireumeisi
1008 2745 1088 2794 isti,
1116 2750 1157 2786 et
1180 2745 1357 2786 illudant
1380 2745 1492 2786 mihi.
1521 2744 1664 2786 Noluit
1688 2750 1826 2786 autem
1854 2744 2025 2797 armiger
2049 2743 2133 2784 eius
2156 2742 2233 2784 hoe

152 2796 273 2823 ¹ss¹¹¹¹¹¹'’
317 2804 460 2847 faeere.
496 2803 641 2844 timore
674 2804 931 2857 perterritus:
966 2804 1139 2858 arripuit
1171 2817 1263 2858 ergo
1295 2803 1392 2845 Saul
1424 2817 1573 2850 01150111,
1608 2809 1649 2846 et
1680 2804 1798 2845 irruit
1829 2804 1869 2844 iu
1902 2816 2007 2844 eum.
2067 2804 2082 2827 ⁵
2115 2802 2233 2851 Quod

319 2876 409 2903 eum
432 2862 600 2903 vidisset
621 2863 794 2915 armiger
813 2863 908 2907 eius,
933 2862 1121 2904 videlieet
1141 2868 1350 2905 mortuum
1372 2876 1456 2904 esse
1475 2862 1584 2911 Saul,
1606 2863 1724 2904 irruit
1744 2863 1869 2904 etiam
1888 2862 1973 2916 ipse
1992 2861 2033 2902 111
2051 2861 2233 2915 gladium

319 2935 450 2969 suum,
477 2927 515 2961 01
542 2927 728 2962 mortuus
751 2927 823 2962 est.
880 2924 895 2945 ⁶
920 2921 1081 2963 interiit
1105 2935 1197 2976 ergo
1221 2921 1330 2967 saul.
1357 2927 1397 2963 et
1423 2928 1501 2962 tres
1526 2921 1595 2962 filii
1620 2922 1715 2968 eius,
1741 2927 1782 2964 et
1806 2921 1936 2962 omnis
1960 2920 2105 2961 domus
2129 2919 2233 2960 illius

320 2980 471 3033 pariter
501 2980 689 3022 (roneidit.

133 3037 295 3096 *'}s¹¹„l{s¹[‡'*¹
427 3041 440 3062 ⁷
470 3039 588 3087 Quod
617 3053 709 3080 eum
740 3040 937 3080 vidissent
965 3040 1040 3080 viri
1071 3040 1205 3089 Israel,
1238 3040 1306 3094 qui
1334 3039 1583 3081 habitabant
1611 3039 1652 3080 in
1680 3039 1990 3093 campestribus,
2020 3038 2231 3092 fugerunt:

184 3093 197 3100 ”
271 3093 276 3099 ’
319 3104 360 3138 et
391 3098 486 3138 Saul
520 3111 565 3138 ae
598 3098 686 3138 filiis
718 3098 801 3139 eius
834 3098 1017 3148 mortuis,
1052 3099 1355 3152 dereliquerunt
1388 3099 1505 3140 urbes
1538 3112 1642 3145 suas,
1677 3104 1718 3139 et
1750 3098 1827 3139 hue
1858 3097 2034 3151 illucque
2065 3096 2232 3149 dispersi

320 3163 433 3197 sunt:
463 3162 745 3210 veneruntque
772 3157 1031 3203 Philisthiim,
1061 3163 1102 3198 et
1128 3157 1423 3198 habitaverunt
1449 3157 1490 3198 in
1517 3157 1583 3198 015.

124 3213 304 3277 ἑῖξιζῗῖζζξῃζξζ
428 3218 442 3239 ⁸
472 3216 546 3256 Die
576 3216 699 3269 igitur
727 3216 853 3257 altero
885 3216 1145 3258 detrahentes
1175 3216 1422 3258 Philisthiim
1452 3216 1579 3270 spolia
1610 3229 1816 3265 caesorum,
1848 3216 2094 3256 invenerunt
2122 3213 2230 3255 Saul.

124 3279 360 3313 nuf‹-runt11r‚et
384 3274 483 3314 filios
506 3275 589 3314 eius
613 3275 788 3316 iacentes
812 3276 850 3316 in
873 3281 1013 3316 monte
1035 3275 1197 3317 Gelboe.
1252 3278 1267 3300 ⁹
1288 3276 1471 3329 Cumque
1493 3275 1734 3329 spoliassent
1757 3288 1861 3320 eum,
1886 3279 1927 3315 et
1949 3278 2231 3326 amputassent

320 3339 456 3385 caput,
485 3333 687 3387 armisque
713 3334 948 3383 nudassent,
977 3334 1173 3375 miserunt
1200 3335 1239 3375 in
1267 3340 1416 3375 terram
1442 3347 1570 3383 suam,
1601 3339 1646 3376 ut
1671 3334 2007 3377 circumferretur,
2034 3337 2074 3373 et
2100 3337 2231 3373 osten-

320 3392 484 3431 deretur
508 3392 705 3433 idolorum
735 3394 907 3447 templis,
936 3399 976 3435 et
1002 3393 1179 3447 populis:
1234 3395 1269 3417 ¹0
1293 3406 1407 3433 arma
1432 3398 1570 3433 autem
1597 3393 1680 3434 eius
1706 3396 2047 3434 consecraverunt
2071 3390 2111 3431 in
2136 3390 2231 3430 fano

320 3450 382 3490 dei
413 3450 486 3493 sui.
519 3456 558 3491 01
589 3458 708 3503 eaput
744 3453 964 3492 affixerunt
995 3452 1035 3493 in
1065 3452 1217 3506 templo
1248 3452 1405 3504 Dagon.

453 3553 483 3595 9,
510 3553 551 3587 35
577 3556 666 3597 2¹Sup
691 3558 722 3591 8,
749 3556 798 3588 29.
862 3578 867 3579 ν
893 3557 934 3589 39
961 3557 1048 3599 hSup
1074 3555 1105 3595 8,
1131 3556 1182 3588 323.
1246 3577 1251 3579 v
1279 3556 1329 3596 10,
1360 3558 1373 3589 I
1404 3558 1436 3589 01
1464 3557 1522 3588 Sm
1548 3557 1600 3589 31.
1628 3558 1656 3589 1.
