2356 3760
285 123 359 164 192
1168 119 1313 152 LIBER
1412 149 1418 153 ,
1928 122 1980 163 19,
2008 123 2158 162 10—20,
2184 124 2204 156 2

109 214 242 274 ξξζζῇῗζ
391 218 426 239 ¹0
459 214 696 268 Ceciditque
731 227 814 255 sors
850 213 971 253 tertia
1011 212 1185 253 filiorum
1222 212 1406 253 Zabulon
1442 226 1513 266 per
1547 213 1809 267 cognationes
1845 227 1957 256 suas:
1994 223 2033 257 et
2068 216 2202 257 factus

122 268 137 273 “
242 269 248 278 ’
285 281 346 316 est
372 274 570 315 terminus
598 272 860 328 possessionis
889 284 1026 312 eorum
1056 284 1183 324 usque
1211 271 1338 312 Sarid.
1396 273 1427 296 ¹¹
1453 272 1731 326 Ascenditque
1759 272 1808 313 de
1836 273 1941 314 Mari
1969 280 2009 315 et
2035 275 2200 320 Merala,

286 339 326 374 et
345 333 533 386 pervenit
552 332 594 372 in
614 330 864 375 Debbaseth,
888 344 1015 383 usque
1037 330 1089 370 ad
1108 335 1331 371 torrentem
1354 330 1423 383 qui
1443 336 1504 371 est
1523 337 1664 372 contra
1688 332 1889 373 Ieconain.
1944 334 1975 357 ¹²
1996 333 2052 373 Et
2070 346 2203 375 rever-

285 392 388 433 titur
411 392 459 432 de
484 391 610 431 Sared
633 395 775 430 contra
800 389 1009 430 Orientem
1034 388 1075 428 in
1102 388 1200 429 fines
1224 388 1578 430 Ceseleththabor:
1605 395 1645 430 et
1670 391 1874 441 egreditur
1898 391 1950 432 ad
1973 392 2199 443 Dabereth,

286 451 549 503 ascenditque
584 455 728 489 contra
763 448 914 501 Iaphie.
978 450 1009 471 ¹¹
1044 448 1097 488 Et
1133 448 1225 488 inde
1260 448 1481 500 pertransit
1516 462 1642 501 usque
1677 449 1730 489 ad
1762 449 2001 491 orientalem
2037 449 2202 504 plagam

286 509 549 561 Getliliepher
568 514 606 548 et
628 506 847 548 Thacasin:
876 513 917 547 et
936 506 1141 556 egreditur
1158 506 1200 546 in
1221 507 1435 553 Remmon,
1457 507 1633 547 Amtliar
1651 514 1692 549 et
1712 508 1812 549 Noa.
1863 510 1894 533 ¹⁴
1912 509 1968 550 Et
1987 509 2131 550 circuit
2150 510 2203 550 ad

286 568 529 622 Aquilonem
547 567 792 607 Hanathon:
816 571 993 618 suntque
1012 578 1192 619 egressus
1212 565 1295 606 eius
1310 565 1434 606 Vallis
1456 565 1682 619 Iephtahel,
1718 568 1749 591 ¹5
1768 573 1809 607 et
1827 566 1976 608 Cateth
1995 574 2037 609 et
2058 568 2204 610 Naalol

287 633 327 667 et
352 628 544 667 Semeron
570 633 608 666 et
643 625 764 665 lerala
797 630 837 665 et
868 624 1122 665 Bethlehem:
1158 623 1346 665 civitates
1373 624 1600 670 duodecim,
1634 630 1675 666 et
1700 624 1805 666 villze
1830 639 1982 667 earum.
2043 629 2076 651 ¹⁶
2103 627 2202 669 Haec

286 692 347 726 est
372 685 575 726 hereditas
602 685 732 725 tribus
761 684 935 724 filiorum
962 683 1144 724 Zabulon
1168 696 1240 736 per
1263 683 1526 735 cognationes
1552 696 1657 733 suas,
1687 684 1806 725 urbes
1832 690 1873 726 et
1897 685 2021 726 viculi
2046 699 2198 728 earum.

113 745 243 805 Ιῗζξέιῗξρ
394 747 424 768 ¹⁷
448 744 628 784 issachar
643 755 798 796 egressa
816 749 877 783 est
892 755 975 783 sors
993 748 1141 795 quarta
1155 755 1226 794 per
1240 742 1503 794 cognationes
1519 755 1623 783 suas.
1669 744 1703 767 ¹⁸
1718 743 1879 796 fuitque
1895 743 1978 784 eius
1994 744 2199 786 hereditas

126 800 143 803 ‚,
210 797 214 804 ¹
244 800 249 809 '
288 803 437 844 [ezrael
461 810 501 844 et
523 802 717 843 Casaloth
740 807 780 842 et
803 802 953 842 Sunem
1005 802 1038 825 ¹⁹
1062 806 1103 842 et
1126 801 1381 854 Hapharaim
1405 807 1445 842 et
1469 802 1585 851 Seon,
1611 806 1652 843 et
1674 802 1917 844 Ana-harath
1967 805 2003 827 “²⁰
2025 809 2065 845 et
2090 803 2201 844 Rab-

287 862 386 903 both
417 868 457 903 et
487 861 640 907 Cesion,
673 862 792 907 Abes,
851 863 881 884 ²¹
913 865 954 901 et
985 860 1175 905 Raineth,
1208 865 1249 901 et
1278 859 1523 913 Engannim,
1556 865 1597 901 et
1626 860 1832 902 Enhadda
1860 867 1902 903 et
1931 862 2198 915 Bethpheses.

285 924 317 945 22
346 921 401 962 Et
429 921 617 974 pervenit
644 920 842 961 terminus
871 919 955 960 eius
984 932 1112 973 usque
1142 919 1305 960 Thabor
1334 926 1374 960 et
1402 919 1609 960 Sehesima
1638 924 1679 960 et
1708 920 1968 962 Bethsames:
1999 926 2202 975 eruntque

286 980 419 1021 exitus
437 980 521 1021 eius
542 979 744 1020 Iordanis:
764 978 953 1020 civitates
972 978 1158 1027 sedecim,
1180 983 1220 1019 et
1238 977 1344 1019 villae
1361 991 1512 1020 earum.
1559 980 1592 1003 2³
1611 978 1708 1019 Haec
1726 984 1788 1020 est
1804 979 2002 1032 possessio
2024 979 2200 1022 filiorum

288 1039 472 1079 issachar
500 1052 571 1092 per
600 1038 861 1089 cognationes
891 1051 996 1083 suas,
1028 1038 1159 1083 urbes,
1192 1043 1233 1078 et
1262 1037 1383 1078 viculi
1413 1051 1563 1079 earum.

119 1097 242 1159 ”¹5³2ngss
390 1100 421 1122 ²⁴
444 1097 679 1151 Ceciditque
702 1110 785 1138 sors
808 1096 955 1150 quinta
975 1097 1099 1137 tribui
1125 1096 1301 1137 filiorum
1322 1097 1422 1138 Aser
1443 1109 1514 1150 per
1535 1097 1798 1151 cognationes
1820 1111 1932 1138 suas:
1982 1100 2014 1123 '²⁵
2035 1098 2198 1152 fuitque

142 1154 145 1157 ’
211 1153 217 1163 ’
284 1157 481 1198 terminus
511 1169 649 1197 eorum
681 1155 860 1197 Halcath
889 1161 929 1197 et
957 1154 1070 1196 (Thali
1100 1161 1140 1196 et
1169 1155 1299 1197 Beten
1328 1161 1369 1196 et
1396 1156 1544 1210 Axaph
1600 1158 1635 1180 ²⁶
1663 1162 1703 1197 et
1732 1156 1939 1199 Elmelech
1968 1162 2008 1198 et
2036 1157 2202 1198 Amaad

284 1221 325 1257 et
355 1216 518 1257 Messal:
552 1223 592 1257 et
621 1215 809 1269 pervenit
840 1228 967 1269 usque
999 1215 1051 1255 ad
1081 1214 1311 1255 Carmelum
1342 1216 1464 1255 maris
1495 1221 1536 1256 et
1566 1214 1683 1257 Sihor
1714 1222 1754 1256 et
1784 1215 2015 1258 Labanath.
2076 1217 2110 1241 2⁷
2144 1216 2204 1258 Ac

283 1275 503 1316 revertit-ur
537 1281 680 1316 contra
714 1273 912 1315 orientem
949 1274 1212 1328 Bethdagon:
1250 1280 1290 1315 et
1324 1275 1547 1326 pertransit
1582 1288 1710 1328 usque
1746 1275 1929 1316 Zabulon
1965 1281 2006 1316 et
2040 1275 2199 1316 Vallem

286 1334 500 1387 Iephthael
521 1341 661 1375 contra
684 1333 928 1387 Aquilonem
950 1333 991 1373 in
1013 1333 1233 1374 Bethemec
1255 1338 1296 1374 et
1317 1333 1469 1375 Nehiel.
1494 1333 1795 1387 Egrediturque
1817 1334 1870 1375 ad
1888 1334 2035 1375 laevam
2057 1334 2200 1384 Cabul,

284 1395 319 1418 2³
342 1399 382 1434 et
405 1393 546 1433 Abran
570 1399 610 1434 et
635 1393 781 1434 Rohob
806 1398 847 1433 et
872 1393 1036 1433 Hamon
1060 1397 1101 1433 et
1124 1393 1245 1439 Cana,
1272 1406 1401 1446 usque
1425 1393 1477 1433 ad
1500 1392 1692 1434 Sidonem
1716 1406 1921 1446 magnam.
1973 1395 2009 1418 2⁹
2031 1393 2203 1435 reverti-

285 1458 432 1506 turque
454 1452 495 1492 in
519 1452 675 1492 Horma
697 1464 825 1505 usque
848 1451 901 1492 ad
922 1450 1135 1492 civitatem
1157 1451 1477 1492 immitissimam
1501 1452 1666 1505 Tyrum,
1692 1457 1733 1493 et
1754 1465 1883 1506 usque
1906 1453 2038 1494 Hosa:
2063 1457 2201 1493 erunt—

285 1524 362 1565 que
391 1512 524 1552 exitus
553 1511 637 1551 eius
666 1510 707 1551 in
742 1523 853 1551 mare
883 1510 932 1551 de
959 1509 1140 1551 funiculo
1169 1510 1370 1551 Achziba:
1418 1512 1454 1535 3⁰
1482 1517 1522 1551 et
1548 1511 1700 1551 Amma
1728 1516 1768 1552 et
1796 1511 1936 1564 Aphec
1966 1517 2007 1553 et
2036 1511 2197 1553 Rohob.

280 1570 469 1612 civitates
496 1569 746 1623 vigintiduee,
786 1574 827 1611 et
852 1568 958 1610 vfflae
984 1582 1134 1611 earum.
1190 1572 1222 1594 3¹
1249 1569 1348 1610 Haec
1379 1575 1440 1611 est
1470 1569 1667 1623 possessio
1700 1569 1875 1611 filiorum
1901 1571 2002 1611 Aser
2038 1583 2109 1624 per
2139 1584 2204 1612 co-

282 1629 495 1676 gnationes
526 1643 630 1672 suas,
663 1629 864 1682 urbesque
895 1634 935 1670 et
964 1628 1087 1669 viculi
1117 1642 1268 1670 earum.
2188 1676 2192 1678 ,

96 1689 251 1755 Ὶξὲῧζῖζξῗί
389 1691 421 1713 ²³2
440 1688 634 1729 Filiorum
656 1687 879 1741 Nephthali
899 1693 1016 1729 sexta
1035 1701 1118 1729 sors
1138 1688 1284 1729 cecidit
1303 1701 1374 1741 per
1391 1687 1566 1729 familias
1586 1701 1698 1729 suas:
1744 1691 1777 1713 33
1797 1694 1837 1729 et
1856 1689 1982 1742 coepit
2000 1688 2201 1730 terminus

96 1744 105 1749 ’
216 1743 221 1749 ,
256 1745 261 1755 ’
285 1748 333 1789 de
354 1747 513 1801 Heleph
532 1754 573 1788 et
592 1748 696 1788 Eion
714 1747 756 1788 in
775 1747 1008 1793 Saananim,
1031 1752 1072 1788 et
1090 1747 1250 1794 Adami,
1274 1760 1364 1801 quae
1383 1753 1444 1788 est
1464 1747 1611 1797 Neceb,
1633 1752 1674 1788 et
1695 1747 1860 1788 Iebnael
1878 1761 2007 1802 usque
2025 1748 2198 1789 Lecum:

285 1812 327 1848 et
338 1820 518 1860 egressus
532 1820 670 1848 eorum
687 1820 814 1860 usque
827 1806 880 1846 ad
893 1806 1128 1847 iordanem:
1154 1809 1186 1831 3⁴
1197 1807 1500 1861 revertiturque
1511 1807 1709 1847 terminus
1723 1812 1867 1848 contra
1878 1807 2144 1848 Occidentem
2158 1806 2201 1848 in

286 1866 612 1915 Azanotthabor,
631 1871 755 1919 atque
774 1866 868 1906 inde
889 1866 1094 1919 egreditur
1113 1865 1154 1906 in
1169 1866 1351 1913 Hucuca,
1369 1872 1410 1907 et
1426 1866 1650 1919 pertransit
1667 1866 1708 1906 in
1727 1866 1911 1908 Zabulon
1930 1871 2074 1908 contra
2086 1865 2203 1908 Meri-

287 1925 406 1970 diem,
434 1930 475 1966 et
504 1925 544 1965 in
568 1925 669 1965 Aser
697 1929 842 1965 contra
866 1924 1143 1973 Occidentem,
1176 1930 1215 1966 et
1245 1924 1286 1965 in
1312 1925 1417 1966 Iuda
1441 1926 1493 1966 ad
1523 1925 1740 1966 Iordanem
1765 1930 1910 1967 contra
1933 1931 2070 1966 ortum
2095 1924 2202 1967 solis.

287 1987 318 2009 ³5
345 1984 533 2025 civitates
560 1983 856 2027 munitissimae,
885 1983 1085 2033 Assedim,
1115 1984 1196 2030 Ser,
1225 1990 1267 2025 et
1292 1984 1458 2031 Emath,
1492 1990 1532 2026 et
1559 1984 1742 2026 Reccath
1772 1990 1813 2025 et
1839 1984 2048 2031 Cenereth,
2101 1986 2138 2009 ³⁶
2163 1988 2205 2026 et

287 2044 445 2084 Edema
463 2049 503 2084 et
519 2044 682 2087 Arama.
699 2044 803 2084 Asor
840 2044 875 2067 3⁷
891 2048 931 2083 et
947 2043 1071 2084 Cedes
1092 2048 1132 2083 et
1147 2043 1284 2092 Edrai,
1300 2043 1488 2085 Enhasor
1524 2045 1559 2068 38
1574 2050 1614 2085 et
1630 2044 1748 2085 ieron
1764 2049 1804 2085 et
1818 2043 2033 2098 Magdalel,
2050 2043 2203 2085 Horem

287 2109 328 2144 et
353 2102 592 2144 Bethanath
624 2109 664 2143 et
689 2102 949 2143 Bethsames:
982 2102 1171 2143 civitates
1203 2103 1343 2143 decem
1375 2108 1415 2143 et
1445 2116 1607 2151 novem,
1634 2108 1675 2144 et
1706 2102 1812 2144 villae
1836 2116 1988 2144 earum.
2043 2105 2078 2128 3⁹
2103 2103 2203 2143 Haec

287 2168 347 2203 est
369 2162 567 2215 possessio
591 2161 721 2202 tribus
746 2161 922 2201 filiorum
945 2161 1169 2215 Nephthah'
1190 2174 1262 2215 per
1283 2161 1546 2215 cognationes
1568 2175 1672 2211 suas,
1699 2162 1817 2203 urbes
1840 2167 1881 2203 et
1898 2161 2023 2203 viculi
2044 2175 2199 2203 earum.

120 2218 242 2279 fflffisfflu
389 2223 426 2245 ¹⁰
453 2221 591 2262 Tribui
622 2220 797 2261 filiorum
823 2221 917 2261 Dan
943 2233 1015 2274 per
1040 2220 1215 2261 familias
1243 2234 1335 2261 suas
1364 2234 1522 2275 egressa
1548 2226 1609 2262 est
1635 2234 1719 2262 sors
1746 2221 1940 2275 septima:
1995 2223 2027 2246 4¹
2055 2227 2096 2262 et
2121 2221 2203 2262 fuit

212 2275 217 2282 ’
285 2280 482 2321 terminus
502 2279 764 2334 possessionis
783 2279 866 2320 eius
885 2280 1012 2320 Saraa
1030 2285 1070 2320 et
1088 2279 1272 2329 Esthaol,
1293 2285 1334 2321 et
1353 2280 1570 2325 Hirsemes,
1592 2281 1633 2322 id
1651 2286 1711 2321 est
1729 2281 1875 2322 civitas
1893 2280 1999 2322 solis
2046 2282 2079 2306 42
2096 2280 2203 2322 Sele-

287 2339 355 2380 bin
385 2346 426 2381 et
454 2339 601 2380 Aialon
631 2344 671 2379 et
702 2338 869 2383 Iethela,
927 2341 960 2363 43
989 2338 1094 2381 Elon
1124 2345 1165 2380 et
1195 2339 1379 2380 Theinna
1408 2345 1448 2380 et
1476 2340 1623 2387 Acron,
1681 2343 1714 2365 44
1744 2339 1924 2389 Elthece,
1957 2339 2203 2381 Gebbethon

286 2404 325 2439 et
346 2397 533 2443 Balaath,
581 2400 613 2423 ¹5
631 2403 672 2439 et
691 2397 768 2438 Iud
787 2404 827 2439 et
846 2398 958 2439 Bane
977 2403 1017 2438 et
1037 2398 1196 2439 Barach
1215 2405 1256 2440 et
1273 2398 1587 2440 Gethreminon:
1633 2400 1669 2423 ⁴⁶
1687 2404 1728 2440 et
1745 2399 1951 2441 Meiarcon
1969 2404 2010 2440 et
2027 2399 2201 2448 Arecon,

285 2471 377 2499 cum
410 2457 584 2498 termino
621 2456 689 2510 qui
721 2457 886 2510 respicit
921 2457 1088 2510 Ioppen.
1150 2459 1184 2481 ⁴7
1219 2462 1260 2498 et
1292 2457 1379 2511 ipso
1416 2457 1495 2498 fine
1529 2458 1798 2500 concluditur.
1833 2457 2203 2512 ascenderuntque

289 2516 358 2556 filii
388 2517 493 2565 Dan,
527 2522 567 2557 et
596 2520 885 2570 pugnaverunt
915 2522 1058 2557 contra
1087 2517 1241 2565 Lesem,
1275 2522 1552 2571 ceperuntque
1582 2530 1690 2558 eam:
1723 2523 1763 2558 et
1793 2522 2082 2571 percusserunt
2111 2530 2201 2558 eam

286 2576 327 2616 in
355 2589 421 2617 ore
448 2575 584 2630 gladii,
615 2582 655 2617 et
683 2576 962 2628 possederunt,
994 2581 1034 2616 et
1061 2575 1357 2617 habitaverunt
1384 2576 1425 2617 in
1454 2589 1511 2620 ea.
1543 2582 1737 2618 vocantes
1766 2589 1916 2618 nomen
1944 2576 2027 2617 eius
2057 2576 2201 2617 Lesem

286 2635 390 2676 Dan.
424 2648 473 2675 ex
503 2634 665 2676 nomine
694 2635 788 2675 Dan
818 2634 945 2687 patris
976 2634 1048 2676 sui.
1108 2636 1143 2659 ⁴⁸
1175 2635 1271 2676 Haec
1302 2640 1363 2675 est
1392 2636 1590 2689 possessio
1621 2635 1752 2676 tribus
1786 2635 1961 2676 filiorum
1990 2635 2097 2683 Dan,
2131 2647 2204 2688 per

286 2694 547 2747 cognationes
578 2707 682 2740 suas,
714 2694 833 2734 urbes
864 2702 904 2735 et
934 2694 1055 2735 viculi
1086 2707 1236 2735 earum.

115 2753 251 2812 ἧῗῖῗιῗῗῗο
392 2755 427 2778 ⁴9
448 2753 631 2806 Cumque
653 2752 895 2806 complesset
916 2760 1023 2794 sorte
1046 2753 1225 2794 dividere
1248 2754 1413 2794 Terram
1435 2754 1600 2802 singulis
1623 2767 1694 2807 per
1714 2753 1844 2795 tribus
1866 2766 1972 2798 suas,
1998 2753 2203 2795 dederunt

224 2807 229 2813 ’
291 2812 360 2852 filii
384 2812 506 2852 Israel
529 2812 822 2865 possessionem
847 2812 964 2853 Iosue
989 2812 1068 2853 filio
1093 2813 1188 2853 Nun
1209 2812 1250 2854 in
1271 2813 1404 2854 medio
1427 2813 1499 2862 sui,
1550 2815 1587 2837 ⁵0
1606 2813 1725 2854 iuxta
1746 2816 1996 2866 praeceptum
2017 2811 2200 2860 Domini,

291 2871 430 2911 urbem
462 2884 584 2925 quam
612 2871 852 2925 postulavit,
884 2871 1119 2912 Thamnath
1148 2872 1273 2913 Saraa
1301 2871 1341 2912 in
1369 2877 1508 2913 monte
1538 2872 1754 2925 Ephraim:
1785 2877 1826 2913 et
1853 2870 2077 2912 aedifieavit
2105 2870 2203 2911 civi-

290 2934 431 2973 tatem,
464 2930 752 2983 habitavitque
781 2930 822 2970 in
852 2944 909 2972 ea.

108 2986 261 3011 (‘³¹¹¹'¹¹¹⁵¹0·
397 2991 426 3012 ⁵¹
465 2989 539 3029 Hae
573 2996 667 3030 sunt
704 2989 986 3042 possessiones,
1025 3003 1125 3044 quas
1161 2995 1268 3032 sorte
1303 2990 1531 3031 diviserunt
1566 2990 1735 3031 Eleazar
1769 2989 1968 3034 sacerdos,
2006 2994 2047 3030 ct
2083 2989 2202 3030 Iosue

294 3047 396 3087 filins
434 3048 538 3093 Nun,
575 3054 616 3088 ct
648 3048 848 3101 principes
882 3048 1142 3097 familiarum,
1180 3063 1225 3090 ac
1258 3049 1441 3090 tribuum
1478 3049 1651 3091 filiorum
1689 3048 1812 3089 israel
1844 3048 1885 3089 in
1918 3047 2013 3097 Silo,
2065 3060 2201 3089 coram

291 3107 466 3147 Domino
500 3107 552 3147 ad
583 3107 730 3147 ostium
765 3108 1017 3148 tabernaculi
1050 3108 1286 3157 testimonii,
1321 3108 1544 3162 partitique
1576 3113 1672 3149 sunt
1705 3108 1882 3148 Terram.

697 3212 735 3250 7.
767 3210 1006 3264 Separatio
1037 3213 1217 3256 urbium
1249 3213 1566 3264 fugitivorum,
1595 3213 1660 3262 20,
1679 3212 1799 3252 1—9.

131 3272 242 3295 ¹¹¹³³¹¹¹¹¹
395 3275 459 3319 20.
516 3279 529 3300 ¹
557 3276 612 3316 Et
638 3275 797 3316 locutus
826 3283 887 3317 est
913 3277 1114 3318 Dominus
1144 3278 1196 3319 ad
1225 3278 1353 3323 Iosue,
1384 3277 1539 3319 dicens:
1569 3277 1752 3330 Loquere
1782 3276 1872 3317 filiis
1903 3275 2038 3325 Israel,
2070 3280 2111 3318 et
2139 3275 2202 3316 dic

130 3308 242 3331 [numni

292 3335 365 3376 eis:
424 3336 438 3358 ‘-'
468 3335 662 3388 Separate
693 3335 812 3375 urbes
842 3335 1122 3388 fugitivorum,
1160 3337 1229 3378 ade
1260 3337 1406 3391 quibus
1436 3336 1596 3377 locutus
1627 3349 1715 3376 sum
1747 3336 1800 3376 ad
1829 3348 1900 3377 vos
1930 3348 2002 3389 per
2031 3348 2199 3376 manum

425 3474 477 3514 ευ,
500 3474 519 3506 2
540 3474 626 3507 aNm
650 3473 782 3514 3),10;
809 3473 858 3506 Dt
879 3473 931 3513 19,
954 3474 983 3507 2.
