2356 3760
159 113 212 152 50,
240 113 360 152 2-50,
386 112 425 146 31
936 113 1278 149 ECCLESIASTICI
1970 128 2044 168 657

180 208 194 230 2
213 205 369 259 Templi
391 205 515 246 etiam
537 204 713 246 altitudo
736 203 787 244 ab
810 203 896 257 ipso
919 204 1094 247 fundata
1115 212 1186 252 est,
1244 209 1393 261 duplex
1415 210 1626 252 aedificatio
1650 218 1689 252 et
1712 216 1852 257 excelsi
1875 219 2044 270 parietes

419 263 572 317 templi.

179 325 194 347 ³
214 322 260 363 In
286 322 427 364 diebus
456 322 581 375 ipsius
611 325 906 361 emanaverunt
935 323 1048 375 putei
1078 336 1287 376 aquarum,
1366 331 1406 366 et
1437 327 1550 380 quasi
1578 341 1687 369 mare
1718 331 1924 384 adimpleti
1953 342 2046 375 sunt

419 392 541 433 supra
568 379 749 420 modum.

179 442 194 464 4
212 440 290 489 Qui
318 438 477 480 curavit
503 442 666 491 gentem
694 450 822 485 suam,
906 443 947 478 et
974 438 1161 480 liberavit
1191 454 1278 481 eam
1308 455 1331 481 a
1357 443 1592 494 perditione.

179 501 193 522 ⁵
212 498 289 547 Qui
314 496 530 550 praevaluit
554 494 800 549 amplificare
826 496 1048 543 civitatem,
1124 499 1191 551 qui
1217 500 1388 552 adeptus
1411 506 1471 541 est
1494 502 1661 554 gloriam
1686 504 1726 544 in
1746 507 2049 548 conversatione

418 555 567 608 gentis:
650 559 692 594 et
719 554 943 608 ingressum
973 556 1128 601 domus,
1161 563 1202 597 et
1231 558 1323 597 atrii
1352 559 1626 611 amplificavit.

179 618 193 638 ὃ
211 614 335 663 Quasi
355 614 472 654 stella
490 612 698 654 matutina
717 612 757 653 in
778 613 910 655 medio
932 614 1100 658 nebulae.
1173 620 1213 656 et
1229 616 1343 668 quasi
1362 616 1460 657 luna
1478 618 1597 670 plena
1616 619 1656 659 in
1673 620 1812 662 diebus
1830 622 1909 663 suis
1930 623 2047 665 lucet.

179 674 191 695 ⁷
210 673 265 713 Et
293 672 408 726 quasi
434 671 501 713 Sol
526 671 738 725 refulgens,
768 672 822 712 sic
848 672 912 712 ille
939 672 1089 714 effulsit
1115 673 1155 714 in
1183 674 1334 727 templo
1361 675 1447 716 Dei.
1528 678 1542 699 ⁸
1565 677 1688 725 Quasi
1714 692 1827 720 arcus
1853 681 2050 733 refulgens

417 730 523 771 inter
550 729 719 771 nebulas
748 730 894 784 gloriae,
1962 733 1969 735 ’

210 794 250 830 et
270 789 385 844 quasi
402 789 475 830 flos
499 801 683 830 rosarum
707 789 748 829 in
769 789 910 830 diebus
931 790 1076 839 vernis,
1151 796 1191 832 et
1211 792 1325 845 quasi
1342 791 1425 833 lilia
1446 806 1534 846 quae
1553 798 1649 834 sunt
1668 794 1708 834 in
1730 796 1903 837 transitu
1924 811 2049 850 aquae,

209 853 251 889 et
269 847 385 902 quasi
407 848 502 888 thus
524 847 707 889 redolens
729 848 770 888 in
789 848 930 889 diebus
954 850 1118 891 aestatis.
1199 852 1213 874 ⁹
1237 850 1360 899 Quasi
1386 850 1487 904 ignis
1510 852 1714 906 effulgens,
1738 859 1778 894 et
1797 854 1891 895 thus
1911 855 2051 896 ardens

417 919 459 947 ln
488 919 589 960 igne.

158 967 194 990 1⁰
210 965 335 1015 Quasi
364 978 436 1006 vas
467 965 553 1005 auri
582 965 767 1014 solidum,
853 972 1043 1007 ornatum
1073 967 1182 1008 omni
1210 967 1344 1021 lapide
1372 968 1559 1021 pretioso.

158 1027 187 1048 ¹¹
211 1024 335 1073 Quasi
363 1024 471 1065 oliva
497 1023 712 1077 pullulans,
795 1029 836 1066 et
864 1038 1073 1079 cypressus
1100 1025 1142 1066 in
1170 1026 1429 1067 altitudinem
1457 1040 1497 1067 se
1525 1027 1731 1073 extollens,

209 1083 250 1124 in
273 1082 507 1137 accipiendo
530 1083 664 1137 ipsum
684 1082 831 1124 stolam
855 1083 1000 1137 gloriae,
1075 1090 1116 1125 et
1134 1085 1271 1126 vestiri
1290 1098 1381 1125 eum
1404 1085 1445 1126 in
1465 1087 1855 1128 consummationem
1876 1088 2050 1130 virtutis.

159 1144 189 1166 ¹2
211 1142 259 1183 In
287 1154 455 1183 ascensu
484 1142 622 1182 altaris
651 1142 792 1190 sancti,
875 1142 1043 1196 gloriam
1072 1143 1183 1184 dedit
1212 1144 1442 1184 sanctitatis
1472 1144 1678 1186 amictum.

159 1203 190 1225 ¹³
212 1201 259 1241 In
287 1201 521 1254 accipiendo
550 1205 688 1241 autem
716 1207 852 1254 partes
881 1202 929 1242 de
956 1215 1081 1243 manu
1109 1203 1379 1250 sacerdotum,
1467 1207 1508 1243 et
1534 1203 1617 1256 ipse
1645 1210 1756 1244 stans
1784 1205 1900 1246 iuxta
1927 1218 2050 1247 aram.

210 1259 266 1301 Et
288 1259 393 1300 circa
412 1259 525 1300 illum
548 1272 697 1300 corona
719 1260 912 1301 fratrum:
986 1261 1100 1314 quasi
1127 1260 1330 1314 plantatio
1353 1260 1460 1301 cedri
1484 1261 1524 1301 in
1548 1266 1686 1302 monte
1710 1262 1876 1306 Libano.

159 1320 189 1343 ¹⁴
211 1318 267 1359 sic
299 1318 405 1359 circa
436 1318 549 1358 illum
580 1323 784 1359 steterunt
817 1319 931 1371 quasi
962 1319 1062 1359 rami
1094 1319 1251 1372 palmae,
1347 1322 1388 1359 et
1421 1332 1559 1360 ornnes
1590 1320 1660 1360 filii
1691 1321 1826 1362 Aaron
1858 1322 1897 1362 in
1929 1322 2054 1375 gloria

419 1390 502 1417 sua.

158 1438 188 1459 ¹5
207 1435 371 1477 Oblatio
401 1441 539 1476 autem
568 1435 735 1475 Domini
763 1435 804 1475 in
834 1435 1021 1476 manibus
1051 1436 1242 1489 ipsorum,
1327 1448 1462 1477 coram
1492 1436 1601 1477 omni
1630 1450 1836 1491 synagoga
1866 1438 2005 1479 Israel:

208 1499 250 1535 et
279 1493 629 1535 consummatione
659 1494 830 1547 fungens
861 1493 901 1533 in
932 1506 1012 1537 ara.
1098 1494 1343 1547 amplificare
1374 1494 1621 1535 oblationem
1651 1496 1794 1537 excelsi
1824 1497 1924 1550 regis

158 1554 191 1576 ¹⁶
210 1553 392 1605 porrexit
421 1565 590 1592 manum
622 1565 738 1592 suam
769 1552 809 1593 in
840 1552 1046 1601 libatione,
1132 1559 1173 1593 et
1203 1553 1348 1593 libavit
1380 1554 1428 1594 de
1459 1554 1652 1607 sanguine
1683 1568 1783 1596 uvae.

157 1613 189 1635 ¹⁷
211 1611 371 1652 Effudit
400 1610 440 1651 in
470 1611 739 1652 fundamento
770 1611 907 1652 altaris
990 1612 1154 1653 odorem
1184 1611 1369 1652 divinum
1398 1612 1553 1653 excelso
1582 1613 1764 1667 principi.

156 1671 190 1694 ¹8
211 1670 324 1711 Tunc
357 1669 692 1711 exclamaverunt
723 1669 792 1710 filii
824 1670 973 1718 Aaron,
1060 1671 1100 1710 in
1133 1670 1242 1711 tubis
1274 1671 1569 1724 productilibus
1602 1677 1835 1717 sonuerunt,

208 1733 249 1770 et
277 1728 461 1770 auditam
490 1729 674 1769 fecerunt
702 1742 843 1769 vocem
872 1742 1063 1782 magnam
1144 1729 1184 1769 in
1213 1729 1449 1770 memoriam
1479 1742 1614 1771 coram
1641 1730 1739 1772 Deo.

157 1790 191 1812 ¹⁹
212 1788 324 1828 Tunc
364 1787 494 1829 omnis
533 1787 707 1841 populus
747 1787 867 1828 simul
904 1793 1238 1841 properaverunt,
1323 1793 1363 1828 et
1402 1787 1633 1829 ceciderunt
1671 1788 1711 1829 in
1752 1789 1895 1830 faciem
1935 1801 2054 1842 super

417 1851 580 1895 terram,

208 1906 375 1946 adorare
406 1905 631 1946 Dominum
662 1905 796 1945 Deum
829 1918 959 1951 suum,
1046 1910 1086 1946 et
1118 1906 1213 1946 dare
1244 1918 1380 1959 preces
1413 1905 1683 1959 omnipotenti
1713 1906 1799 1947 Deo
1832 1906 1998 1947 excelso.

155 1966 191 1988 ²⁰
210 1964 267 2005 Et
293 1963 649 2017 amplificaverunt
675 1963 893 2016 psallentes
921 1964 961 2004 in
990 1964 1157 2005 vocibus
1185 1964 1277 2012 suis,
1362 1968 1403 2004 et
1428 1963 1470 2004 in
1496 1977 1645 2017 magna
1672 1965 1791 2005 domo
1822 1970 1964 2005 auctus
1993 1968 2053 2005 est

416 2035 538 2063 sonus
568 2022 784 2063 suavitatis
814 2022 967 2076 plenus.

155 2083 185 2105 '2¹
207 2081 263 2122 Et
296 2081 457 2134 rogavit
489 2080 665 2134 populus
700 2081 923 2121 Dominum
959 2081 1161 2122 excelsum
1195 2081 1236 2121 in
1270 2094 1397 2134 prece,
1496 2082 1723 2134 usquedum
1758 2082 1959 2135 perfectus
1993 2086 2054 2122 est

415 2140 545 2181 honor
573 2139 750 2183 Domini,
835 2144 876 2180 et
904 2153 1052 2180 munus
1081 2153 1200 2180 suum
1230 2140 1495 2193 perfecerunt.

155 2201 187 2223 22
208 2199 321 2240 Tunc
342 2198 600 2245 descendens,
624 2211 769 2239 manus
790 2212 882 2239 suas
903 2199 1052 2239 extulit
1122 2199 1162 2238 in
1183 2211 1345 2239 omnem
1366 2198 1718 2251 congregationem
1738 2198 1910 2239 filiorum
1933 2197 2053 2239 Israel

207 2258 303 2299 dare
332 2257 501 2311 gloriam
530 2258 618 2298 Deo
649 2270 673 2298 a
701 2257 817 2298 labiis
848 2257 940 2305 suis,
1026 2262 1067 2298 et
1095 2257 1136 2297 in
1167 2257 1329 2297 nomine
1358 2256 1482 2310 ipsius
1512 2256 1689 2310 gloriari:

155 2319 188 2342 2³
208 2322 249 2358 et
279 2316 446 2358 iteravit
477 2315 703 2357 orationem
735 2329 863 2361 suam,
950 2315 1089 2357 volens
1121 2315 1332 2357 ostendere
1364 2315 1560 2355 virtutem
1591 2315 1678 2356 Dei.

670 2441 1009 2508 Epilogus,
1048 2440 1150 2506 50,
1178 2440 1422 2505 24—51,
1450 2440 1550 2493 38.

733 2539 773 2579 1.
804 2538 1050 2580 Conclusio
1080 2539 1195 2589 libri,
1224 2538 1289 2588 50,
1309 2538 1479 2578 24—31.

156 2612 188 2634 ²⁴
208 2610 264 2651 Et
291 2623 399 2651 nunc
428 2615 541 2652 orate
568 2610 703 2651 Deum
732 2610 926 2654 omnium,
1011 2610 1080 2663 qui
1107 2622 1257 2663 magna
1284 2609 1380 2650 fecit
1408 2609 1448 2650 in
1477 2609 1586 2650 omni
1615 2613 1731 2657 terra,
2068 2610 2255 2676 ngtgssflarfflss

210 2669 278 2723 qui
306 2669 423 2710 auxit
451 2669 535 2710 dies
565 2674 725 2710 nostros
754 2682 779 2709 a
806 2674 949 2710 ventre
978 2668 1119 2709 matris
1147 2674 1307 2716 nostrae,
1393 2673 1435 2709 et
1462 2668 1558 2708 fecit
1589 2667 1798 2708 nobiscum
1830 2668 2051 2708 secundum
2211 2665 2217 2675 ’

417 2740 534 2769 suam
563 2727 898 2769 inisericordiam:

156 2788 188 2811 2⁵
209 2787 279 2827 det
301 2786 417 2827 nobis
441 2786 741 2828 iucunditatem
765 2787 906 2835 cordis,
985 2791 1027 2827 et
1050 2786 1133 2827 fieri
1157 2799 1297 2839 pacem
1321 2785 1362 2826 in
1386 2785 1526 2826 diebus
1550 2784 1696 2825 nostris
1772 2784 1812 2824 in
1838 2783 1959 2824 Israel
1982 2796 2053 2837 per

417 2845 501 2886 dies
530 2845 816 2899 sempiternos:

156 2905 191 2928 '2⁶
209 2904 368 2945 eredere
394 2904 518 2945 Israel
541 2905 753 2946 nobiscum
778 2917 862 2945 esse
886 2904 962 2945 Dei
986 2903 1313 2951 misericordiam,
1397 2907 1443 2943 ut
1465 2902 1607 2942 liberet
1632 2913 1702 2942 nos
1728 2900 1767 2941 in
1792 2901 1933 2941 diebus
1958 2901 2049 2942 suis.

156 2964 189 2987 2⁷
207 2963 321 3003 Duas
351 2968 491 3016 gentes
523 2963 611 3004 odit
640 2963 778 3004 anima
806 2976 915 3004 mea:
1001 2962 1123 3003 tertia
1153 2968 1290 3003 autem
1322 2974 1401 3002 non
1433 2965 1494 3001 est
1522 2972 1630 3013 gens,
1664 2972 1787 3013 quam
1818 2959 1989 3000 oderim:

156 3022 191 3045 2⁸
210 3021 279 3074 qui
307 3021 450 3062 sedent
477 3021 519 3062 in
546 3027 687 3063 monte
715 3022 811 3071 Seir,
848 3027 888 3063 et
916 3021 1174 3069 Philisthiim,
1258 3026 1299 3061 et
1327 3019 1475 3060 stultus
1504 3017 1689 3072 populus,
1726 3018 1794 3071 qui
1822 3018 1984 3058 habitat
2012 3018 2051 3057 in

416 3080 613 3122 Sichimis.

156 3198 191 3221 2⁹
207 3197 449 3238 Doctrinam
477 3197 687 3250 sapientiae
714 3201 755 3237 et
783 3196 1004 3250 disciplinae
1083 3195 1243 3248 scripsit
1269 3194 1309 3234 in
1338 3193 1473 3234 codice
1501 3193 1578 3233 isto
2058 3189 2241 3249 subssfflfgims

145 3255 147 3257 ’
209 3255 320 3296 Iesus
349 3255 454 3296 filius
482 3255 622 3297 Sirach
652 3255 946 3309 lerosolymita,
1032 3254 1100 3308 qui
1128 3252 1342 3294 renovavit
1370 3251 1612 3305 sapientiam
1642 3251 1690 3292 de
1720 3251 1837 3292 corde
1865 3263 1947 3290 suo.
2060 3261 2237 3315 “gffssifnfn'

156 3315 192 3338 3⁰
210 3313 374 3362 Beatus,
407 3313 475 3367 qui
501 3314 543 3354 in
571 3314 658 3355 istis
687 3319 874 3354 versatur
902 3313 1036 3354 bonis:
1124 3312 1191 3366 qui
1219 3310 1336 3365 ponit
1363 3309 1431 3350 illa
1458 3309 1498 3350 in
1528 3310 1645 3351 corde
1674 3323 1757 3353 suo,
1788 3308 1944 3361 sapiens
1973 3305 2045 3345 erit

416 3385 585 3426 semper.

156 3432 187 3455 3¹
208 3430 250 3472 Si
275 3430 382 3471 enim
407 3431 493 3472 haec
518 3431 669 3480 fecerit,
699 3431 748 3472 ad
777 3430 914 3471 omnia
939 3430 1110 3471 valebit:
1192 3428 1287 3482 quia
1310 3428 1381 3468 lux
1406 3427 1492 3471 Dei.
1523 3426 1736 3479 vestigium
1763 3424 1843 3464 eius
1871 3426 1940 3462 est.
