2356 3760
123 143 177 183 54,
203 143 344 182 11—56‚
372 144 384 176 1
1010 143 1145 176 ISAIAE
1940 155 1983 193 71

1990 154 2013 193 01

127 239 155 261 ¹¹
176 236 430 290 Paupercula
458 240 703 289 tempestate
733 235 937 281 convulsa,
970 236 1122 289 absque
1152 236 1228 277 ulla
1261 238 1544 280 consolatione.
2053 244 2178 271 tam-ma,

178 295 280 336 Ecce
309 308 380 349 ego
409 299 587 335 sternam
615 306 686 347 per
714 293 895 334 ordinem
922 293 1075 346 lapides
1104 299 1206 341 tuos,
1289 302 1329 336 et
1356 297 1537 338 fundabo
1566 302 1605 338 te
1632 298 1671 338 in
1700 301 1907 353 sapphiris,
2027 279 2128 337 sel-¹132?
2144 281 2204 338 Jffn.

126 355 156 378 ¹2
177 358 218 394 et
252 367 403 408 ponam
439 353 636 406 iaspidem
670 352 976 405 propugnacula
1011 357 1100 393 tua:
1190 359 1230 394 et
1264 358 1402 407 portas
1438 360 1528 395 tuas
1564 356 1603 396 in
1639 356 1790 409 lapides
1826 360 2000 411 sculptos

177 418 218 453 et
247 426 386 454 omnes
416 411 608 453 terminos
638 415 730 451 tuos
760 410 800 450 in
829 409 982 463 lapides
1013 412 1305 453 desiderabiles.
2005 394 2012 409 ⁵

126 473 157 495 ¹3
182 471 421 512 aUniversos
447 470 548 511 filios
573 474 665 509 tuos
691 469 832 509 doctos
858 482 882 509 a
905 469 1099 510 Domino:
1179 475 1219 510 et
1244 470 1548 512 multitudinem
1573 474 1681 525 pacis
1707 474 1795 514 filiis
1821 475 1911 515 tuis.

127 533 157 554 ¹⁴
178 530 233 570 Et
261 530 302 570 in
330 528 489 570 iustitia
515 527 769 568 fundaberis:

177 589 321 629 recede
345 587 486 641 procul
515 600 538 627 a
567 585 780 631 calumnia,
814 585 909 640 quia
937 600 1018 628 non
1048 586 1226 627 timebis:
1310 592 1350 627 et
1379 600 1403 627 a
1430 601 1591 640 pavore,
1624 590 1718 642 quia
1746 603 1825 630 non
1876 604 2017 643 appro-

386 644 605 700 pinquabit
634 644 720 686 tibi.

128 708 157 730 ¹5
179 706 282 746 Ecce
302 705 438 746 accola
454 703 602 752 veniet,
625 703 693 756 qui
712 717 791 744 non
810 709 897 745 erat
914 717 1085 750 mecum,
1159 704 1319 744 advena
1337 704 1541 757 quondam
1560 710 1654 745 tuus
1673 706 1913 759 adiungetur
1932 707 2015 747 tibi.

128 766 161 789 ¹⁶
178 764 282 805 Ecce
312 777 383 817 ego
414 762 546 803 creavi
575 761 737 802 fabrum
819 762 1053 803 sufflantem
1082 762 1122 802 in
1152 762 1241 816 igne
1270 775 1432 815 prunas,

179 827 220 864 et
238 823 511 876 proferentem
530 834 601 861 vas
620 821 661 861 in
681 834 781 874 opus
801 834 930 869 suum,
1005 826 1045 862 et
1064 834 1134 874 ego
1155 821 1287 861 creavi
1306 821 1605 862 interfectorem
1625 822 1674 862 ad
1695 822 2017 875 disperdendum.

129 883 160 905 ¹⁷
179 882 310 923 Omne
334 893 419 929 vas,
448 880 558 933 quod
582 879 723 920 fictum
749 884 810 920 est
835 884 978 920 contra
1001 884 1053 927 te,
1081 893 1162 920 non
1187 879 1398 932 dirigetur:
1478 884 1518 919 et
1543 893 1701 920 omnem
1727 879 1906 933 linguam
1930 881 2021 920 resi-

389 943 565 979 stentem
595 938 669 979 tibi
698 938 739 979 in
768 938 927 985 iudicio,
959 937 1167 979 iudicabis.

182 999 279 1040 Haec
298 1003 359 1039 est
377 997 580 1038 hereditas
600 1009 808 1038 servorum
827 997 1004 1045 Domini,
1078 1002 1119 1037 et
1137 996 1294 1037 iustitia
1312 1009 1448 1037 eorum
1469 997 1578 1050 apud
1597 1010 1672 1042 me,
1694 996 1792 1038 dicit
1810 997 2019 1037 Dominus

527 1113 565 1152 7.
597 1112 722 1153 Bona
751 1111 1004 1164 spiritualia
1034 1112 1140 1150 novi
1169 1110 1373 1161 foederis,
1403 1111 1468 1160 55,
1486 1111 1629 1151 143.

128 1186 192 1229 55.
248 1187 260 1209 ¹
282 1185 432 1226 Omnes
452 1184 634 1225 sitientes
654 1183 789 1223 venite
810 1183 862 1223 ad
881 1195 1026 1235 aquas:
1104 1187 1164 1222 bet
1184 1182 1252 1234 qui
1271 1194 1351 1222 non
1372 1180 1530 1221 habetis
1550 1185 1773 1233 argentum,
1796 1186 2019 1233 properate.
2054 1182 2147 1227 (ΗΜ.ῑῆ
2168 1189 2200 1206 ‘³³

391 1243 523 1287 emite,
556 1247 597 1283 et
626 1241 842 1283 comedite:
2047 1218 2206 1248 ³¹⁶‘¹⁰¹¹¹¹¹“'

181 1302 328 1348 venite,
366 1302 486 1342 emite
522 1302 674 1354 absque
709 1305 887 1353 argento,
976 1304 1015 1339 et
1051 1299 1203 1351 absque
1237 1297 1319 1337 ulla
1351 1296 1670 1337 commutatione
1705 1296 1850 1341 vinum*
1879 1303 1916 1336 et
1951 1297 2023 1337 lac.

147 1364 162 1386 2
183 1362 315 1410 Quare
355 1360 586 1414 appenditis
626 1364 839 1412 argentum
878 1371 959 1398 non
997 1357 1038 1397 in
1076 1356 1262 1410 panibus
1355 1360 1396 1395 et
1432 1354 1610 1395 laborem
1650 1360 1829 1395 vestrum
1868 1368 1948 1395 non
1987 1355 2025 1394 in

392 1417 634 1460 saturitate?

181 1479 332 1519 Audite
371 1477 581 1518 audientes
618 1488 694 1523 me,
735 1479 775 1515 et
812 1473 1011 1515 comedite
1050 1474 1213 1519 bonum,
1306 1477 1346 1512 et
1383 1471 1651 1512 delectabitur
1686 1471 1726 1511 in
1764 1471 2027 1511 crassitudine

392 1535 530 1576 anima
558 1538 705 1575 vestra.

146 1598 162 1621 ³
184 1595 382 1636 Inclinate
416 1607 555 1635 aurem
588 1598 780 1640 vestram,
815 1597 856 1632 et
888 1591 1024 1631 venite
1057 1590 1109 1630 ad
1141 1603 1222 1630 me:
1310 1589 1459 1636 audite,
1495 1594 1535 1628 et
1568 1588 1680 1628 vivet
1713 1588 1848 1628 anima
1880 1592 2024 1635 vestra,

182 1660 223 1695 et
254 1654 396 1695 feriam
429 1652 641 1693 vobiscum
672 1654 840 1704 pactum
873 1649 1176 1703 sempiternum,
1270 1647 1576 1687 “misericordias
1608 1646 1744 1686 David
1776 1645 1921 1687 fideles.

147 1715 162 1738 ⁴
182 1713 287 1754 Ecce
315 1717 463 1753 testem
493 1709 653 1765 populis
683 1709 775 1749 dedi
804 1722 908 1755 eum,
993 1708 1136 1747 ducem
1166 1720 1211 1747 ac
1240 1711 1528 1759 praeceptorem
1557 1705 1767 1746 Gentibus.

147 1774 162 1797 ⁵
183 1773 287 1813 Ecce
307 1775 482 1825 gentem,
507 1782 630 1823 quam
652 1767 869 1815 nesciebas,
893 1766 1075 1808 vocabis:
1150 1771 1191 1806 et
1211 1765 1372 1811 Gentes,
1397 1777 1486 1817 quae
1505 1769 1545 1804 te
1566 1776 1645 1804 non
1667 1768 1954 1816 cognoverunt.
1978 1763 2028 1802 ad

393 1834 433 1870 te
463 1832 626 1869 current

182 1894 350 1943 propter
377 1887 601 1929 Dominum
630 1886 765 1926 Deum
794 1890 924 1931 tuum,
1009 1888 1049 1924 et
1078 1887 1265 1923 sanctum
1297 1881 1429 1926 Israel,
1463 1880 1558 1934 quia
1584 1880 1825 1933 glorificavit
1854 1884 1904 1920 te.

149 1996 164 2019 ⁶
184 1993 360 2043 Quaerite
388 1992 624 2040 Dominum,
656 1991 753 2031 dum
783 1989 953 2030 inveniri
982 1993 1136 2041 potest:
1218 1987 1406 2027 invocate
1435 1998 1538 2031 eum,
1570 1985 1665 2025 dum
1696 1996 1819 2037 prope
1849 1988 1919 2024 est.
2056 1982 2182 2040 hslssissd

150 2055 163 2076 ⁷
183 2052 451 2105 Derelinquat
480 2050 627 2104 impius
656 2050 765 2090 viam
795 2061 922 2097 suam,
1007 2051 1047 2087 et
1076 2046 1136 2086 vir
1164 2045 1325 2098 iniquus
1355 2043 1619 2097 cogitationes
1648 2055 1751 2089 suas,
2074 2024 2208 2076 {22232—23-'n

184 2116 226 2152 et
243 2114 475 2152 revertatur
495 2110 543 2150 ad
566 2108 802 2155 Dominum,
825 2112 866 2148 et
884 2105 1140 2147 miserebitur
1159 2104 1254 2153 eius,
1329 2108 1369 2143 et
1389 2103 1441 2143 ad
1460 2102 1592 2142 Deum
1612 2106 1814 2142 nostrum:
1837 2099 2027 2153 quoniam
2077 2089 2186 2113 mmm*

393 2168 547 2210 multus
577 2172 638 2208 est
667 2168 719 2208 ad
748 2165 1049 2220 ignoscendum.

150 2231 164 2253 ⁸
186 2229 277 2270 Non
300 2228 406 2269 enim
431 2226 698 2281 cogitationes
721 2238 832 2272 meae,
858 2223 1124 2277 cogitationes
1148 2226 1310 2261 vestrae:
1388 2232 1518 2272 neque
1542 2219 1617 2259 viae
1640 2222 1795 2260 vestrae.
1822 2216 1897 2257 viae
1920 2229 2028 2261 meae,

394 2286 493 2328 dicit
522 2285 733 2326 Dominus.

150 2349 165 2371 ⁹
186 2346 291 2395 Quia
317 2346 422 2386 sicut
449 2344 685 2386 exaltantur
712 2341 796 2383 caeli
824 2354 848 2381 a
873 2346 992 2385 terra,
1069 2338 1124 2379 sic
1152 2337 1343 2378 exaltatae
1371 2340 1466 2376 sunt
1494 2335 1569 2375 viae
1595 2347 1694 2374 meae
1721 2346 1744 2374 a
1771 2333 1844 2373 viis
1873 2332 2027 2380 vestris,

395 2409 436 2444 et
465 2402 731 2456 cogitationes
760 2413 861 2441 meae
889 2412 913 2439 a
941 2396 1255 2451 cogitationibus
1285 2394 1440 2435 vestris.

135 2463 242 2504 ¹⁰Et
273 2463 477 2516 quomodo
509 2460 718 2502 descendit
747 2459 886 2504 imber,
920 2462 960 2498 et
990 2456 1060 2497 nix
1090 2456 1138 2496 de
1169 2454 1276 2501 caelo,
1362 2458 1402 2493 et
1431 2451 1524 2493 illuc
1554 2451 1661 2492 ultra
1690 2463 1770 2491 non
1800 2448 2028 2492 revertitur,

396 2521 467 2561 sed
495 2519 670 2560 inebriat
698 2524 861 2565 terram,

187 2586 229 2622 et
261 2580 442 2621 infundit
476 2592 577 2625 eam,
614 2583 655 2618 et
686 2576 911 2631 germinare
945 2587 1035 2615 eam
1068 2572 1178 2615 facit.
1267 2575 1308 2611 et
1341 2570 1415 2610 dat
1447 2581 1583 2610 semen
1617 2566 1774 2615 serenti,
1811 2571 1851 2606 et
1884 2578 2029 2618 panem

396 2636 643 2679 comedenti:

136 2701 165 2722 ¹¹
187 2698 251 2740 Sic
280 2697 356 2738 erit
385 2697 557 2738 verbum
586 2708 734 2743 meum,
768 2693 878 2747 quod
906 2691 1133 2745 egredietur
1161 2689 1210 2729 de
1240 2699 1306 2729 ore
1335 2699 1442 2727 meo:
1526 2698 1605 2725 non
1634 2687 1860 2724 revertetur
1889 2682 1940 2721 ad
1969 2694 2031 2720 mc

397 2768 585 2802 vacuum,

188 2815 258 2856 sed
284 2815 408 2855 faciet
436 2825 702 2867 quaecumque
730 2810 852 2858 volui,
935 2814 976 2849 et
1003 2805 1308 2862 prosperabitur
1334 2804 1375 2844 in
1402 2803 1473 2847 his,
1505 2802 1556 2842 ad
1585 2813 1673 2854 quae
1700 2798 1789 2839 misi
1816 2798 1925 2838 illud.

137 2923 168 2945 ¹2
189 2919 294 2969 Quia
320 2919 362 2960 in
390 2918 534 2959 laetitia
562 2915 831 2970 egrediemini,
915 2918 957 2953 et
985 2913 1024 2952 in
1054 2923 1153 2965 pace
1182 2907 1453 2950 deducemini:
2039 2903 2235 2963 32333221122255'

188 2983 347 3020 montes
363 2981 405 3018 et
419 2976 537 3018 colles
553 2975 783 3016 cantabunt
798 2985 933 3014 coram
949 2971 1065 3011 vobis
1079 2969 1253 3009 laudem.
1324 2971 1365 3006 et
1380 2965 1516 3006 omnia
1528 2963 1637 3016 ligna
1650 2961 1820 3015 regionis
1835 2960 2030 3013 plaudent

398 3048 534 3076 manu.

138 3098 169 3121 ¹³
188 3096 266 3137 Pro
296 3095 478 3136 saliunca
507 3092 698 3133 ascendet
727 3091 848 3138 abieS,
933 3094 974 3129 et
1002 3101 1074 3141 pro
1105 3086 1236 3127 urtica
1264 3087 1413 3124 crescet
1442 3085 1618 3133 myrtus:

189 3160 230 3195 et
261 3154 337 3195 erit
368 3151 569 3194 Dominus
600 3150 836 3192 nominatus
868 3148 910 3188 in
942 3147 1099 3200 signum
1134 3150 1341 3187 aeternum,
1429 3139 1537 3192 quod
1570 3151 1650 3179 non
1683 3137 1898 3178 auferetur.

689 3265 728 3304 8.
759 3263 878 3304 Socii
910 3261 1018 3301 novi
1049 3258 1252 3307 foederis,
1281 3255 1346 3304 56,
1366 3254 1483 3293 iffi8.

2082 3315 2087 3333 ⁴
2096 3314 2182 3334 nnnc<

136 3341 200 3384 56.
256 3343 269 3365 ¹
301 3340 398 3381 Haec
429 3338 527 3380 dicit
556 3336 775 3378 Dominus:
861 3332 1094 3375 dCustodite
1124 3328 1327 3370 iudicium.
1361 3331 1401 3366 et
1430 3323 1551 3364 facite
1580 3321 1797 3362 iustitiam:
2043 3347 2218 3369 munuum„

191 3399 287 3453 quia
312 3398 432 3439 iuxta
459 3401 520 3438 est
549 3395 655 3437 salus
684 3407 776 3435 mea
804 3397 851 3434 ut
879 3391 1029 3435 Veniat,
1114 3393 1154 3428 et
1183 3385 1340 3427 iustitia
1367 3396 1458 3424 mea
1485 3386 1532 3422 ut
1560 3380 1770 3421 reveletur.
2060 3378 2202 3441 sss'·'1'.ffil{2}‚

271 3488 313 3523 13
337 3488 395 3522 ³10
419 3468 528 3529 6,-45.
554 3508 596 3511 -
620 3487 674 3529 55,
699 3487 716 3520 1
742 3485 815 3519 bSir
838 3485 890 3523 51,
916 3484 968 3517 33.
995 3502 1036 3506 —
1061 3481 1081 3515 3
1108 3481 1191 3513 cAct
1215 3479 1266 3516 13,
1291 3477 1343 3510 34.
1370 3497 1410 3499 ff
1435 3475 1488 3515 56,
1514 3475 1531 3507 1
1557 3472 1645 3515 dSap
1671 3471 1745 3508 1,1.
