2356 3760
265 188 365 229 1054
1060 182 1372 216 EVANGELIUM
1887 186 1939 226 11,
1964 185 2105 225 40ffl12,
2132 186 2174 219 13

260 292 373 320 soror
391 278 488 327 eius,
511 277 580 332 qui
598 283 784 318 mortuus
805 277 956 316 fuerat:
977 274 1164 319 Domine,
1187 274 1267 316 iam
1287 274 1418 323 foetet,
1441 274 1742 329 quatriduanus
1760 281 1824 317 est
1841 277 1962 320 enim.
2009 280 2046 303 ⁴¹⁰
2062 278 2174 320 Dicit

261 337 295 379 ei
322 338 451 378 Iesus:
480 337 624 378 Nonne
649 335 733 377 dixi
760 334 834 375 tibi
860 333 1053 386 quoniam
1079 333 1110 374 si
1136 333 1363 381 credideris,
1391 333 1547 375 videbis
1571 333 1742 387 gloriam
1766 334 1868 376 Dei?
1920 338 1951 361 ⁴¹
1977 336 2175 378 Tulerunt

260 410 353 450 ergo
386 396 581 450 lapidem:
619 395 728 435 Iesus
761 398 898 433 autem
932 391 1100 433 elevatis
1133 405 1293 433 sursum
1326 392 1462 441 oculis,
1496 392 1619 433 dixit:
1653 392 1777 434 Pater
1806 394 1959 447 gratias
1991 408 2067 449 ago
2098 396 2174 437 tibi

262 455 455 509 quoniam
486 453 636 495 audisti
666 465 741 492 me.
800 453 832 474 ⁴¹²
862 464 934 503 ego
965 456 1103 492 autem
1134 450 1311 492 sciebam
1342 451 1439 505 quia
1467 464 1626 505 semper
1653 464 1718 493 me
1748 452 1876 502 audis,
1909 454 1979 495 sed
2007 459 2176 507 propter

262 514 470 568 populum.
494 513 562 566 qui
582 511 832 553 circumstat,
855 509 958 550 dixi:
980 514 1027 550 ut
1046 510 1217 551 credant
1237 510 1333 564 quia
1352 515 1397 551 tu
1417 524 1482 551 me
1500 509 1658 551 misisti.
1707 512 1740 535 ‘¹³
1760 505 1858 552 Haec
1878 525 1970 554 cum
1991 512 2173 559 dixisset,

261 586 359 614 voce
383 584 531 621 magna
554 569 766 611 clamavit:
791 568 942 609 Lazare
966 568 1057 609 veni
1080 568 1201 611 foras
1253 571 1285 594 ⁴⁴
1307 569 1363 610 Et
1385 568 1528 610 statim
1550 569 1703 623 prodiit
1726 569 1795 623 qui
1817 570 1952 612 fuerat
1973 576 2172 617 mortuus,

258 631 408 684 ligatus
433 631 566 683 pedes,
593 633 635 669 et
657 641 803 668 manus
827 627 992 676 institis,
1019 633 1060 669 et
1083 627 1206 669 facies
1230 627 1335 669 illius
1360 627 1523 669 sudario
1547 633 1635 669 erat
1657 627 1796 682 ligata.
1820 628 1940 671 Dixit
1962 629 2018 672 eis
2044 630 2173 672 Iesus:

258 684 413 731 Solvite
443 702 548 732 eum,
581 692 620 728 et
651 686 770 728 sinite
801 686 923 727 abire.

60 757 230 815 ‘Ul-{tfwfsfffu
365 750 396 771 ⁴5
426 746 545 788 Multi
575 759 667 800 ergo
697 759 747 787 ex
778 745 936 790 Iudaeis,
970 745 1039 799 qui
1068 749 1268 786 venerant
1297 745 1349 787 ad
1378 745 1562 789 Mariam.
1594 751 1636 787 et
1663 746 1883 795 Martham,
1915 751 1957 789 et
1986 747 2177 789 viderant

85 828 222 851 «ww-un,
261 820 349 860 quae
364 806 459 847 fecit
477 806 600 854 Iesus,
618 805 878 846 crediderunt
892 804 933 845 in
948 818 1052 845 eum.
1097 806 1132 829 ⁴⁶
1147 804 1324 852 Quidam
1339 810 1479 846 autem
1494 818 1544 846 ex
1557 804 1654 858 ipsis
1666 805 1857 847 abierunt
1868 807 1921 848 ad
1934 806 2173 856 Pharisaeos,

258 872 297 906 et
327 865 520 907 dixerunt
550 865 605 906 eis
636 878 725 919 quae
754 863 851 905 fecit
883 863 1005 904 Iesus.

533 959 571 998 4.
603 956 857 998 Consilium
889 955 1158 1007 pontificum
1190 956 1234 996 et
1263 955 1619 1008 pharisaeorum‚
1648 957 1714 1008 11,
1735 957 1908 998 47—53.

70 1072 74 1078 Ι
91 1031 148 1076 -ἳνῐι
162 1030 210 1078 ’χίῑῑ
363 1025 396 1047 ⁴⁷
417 1022 674 1076 Collegerunt
693 1034 786 1075 ergo
805 1020 1025 1063 Pontifices
1045 1025 1086 1062 et
1104 1020 1298 1062 Pharisaei
1317 1020 1545 1070 concilium,
1568 1026 1609 1063 et
1627 1021 1839 1063 dicebant:
1860 1022 1969 1071 Quid
1987 1022 2173 1068 facimus,

61 1065 238 1090 '‘'''‘¹¹¹‘'⁸'¹¹'
258 1082 353 1135 quia
373 1081 437 1122 hic
458 1082 580 1123 homo
601 1080 734 1121 multa
753 1079 869 1133 signa
887 1079 1012 1121 facit?
1061 1081 1097 1104 ⁴⁸
1115 1080 1158 1121 Si
1178 1079 1426 1122 dimittimus
1447 1094 1540 1122 eum
1561 1080 1628 1129 sic,
1652 1094 1791 1122 omnes
1813 1082 1979 1123 credent
1998 1081 2040 1122 in
2061 1095 2173 1123 eum:

256 1146 297 1181 et
326 1140 492 1181 venient
522 1138 710 1188 Romani,
741 1143 782 1180 et
809 1138 957 1181 toHent
984 1143 1171 1180 nostrum
1199 1139 1346 1188 locum,
1377 1145 1418 1181 et
1445 1144 1621 1194 gentem.

68 1204 221 1262 ...³²“.i,{'¹.¹²¹.·⁴.
361 1202 396 1223 ⁴⁹
424 1199 559 1241 aUnus
585 1204 723 1240 autem
749 1211 798 1239 ex
821 1197 917 1252 ipsis
942 1197 1116 1252 Caiphas
1141 1198 1317 1248 nomine,
1344 1212 1436 1240 cum
1461 1204 1567 1240 esset
1590 1198 1783 1240 Pontifex
1807 1199 1903 1241 anni
1927 1199 2044 1247 illius,
2071 1199 2177 1240 dixit

68 1254 91 1263 '⁴
113 1252 126 1268 ⁸
152 1242 232 1266 ''m‘'
255 1258 328 1299 eis:
357 1259 437 1301 Vos
462 1257 626 1300 nescitis
652 1257 891 1311 quidquam,
945 1259 982 1281 ⁵⁰
1005 1270 1079 1298 nec
1104 1257 1294 1312 cogitatis
1321 1257 1417 1311 quia
1441 1257 1608 1312 expedit
1633 1258 1748 1300 vobis
1774 1263 1822 1300 ut
1846 1272 1951 1300 unus
1975 1258 2177 1300 moriatur

255 1318 376 1359 1101110
403 1331 474 1371 pro
500 1316 664 1371 populo,
693 1322 733 1357 et
758 1329 840 1358 non
867 1322 957 1357 tota
980 1329 1078 1370 gens
1103 1322 1255 1370 pereat.
1310 1319 1341 1341 ⁵¹
1369 1316 1458 1358 Hoc
1484 1322 1623 1358 autem
1650 1331 1673 1358 a
1698 1317 1917 1372 semetipso
1942 1331 2024 1360 11011
2050 1317 2173 1359 dixit:

254 1377 323 1418 sed
343 1391 434 1418 cum
454 1381 559 1418 esset
576 1375 770 1417 Pontifex
789 1375 884 1416 anni
903 1375 1020 1423 illius,
1041 1375 1320 1429 prophetavit,
1342 1376 1453 1429 quod
1472 1376 1584 1417 Iesus
1602 1375 1824 1418 moriturus
1844 1382 1932 1417 erat
1949 1389 2021 1430 pro
2039 1381 2172 1430 gente,

254 1437 285 1459 ⁵2
303 1441 342 1476 et
361 1448 441 1477 non
460 1440 625 1476 tantum
644 1447 716 1488 pro
733 1439 865 1488 gente,
892 1434 961 1475 sed
979 1439 1025 1475 ut
1044 1433 1145 1476 filios
1162 1433 1250 1483 Dei,
1272 1434 1340 1488 qui
1358 1440 1475 1476 erant
1492 1434 1673 1488 dispersi,
1693 1440 1956 1490 congregaret
1972 1435 2014 1476 in
2031 1448 2172 1477 unum.

67 1507 229 1566 ‘'tiss-sifuisi‘su
360 1496 392 1519 ⁵³
420 1494 484 1535 Ab
513 1493 579 1535 illo
608 1507 701 1547 ergo
730 1492 794 1534 die
823 1492 1109 1547 cogitaverunt
1136 1498 1184 1534 ut
1211 1493 1487 1535 interficerent
1514 1507 1619 1535 eum.

663 1587 699 1627 5.
731 1586 857 1626 lesus
889 1597 990 1625 cum
1023 1586 1260 1637 discipulis
1291 1588 1335 1626 in
1368 1585 1580 1639 Ephrem,
1609 1587 1676 1638 11,
1696 1587 1763 1628 54.

106 1659 191 1682 ἱππ·
358 1654 390 1676 5⁴
414 1653 526 1693 Iesus
549 1664 641 1705 ergo
665 1651 745 1692 iam
768 1663 849 1692 non
872 1651 912 1690 in
935 1650 1072 1704 palam
1095 1650 1339 1692 ambulabat
1361 1651 1471 1704 apud
1496 1651 1666 1700 Iudaeos,
1691 1652 1761 1692 sed
1783 1651 1886 1692 abiit
1906 1651 1947 1691 in
1969 1651 2174 1705 regionem

78 1694 84 1717 l
106 1698 225 1718 :wtuur
256 1712 262 1717 .

255 1716 369 1752 iuxta
395 1711 615 1759 desertum,
641 1710 683 1751 in
708 1709 934 1758 civitatem,
962 1722 1052 1763 quae
1077 1709 1227 1751 dicitur
1250 1709 1443 1764 Ephrem,
1471 1715 1513 1751 et
1536 1710 1592 1751 ibi
1616 1710 1857 1752 morabatur
1881 1724 1973 1752 cum
1998 1710 2174 1765 discipu-

251 1770 297 1811 lis
327 1770 420 1811 suis.

255 1876 377 1928 VII.
417 1876 505 1926 Ab
547 1875 762 1927 itinere
794 1874 1004 1925 ultimo
1040 1890 1227 1940 usque
1255 1876 1330 1926 ad
1356 1876 1704 1941 passionem,
1745 1876 1814 1938 11,
1842 1875 2062 1938 55—12,
2088 1875 2175 1927 50.

645 1968 683 2007 1.
714 1965 928 2007 Ultimum
960 1966 1046 2006 iter
1075 1967 1119 2005 in
1151 1965 1412 2016 lerusalem,
1441 1966 1508 2016 11,
1528 1965 1703 2016 55-12,
1725 1967 1789 2007 11.

108 2045 189 2069 Iesu-⁴
359 2039 390 2062 ⁵5
410 2036 649 2079 Proximum
670 2041 808 2078 autern
829 2041 918 2078 erat
936 2036 1097 2078 Pascha
1118 2036 1368 2078 Iudaeorum:
1390 2042 1431 2078 et
1450 2038 1723 2079 ascenderunt
1740 2036 1861 2079 multi
1881 2036 2175 2091 lerosolymam

57 2080 303 2146 ¹f'251223}{}}¹1¹,¹³de
331 2096 490 2150 regione
518 2101 614 2137 ante
640 2095 810 2139 Pascha,
844 2100 891 2136 ut
917 2095 1222 2136 sanctificarent
1248 2109 1289 2136 se
1316 2095 1436 2150 ipsos.
1490 2098 1525 2120 ⁵⁶
1553 2097 1801 2146 Quaerebant
1828 2109 1921 2150 ergo
1951 2097 2104 2138 Iesum:
2133 2102 2175 2137 et

255 2156 593 2209 colloquebantur
624 2155 676 2196 ad
707 2154 894 2199 invicem,
928 2154 968 2194 in
1001 2153 1155 2208 templo
1186 2160 1362 2196 stantes:
1395 2155 1503 2204 Quid
1534 2155 1703 2209 putatis,
1739 2155 1834 2209 quia
1864 2168 1946 2197 non
1977 2155 2091 2196 venit
2123 2155 2175 2196 ad

255 2215 361 2256 diem
390 2213 566 2255 festum?
606 2213 816 2254 Dederant
844 2218 983 2254 autem
1010 2212 1241 2261 Pontifices,
1280 2218 1321 2254 et
1347 2213 1540 2255 Pharisaei
1566 2215 1824 2263 mandatum,
1861 2218 1910 2255 ut
1935 2213 1967 2255 si
1995 2214 2084 2267 quis
2111 2227 2174 2255 co-

254 2273 443 2328 gnoverit
473 2273 542 2314 ubi
574 2272 637 2321 sit,
670 2272 833 2315 indicet.
867 2277 914 2312 ut
944 2272 1257 2326 apprehendant
1287 2285 1391 2313 eum.

65 2343 215 2381 samia
230 2350 243 2366 ιι
368 2333 428 2375 12.
486 2335 496 2356 ¹
531 2332 642 2373 Iesus
665 2344 757 2385 ergo
781 2337 877 2372 ante
899 2344 969 2371 sex
992 2330 1075 2372 dies
1098 2331 1279 2372 Paschae
1302 2331 1416 2372 venit
1443 2332 1721 2380 bBethaniam,
1748 2332 1818 2373 ubi
1840 2331 2017 2373 Lazarus
2040 2331 2175 2372 fuerat

93 2379 207 2443 11³‹i}„,¹{}¹3-,
259 2398 458 2434 mortuus.
489 2404 609 2444 quem
638 2389 853 2431 suscitavit
881 2390 1004 2431 Iesus.
1060 2392 1074 2414 ²
1100 2390 1303 2431 Fecerunt
1329 2396 1468 2431 autem
1495 2390 1529 2431 ei
1556 2404 1715 2432 coenam
1743 2390 1816 2432 ibi:
1845 2396 1885 2432 et
1911 2390 2076 2431 Martha
2101 2390 2174 2430 mi-

256 2451 473 2493 nistrabat,
498 2450 676 2491 Lazarus
698 2462 794 2490 vero
816 2462 920 2490 unus
942 2455 1030 2489 erat
1050 2462 1100 2490 ex
1121 2449 1473 2490 discumbentibus
1495 2463 1587 2490 cum
1610 2463 1667 2491 00.
1752 2449 1882 2490 Maria
1902 2463 1994 2503 ergo
2017 2449 2175 2503 accepit

256 2510 401 2551 libram
430 2509 627 2562 unguenti
655 2508 771 2549 nardi
799 2507 945 2561 pistici,
974 2508 1152 2561 pretiosi,
1182 2513 1223 2548 et
1249 2508 1369 2549 unxit
1395 2509 1517 2561 pedes
1547 2509 1649 2552 Iesu.
1679 2515 1718 2550 et
1746 2508 1916 2549 extersit
1940 2508 2063 2562 pedes
2090 2507 2174 2548 eius

256 2568 410 2622 capillis
429 2568 527 2608 suis:
548 2574 587 2608 et
606 2568 751 2608 domus
770 2567 940 2620 impleta
958 2575 1019 2608 est
1037 2580 1085 2607 ex
1104 2567 1225 2608 odore
1245 2567 1454 2621 unguenti.
1500 2570 1516 2591 ⁴
1531 2567 1650 2608 Dixit
1667 2581 1760 2621 ergo
1778 2580 1882 2608 unus
1900 2580 1950 2608 ex
1967 2566 2174 2620 discipulis

256 2628 351 2669 eius.
375 2628 498 2668 Iudas
521 2626 746 2669 iscariotes.
770 2626 837 2679 qui
858 2633 945 2666 erat
965 2639 1056 2667 eum
1079 2626 1323 2667 traditurus:
1372 2628 1386 2650 ⁵
1407 2627 1540 2675 Quare
1560 2627 1636 2668 hoc
1655 2632 1912 2681 unguentum
1932 2639 2015 2667 non
2035 2625 2175 2667 vaeniit

257 2686 447 2727 trecentis
477 2685 663 2732 denariis,
696 2691 735 2725 et
765 2685 909 2726 datum
940 2690 1001 2725 est
1030 2684 1188 2738 egenis?
1248 2687 1263 2709 ⁶
1291 2685 1408 2726 Dixit
1438 2690 1577 2726 autem
1606 2686 1694 2729 hoc,
1725 2699 1808 2726 non
1838 2685 1934 2739 quia
1962 2685 2010 2726 de
2040 2684 2174 2738 egenis

260 2745 490 2798 pertinebat
510 2745 561 2785 ad
581 2758 686 2787 eum,
709 2744 778 2784 sed
799 2744 893 2797 quia
913 2744 978 2784 fur
996 2750 1095 2785 erat.
1117 2751 1158 2785 et
1176 2744 1329 2785 loculos
1349 2744 1515 2789 habens,
1538 2758 1597 2787 ea.
1621 2758 1711 2798 quae
1730 2744 2015 2790 mittebantur,
2037 2749 2175 2796 porta-

261 2805 341 2845 bat.
393 2806 405 2827 ⁷
426 2804 541 2844 Dixit
562 2817 655 2857 ergo
678 2804 806 2844 Iesus:
827 2802 957 2844 Sinite
977 2802 1087 2843 illam
1106 2808 1154 2843 ut
1173 2803 1213 2843 in
1234 2803 1340 2843 diem
1361 2803 1580 2857 sepulturae
1599 2817 1698 2844 meze
1719 2807 1853 2844 servet
1872 2802 1983 2844 illud.
2035 2804 2049 2826 s
2068 2802 2174 2842 Pau-

259 2876 369 2915 peres
399 2863 504 2903 enim
536 2875 694 2915 semper
722 2861 882 2903 habetis
913 2861 1143 2902 vobiscum:
1174 2875 1238 2902 me
1269 2867 1408 2902 autem
1437 2875 1519 2903 non
1549 2875 1708 2916 semper
1736 2861 1908 2903 habetis.

67 2928 237 2985 ··.‘.².,¹f¹1¹.¹‘.³*
366 2924 380 2945 ‘³
403 2923 413 2957 ί
424 2922 604 2974 ‘ognovit
625 2935 718 2975 ergo
742 2921 864 2962 turba
885 2920 1018 2961 multa
1039 2934 1088 2961 ex
1114 2921 1258 2961 Iudaeis
1282 2921 1377 2975 quia
1398 2921 1477 2961 illic
1499 2926 1577 2962 est:
1602 2926 1643 2962 et
1666 2926 1878 2969 venerunt,
1903 2933 1985 2961 non
2009 2929 2176 2973 propter

86 2970 130 2987 '⁹¹
157 2972 162 2985 ¹
195 2971 199 2987 ¹
267 2980 393 3020 lesum
414 2988 588 3025 tantum,
607 2981 676 3021 sed
693 2986 739 3020 ut
755 2980 954 3021 Lazarum
972 2979 1170 3025 viderent,
1190 2993 1311 3033 quem
1327 2979 1543 3021 suscitavit
1559 2994 1582 3021 a
1597 2980 1781 3022 mortuis.
1827 2982 1862 3004 ¹⁰
1877 2978 2172 3033 Cogitaverunt

259 3044 396 3078 autem
427 3039 626 3091 principes
656 3039 913 3080 sacerdotum
945 3043 991 3079 ut
1020 3044 1061 3079 et
1091 3038 1290 3080 Lazarum
1320 3038 1612 3079 interficerent:
1675 3041 1701 3063 1¹
1733 3038 1829 3092 quia
1857 3037 1978 3078 multi
2008 3043 2175 3091 propter

259 3097 371 3137 illum
403 3097 571 3138 abibant·
602 3112 650 3139 ex
682 3098 839 3139 Iudaeis.
871 3104 911 3138 et
940 3098 1161 3139 credebant
1191 3098 1230 3138 in
1264 3098 1409 3139 Iesum.

577 3192 615 3230 2.
645 3190 950 3241 Triumphalis
981 3189 1196 3231 introitus
1227 3191 1271 3229 in
1304 3189 1565 3240 Ierusalem,
1595 3190 1661 3239 12,
1680 3189 1859 3229 12—19.

72 3262 236 3291 frenamur
367 3256 395 3277 ¹²
420 3253 460 3293 ln
480 3253 700 3295 crastinum
721 3261 858 3296 autem
879 3256 1000 3297 turba
1016 3255 1159 3296 multa.
1180 3268 1270 3308 quae
1287 3260 1455 3295 venerat
1473 3255 1526 3295 ad
1543 3254 1649 3295 diem
1667 3254 1833 3301 festum,
1855 3267 1946 3295 cum
1965 3252 2173 3294 audissent

258 3312 351 3365 quia
385 3312 494 3352 venit
531 3313 638 3352 lesus
675 3314 981 3368 lerosolymam:
1043 3316 1072 3339 ¹3
1102 3319 1346 3366 acceperunt
1376 3327 1510 3355 ramos
1542 3313 1784 3366 palmarum,
1817 3318 1858 3353 et
1890 3316 2174 3365 processerunt

258 3371 419 3412 obviam
453 3370 498 3415 ei,
531 3379 570 3411 et
601 3370 853 3413 clamabant:

311 3430 518 3477 Hosanna,
606 3430 853 3475 benedictus,
887 3432 955 3485 qui
987 3432 1099 3473 venit
1130 3432 1171 3472 in
1202 3431 1363 3472 nomine
1394 3431 1574 3477 Domini,
1661 3431 1749 3471 Rex
1781 3428 1915 3471 Israel.

390 3523 431 3555 49
457 3522 532 3555 alni·
558 3523 608 3561 18,
639 3525 686 3556 14.
744 3544 753 3545 ff
783 3524 832 3563 12,
861 3527 875 3557 I
902 3524 971 3557 but
1000 3524 1052 3561 26,
1082 3524 1116 3561 G:
1144 3524 1196 3557 Mc
1226 3523 1276 3563 14,
1305 3524 1335 3556 3.
