2356 3760
148 161 179 200 9,
205 160 347 201 27—10,
372 159 415 194 30
710 188 719 196 ..
1010 158 1176 193 ESDRAE
1946 161 2047 203 1227

483 253 552 295 ΙΙ.
582 252 761 294 Esdras
794 251 1026 302 symbolis
1059 252 1338 303 instruitur,
1370 252 1412 303 9,
1435 251 1622 302 27-13,
1643 252 1713 293 58.

523 326 558 362 1.
585 325 790 371 symbolo
818 325 1007 362 mulieris
1034 326 1374 372 transfiguratae‚
1399 325 1434 370 9,
1453 325 1606 371 27-10,
1623 324 1682 361 60.

258 393 285 410 2⁷
311 390 358 424 Et
380 391 513 425 factum
532 393 584 424 est
605 394 682 434 post
702 390 772 423 dies
791 392 934 433 septem,
956 394 990 423 et
1010 401 1070 434 ego
1091 390 1349 424 discumbebam
1369 401 1473 434 supra
1492 390 1635 429 foenum,
1660 392 1695 423 et
1715 400 1772 423 cor
1790 401 1904 425 meum
1924 392 2049 426 iterum

146 437 356 472 turbabatur
376 438 465 471 sicut
488 440 578 471 ante.
621 438 649 456 ²⁸
672 437 719 470 Et
741 439 899 480 apertum
922 440 973 470 est
997 448 1032 470 os
1055 448 1180 477 meum,
1205 441 1239 471 et
1261 437 1421 471 inchoavi
1443 437 1552 470 dicere
1576 447 1689 470 coram
1699 437 1885 477 Altissimo,
1910 442 1943 472 et
1967 439 2048 479 dixi,

149 486 178 504 ²⁹
203 485 231 519 Ο
256 485 413 523 Domine,
438 487 473 518 te
496 484 594 518 nobis
618 483 800 517 ostendens
825 488 979 517 ostensus
1005 495 1037 517 es
1063 485 1218 528 patribus
1242 484 1366 517 nostris
1390 484 1425 517 in
1449 483 1594 522 deserto,
1620 483 1712 527 quod
1735 494 1804 517 non
1829 484 1990 524 calcatur,
2015 488 2050 519 et

147 532 369 571 infructuoso,
390 531 528 575 quando
547 533 645 564 erant
664 534 827 564 exeuntes
846 530 887 563 de
906 530 1072 575 AEgyptoz
1094 534 1129 564 et
1147 531 1261 564 dicens
1281 531 1408 565 dixisti.
1452 533 1480 551 ³⁰
1500 531 1549 563 Tu
1571 531 1674 564 Israel
1693 531 1772 564 audi
1792 541 1857 571 1110,
1883 535 1917 564 et
1936 543 2050 565 semen

149 578 252 612 Iacob
271 578 411 612 intende
429 577 641 611 sermonibus
660 577 753 611 meis.
797 579 821 596 31
842 577 930 610 Εο00
949 578 1038 611 0111111
1058 588 1118 622 ego
1138 578 1267 611 semino
1286 578 1320 611 in
1339 578 1436 611 vobis
1456 578 1563 621 legem
1582 588 1705 617 meam,
1725 582 1759 611 et
1778 578 1881 612 faciet
1899 579 1933 612 in
1953 579 2049 612 vobis

147 626 310 665 fructum,
333 628 367 659 et
389 624 660 669 glorificabimini
681 624 715 657 in
738 635 776 657 eo
800 634 859 668 per
879 624 1051 659 saeculum.
1098 626 1124 644 3²
1146 624 1236 658 Nam
1260 628 1373 668 patres
1395 625 1503 658 nostri
1525 624 1729 668 accipientes
1751 625 1870 669 legem,
1894 636 1963 658 11011
1984 636 2050 658 301-

148 676 328 706 vaverunt.
347 674 382 705 et
395 672 548 716 legitima
561 681 637 704 mea
651 681 720 704 non
735 671 982 708 custodierunt.
1001 674 1036 705 et
1050 672 1162 705 factus
1177 675 1229 704 est
1243 672 1375 704 fructus
1390 671 1471 715 legis
1486 681 1555 704 non
1570 682 1705 715 parens:
1722 682 1783 705 1100
1798 672 1888 705 enim
1904 675 2050 716 poterat,

147 719 311 762 quoniam
333 722 414 752 tuus
437 721 520 752 erat.
567 720 593 737 ³³
616 718 706 751 Nam
729 718 787 762 qui
811 721 1026 762 acceperunt,
1050 718 1234 763 perierunt,
1257 728 1326 751 non
1349 718 1579 751 custodientes
1603 718 1695 762 quod
1717 718 1751 751 in
1774 719 1819 752 eis
1842 719 2050 752 seminatum

148 766 272 800 fuerat.
313 767 339 785 ³⁴
355 766 402 799 Et
419 775 504 799 0000.
523 765 734 798 consuetudo
752 768 813 804 est‚
832 768 881 805 ut,
900 776 977 798 cum
995 765 1163 810 acceperit
1179 768 1271 798 terra
1285 775 1412 804 semen,
1429 765 1484 798 vel
1500 775 1625 798 navem
1641 776 1744 805 mare,
1763 765 1817 798 vel
1834 776 1894 799 vas
1911 766 2049 810 aliquod

149 823 261 846 escam
284 812 338 846 vel
360 815 496 857 potum:
522 822 599 845 00111
621 812 725 845 fuerit
747 812 1016 846 exterminatum
1039 812 1084 852 id,
1107 812 1142 845 in
1165 823 1233 856 quo
1255 812 1463 845 seminatum
1486 814 1547 850 est,
1572 812 1625 845 vel
1647 812 1681 845 in
1704 812 1796 856 quod
1819 813 1959 846 missum
1983 816 2050 846 est:

147 861 173 879 ³5
188 859 288 893 simul
305 859 340 893 id
355 858 448 903 quod
461 859 680 898 seminatum,
700 858 754 891 vel
772 859 913 892 missum
930 862 993 898 est,
1013 858 1067 892 vel
1083 869 1158 903 (1010
1173 862 1333 903 3113001110
1347 861 1439 898 30111,
1456 858 1740 898 exterminantur,
1760 862 1794 892 et
1809 862 1969 903 suscepta
1982 860 2050 893 iam

146 917 215 940 11011
228 909 370 940 1110110111
384 905 476 950 apud
490 916 566 939 nos:
586 906 645 939 sed
660 905 757 939 nobis
772 905 818 939 sic
836 916 905 939 non
923 906 1055 939 factum
1074 909 1135 940 est.
1175 907 1204 925 ³⁶
1217 906 1288 939 Nos
1305 905 1443 949 quidem
1459 905 1518 949 qui
1536 905 1643 949 legem
1662 906 1854 949 accepimus
1870 910 2050 950 peccantes

147 953 342 997 perivimus,
362 955 397 986 et
415 963 472 987 cor
488 955 644 986 nostrum
663 953 756 996 quod
773 953 924 997 suscepit
942 963 1032 986 earn:
1075 954 1101 972 ³⁷
1122 963 1203 986 nam
1221 952 1275 986 lex
1294 963 1363 986 11011
1381 952 1491 996 periit,
1509 952 1567 985 sed
1588 953 1775 996 permansit
1792 953 1827 986 in
1845 963 1906 986 300
1924 953 2050 988 labore.

257 1002 284 1019 ³⁸
304 1000 350 1033 Et
368 1010 445 1033 cum
463 999 619 1044 loquerer
635 1000 706 1033 haec
724 1000 759 1033 in
778 1000 877 1033 corde
895 1010 982 1039 meo,
1001 1000 1133 1044 respexi
1152 999 1256 1033 oculis
1275 1000 1368 1034 meis.
1389 1002 1424 1032 et
1441 999 1512 1032 vidi
1530 999 1705 1033 mulierem
1724 1000 1759 1033 in
1777 1000 1920 1034 dextera
1938 1005 2046 1044 parte,

145 1049 180 1080 et
203 1057 278 1081 ecce
301 1047 373 1080 haec
396 1046 547 1091 lugebat,
572 1050 605 1080 et
630 1046 789 1091 plorabat
812 1057 889 1081 cum
915 1058 997 1080 voce
1021 1058 1156 1091 magna,
1182 1049 1216 1080 et
1240 1047 1353 1080 animo
1378 1046 1518 1080 dolebat
1542 1046 1652 1086 valde,
1689 1050 1724 1080 et
1747 1047 1955 1080 vestimenta
1978 1047 2049 1080 eius

146 1094 295 1133 discissa,
318 1096 353 1127 et
374 1094 455 1128 cinis
476 1104 579 1138 super
599 1096 704 1138 caput
725 1094 806 1128 eius.
852 1095 880 1113 ³⁹
903 1094 947 1127 Et
970 1094 1081 1128 dimisi
1104 1094 1285 1138 cogitatus,
1308 1094 1341 1127 in
1364 1093 1487 1137 quibus
1510 1104 1601 1127 eram
1624 1093 1787 1138 cogitans,
1810 1097 1845 1127 et
1866 1105 2049 1127 conversus

145 1151 221 1174 sum
242 1141 286 1175 ad
307 1151 393 1181 eam,
416 1144 450 1174 et
471 1140 542 1174 dixi
562 1141 602 1180 ei,
659 1142 688 1160 ⁴⁰
710 1140 758 1174 Ut
780 1141 862 1184 quid
883 1141 961 1174 fles?
985 1144 1020 1174 et
1040 1141 1123 1185 quid
1145 1141 1236 1175 doles
1259 1141 1392 1174 animo?
1416 1140 1463 1174 Et
1484 1140 1573 1174 dixit
1594 1140 1637 1174 ad
1658 1151 1722 1180 me,
1780 1143 1804 1160 ⁴¹
1827 1141 1974 1174 Dimitte
1995 1151 2049 1174 me

146 1188 292 1222 Domine
308 1198 414 1227 111003,
433 1190 473 1221 01
493 1187 636 1221 defleam
654 1198 718 1223 me.
734 1191 768 1221 et
784 1188 942 1222 adiiciam
959 1188 1125 1222 dolorem:
1148 1188 1311 1231 quoniam
1328 1187 1428 1222 valde
1449 1198 1566 1221 amaro
1584 1198 1660 1221 sum
1678 1188 1802 1227 01111110,
1819 1190 1853 1221 01
1868 1188 2051 1221 humiliata

104 1269 110 1273 ,
147 1245 223 1268 311111
242 1235 352 1269 νο1(10.
395 1236 422 1254 ⁴²
442 1235 488 1268 Et
507 1234 578 1268 dixi
597 1235 636 1274 ei,
658 1235 747 1278 Quid
767 1246 867 1279 passa
886 1236 938 1268 es?
961 1235 1014 1268 dic
1033 1235 1126 1270 mihi.
1148 1236 1194 1268 Et
1213 1235 1301 1268 dixit
1321 1235 1364 1268 ad
1382 1245 1447 1274 1110,
1490 1237 1516 1254 ⁴³
1533 1234 1662 1268 Sterilis
1681 1235 1730 1268 fui
1749 1245 1809 1279 ego
1828 1234 1958 1268 famula
1976 1238 2048 1274 tua,

146 1285 180 1316 et
203 1292 272 1315 non
297 1282 422 1326 peperi,
446 1282 574 1315 habens
598 1282 760 1315 maritum
784 1283 880 1315 annis
904 1282 1055 1326 triginta.
1103 1284 1129 1301 ⁴⁴
1152 1283 1224 1326 Ego
1248 1282 1337 1315 enim
1360 1292 1420 1326 per
1441 1281 1590 1326 singulas
1613 1282 1724 1321 horas,
1755 1285 1789 1315 et
1820 1293 1879 1326 per
1900 1282 2049 1326 singulos

146 1329 227 1369 dies,
246 1332 280 1362 et
298 1340 404 1362 annos
422 1329 483 1362 hos
500 1329 643 1373 triginta
660 1329 822 1373 deprecor
839 1330 1054 1363 Altissimum
1071 1332 1171 1363 nocte
1189 1340 1228 1362 ac
1246 1329 1309 1364 die.
1351 1330 1377 1348 ⁴⁵
1395 1329 1442 1362 Et
1458 1329 1590 1362 factum
1608 1331 1669 1368 est,
1689 1331 1766 1373 post
1783 1329 1925 1373 triginta
1942 1339 2049 1362 annos

146 1376 325 1409 exaudivit
348 1386 402 1409 me
425 1376 516 1409 Deus
541 1376 699 1409 ancillam
722 1379 831 1416 tuam,
856 1380 890 1410 et
914 1376 1002 1410 vidit
1024 1376 1256 1410 humilitatem
1281 1387 1403 1413 meam,
1428 1378 1462 1409 et
1485 1375 1637 1409 attendit
1660 1375 1874 1409 tribulationi
1898 1386 1991 1413 111010,
2016 1377 2050 1409 et

147 1423 242 1456 dedit
264 1423 347 1456 mihi
369 1423 491 1456 filium:
516 1426 550 1456 et
571 1423 761 1457 iucundata
783 1434 858 1457 sum
881 1434 982 1467 snper
1004 1434 1081 1456 011111
1104 1423 1204 1456 valde
1227 1434 1298 1467 ego,
1322 1426 1356 1456 et
1379 1423 1430 1456 vir
1452 1433 1557 1459 111003,
1593 1425 1627 1455 et
1650 1433 1765 1456 omnes
1789 1423 1878 1456 cives
1901 1423 1978 1462 mei,
2014 1427 2048 1456 et

146 1470 456 1504 honorificabamus
477 1469 577 1503 valde
597 1470 746 1504 Fortem.
791 1472 819 1488 ⁴⁰
839 1471 885 1503 Et
904 1470 1034 1503 nutrivi
1053 1480 1131 1503 eum
1152 1480 1229 1503 cum
1248 1469 1363 1503 labore
1384 1470 1504 1503 multo.
1548 1471 1575 1488 ⁴⁷
1596 1469 1642 1502 Et
1661 1470 1793 1502 factum
1813 1472 1865 1503 est
1885 1480 1961 1503 cum
1982 1480 2049 1503 cre-

150 1517 265 1557 visset,
289 1519 323 1550 et
346 1517 495 1550 venisset
518 1516 668 1560 accipere
692 1527 844 1556 uxorem,
868 1517 932 1550 feci
955 1516 1045 1550 diem
1069 1516 1170 1561 epuli.
1218 1517 1270 1551 10.
1318 1518 1328 1535 1
1353 1516 1399 1549 Et
1422 1516 1553 1549 factum
1578 1520 1639 1550 est.
1664 1527 1742 1549 cum
1764 1516 1938 1549 introisset
1961 1516 2049 1549 filius

147 1574 241 1598 meus
271 1564 306 1597 in
335 1564 489 1597 thalamo
519 1574 591 1602 suo,
622 1563 755 1603 cecidit,
790 1566 824 1597 et
853 1566 1009 1597 mortuus
1040 1566 1105 1597 est:
1149 1565 1213 1597 201
1236 1563 1421 1597 evertimus
1447 1573 1563 1596 01111103
1588 1562 1729 1602 lumina,
1764 1565 1798 1596 et
1829 1566 2050 1596 surrexerunt

147 1622 263 1644 omnes
286 1611 375 1644 cives
398 1611 464 1644 mei
486 1610 529 1644 ad
552 1611 798 1644 consolandum
820 1621 884 1647 me,
908 1614 943 1644 et
965 1611 1080 1654 quievi
1102 1621 1209 1654 usque
1231 1610 1266 1644 in
1288 1610 1392 1644 alium
1416 1610 1505 1643 diem
1529 1620 1635 1653 usque
1657 1612 1768 1644 nocte.
1815 1613 1826 1629 ²¹
1849 1610 1896 1643 Et
1917 1610 2048 1643 factum

148 1661 209 1698 est,
232 1668 309 1692 cum
331 1668 447 1691 omnes
468 1658 679 1701 quievissent
703 1662 742 1691 ut
762 1669 816 1691 1110
837 1658 1094 1691 consolarentur
1114 1660 1153 1691 ut
1173 1657 1395 1701 quiescerem:
1418 1660 1452 1690 et
1472 1657 1602 1690 surrexi
1622 1660 1732 1697 not-te,
1755 1660 1788 1690 et
1808 1657 1894 1701 fugi:
1917 1659 1951 1690 et
1972 1657 2050 1690 veni

145 1705 234 1739 31001
255 1705 349 1738 vides
370 1705 405 1738 in
426 1705 489 1738 1100
511 1715 647 1749 campo:
693 1706 705 1724 ⁴
726 1707 761 1738 et
782 1705 893 1749 cogito
915 1705 983 1738 iam
1004 1716 1074 1738 non
1093 1705 1219 1738 reverti
1240 1705 1275 1737 in
1296 1704 1485 1743 civitatem,
1507 1704 1565 1737 sed
1587 1704 1641 1737 hic
1663 1704 1859 1737 consistere:
1883 1706 1917 1737 et
1938 1714 2048 1747 neque

147 1752 364 1792 manducare,
392 1762 502 1795 neque
530 1752 654 1791 bibere,
683 1752 741 1785 sed
769 1752 840 1785 sine
867 1752 1116 1786 intermissione
1143 1751 1267 1796 lugere,
1296 1755 1330 1785 et
1357 1751 1505 1784 ieiunare
1535 1761 1640 1794 usque
1669 1751 1751 1784 dum
1779 1751 1913 1784 moriar.

256 1801 268 1818 ⁵
286 1799 332 1832 Et
350 1798 512 1842 dereliqui
531 1809 701 1832 sermones
719 1799 754 1832 in
772 1799 895 1842 quibus
914 1809 1017 1839 eram,
1036 1802 1071 1832 et
1089 1798 1248 1843 respondi
1266 1809 1343 1832 eum
1361 1798 1538 1831 iracundia
1556 1797 1600 1831 ad
1618 1808 1704 1835 eam,
1724 1801 1758 1831 et
1776 1797 1857 1837 dixi,
1902 1800 1913 1815 ‘²
1930 1797 2047 1831 Stulta

146 1856 247 1891 super
271 1856 387 1879 omnes
413 1846 580 1885 mulieres,
607 1856 675 1879 non
702 1845 795 1879 vides
820 1846 952 1879 luctum
978 1849 1145 1885 nostrum,
1172 1849 1206 1879 et
1232 1856 1307 1889 quae
1333 1845 1430 1878 nobis
1457 1845 1680 1889 contingunt?
1733 1846 1744 1863 ⁷
1772 1844 1942 1887 Quoniam
1967 1845 2048 1878 Sion

146 1896 256 1927 mater
278 1896 396 1926 nostra
419 1893 511 1926 omni
533 1893 676 1926 tristitia
699 1893 932 1928 contristatur.
958 1896 992 1926 et
1015 1892 1211 1926 humilitate
1234 1892 1416 1926 humiliata
1439 1894 1501 1932 est,
1525 1896 1559 1925 et
1582 1892 1676 1936 luget
1698 1891 1916 1925 validissime..
1966 1893 1977 1910 ³
2004 1892 2050 1924 Et

145 1951 236 1974 nunc
263 1940 425 1984 quoniam
453 1950 569 1973 omnes
596 1940 761 1984 lugemuS‚
789 1943 824 1973 et
849 1940 963 1974 tristes
991 1950 1123 1974 sumus:
1153 1940 1315 1983 quonjam
1343 1950 1459 1972 omnes
1488 1938 1683 1972 contristati
1709 1949 1837 1978 30111113,
1864 1942 1904 1972 tu
1931 1941 2048 1972 autem

146 1987 358 2021 contristaris
382 1987 417 2020 in
439 1997 507 2020 uno
531 1986 618 2020 filio?
670 1989 682 2006 ⁹
707 1987 884 2031 Interroga
907 1987 997 2020 enim
1020 1989 1158 2026 terram,
1183 1989 1217 2020 et
1241 1986 1331 2020 dicet
1354 1986 1432 2019 tibi:
1458 1986 1621 2029 quoniam
1644 1986 1715 2019 haec
1739 1989 1800 2025 est,
1826 1996 1901 2029 quae
1925 1985 2050 2019 debeat

145 2034 258 2079 lugere
274 2044 390 2068 casum
406 2036 584 2067 tantorum
600 2044 701 2078 super
716 2045 791 2067 eam
807 2034 1084 2078 germinantium.
1124 2036 1153 2054 ¹⁰
1169 2034 1215 2067 Et
1231 2044 1272 2066 ex
1288 2033 1362 2077 ipsa
1377 2033 1420 2067 ab
1435 2033 1533 2066 initio
1549 2043 1666 2066 omnes
1682 2033 1756 2066 nati
1772 2036 1805 2066 et
1821 2032 1878 2066 alii
1893 2032 2048 2066 venient:

146 2084 180 2115 et
203 2092 289 2121 ecce,
314 2091 398 2125 pene
422 2091 538 2114 01111103
561 2081 596 2114 111
619 2081 845 2125 perditionem
869 2081 1060 2120 ambulant,
1085 2084 1119 2114 et
1141 2080 1383 2114 exterminium
1407 2080 1445 2113 fit
1468 2080 1657 2113 multitudo
1680 2091 1807 2113 eorum.
1855 2081 1880 2099 ¹¹
1905 2080 1951 2113 Et
1974 2079 2050 2123 quis

147 2139 224 2173 ergo
247 2128 350 2161 debet
373 2127 485 2172 lugere
509 2128 627 2172 magis,
652 2128 716 2161 nisi
740 2128 812 2161 haec
835 2138 911 2171 quae
934 2131 1007 2161 tam
1031 2138 1193 2172 magnam
1217 2127 1476 2161 multitudinem
1501 2126 1660 2171 perdidit,
1685 2137 1790 2170 quam
1814 2130 1864 2166 tu,
1889 2137 1964 2170 quae
1989 2137 2050 2170 pro

147 2186 214 2209 uno
231 2175 343 2209 doles?
362 2175 397 2209 Si
413 2178 530 2208 autem
547 2174 629 2208 dicis
646 2175 740 2215 mihi,
780 2177 807 2194 ¹²
825 2174 995 2217 Quoniam
1011 2185 1080 2208 non
1097 2178 1147 2208 est
1165 2174 1323 2219 planctus
1339 2185 1435 2207 meus
1452 2173 1568 2207 similis
1585 2177 1698 2207 terrae:
1717 2173 1881 2217 quoniam
1897 2174 2049 2207 fructum

148 2222 276 2256 ventris
291 2222 358 2255 mei
372 2222 515 2266 perdidi,
531 2231 634 2265 quem
649 2232 727 2255 cum
741 2221 944 2255 moeroribus
959 2222 1084 2266 peperi,
1100 2224 1134 2255 et
1149 2232 1227 2255 eum
1241 2221 1414 2255 doloribus
1429 2221 1544 2265 genui:
1583 2222 1610 2240 ¹³
1624 2223 1715 2254 terra
1729 2223 1846 2254 autem
1860 2220 2049 2254 secundum

146 2269 239 2303 viam
257 2272 365 2308 terrae,
386 2268 539 2312 abiitque
558 2268 593 2301 111
612 2279 652 2302 00
670 2268 858 2302 multitudo
879 2279 1035 2312 praesens,
1056 2279 1124 2311 quo
1143 2268 1246 2301 modo
1265 2268 1394 2301 evenit:
1416 2271 1450 2301 et
1469 2278 1530 2311 ego
1548 2267 1613 2300 tibi
1631 2267 1717 2306 dico,
1760 2269 1788 2286 ¹⁴
1805 2268 1894 2300 sicut
1912 2270 1951 2300 tu
1971 2277 2049 2300 cum

146 2316 261 2350 labore
284 2316 455 2360 peperisti,
479 2316 525 2349 sic
548 2318 582 2349 et
603 2318 695 2349 terra
716 2315 778 2349 dat
800 2316 952 2349 fructum
973 2326 1074 2349 suum
1096 2314 1227 2348 homini
1249 2314 1292 2348 ab
1314 2314 1412 2348 initio
1435 2314 1464 2347 ei
1486 2314 1545 2357 qui
1566 2314 1647 2347 fecit
1669 2324 1755 2347 eam.
1802 2315 1828 2333 ¹5
1850 2313 1951 2347 Nunc
1971 2324 2049 2357 ergo

146 2363 253 2397 retine
272 2363 364 2407 apud
382 2362 602 2407 temetipsam
621 2362 772 2396 dolorem
790 2365 901 2402 tuum,
927 2364 962 2396 et
979 2362 1115 2396 fortiter
1132 2362 1182 2395 fer
1200 2361 1259 2405 qui
1276 2361 1341 2395 tibi
1359 2361 1576 2405 contigerunt
1594 2371 1702 2395 casus,
1739 2362 1769 2380 ¹⁰
1787 2360 1821 2394 Si
1840 2360 1930 2393 enim
1952 2360 2049 2394 iusti-

146 2410 299 2444 ficaveris
318 2410 505 2443 terminum
524 2409 598 2448 Dei,
622 2412 656 2443 et
676 2409 854 2443 consilium
873 2419 974 2443 suum
992 2409 1131 2453 recipies
1151 2409 1186 2442 in
1204 2412 1369 2452 tempore.
1396 2410 1429 2441 et
1449 2408 1484 2441 111
1502 2407 1630 2441 talibus
1651 2407 1911 2446 collaudaberis;
1951 2408 1979 2426 ¹⁷
1999 2407 2048 2440 in—

145 2457 282 2502 gredere
296 2468 374 2501 ergo
387 2456 423 2490 in
437 2456 615 2490 civitatem
629 2456 672 2490 ad
687 2456 799 2490 virum
812 2459 924 2490 tuum.
940 2456 987 2490 Et
1000 2456 1088 2489 dixit
1102 2456 1146 2490 ad
1160 2466 1224 2495 me,
1262 2457 1291 2475 ¹⁸
1309 2455 1387 2489 Non
1401 2455 1536 2494 faciam,
1551 2465 1661 2498 neque
1675 2454 1845 2498 ingrediar
1859 2454 2048 2493 civitatem,

145 2504 204 2538 sed
225 2504 280 2537 hic
300 2504 435 2537 moriar.
482 2505 510 2523 ¹⁹
536 2503 583 2537 Et
604 2504 749 2548 apposui
770 2503 883 2537 adhuc
903 2503 996 2547 loqui
1015 2503 1058 2537 ad
1077 2513 1163 2538 eam.
1182 2506 1217 2536 et
1233 2502 1314 2542 dixi,
1360 2503 1389 2522 ²⁰
1415 2501 1492 2535 Noli
1517 2502 1627 2535 facere
1644 2501 1735 2534 hunc
1760 2511 1962 2540 sermonem,
1989 2500 2048 2534 sed

146 2551 298 2585 consenti
325 2550 554 2595 persuadenti.
605 2550 698 2594 Quot
723 2551 814 2584 enim
841 2561 937 2584 casus
964 2550 1063 2584 Sion?
1097 2550 1277 2584 Consolare
1304 2552 1443 2594 propter
1469 2549 1620 2582 dolorem
1648 2548 1842 2583 Ierusalem.
1895 2550 1919 2567 2¹
1947 2548 2049 2581 Vides

146 2598 236 2632 enim
252 2598 416 2642 quoniam
431 2597 658 2631 sanctificatio
675 2600 793 2631 nostra
809 2597 944 2632 deserta
959 2597 1083 2631 effecta
1098 2600 1159 2637 est,
1180 2600 1214 2630 et
1231 2597 1337 2630 altare
1354 2597 1515 2630 nostrum
1527 2595 1730 2629 demolitum
1747 2598 1808 2634 est,
1829 2598 1864 2628 et
1880 2595 2049 2639 templum

146 2647 302 2679 nostrum
321 2645 536 2678 destructum
555 2647 617 2685 est,
660 2646 687 2664 ²²
706 2647 740 2678 et
760 2645 960 2689 psalterium
978 2647 1136 2678 nostrum
1155 2643 1375 2677 humiliatum
1395 2646 1457 2682 est,
1478 2645 1512 2676 et
1531 2643 1680 2685 hymnus
1701 2642 1877 2681 conticuit,
1903 2645 1937 2675 et
1957 2641 2049 2675 exul-

145 2692 233 2726 tatio
257 2694 376 2725 nostra
400 2691 567 2725 dissoluta
591 2694 653 2731 est,
687 2694 722 2725 et
745 2691 862 2725 lumen
887 2691 1082 2725 candelabri
1106 2691 1215 2724 nostri
1240 2690 1433 2724 extinctum
1458 2693 1520 2729 est,
1553 2692 1588 2723 et
1613 2700 1691 2723 arca
1716 2689 1916 2722 testamenti
1941 2688 2050 2722 nostri

145 2739 281 2783 direpta
304 2740 366 2778 est,
391 2740 426 2772 et
449 2741 570 2772 sancta
593 2741 712 2772 nostra
736 2738 974 2772 contaminata
997 2741 1089 2778 sunt,
1115 2740 1150 2771 et
1173 2748 1299 2771 nomen
1324 2737 1417 2781 quod
1440 2736 1641 2770 invocatum
1666 2738 1717 2769 est
1741 2746 1842 2780 super
1865 2746 1937 2775 nos,
1964 2746 2049 2779 pene

146 2785 403 2830 prophanatum
423 2788 488 2818 est:
516 2788 550 2818 et
572 2785 668 2818 liberi
691 2785 800 2818 nostri
820 2785 1064 2820 contumeliam
1085 2784 1176 2829 passi
1195 2787 1288 2821 sunt,
1319 2786 1354 2817 et
1372 2783 1565 2817 sacerdotes
1584 2783 1693 2816 nostri
1718 2782 1870 2816 succensi
1895 2784 1986 2822 sunt,
2014 2784 2050 2815 et

146 2833 274 2866 Levitae
296 2832 404 2866 nostri
426 2832 462 2865 in
485 2832 726 2876 captivitatem
749 2831 918 2871 abierunt,
942 2834 977 2866 et
999 2832 1145 2876 virgines
1168 2834 1293 2865 nostrae
1317 2831 1546 2874 coinquinatae
1569 2832 1661 2870 sunt,
1687 2832 1722 2863 et
1743 2829 1900 2862 mulieres
1923 2832 2048 2863 nostrae

146 2880 216 2913 vim
232 2889 339 2923 passae
354 2881 446 2917 sunt,
462 2881 497 2912 et
514 2879 594 2912 iusti
612 2878 721 2912 nostri
737 2879 828 2923 rapti
842 2882 934 2918 sunt,
946 2881 981 2912 et
999 2879 1134 2923 parvuli
1148 2878 1256 2912 nostri
1272 2877 1397 2922 perditi
1411 2879 1503 2916 sunt,
1519 2879 1554 2910 et
1568 2877 1707 2910 iuvenes
1723 2876 1831 2909 nostri
1845 2876 2047 2915 servierunt,

146 2929 180 2960 et
196 2926 301 2959 fortes
318 2926 426 2960 nostri
442 2925 585 2961 invalidi
600 2926 685 2959 facti
701 2928 796 2960 sunt:
839 2927 865 2946 2³
882 2929 917 2960 et
934 2925 1026 2970 quod
1044 2926 1197 2959 omnium
1214 2925 1335 2965 maius,
1353 2924 1567 2968 signaculum
1584 2923 1675 2961 Sion,
1694 2923 1858 2967 quoniam
1874 2923 2047 2968 resignata

146 2975 197 3007 est
217 2972 258 3005 de
277 2972 382 3016 gloria
400 2983 471 3007 sua.
496 2983 577 3006 nam
597 2975 631 3006 et
650 2972 780 3007 tradita
799 2975 850 3008 est
868 2972 903 3006 in
922 2972 1080 3006 manibus
1101 2983 1218 3006 eorum
1238 2972 1296 3015 qui
1314 2982 1375 3005 nos
1396 2971 1552 3005 oderunt.
1596 2972 1623 2990 ²⁴
1642 2970 1692 3003 Tu
1712 2980 1790 3014 ergo
1809 2972 1931 3004 excute
1951 2972 2047 3003 tuam

145 3019 324 3054 tristitiam
340 3019 497 3059 multam,
516 3022 551 3053 et
567 3020 699 3064 depone
716 3019 777 3053 abs
794 3022 828 3053 te
845 3019 1105 3053 multitudinem
1122 3019 1289 3058 dolorum,
1307 3020 1347 3052 ut
1363 3018 1427 3051 tibi
1444 3017 1687 3062 repropitietur
1704 3016 1827 3057 Fortis,
1845 3019 1880 3050 et
1896 3016 2047 3059 requiem

145 3066 248 3100 faciet
271 3066 336 3099 tibi
359 3066 553 3100 Altissimus
578 3066 824 3110 requietionem
849 3066 1017 3101 laborum.

257 3114 282 3132 ²⁵
301 3112 348 3147 Et
364 3113 496 3147 factum
514 3116 576 3152 est,
596 3124 674 3147 cum
691 3113 856 3157 loquebar
874 3113 917 3146 ad
936 3123 1022 3151 eam,
1041 3113 1143 3147 facies
1162 3113 1232 3146 eius
1250 3112 1406 3156 fulgebat
1423 3111 1537 3145 subito
1556 3114 1591 3145 et
1608 3111 1746 3154 species,
1766 3120 1922 3144 coruscus
1942 3109 2047 3142 fiebat

146 3160 238 3194 visus
259 3159 339 3195 eius,
362 3161 409 3193 111
420 3170 527 3194 0330111
547 3171 676 3204 pavens
696 3160 796 3193 valde
817 3160 860 3193 ad
881 3171 967 3200 eam,
989 3164 1024 3194 et
1044 3160 1228 3204 cogitarem
1249 3159 1331 3203 quid
1352 3161 1440 3192 esset
1459 3158 1533 3192 hoc.
1578 3159 1607 3177 2⁰
1627 3158 1674 3191 Et
1693 3168 1779 3196 ecce,
1800 3156 1914 3190 subito
1935 3155 2047 3189 emisit

145 3207 297 3240 sonitum
322 3206 414 3240 vocis
438 3217 603 3251 magnum
626 3207 749 3241 timore
774 3207 924 3251 plenum,
950 3210 991 3241 ut
1015 3208 1289 3240 commoveretur
1313 3209 1404 3239 teira
1429 3216 1449 3238 a
1472 3204 1621 3238 mulieris
1646 3215 1739 3238 sono.
1766 3206 1800 3237 et
1824 3202 1910 3236 vidi:
1960 3203 1987 3221 27
2013 3206 2048 3235 01

147 3265 232 3294 0000,
262 3253 407 3297 amplius
435 3253 556 3287 mulier
581 3265 651 3288 non
679 3254 901 3298 comparebat
929 3253 1022 3294 mihi,
1051 3253 1110 3287 sed
1139 3253 1260 3286 civitas
1288 3252 1534 3287 aedificabatur.
1563 3254 1598 3285 et
1624 3251 1717 3285 locus
1746 3249 2048 3283 demonstrabatur

147 3301 188 3333 de
208 3300 442 3334 fundamentis
464 3300 610 3344 magnis:
635 3303 669 3335 et
689 3301 800 3340 timui,
824 3304 859 3334 et
879 3301 1026 3334 clamavi
1047 3311 1130 3334 voce
1151 3310 1287 3344 magna,
1310 3302 1345 3333 et
1366 3299 1447 3335 dixi,
1493 3300 1521 3318 ²⁸
1544 3298 1612 3332 Ubi
1633 3301 1684 3332 est
1706 3296 1798 3330 Uriel
1818 3296 1968 3340 angelus,
1991 3295 2050 3339 qui

147 3358 167 3380 a
188 3347 353 3391 principio
376 3347 472 3380 venit
494 3347 538 3380 ad
558 3348 632 3381 me?
679 3347 842 3391 quoniam
864 3347 935 3391 ipse
957 3358 1011 3381 me
1033 3347 1115 3380 fecit
1136 3346 1250 3380 venire
1272 3347 1307 3379 in
1329 3345 1552 3379 multitudine
1573 3345 1609 3379 in
1631 3354 1768 3378 excessu
1790 3343 1914 3377 mentis
1937 3342 2047 3376 huius.

146 3397 181 3428 et
205 3394 317 3427 factus
344 3396 396 3427 est
420 3393 495 3426 finis
521 3404 616 3427 meus
642 3394 677 3427 in
703 3394 967 3438 corruptionem,
994 3397 1029 3428 et
1055 3393 1164 3427 oratio
1190 3404 1267 3426 mea
1291 3393 1326 3426 111
1351 3392 1606 3436 improperium.
1983 3434 1989 3440 .

257 3441 286 3460 ²⁹
307 3440 354 3474 Et
376 3451 453 3474 curn
475 3450 582 3473 essem
603 3440 745 3484 loquens
767 3451 828 3485 ego
850 3440 932 3479 haec,
955 3451 1030 3474 ecce
1053 3440 1149 3474 venit
1170 3439 1214 3473 ad
1236 3450 1300 3479 me,
1324 3442 1359 3473 et
1380 3439 1469 3473 vidit
1490 3450 1554 3473 me.
1601 3440 1629 3457 ³⁰
1651 3440 1685 3471 et
1706 3447 1782 3470 ecce
1804 3446 1895 3470 eram
1919 3438 2048 3479 posltus

147 3490 186 3521 ut
209 3490 375 3527 mortuus,
400 3490 435 3522 et
456 3486 650 3522 intellectus
673 3497 768 3521 meus
792 3487 960 3521 alienatus
984 3490 1069 3527 erat,
1094 3490 1128 3521 et
1150 3486 1264 3520 tenuit
1287 3486 1465 3520 dexteram
1488 3496 1612 3523 meam,
1636 3486 1671 3518 et
1694 3482 1903 3517 confortavit
1926 3492 1990 3519 me,
2015 3483 2049 3514 et

2108 396 2200 421 orans

2075 431 2234 457 Dominum

2078 1004 2228 1030 mulierem

2091 1040 2216 1065 mortem

2097 1074 2147 1100 filii
2167 1075 2212 1100 sui

2079 1110 2227 1141 lugentem

2105 1798 2198 1823 iratus

2082 1833 2222 1864 increpat.

2093 3120 2158 3138 eam
2179 3114 2208 3137 ln

2076 3148 2227 3173 civitatem

2104 3185 2196 3208 trans-

2075 3218 2229 3249 figuratam

2096 3253 2205 3284 stupet,

2069 3419 2236 3451 symbolum

2066 3455 2159 3480 Sionis
2176 3461 2238 3480 esse

2103 3489 2199 3519 discit;
