2356 3760
345 210 422 250 648
1222 209 1367 243 LIBER
1966 214 2019 253 29,
2045 214 2186 254 24-30,
2213 214 2252 248 21

346 304 377 327 ²⁴
400 303 672 356 Repromissio
705 302 952 356 nequissima
982 301 1132 343 multos
1164 303 1341 356 perdidit
1379 304 1608 357 dirigentes,
1694 310 1735 346 et
1765 306 1990 347 commovit
2019 307 2106 349 illos
2139 308 2255 362 quasi

607 362 754 402 fluctus
785 361 918 402 maris.

345 422 376 445 ²5
397 420 513 462 Viros
541 426 729 474 potentes
756 433 906 473 gyrans
934 419 1106 471 migrare
1134 420 1241 464 fecit.
1324 426 1364 461 et
1392 422 1531 475 vagati
1559 427 1655 464 sunt
1684 422 1724 464 in
1751 423 1941 476 gentibus
1970 423 2121 467 alienis.

345 481 380 503 ‘²⁶
397 479 593 520 Peccator
624 479 924 531 transgrediens
957 479 1201 520 mandatum
1235 480 1412 524 Domini,
1459 480 1610 522 incidet
1642 482 1683 522 in
1715 482 2023 535 promissionem
2055 497 2252 538 nequam:

606 543 647 578 et
677 537 746 592 qui
776 542 949 578 conatur
977 537 1110 578 multa
1138 550 1266 591 agere.
1298 539 1450 580 incidet
1478 539 1519 580 in
1548 539 1755 581 iudicium.

343 599 377 621 2⁷
397 598 610 650 Recupera
638 596 871 650 proximum
902 597 1127 638 secundum
1157 597 1354 638 virtutem
1381 603 1509 640 tuam.
1597 604 1637 640 et
1667 600 1836 640 attende
1866 600 1941 641 tibi
1973 614 2023 641 ne
2055 601 2222 643 incidas.

174 704 300 728 111110111
344 703 378 725 33
401 701 591 742 alnitium
622 702 718 742 vitae
747 701 921 742 hominis
953 715 1061 755 aqua
1090 708 1131 743 et
1161 702 1288 755 panis
1321 708 1361 743 et
1393 703 1697 750 vestimentum,
1792 710 1833 745 et
1862 705 2007 746 domus
2037 712 2253 760 protegens

153 743 183 764 ct
205 740 319 764 vestitu.

181 1518 208 1542 iu
231 1518 292 1543 filiis

153 1554 318 1583 educandis

158 2742 184 2766 in
210 2743 317 2767 valetu-

161 2778 226 2802 dine
257 2785 285 2802 Su
303 2792 311 2796 -

185 2814 289 2841 vando,

610 760 921 814 turpitiulinem.

344 819 536 861 ²⁹Melior
566 826 624 860 est
658 820 791 860 victus
821 819 1011 873 pauperis
1042 821 1117 861 sub
1150 819 1326 874 tegmine
1368 833 1559 868 asserum,
1647 834 1771 874 quam
1801 822 1930 876 epulae
1960 822 2182 877 splendjdae
2213 824 2253 865 in

604 891 767 932 peregre
797 878 881 919 sine
911 878 1126 920 domicilio.

341 940 378 961 ²¹0
394 937 609 978 Minimum
632 950 705 991 pro
730 950 877 991 magno
903 937 1063 991 placeat
1086 937 1173 980 tibi.
1253 943 1293 979 et
1316 938 1607 993 improperium
1631 939 1966 993 peregrinationis
1990 953 2072 982 non
2096 941 2251 983 audies.

341 998 370 1021 31
391 997 489 1037 Vita
510 1009 687 1050 nequam
710 996 946 1050 hospitandi
969 997 1017 1037 de
1040 997 1161 1038 domo
1184 997 1225 1038 in
1248 997 1434 1038 domum:
1512 1004 1551 1039 et
1575 998 1644 1039 ubi
1666 998 1954 1052 hospitabitur.
1980 1013 2062 1041 non
2085 1000 2254 1041 fiducia-

604 1055 696 1096 liter
725 1060 829 1108 aget.
862 1069 934 1096 nec
965 1055 1119 1110 aperiet
1148 1070 1203 1097 os.

342 1117 374 1138 ³²
397 1114 698 1167 Hospitabitur,
728 1121 769 1155 et
796 1120 947 1168 pascet.
977 1119 1019 1155 et
1044 1115 1209 1168 potabit
1236 1115 1428 1169 ingratos.
1511 1121 1550 1157 et
1578 1117 1631 1157 ad
1658 1116 1742 1157 haec
1770 1130 1910 1157 amara
1936 1118 2088 1159 audiet.

341 1176 373 1197 33
395 1173 536 1214 Transi
564 1174 721 1227 hospes,
752 1180 793 1214 et
821 1187 920 1215 orna
946 1187 1148 1215 mensam:
1231 1179 1272 1215 et
1299 1188 1389 1228 quae
1415 1175 1456 1216 in
1482 1188 1609 1216 manu
1636 1175 1774 1220 habes.
1805 1176 1896 1217 ciba
1922 1181 2087 1218 ceteros.

343 1234 376 1256 ³⁴
398 1232 476 1273 Exi
508 1246 532 1272 a
562 1232 663 1273 facie
695 1233 857 1273 honoris
890 1233 1113 1274 amicorum
1152 1246 1354 1274 meorum:
1440 1234 1736 1276 necessitudine
1768 1235 1912 1276 domus
1944 1248 2044 1276 meae
2075 1235 2252 1289 hospitio

607 1291 706 1332 mihi
735 1291 869 1333 factus
899 1297 961 1333 est
988 1292 1126 1333 frater.

343 1352 376 1374 33
397 1351 550 1391 Graw'a
580 1351 664 1392 haec
695 1350 850 1392 homini
881 1351 1050 1392 habenti
1082 1364 1263 1392 sensum:
1354 1352 1562 1406 Correptio
1595 1353 1752 1396 domus.
1786 1358 1827 1393 et
1857 1352 2148 1406 improperium
2179 1354 2252 1395 foe-

609 1410 817 1451 neratoris.

344 1514 406 1558 30.
464 1518 475 1539 1
499 1515 577 1565 Qui
604 1515 754 1569 bdiligit
775 1514 903 1555 filium
925 1528 1056 1560 suum,
1081 1516 1265 1557 assiduat
1286 1515 1341 1556 illi
1362 1515 1531 1569 flagella.
1609 1521 1656 1557 ut
1676 1516 1838 1557 laetetur
1858 1516 1899 1557 in
1921 1516 2142 1558 novissimo
2163 1530 2249 1566 suo,

606 1579 646 1615 et
674 1588 756 1615 non
786 1574 925 1628 palpet
955 1574 1235 1627 proximorum
1265 1575 1381 1615 ostia.

363 1636 377 1658 ²
395 1634 473 1683 Qui
504 1635 623 1675 docet
653 1633 781 1674 filium
811 1646 942 1676 suum.
974 1632 1212 1674 laudabitur
1240 1633 1281 1674 in
1310 1633 1390 1677 illo.
1463 1639 1504 1674 et
1533 1633 1573 1674 in
1603 1634 1736 1675 medio
1767 1634 2084 1676 domesticorum
2114 1635 2155 1676 in
2184 1634 2250 1676 illo

604 1691 855 1746 gloriabitur.

360 1754 377 1778 ³
401 1752 496 1801 cQui
529 1753 647 1793 docet
679 1751 807 1792 filiurn
839 1764 970 1792 suum.
1005 1751 1045 1791 in
1078 1751 1208 1792 zelum
1239 1751 1371 1792 mittit
1402 1751 1622 1800 inimicum,
1717 1757 1755 1792 et
1788 1751 1829 1792 in
1860 1752 1994 1793 medio
2027 1752 2250 1794 amicorum

603 1810 844 1865 gloriabitur
872 1810 913 1850 in
942 1809 1021 1851 illo.

358 1873 373 1895 ⁴
390 1871 577 1912 Mortuus
605 1876 667 1911 est
692 1876 811 1924 pater
838 1869 933 1912 eius.
964 1876 1005 1910 et
1034 1870 1149 1923 quasi
1177 1883 1258 1911 non
1286 1874 1348 1910 est
1374 1874 1580 1911 mortuus:
1649 1868 1821 1910 similem
1849 1869 1957 1910 enim
1984 1869 2147 1923 reliquit
2174 1869 2252 1911 sibi

604 1935 697 1983 post
728 1942 780 1970 se.

357 1991 372 2013 ⁵
392 1989 439 2030 In
462 1989 550 2030 vita
570 2001 644 2030 sua
665 1988 781 2037 vidit,
805 1994 846 2029 et
866 1987 1030 2029 laetatus
1052 1992 1114 2029 est
1133 1987 1175 2028 in
1196 1987 1281 2029 illo:
1349 1987 1390 2028 in
1411 1988 1527 2029 obitu
1549 2001 1621 2029 suo
1644 2001 1725 2029 non
1747 1993 1808 2028 est
1830 1987 2110 2030 contristatus.
2178 2001 2251 2028 nec

606 2048 797 2089 confusus
827 2052 887 2087 est
918 2060 1055 2088 coram
1084 2047 1268 2088 inimicis.

364 2109 380 2132 ⁶
398 2107 580 2160 Reliquit
600 2106 708 2148 enim
728 2107 982 2148 defensorem
996 2107 1141 2147 domus
1162 2111 1306 2148 contra
1324 2106 1520 2151 inimicos,
1579 2110 1619 2147 et
1640 2105 1778 2147 amicis
1798 2105 2040 2147 reddentem
2058 2105 2249 2159 gratiam.

361 2167 375 2190 ⁷
394 2166 472 2208 Pro
502 2166 717 2207 animabus
745 2165 919 2206 filiorum
948 2164 1155 2219 colligabit
1182 2165 1352 2206 vulnera
1379 2179 1463 2208 sua.
1533 2171 1574 2206 et
1601 2177 1722 2218 super
1749 2178 1911 2205 omnem
1940 2177 2082 2206 vocem
2110 2164 2252 2205 turba·

606 2226 761 2266 buntur
790 2224 945 2265 viscera
973 2224 1068 2265 eius.

363 2285 538 2338 ⁸Equus
570 2283 794 2325 indomitus
827 2283 967 2325 evadit
997 2284 1134 2328 durus,
1221 2289 1260 2324 et
1294 2282 1397 2324 filius
1428 2283 1617 2324 remissus
1649 2284 1799 2324 evadet
1829 2296 2019 2336 praeceps.

364 2346 378 2368 ⁹
397 2344 526 2384 Laeta
553 2343 693 2390 filium,
725 2349 765 2384 et
793 2348 1014 2396 paventem
1043 2348 1083 2383 te
1112 2343 1252 2383 faciet:
1333 2341 1428 2383 lude
1456 2355 1549 2383 cum
1577 2356 1635 2386 eo,
1667 2347 1708 2382 et
1735 2341 1997 2383 contristabit
2025 2346 2078 2383 te.

341 2405 377 2427 ¹⁰
396 2403 486 2443 Non
516 2403 716 2443 corrideas
745 2401 818 2442 illi:
849 2415 898 2442 ne
928 2401 1076 2444 doleas.
1160 2406 1201 2442 et
1228 2401 1269 2442 in
1298 2400 1518 2442 novissimo
1548 2401 1839 2454 obstupescent
1867 2401 2009 2441 dentes
2038 2400 2112 2442 tui.

341 2464 371 2486 11
396 2462 487 2503 Non
515 2462 584 2503 des
610 2461 666 2502 illi
692 2466 944 2515 potestatem
972 2460 1012 2501 in
1039 2460 1267 2509 iuventute.
1350 2466 1390 2501 et
1417 2474 1466 2501 ne
1494 2460 1691 2514 despicias
1719 2459 1922 2513 cogitatus
1948 2458 2065 2500 illius.

341 2522 373 2545 13
393 2521 550 2562 dCurva
577 2520 774 2561 cervicem
802 2520 885 2561 eius
912 2520 954 2560 in
980 2520 1208 2563 iuventute.
1291 2524 1332 2560 et
1359 2519 1487 2560 tunde
1513 2519 1644 2560 latera
1670 2518 1753 2560 eius
1781 2518 1880 2559 dum
1906 2518 2041 2559 infans
2068 2523 2141 2563 est,

392 2593 442 2621 ne
473 2580 578 2621 forte
610 2580 785 2622 induret.
820 2587 861 2620 et
892 2592 973 2620 non
1005 2579 1144 2620 credat
1176 2578 1263 2625 tibi,
1350 2584 1391 2619 et
1422 2578 1498 2619 erit
1528 2578 1604 2619 tibi
1635 2577 1750 2619 dolor
1781 2577 1938 2618 animae.

342 2641 372 2663 ¹³
392 2639 503 2680 Doce
533 2638 659 2679 filium
687 2643 818 2683 tuum,
849 2644 889 2678 et
917 2651 1083 2691 operare
1109 2637 1151 2679 in
1177 2637 1257 2681 illo.
1339 2650 1389 2678 ne
1415 2637 1457 2678 in
1484 2637 1784 2691 turpitudinem
1811 2636 1915 2678 illius
1944 2636 2138 2678 offendas.

346 2746 376 2768 ¹⁴
398 2743 536 2785 Melior
561 2750 620 2784 est
646 2756 801 2797 pauper
825 2756 958 2788 sanus,
986 2749 1027 2783 et
1051 2743 1166 2784 fortis
1193 2742 1358 2790 viribus.
1439 2756 1562 2796 quam
1588 2742 1700 2783 dives
1725 2740 1934 2783 imbecillis
1959 2747 1999 2782 et
2024 2740 2251 2795 flagellatus

605 2802 774 2844 malitia.

340 2864 370 2886 ¹¹³
390 2861 506 2903 Salus
536 2862 680 2903 animae
707 2861 749 2902 in
778 2861 998 2902 sanctitate
1026 2860 1191 2902 iustitiae
1220 2860 1360 2902 melior
1387 2866 1448 2902 est
1471 2860 1581 2902 omni
1602 2873 1698 2902 auro
1719 2865 1761 2901 et
1780 2864 1966 2913 argento:
2045 2863 2086 2899 et
2106 2871 2251 2912 corpus

606 2921 787 2962 validum
819 2933 943 2974 quam
972 2933 1114 2961 census
1143 2920 1377 2961 immensus.

343 2980 486 3021 ¹⁶Non
520 2985 582 3020 est
616 2993 757 3021 census
791 2992 911 3033 super
945 2992 1110 3020 censum
1151 2978 1292 3020 salutis
1334 2979 1529 3032 corporis:
1617 2984 1658 3019 et
1690 2991 1772 3019 non
1806 2982 1867 3018 est
1901 2976 2250 3018 oblectamentum

604 3052 725 3092 super
754 3039 885 3080 cordis
913 3037 1122 3092 gaudium.

344 3099 376 3120 ¹⁷
396 3097 536 3138 Melior
554 3104 613 3138 est
634 3111 740 3139 mors
761 3111 884 3151 quam
903 3097 991 3138 vita
1009 3110 1166 3138 amara:
1235 3103 1276 3138 et
1294 3097 1450 3151 requies
1470 3104 1623 3138 aeterna
1641 3109 1765 3150 quam
1783 3095 1955 3149 languor
1971 3106 2247 3148 perseverans

343 3158 375 3179 ¹³
400 3157 509 3197 Bona
545 3157 787 3197 abscondita
819 3157 859 3197 in
894 3169 960 3198 ore
1008 3156 1155 3200 clauso,
1247 3155 1363 3209 quasi
1397 3155 1672 3209 appositiones
1707 3154 1919 3209 epularum
1954 3152 2251 3206 circumpositae

602 3216 826 3269 sepulchro.

343 3275 376 3297 ¹⁹
401 3273 526 3321 0Quid
558 3275 737 3327 proderit
768 3275 910 3316 libatio
944 3274 1074 3316 idolo?
1162 3288 1233 3315 nec
1276 3274 1383 3315 enim
1414 3273 1695 3320 manducabit,
1730 3286 1802 3313 nec
1835 3270 2042 3313 odorabit:
2128 3271 2164 3294 2⁰
2194 3269 2250 3310 sic

605 3333 672 3386 qui
702 3334 907 3387 effugatur
935 3347 959 3374 a
986 3333 1176 3376 Domino.
1208 3338 1376 3386 portans
1405 3333 1609 3374 mercedes
1638 3331 1886 3386 iniquitatis:

342 3393 371 3415 2¹
395 3391 537 3431 videns
562 3391 697 3441 oculis,
725 3399 765 3433 et
790 3393 1066 3446 ingemiscens,
1146 3391 1251 3432 sicut
1275 3392 1402 3446 spado
1428 3391 1700 3446 complectens
1725 3389 1935 3444 virginem,
1961 3394 2003 3429 et
2027 3388 2246 3441 suspirans.

342 3562 382 3593 1)
431 3513 614 3593 Ι)2814ὲὶΙιὲι)ἰ
638 3513 690 3553 39,
716 3516 767 3546 31.
808 3535 849 3538 —
887 3515 939 3555 3⁰,
979 3516 994 3548 1
1023 3515 1086 3547 bl'r
1112 3515 1162 3553 13,
1189 3514 1245 3554 24;
1285 3514 1337 3553 23,
1363 3513 1413 3547 13.
1453 3534 1495 3538 -—
1532 3513 1552 3546 3
1579 3514 1644 3546 th
1666 3513 1697 3553 6,
1729 3513 1758 3546 Τ.
1797 3531 1840 3536 -
1878 3510 1919 3545 12
1940 3510 2031 3554 dSup
2055 3510 2086 3550 7,
2116 3509 2167 3543 25.
2207 3527 2249 3533 —-

363 3562 373 3593 ί
409 3569 481 3593 *fin
551 3588 558 3600 ,
595 3561 610 3593 ‘.
