2356 3760
124 300 226 325 littera·

72 335 269 360 Romanorum

280 209 357 251 946
1129 207 1271 241 LIBER
1298 207 1342 241 II.
1906 210 1959 248 11,
1985 209 2126 248 34-12,
2153 209 2194 242 23

386 302 419 326 3⁴
451 301 651 342 Miserunt
682 306 822 343 autem
855 300 980 341 etiam
1015 301 1191 342 Romani
1223 299 1451 353 epistolam.
1486 299 1546 341 ita
1576 313 1617 341 se
1650 299 1890 342 habentem:
1951 302 2194 351 QUINTUS

83 370 119 395 ad
142 371 263 396 ludaeos.
279 359 509 407 Memmius,
535 365 575 401 et
598 360 713 401 Titus
736 359 925 400 Manilius
948 358 1070 412 legati
1095 360 1388 407 Romanorum,
1413 358 1566 412 populo
1590 358 1820 400 Iudaeorum
1842 359 2029 401 salutem.
2079 362 2112 386 ³⁵
2133 360 2195 401 De

95 886 159 909 1⁵:101
167 886 186 909 l·>⁴

85 924 146 950 pact
153 921 264 945 ionibus

111 956 247 981 ‹is—bellat:

104 1118 243 1148 loppims,

103 1705 249 1734 minuitas,

87 1879 263 1904 habitatores

136 1914 213 1939 urbis

109 1951 128 1975 C
132 1950 243 1980 aspum,

86 2710 117 2734 'l'i
123 2711 179 2734 mot
185 2709 270 2734 heum

106 2753 131 2769 in
156 2745 267 2775 regione

114 2781 262 2805 ‘rubiana‘-

133 2822 224 2844 orum,

279 418 352 462 his.
381 432 471 472 quae
496 418 638 473 Lysias
665 422 863 471 cognatus
889 417 990 471 regis
1016 418 1214 459 concessit
1241 417 1369 463 vobis,
1397 422 1438 458 et
1463 431 1536 459 nos
1562 417 1845 459 concessimus.
1899 419 1935 443 ³⁶
1959 419 2021 459 De
2047 419 2194 472 quibus

279 483 418 518 autem
459 478 512 519 ad
552 490 685 529 regem
727 476 926 517 iudicavit
966 476 1235 522 referendum,
1278 476 1492 518 confestim
1535 475 1711 529 aliquem
1752 475 1919 522 mittite,
1962 477 2195 530 diligentius

279 535 386 576 inter
412 549 483 577 vos
512 536 777 583 conferentes,
807 539 854 575 ut
881 535 1158 579 decernamus,
1189 534 1294 576 sicut
1321 534 1508 587 congruit
1535 535 1669 576 vobis:
1699 548 1770 575 nos
1798 534 1906 575 enim
1933 535 2195 577 Antiochiam

279 594 520 635 accedimus.
583 595 617 617 3⁷
654 593 834 646 Ideoque
867 592 1060 634 festinate
1093 594 1322 639 rescribere.
1359 600 1405 634 ut
1440 605 1512 634 nos
1547 606 1709 646 quoque
1743 593 1918 634 sciamus
1953 594 2065 635 cuius
2100 594 2196 635 estis

280 653 517 693 voluntatis.
575 654 610 676 ³⁸
640 652 750 692 Bene
779 651 924 693 valete.
957 652 1075 694 Anno
1105 652 1326 694 centesimo
1357 651 1667 705 quadragesimo
1698 656 1857 695 octavo.
1891 652 2197 706 quintadecima

279 711 342 751 die
371 711 518 751 mensis
546 710 756 752 Xanthici.

598 815 637 855 3.
668 813 801 854 ludas
831 814 1050 866 gentibus
1081 815 1241 855 vicinis
1272 813 1439 855 bellum
1470 812 1623 864 infert,
1653 814 1718 865 12,
1739 815 1885 855 1-46.

388 883 449 926 12.
509 886 519 907 1
551 883 625 923 His
654 883 774 924 factis
805 883 1076 936 pactionibus,
1109 883 1251 937 Lysias
1281 883 1479 937 pergebat
1508 884 1561 925 ad
1589 897 1736 938 regem.
1770 883 1897 925 Iudaei
1926 889 2066 925 autem
2096 885 2198 938 agri-

280 941 449 983 culturae
469 955 633 995 operam
654 942 823 983 dabant.
873 944 887 966 2
906 943 986 983 Sed
1005 942 1057 990 hi,
1081 942 1149 995 qui
1169 942 1415 991 resederant,
1438 942 1689 991 Timotheus,
1712 947 1753 984 et
1772 942 2011 996 Apollonius
2031 943 2197 985 Gennaei

280 1001 395 1045 tilius.
427 1001 497 1042 sed
527 1007 567 1041 et
598 1001 885 1054 Hieronymus,
918 1006 959 1042 et
988 1001 1233 1054 Demophon
1263 1014 1384 1054 super
1412 1001 1496 1049 hos,
1529 1006 1570 1042 et
1600 1001 1778 1042 Nicanor
1806 1001 2084 1055 Cypriamhes,
2115 1015 2197 1044 non

279 1060 470 1101 sinebant
497 1073 563 1101 eos
592 1060 632 1100 in
660 1059 820 1100 silentio
849 1072 978 1113 agere,
1009 1066 1050 1101 et
1078 1060 1226 1113 quiete.

384 1121 400 1142 ³
440 1119 612 1171 loppitae
650 1131 745 1159 vero
784 1118 865 1159 tale
903 1119 1112 1172 quoddam
1150 1118 1352 1173 flagitium
1390 1124 1697 1172 perpetrarunt:
1737 1124 1987 1172 rogaverunt
2025 1118 2195 1167 Iudaeos,

278 1191 370 1218 cum
406 1177 552 1230 quibus
588 1176 847 1225 habitabant,
884 1178 1100 1218 ascendere
1133 1177 1318 1231 scaphas,
1356 1191 1455 1231 quas
1490 1183 1750 1231 paraverant,
1787 1191 1880 1219 cum
1914 1177 2121 1227 uxoribus,
2158 1183 2200 1219 et

279 1236 380 1280 filiis.
408 1236 523 1289 quasi
546 1235 665 1276 nullis
689 1235 911 1277 inimicitiis
934 1236 1041 1277 inter
1063 1249 1129 1277 eos
1152 1236 1472 1278 subiacentibus.
1524 1238 1539 1261 4
1561 1237 1796 1278 Secundum
1819 1250 2035 1278 commune
2058 1236 2199 1290 itaque

279 1295 489 1336 decretum
508 1295 701 1341 civitatis,
723 1300 762 1335 et
782 1294 877 1348 ipsis
897 1295 1263 1349 acquiescentibus,
1284 1295 1477 1349 pacisque
1497 1308 1620 1337 causa
1637 1295 1738 1336 nihil
1755 1300 1992 1349 suspectum
2011 1295 2198 1337 habenti-

280 1354 372 1394 bus:
410 1367 502 1394 cum
536 1353 577 1394 in
612 1353 742 1394 altum
777 1354 1078 1407 processissent,
1115 1355 1424 1395 submerserunt
1457 1368 1539 1395 non
1573 1354 1707 1395 minus
1742 1355 1952 1395 ducentos,
2015 1356 2030 1379 ⁵
2064 1355 2197 1403 Quam

279 1413 564 1454 crudelitatem
594 1413 716 1453 Iudas
742 1412 783 1453 in
810 1426 892 1454 suae
916 1413 1048 1467 gentis
1074 1413 1259 1455 homines
1285 1414 1440 1454 factam
1466 1417 1513 1454 ut
1539 1413 1744 1467 cognovit.
1773 1413 1966 1466 praecepit
1992 1412 2100 1462 viris,
2130 1413 2198 1467 qui

281 1478 397 1512 erant
414 1485 507 1512 cum
524 1471 630 1525 ipso:
650 1477 689 1512 et
706 1471 899 1513 invocato
916 1472 1024 1513 iusto
1041 1472 1172 1513 iudice
1188 1472 1288 1521 Deo,
1337 1473 1352 1497 ⁶
1368 1472 1483 1513 venit
1499 1472 1694 1513 adversus
1711 1472 1992 1513 interfectores
2008 1471 2196 1514 fratrum.

280 1537 320 1571 et
335 1536 501 1584 portum
515 1530 680 1584 quidem
696 1536 821 1571 noctu
837 1531 1059 1579 succendit,
1075 1531 1248 1584 scaphas
1264 1531 1430 1576 exussit.
1444 1544 1511 1572 eos
1526 1536 1678 1579 autem,
1694 1530 1763 1584 qui
1778 1531 1830 1572 ab
1845 1530 1936 1584 igne
1951 1531 2197 1584 refugerant,

278 1589 413 1639 gladio
444 1590 628 1643 peremit.
691 1591 704 1612 ⁷
736 1589 791 1629 Et
822 1603 914 1630 cum
945 1589 1029 1631 haec
1060 1590 1118 1630 ita
1149 1590 1306 1643 egisset,
1340 1589 1524 1631 discessit
1555 1589 1671 1643 quasi
1700 1590 1849 1630 iterum
1880 1602 2126 1639 reversurus,
2159 1595 2199 1631 et

280 1649 490 1689 universos
523 1648 707 1701 Ioppitas
738 1648 1030 1689 eradicaturus.

389 1712 403 1731 ‘³
419 1707 498 1749 Sed
514 1720 606 1748 cum
623 1707 880 1760 cognovisset
896 1712 937 1748 et
952 1720 1030 1753 eos,
1050 1707 1120 1761 qui
1136 1712 1253 1748 erant
1270 1707 1449 1752 Iamniee.
1468 1706 1570 1748 velle
1586 1707 1674 1761 pari
1689 1707 1812 1749 modo
1827 1707 1959 1748 facere
1974 1707 2200 1748 habitanti-

281 1768 355 1808 bus
383 1779 519 1807 secum
549 1765 707 1810 Iudaeis.
767 1768 781 1789 ⁹
810 1765 997 1807 Iamnitis
1027 1779 1189 1820 quoque
1216 1771 1336 1807 nocte
1363 1766 1612 1820 supervenit,
1642 1770 1684 1807 et
1709 1770 1876 1820 portum
1904 1779 1997 1806 cum
2024 1766 2199 1807 navibus

280 1825 508 1867 succendit:
533 1825 592 1865 ita
614 1829 661 1866 ut
682 1824 820 1865 lumen
843 1824 944 1878 ignis
968 1829 1185 1879 appareret
1208 1824 1466 1879 lerosolymis
1489 1837 1513 1866 a
1535 1824 1677 1866 stadiis
1700 1824 1887 1866 ducentis
1911 1825 2197 1879 quadraginta..

386 1886 422 1908 ¹⁰
456 1884 556 1924 Inde
591 1897 683 1924 cum
717 1883 798 1924 iam
833 1883 1029 1925 abiissent
1061 1897 1210 1925 novem
1245 1884 1400 1931 stadiis,
1437 1888 1478 1925 et
1511 1883 1588 1924 iter
1619 1883 1803 1924 facerent
1836 1884 1888 1924 ad
1923 1883 2198 1928 Timotheum.

283 1942 575 1984 commiserunt
600 1956 691 1983 cum
717 1955 762 1984 eo
786 1942 942 1983 Arabes
968 1942 1148 1996 quinque
1172 1942 1299 1984 millia
1322 1942 1409 1985 viri.
1436 1947 1477 1983 et
1501 1942 1658 1996 equites
1684 1941 1907 1996 quingenti.
1960 1944 1992 1966 11
2017 1942 2200 1996 Cumque

280 2015 419 2057 pugna
440 2001 578 2042 valida
600 2001 725 2045 fieret.
750 2006 791 2042 et
813 2000 964 2043 auxilio
986 2001 1063 2042 Dei
1084 2014 1275 2056 prospere
1297 2000 1493 2050 cessisset,
1517 2000 1666 2042 residui
1688 2001 1842 2042 Arabes
1865 2000 1976 2049 victi,
2000 2001 2200 2054 petebant

281 2075 304 2102 a
329 2061 433 2101 Iuda
456 2061 645 2101 dextram
669 2060 745 2100 sibi
769 2060 868 2105 dari.
894 2060 1183 2114 promittentes
1207 2073 1247 2101 se
1271 2073 1424 2114 pascua
1446 2060 1628 2109 daturos,
1654 2064 1696 2101 et
1717 2059 1757 2100 in
1783 2059 1925 2100 ceteris
1948 2059 2197 2113 profuturos.

282 2122 312 2144 ¹²
344 2120 466 2160 ludas
497 2124 648 2167 autem,
680 2119 904 2160 arbitratus
934 2132 1027 2160 vere
1056 2119 1096 2159 in
1125 2118 1266 2160 multis
1295 2132 1361 2161 eos
1391 2118 1523 2165 utiles,
1554 2118 1742 2173 promisit
1770 2132 1932 2172 pacem:
1963 2118 2200 2172 dextrisque

282 2178 471 2232 acceptis,
496 2178 711 2219 discessere
734 2178 786 2219 ad
807 2177 1075 2219 tabernacula
1095 2191 1180 2219 sua.
1231 2180 1263 2203 ¹3
1284 2178 1506 2232 Aggressus
1529 2182 1590 2219 est
1612 2181 1751 2219 autem
1774 2182 1815 2218 et
1836 2177 2049 2218 civitatem
2072 2191 2200 2231 quan-

282 2239 377 2279 dam
404 2238 563 2277 firmam
589 2236 784 2291 pontibus
809 2236 1017 2290 murisque
1043 2236 1370 2290 circumseptam.
1400 2250 1490 2290 quae
1515 2250 1539 2278 a
1563 2236 1694 2277 turbis
1720 2235 1990 2277 habitabatur
2014 2236 2199 2290 gentium

283 2296 618 2350 promiscuarum.
652 2295 716 2336 cui
747 2308 895 2336 nomen
928 2295 1117 2349 Casphin.
1179 2297 1210 2319 ¹⁴
1243 2295 1297 2336 Hi
1327 2308 1436 2339 vero,
1471 2294 1540 2349 qui
1570 2295 1681 2336 intus
1713 2300 1842 2343 erant,
1876 2295 2127 2336 confidentes
2159 2295 2200 2335 in

282 2352 510 2396 stabilitate
553 2367 774 2398 murorum.
820 2358 859 2394 et
902 2358 1106 2407 appa-ratu
1149 2353 1446 2403 alimoniarum,
1491 2353 1695 2395 remissius
1738 2354 1927 2408 agebant,
1971 2353 2199 2394 maledictis

281 2415 524 2455 lacessentes
549 2413 707 2456 Iudam.
732 2418 771 2454 et
793 2412 1138 2466 blasphemantes.
1163 2426 1209 2454 ac
1230 2412 1444 2467 loquentes
1467 2426 1557 2466 quae
1577 2413 1638 2453 fas
1660 2426 1741 2454 non
1764 2418 1836 2453 est.
1887 2414 1918 2437 ¹5
1939 2412 2199 2453 Machabaeus

283 2478 434 2517 autem.
456 2472 648 2513 invocato
669 2485 817 2525 magno
837 2471 981 2512 mundi
1000 2471 1199 2525 Principe,
1222 2471 1291 2526 qui
1310 2471 1395 2512 sine
1415 2471 1622 2521 arietibus,
1644 2476 1686 2512 et
1704 2470 1902 2512 machinis
1927 2470 2199 2525 atemporibus

284 2533 375 2573 Iesu
402 2530 678 2585 praecipitavit
706 2530 873 2575 Iericho.
902 2530 1019 2571 irruit
1047 2530 1235 2572 ferociter
1261 2530 1405 2571 muris:
1461 2532 1496 2554 ¹⁶
1522 2535 1564 2571 et
1590 2535 1713 2584 capta
1740 2529 1909 2571 civitate
1935 2543 2007 2583 per
2032 2529 2200 2571 Domini

283 2591 543 2632 voluntatem
566 2589 883 2630 innumerabiles
907 2590 1034 2630 caedes
1057 2589 1166 2634 fecit,
1196 2589 1254 2630 ita
1277 2594 1323 2630 ut
1348 2589 1536 2630 adiacens
1561 2595 1754 2643 stagnum
1775 2588 2002 2630 stadiorum
2025 2589 2199 2630 duorum

283 2649 525 2695 latitudinis,
559 2648 754 2702 sanguine
782 2648 1091 2689 interfectorum
1119 2648 1242 2689 fluere
1271 2648 1490 2689 videretur.

390 2710 424 2732 1⁷
453 2708 552 2748 Inde
578 2707 850 2748 discesserunt
875 2707 1010 2747 stadia
1034 2707 1295 2761 septingenta
1321 2706 1633 2761 quinquaginta,
1661 2711 1701 2748 et
1727 2711 1927 2747 venerunt
1952 2706 1993 2746 in
2019 2705 2199 2747 Characa

286 2768 337 2809 ad
369 2780 447 2809 eos,
482 2766 550 2820 qui
582 2766 775 2807 dicuntur
806 2765 1027 2810 Tubianaei.
1063 2766 1239 2807 Iudaeos:
1300 2767 1334 2790 ¹⁸
1364 2770 1406 2806 et
1436 2765 1697 2807 Timotheum
1731 2765 1895 2819 quidem
1926 2764 1967 2805 in
1998 2764 2072 2805 illis
2103 2763 2199 2806 locis

286 2839 366 2867 non
395 2825 804 2878 comprehenderunt.
834 2823 1026 2878 nulloque
1054 2824 1217 2879 negotio
1244 2825 1425 2878 perfecto
1452 2837 1654 2878 regressus
1682 2828 1754 2867 est.
1784 2823 1923 2865 relicto
1951 2823 1992 2864 in
2021 2824 2199 2877 quodam

284 2885 370 2926 loco
399 2884 628 2925 firmissimo
655 2883 854 2937 praesidio.
910 2885 945 2907 ¹⁹
971 2883 1192 2925 Dositheus
1220 2888 1371 2928 autem,
1401 2888 1441 2924 et
1468 2883 1687 2937 Sosipater,
1719 2883 1787 2937 qui
1814 2887 1931 2924 erant
1958 2883 2079 2923 duces
2107 2895 2198 2922 cum

285 2943 532 2986 Machabaeo.
558 2947 817 2996 peremerunt
842 2955 866 2983 a
888 2942 1104 2983 Timotheo
1127 2942 1287 2983 relictos
1311 2942 1352 2983 in
1375 2941 1575 2996 praesidio,
1601 2942 1741 2983 decem
1764 2940 1892 2982 millia
1914 2940 2033 2982 viros
2086 2942 2122 2965 ²⁰
2144 2941 2200 2981 At

286 3002 555 3045 Machabaeus.
584 3001 780 3043 ordinatis
806 3000 957 3042 circum
982 3014 1022 3042 se
1046 3014 1116 3041 sex
1141 3000 1330 3046 millibus,
1357 3006 1399 3041 et
1423 3000 1659 3042 constitutis
1684 3013 1756 3054 per
1779 3000 1977 3048 cohortes,
2005 2999 2199 3040 adversus

285 3061 546 3102 Timotheum
570 3060 776 3114 processit.
801 3060 1022 3101 habentem
1045 3072 1181 3100 secum
1205 3065 1370 3100 centum
1392 3059 1539 3114 viginti
1560 3058 1687 3100 millia
1708 3058 1907 3112 peditum,
1932 3058 2200 3112 equitumque

287 3121 366 3160 duo
404 3119 528 3160 millia
567 3119 823 3173 quingentos.
889 3120 919 3143 2¹
958 3118 1129 3172 Cognito
1167 3124 1307 3159 autem
1345 3118 1458 3159 Iudae
1495 3118 1690 3161 adventu.
1730 3117 1968 3158 Timotheus
2004 3116 2201 3171 praemisit

286 3177 484 3221 mulieres,
518 3183 557 3218 et
589 3177 702 3222 filios.
736 3182 776 3218 et
807 3176 1008 3231 reliquum
1040 3182 1299 3231 apparatum.
1333 3177 1373 3217 in
1404 3177 1650 3230 praesidium,
1685 3177 1795 3230 quod
1825 3175 2000 3217 Carnion
2031 3175 2198 3217 dicitur:

286 3242 372 3277 erat
395 3236 501 3276 enim
523 3235 849 3290 inexpugnabile.
874 3241 915 3277 et
936 3249 1098 3277 accessu
1120 3235 1282 3277 difficile
1303 3241 1471 3289 propter
1490 3234 1670 3277 locorum
1693 3234 1914 3288 angustias.
1964 3236 1996 3259 ²2
2017 3233 2200 3287 Cumque

287 3295 428 3335 cohors
466 3295 576 3335 Iudae
610 3295 741 3348 prima
773 3295 1041 3348 apparuisset,
1079 3294 1201 3336 timor
1233 3294 1419 3335 hostibus
1453 3294 1636 3335 incussus
1669 3298 1742 3342 est,
1778 3306 1828 3333 ex
1860 3292 2078 3346 praesentia
2108 3292 2197 3336 Dei.

289 3353 356 3407 qui
386 3353 575 3393 universa
603 3353 811 3406 conspicit.
843 3358 883 3394 et
911 3353 951 3394 in
980 3354 1119 3407 fugam
1149 3353 1253 3393 versi
1281 3359 1376 3393 sunt
1406 3352 1506 3393 alius
1535 3353 1586 3394 ab
1616 3351 1706 3396 alio.
1750 3351 1810 3392 ita
1837 3357 1884 3392 ut
1911 3351 2039 3405 magis
2068 3363 2092 3392 a
2118 3350 2199 3391 suis

287 3412 567 3457 deiicerentur,
585 3417 625 3451 et
639 3411 866 3465 gladiorum
883 3425 1048 3453 suorum
1064 3411 1212 3453 ictibus
1228 3411 1551 3453 debilitarentur.
1596 3414 1628 3435 '³3
1645 3411 1767 3452 Iudas
1783 3415 1922 3451 autem
1937 3410 2201 3451 vehementer

422 3537 474 3580 12,
499 3538 541 3571 15
567 3537 640 3570 alos
665 3538 696 3578 6,
722 3538 773 3571 20.
