2356 3760
137 930 271 954 salomon

103 966 265 995 concipitur
278 970 304 991 et

136 1002 271 1025 nascitur.

158 1292 249 1316 David

113 1328 293 1352 Annnonitas

139 1363 267 1393 proterit.

152 2059 255 2083 Amore

133 2094 271 2125 languens

142 2890 267 2914 Thamar

142 2932 267 2950 *murelli

140 2960 274 2984 ‚xps-aloru

129 2997 253 3026 opprimi
260 2998 279 3021 t.

315 135 392 175 266
1173 135 1316 169 LIBER
1346 138 1390 170 ll.
1938 141 1991 177 12,
2018 141 2157 178 15)-43,
2185 140 2225 172 13

315 234 471 282 quanto
503 228 630 283 magis
663 229 694 269 si
726 229 960 279 dixerimus,
994 230 1179 270 Mortuus
1212 235 1275 270 est
1306 243 1417 283 puer,
1450 246 1490 271 se
1522 231 1701 285 affliget?
1764 233 1797 255 ³⁹
1829 233 1929 273 Cum
1962 246 2054 287 ergo
2086 225 2223 273 David

314 286 484 328 vidisset
511 301 647 328 servos
677 302 769 328 suos
798 288 1076 331 mussitantes,
1107 288 1310 330 intellexit
1338 290 1448 342 quod
1475 296 1662 332 mortuus
1691 297 1798 332 esset
1825 286 2070 333 infantulus:
2100 291 2224 333 dixit-

314 359 392 399 que
422 347 473 387 ad
503 360 638 387 servos
669 360 780 387 suos:
817 347 921 387 Num
952 352 1137 388 mortuus
1168 353 1229 388 est
1258 347 1382 400 puer?
1413 348 1489 397 Qui
1521 350 1817 402 responderunt
1847 349 1901 391 ei:
1930 350 2117 392 Mortuus
2147 357 2220 393 est.

313 405 350 429 2⁰
370 405 555 446 Surrexit
577 419 669 455 ergo
698 405 829 446 David
853 407 902 446 de
925 410 1051 447 terra:
1076 411 1117 447 et
1140 405 1248 447 lotus
1274 412 1502 461 unctusque
1526 413 1605 449 est:
1631 422 1804 462 cmnque
1827 414 2030 450 mutasset
2052 415 2221 454 vestem,

312 463 513 517 ingressus
544 470 603 504 est
634 465 800 505 domum
831 464 1016 505 Domini:
1048 472 1089 506 et
1117 465 1319 508 adoravit,
1351 471 1391 506 et
1421 466 1535 507 venit
1564 466 1604 507 in
1634 467 1802 508 domum
1832 482 1961 517 suam,
1993 468 2223 523 petivitque

313 528 360 563 ut
384 528 579 576 ponerent
601 523 633 563 ei
660 537 818 576 panem,
843 528 884 564 et
906 524 1094 565 eomedit.
1145 525 1176 548 ‘³¹
1199 524 1405 565 Dixerunt
1426 531 1562 566 autem
1588 525 1621 566 ei
1643 525 1749 567 servi
1770 526 1849 567 sui:
1874 527 1972 576 Quis
1995 532 2058 569 est
2077 540 2221 571 sermo,

314 595 433 635 quem
465 581 621 622 fecisti?
653 587 821 635 propter
853 582 1064 627 infantem,
1098 597 1189 624 cum
1222 584 1356 624 adhuc
1388 584 1556 629 viveret,
1593 584 1779 626 ieiunasti
1810 590 1851 626 et
1884 586 2027 627 flebas:
2060 591 2223 628 mortuo

313 647 450 681 autem
478 654 615 693 puero.
644 641 866 685 surrexisti,
896 647 935 682 et
962 641 1174 684 comedisti
1205 656 1361 695 panem.
1417 646 1449 666 ”-’“-’
1475 643 1553 691 Qui
1580 643 1655 684 ait:
1687 645 1857 697 Propter
1882 644 2095 692 infantem,
2123 646 2222 687 dum

311 699 445 740 adhuc
471 700 639 744 viveret,
668 699 843 741 ieiunavi
871 706 913 741 et
939 701 1050 742 flevi:
1078 701 1263 742 dicebam
1290 702 1416 742 enim:
1444 702 1542 750 Quis
1568 702 1642 743 scit
1669 703 1700 742 si
1725 703 1830 744 forte
1855 704 1982 745 donet
2006 718 2098 745 eum
2123 704 2222 745 mihi

313 758 524 802 Dominus,
548 764 588 799 et.
610 759 726 800 vivat
746 759 905 800 infans?
954 762 986 784 ²²³
1009 761 1125 800 Nunc
1145 766 1285 801 autem
1308 761 1404 814 quia
1424 766 1610 802 mortuus
1631 768 1704 810 est,
1728 775 1852 815 quare
1872 762 2072 804 ieiunem?
2097 764 2223 804 Num-

312 817 409 870 quid
437 823 579 871 potero
608 831 799 860 revocare
826 832 916 859 eum
949 819 1147 872 amplius?
1178 833 1249 870 ego
1278 821 1429 861 vadam
1460 819 1587 873 inagis
1616 821 1668 861 ad
1696 834 1808 861 eum:
1840 821 1903 861 ille
1932 834 2026 863 vero
2054 835 2137 863 non
2164 836 2224 862 re-

312 882 495 917 vertetur
522 878 574 918 ad
604 891 678 918 me.

415 938 446 959 2⁴
485 936 535 978 iet
566 937 798 978 consolatus
832 942 892 977 est
924 937 1061 978 David
1094 938 1324 979 Bethsabce
1357 951 1523 979 uxorem
1556 953 1686 987 suam,
1721 938 2004 993 ingressusque
2035 941 2088 982 ad
2119 954 2222 989 eam,

309 994 505 1036 dormivit
530 1009 621 1036 cum
648 1010 712 1036 ea:
741 1010 830 1049 quae
853 996 993 1046 genuit
1021 996 1159 1042 tilium,
1187 1002 1228 1038 et
1252 997 1419 1038 vocavit.
1442 1011 1591 1038 nomen
1617 997 1700 1038 eius
1725 998 1930 1044 Salomon,
1957 1004 1999 1039 et
2022 998 2223 1040 Dominus

308 1053 451 1094 dilexit
469 1067 573 1095 eum.
619 1057 651 1079 2⁵
668 1055 861 1108 Misitque
879 1055 918 1095 in
936 1069 1060 1096 manu
1082 1056 1246 1097 Nathan
1264 1056 1486 1109 prophetae.
1506 1061 1547 1097 et
1562 1057 1730 1097 vocavit
1744 1070 1894 1098 nomen
1911 1056 2006 1104 eius,
2025 1058 2223 1099 Amabilis

309 1113 498 1156 Domino.
531 1128 576 1154 eo
609 1115 717 1167 quod
749 1114 935 1165 diligeret
964 1129 1056 1155 cum
1086 1115 1302 1157 Dominus.

760 1219 798 1259 3.
830 1219 950 1258 Finis
982 1219 1086 1260 belii
1118 1219 1496 1271 Ammonitarum,
1523 1220 1590 1272 12,
1610 1220 1782 1261 26—31.

413 1292 448 1314 2⁶
485 1290 635 1343 aig-itur
666 1291 880 1344 pugnabat
920 1291 1014 1332 loab
1047 1296 1190 1332 contra
1224 1291 1420 1332 Rabbath
1452 1291 1625 1332 filiorum
1661 1292 1849 1336 Ammon,
1885 1298 1925 1332 et
1957 1294 2223 1347 expugnabat

310 1350 449 1390 urbem
480 1349 643 1403 regiam.
702 1351 735 1373 2⁷
766 1350 959 1404 Misitque
996 1350 1090 1391 [oab
1120 1350 1289 1392 nuncios
1319 1352 1371 1391 ad
1406 1350 1550 1394 David,
1583 1350 1738 1391 dicens:
1773 1351 1973 1391 Dimicavi
2003 1352 2223 1393 adversum

308 1408 516 1453 Rabbath,
539 1413 579 1449 et
599 1408 798 1462 capienda·
817 1414 879 1450 est
900 1410 1005 1450 Urbs
1026 1423 1239 1463 aquarum.
1288 1412 1324 1434 2⁸
1346 1410 1463 1450 Nunc
1483 1410 1607 1463 igitur
1625 1423 1825 1463 congrega
1843 1410 2040 1464 reliquam
2060 1415 2222 1464 partem

306 1467 459 1522 populi,
483 1473 523 1508 et
545 1467 685 1509 obside
707 1467 932 1517 civitatem,
956 1474 997 1509 et.
1018 1482 1117 1522 cape
1139 1482 1247 1509 eam:
1272 1483 1332 1513 ne,
1357 1483 1449 1509 enm
1472 1483 1496 1509 a
1516 1483 1580 1509 me
1602 1474 1769 1510 vastata
1790 1469 1914 1510 fuerit
1934 1470 2043 1515 urbs,
2066 1469 2224 1511 nomini

305 1541 395 1568 meo
413 1527 641 1568 ascribatur
656 1527 839 1568 victoria.
885 1529 920 1551 2⁹
935 1528 1208 1579 Congregavit
1232 1528 1372 1581 itaque
1392 1528 1524 1569 David
1551 1541 1712 1568 onmem
1729 1528 1940 1582 populum,
1958 1533 2000 1570 et
2016 1529 2222 1583 profectus

306 1592 368 1627 est
392 1587 610 1627 adversum
643 1586 854 1627 Rabbath:
881 1601 1056 1641 cumque
1081 1586 1327 1632 dimicasset,
1355 1587 1464 1640 cepit
1488 1600 1590 1628 eam.
1643 1589 1680 1611 3⁰
1704 1587 1758 1627 Et
1784 1587 1881 1628 tulit
1905 1587 2096 1629 diadema
2120 1587 2223 1642 regis

306 1658 445 1687 eorum
481 1647 529 1687 de
564 1645 698 1699 capite
733 1645 829 1691 eius,
867 1647 1003 1700 pondo
1039 1646 1125 1687 auri
1161 1645 1377 1689 talentum,
1415 1646 1568 1687 habens
1603 1660 1784 1698 gemmas
1820 1646 2146 1700 pretiosissimas,
2183 1651 2225 1687 et

305 1705 542 1759 impositum
580 1709 641 1746 est
674 1718 796 1759 super
828 1711 954 1759 caput
984 1705 1135 1747 David.
1170 1706 1249 1747 Sed
1283 1710 1324 1746 et
1356 1706 1536 1759 praedam
1571 1705 1752 1746 civitatis
1786 1706 2017 1759 asportavit
2048 1706 2222 1747 multam

305 1764 444 1805 valde:
495 1766 525 1788 ²³¹
554 1763 749 1818 populum
775 1778 937 1819 quoque
961 1765 1044 1806 eius
1069 1766 1275 1806 adducens
1300 1765 1484 1808 serravit.
1512 1770 1551 1805 et
1575 1764 1813 1816 circumegit
1836 1778 1958 1818 super
1980 1779 2046 1806 eos
2070 1765 2224 1806 ferrata-

306 1829 519 1877 carpenta:
537 1823 760 1877 divisitque
775 1824 927 1868 cultris,
946 1829 986 1865 et
1000 1824 1188 1865 traduxit
1203 1824 1243 1864 in
1258 1829 1360 1878 typo
1375 1824 1570 1865 laterum:
1587 1823 1642 1864 sic
1656 1823 1754 1865 fecit
1769 1823 1967 1865 universis
1983 1823 2223 1865 civitatibus

306 1882 478 1924 filiorum
511 1884 708 1924 Ammon:
741 1888 781 1924 et
810 1897 994 1925 reversus
1024 1890 1086 1925 est
1114 1883 1264 1928 David,
1297 1888 1338 1924 et
1368 1883 1498 1924 omnis
1529 1883 1730 1924 exercitus
1760 1882 1799 1923 in
1833 1882 2064 1924 ierusalem.

751 1989 789 2028 4.
820 1987 980 2029 Scelus
1009 1988 1186 2030 Amnon
1216 1988 1528 2040 primogeniti,
1555 1989 1622 2039 13,
1641 1989 1786 2028 1—22.

414 2059 477 2103 13.
534 2062 547 2083 1
572 2060 747 2101 Factum
773 2066 834 2101 est
859 2065 998 2101 autem
1023 2065 1118 2114 post
1142 2060 1239 2103 haec,
1266 2065 1312 2101 ut
1337 2059 1533 2100 Absalom
1558 2059 1629 2099 filii
1653 2060 1790 2100 David
1814 2072 1992 2101 sororem
2017 2057 2226 2113 speciosis-

307 2118 466 2162 simam,
504 2119 705 2161 vocabulo
742 2119 932 2162 Thamar.
971 2120 1185 2160 adamaret
1218 2120 1383 2160 Amnon
1419 2118 1522 2159 filius
1558 2118 1708 2161 David,
1773 2120 1787 2142 2
1822 2123 1863 2159 et
1898 2118 2101 2172 deperiret
2135 2132 2225 2159 eam

307 2177 438 2220 valde.
465 2178 525 2219 ita
549 2183 597 2219 ut
620 2184 789 2232 propter
813 2192 993 2220 amorem
1020 2178 1103 2219 eius
1129 2183 1364 2232 aegrotaret:
1393 2177 1489 2232 quia
1513 2191 1605 2218 cum
1632 2182 1737 2218 esset
1761 2177 1888 2230 virgo.
1916 2176 2081 2218 difficile
2105 2177 2141 2218 ei
2165 2177 2224 2217 vi-

306 2237 483 2278 debatur
515 2243 562 2279 ut
596 2238 807 2291 quippiam
841 2237 1055 2279 inhoneste
1088 2245 1225 2291 ageret
1258 2251 1350 2278 cum
1385 2251 1442 2278 ea„
1504 2240 1519 2261 ³³
1551 2237 1653 2277 Erat
1687 2242 1825 2277 aute-m
1858 2237 2022 2277 Amnon
2056 2235 2223 2282 amicus,

306 2297 470 2338 nomine
500 2297 684 2338 Ionadab
713 2297 817 2337 filius
845 2298 1036 2337 Semmaa
1063 2296 1200 2337 fratris
1228 2296 1378 2340 David,
1408 2296 1471 2337 vir
1497 2296 1675 2349 ‘prudens
1703 2295 1835 2336 valde..
1891 2297 1907 2320 ⁴
1934 2295 2013 2344 Qui
2040 2295 2146 2336 dixit
2173 2296 2224 2336 ad

307 2370 418 2396 eum:
445 2356 578 2405 Quare
602 2355 657 2397 sic
682 2356 909 2397 attenuaris
934 2355 1062 2397 macie
1086 2355 1141 2396 fili
1164 2355 1267 2410 regis
1290 2369 1362 2409 per
1385 2355 1563 2408 singulos
1588 2354 1697 2396 dies?
1722 2368 1793 2396 our
1815 2368 1897 2396 non
1920 2354 2075 2395 indicas
2099 2353 2223 2395 mihi?

306 2415 505 2469 Dixitque
532 2416 565 2456 ei
592 2416 774 2457 Amnon:
806 2415 986 2456 Thamar
1010 2428 1185 2456 sororem
1218 2415 1356 2455 fratris
1386 2414 1465 2455 mei
1491 2414 1685 2455 Absalom
1718 2427 1821 2455 amo.
1876 2416 1891 2438 3
1916 2413 1989 2455 Cui
2015 2413 2224 2467 respondit

310 2475 513 2516 ionadab:
544 2475 660 2516 Cuba
688 2488 809 2529 super
836 2474 988 2515 lectum
1018 2478 1150 2521 tuum,
1183 2479 1224 2515 et
1252 2473 1489 2528 languorem
1519 2473 1684 2514 simula:
1716 2486 1891 2527 cumque
1920 2472 2080 2514 venerit
2107 2477 2228 2526 pater

307 2539 403 2574 tuus
430 2540 477 2575 ut
507 2534 646 2575 visitet
672 2539 725 2579 te,
755 2534 819 2575 dic
847 2534 899 2574 ei:
930 2533 1090 2578 Veniat,
1120 2533 1412 2577 0r0.“Tha1na1·
1437 2546 1550 2574 soror
1577 2546 1678 2578 mea,
1708 2537 1755 2574 ut
1782 2533 1853 2573 det
1879 2531 1979 2573 mihi
2006 2531 2156 2576 cibum,
2185 2537 2225 2572 et

309 2593 433 2634 faciat
455 2593 727 2647 pulmentum.
752 2599 798 2634 ut
820 2593 1032 2634 comedam
1055 2593 1104 2633 de
1127 2606 1251 2634 manu
1273 2592 1370 2633 eius.
1424 2594 1439 2615 ⁶
1459 2591 1665 2633 Accubuit
1685 2591 1826 2646 itaque
1846 2591 2024 2636 Amnon,
2048 2595 2089 2632 et
2111 2591 2226 2645 quasi

307 2657 503 2706 aegrotare
532 2652 674 2705 eoepit:
706 2666 879 2706 cunique
909 2652 1086 2693 venisset
1115 2666 1185 2693 rex
1213 2653 1265 2693 ad
1293 2651 1547 2692 visitandum
1577 2664 1682 2696 eum,
1713 2651 1771 2692 ait
1798 2651 1964 2692 Amnon
1991 2651 2044 2692 ad
2070 2663 2225 2704 regem:

309 2711 469 2755 Veniat,
500 2712 677 2755 obsecro,
709 2712 888 2752 Thamar
915 2725 1027 2753 soror
1054 2725 1156 2756 mea,
1186 2717 1234 2752 ut
1260 2711 1386 2752 faciat
1415 2711 1454 2751 in
1484 2710 1608 2751 oculis
1636 2710 1736 2750 meis
1765 2711 1866 2751 duas
1894 2708 2223 2754 sorbitiunculas,

308 2776 349 2812 et
376 2771 511 2812 cibum
539 2770 696 2824 capiam
727 2771 776 2811 de
803 2784 927 2811 manu
956 2770 1051 2812 eius.
1110 2772 1123 2794 ⁷
1151 2770 1263 2812 Misit
1290 2784 1382 2824 ergo
1411 2769 1546 2811 David
1573 2770 1624 2810 ad
1652 2769 1831 2810 Thamar
1856 2769 2038 2813 domum,
2067 2768 2223 2809 dicens:

310 2830 410 2871 Veni
440 2830 480 2870 in
510 2831 678 2871 domum
709 2830 871 2870 Amnon
902 2829 1039 2870 fratris
1071 2830 1143 2873 tui.
1176 2836 1217 2871 et
1245 2830 1310 2870 fac
1339 2829 1372 2870 ei
1404 2828 1675 2883 pulmentum.

419 2891 434 2911 ⁸
465 2889 668 2943 Venitque
701 2889 879 2929 Thamar
909 2889 949 2929 in
982 2890 1149 2930 domum
1183 2889 1342 2929 Amnon
1376 2888 1513 2929 fratris
1545 2888 1624 2929 sui:
1657 2887 1721 2928 ille
1753 2893 1891 2928 autem
1926 2887 2104 2928 iacebat:
2138 2900 2226 2939 qua’

313 2948 457 2990 tollens
494 2948 666 2989 farinam
702 2948 977 2989 commiscuit:
1013 2954 1054 2989 et
1088 2948 1362 3002 liquefaciens,
1401 2947 1439 2987 in
1476 2947 1599 2988 oculis
1634 2946 1717 2987 eius
1753 2946 1862 2987 coxit
1897 2945 2224 2987 sorbitiunculas.

315 3010 330 3031 ⁹
350 3007 592 3061 Tollensque
614 3008 723 3061 qnod
744 3013 921 3053 coxerat,
945 3008 1101 3049 effudit.
1125 3013 1164 3048 et
1187 3007 1321 3060 posuit
1342 3020 1477 3048 coram
1498 3021 1556 3051 eo,
1579 3011 1619 3047 et
1638 3005 1769 3046 noluit
1790 3005 2019 3047 comedere:
2040 3004 2227 3057 dixitque

310 3067 492 3107 Amnon:
526 3066 671 3107 Eiicite
705 3066 913 3107 universos
946 3080 970 3107 a
1000 3080 1075 3107 me.
1109 3069 1293 3120 t‘umque
1324 3065 1535 3106 eiecissent
1567 3078 1718 3111 omnes,
1780 3066 1814 3089 ¹⁰
1844 3064 1950 3105 dixit
1979 3064 2142 3104 Amnon
2175 3063 2223 3103 ad

311 3126 507 3166 Thamar:
539 3126 645 3166 lnfer
668 3126 802 3166 cibum
830 3125 869 3166 in
894 3125 1098 3168 conclave,
1127 3132 1171 3166 ut
1196 3138 1336 3166 vescar
1358 3126 1407 3166 de
1430 3138 1555 3165 manu
1581 3130 1664 3165 tua.
1691 3123 1802 3164 Tulit
1827 3137 1918 3176 ergo
1943 3123 2122 3163 Thamar
2143 3135 2226 3163 sor-

315 3184 574 3229 bitiunculas,
595 3199 695 3238 quas
714 3185 877 3229 fecerat,
897 3191 937 3225 et
956 3184 1095 3225 intulit
1113 3185 1165 3225 ad
1182 3186 1344 3225 Amnon
1366 3185 1531 3225 fratrem
1549 3197 1666 3224 suum
1686 3182 1727 3222 in
1745 3182 1948 3224 conclave.
1997 3184 2024 3205 11
2043 3182 2227 3234 Cumque

315 3244 531 3285 obtulisset
551 3244 584 3284 ei
606 3244 754 3289 cibum,
778 3244 1049 3297 amprehendit
1069 3257 1171 3288 mini,
1193 3250 1235 3284 et
1255 3244 1330 3284 ait:
1353 3243 1466 3284 Veni.
1490 3243 1594 3283 cuba
1614 3255 1773 3282 mecum
1794 3255 1906 3282 soror
1925 3254 2026 3281 mea.
2077 3241 2108 3264 ¹²
2128 3240 2228 3288 Quae

313 3303 523 3356 respondit
549 3303 602 3343 ei:
634 3303 722 3343 Noli
747 3303 874 3343 frater
900 3303 964 3348 mi,
994 3302 1072 3342 noli
1099 3302 1326 3355 opprimere
1354 3316 1427 3345 me,
1454 3315 1586 3355 neque
1611 3300 1717 3341 enim
1744 3302 1819 3341 hoc
1844 3301 1904 3341 fas
1930 3305 1990 3341 est
2016 3299 2055 3339 in
2084 3299 2225 3339 lsrael:

314 3362 395 3402 noli
429 3363 558 3401 facere
593 3361 811 3402 stultitiam
849 3362 963 3403 hanc.
1028 3364 1058 3386 ¹3
1092 3362 1177 3406 Ερο
1211 3362 1315 3401 enim
1352 3362 1453 3401 ferre
1489 3374 1566 3401 non
1601 3365 1744 3413 potero
1778 3358 2040 3413 opprobrium
2078 3372 2224 3400 meum.

448 3498 490 3533 20·
516 3501 552 3533 ³1
580 3499 646 3533 Par
670 3500 724 3540 20,
751 3503 779 3534 1.
