2356 3760
143 84 194 122 lo,
221 83 360 122 lTfflIL
386 83 426 116 27
904 84 1286 118 PROVERBIORL‘M
1957 100 2034 140 573

145 176 177 198 ¹⁷
199 175 275 216 Via
304 175 410 220 vitae,
445 176 690 217 custodienti
722 176 993 229 disciplinam:
1080 178 1147 231 qui
1179 185 1314 219 autem
1357 179 1651 233 increpationes
1681 185 1880 239 relinquit,
1913 196 2030 233 errat.

146 236 178 256 ¹⁸
198 234 468 275 Abscondunt
498 234 636 275 odium
666 234 775 275 labia
803 236 1033 276 mendacia:
1119 237 1187 289 qui
1227 238 1381 290 profert
1411 238 1710 282 contumeliam.
1743 243 1929 296 insipiens
1960 255 2030 290 est.

145 294 178 315 ¹⁰
201 292 247 333 In
272 292 528 346 multiloquio
554 306 635 333 non
660 293 785 334 deerit
810 299 1044 347 peceatum:
1123 295 1191 349 qui
1216 302 1354 336 autern
1379 297 1615 338 moderatur
1637 297 1746 340 labia
1768 313 1841 341 sua
1863 306 2034 354 pruden-

405 351 584 392 tissimus
612 357 684 393 est.

143 411 178 432 ²⁰
194 411 420 463 Argentum
451 409 636 458 electum,
669 409 807 463 lingua
837 411 950 452 iusti:
1035 425 1103 453 cor
1134 417 1271 453 autem
1303 413 1518 466 impiorum
1550 427 1621 467 pro
1653 415 1789 457 nihilo.

143 470 173 491 ’11
195 468 324 509 Labia
355 468 451 509 iusti
484 468 677 509 erudiunt
708 468 920 521 plurimos:
1010 470 1078 523 qui
1122 476 1259 511 autem
1293 472 1447 513 indocti
1480 478 1587 519 sunt,
1622 473 1663 513 in
1697 474 1826 515 cordis
1860 482 2037 527 egestate

404 527 638 568 morientur.

143 587 175 609 11
196 585 430 626 Benedictio
459 585 626 627 Domini
655 585 801 627 divites
830 587 940 635 facit,
1025 601 1096 628 nec
1127 588 1347 629 sociabitur
1375 589 1429 629 eis
1459 589 1638 631 afflictio.

143 646 175 667 ²³
195 644 319 692 Quasi
345 657 416 697 per
440 644 565 684 risum
592 644 742 685 stultus
768 651 961 699 operatur
986 646 1131 687 scelus:
1212 647 1413 700 sapientia
1444 654 1582 689 autem
1609 655 1670 690 est
1696 649 1780 690 viro
1809 650 2037 703 prudentia.

142 703 174 725 '²¹
195 702 314 751 Quod
342 703 461 743 timet
488 702 648 755 impius,
680 703 816 745 veniet
844 717 963 757 super
991 718 1102 745 eum:
1185 705 1426 746 desiderium
1456 720 1574 747 suum
1603 707 1718 748 iustis
1747 709 1922 750 dabitur.

142 762 174 785 ²⁵
195 761 320 810 Quasi
344 767 567 815 tempestas
592 762 791 803 transiens
816 776 897 804 non
922 763 997 804 erit
1021 763 1187 817 impius:
1266 764 1396 805 iustus
1422 771 1558 806 autem
1586 766 1700 818 quasi
1724 767 2039 808 fundamentum

404 820 708 873 sempiternum.

142 880 177 901 ‘2⁶
194 878 307 919 Sicut
333 884 494 919 acetum
520 879 722 927 dentibus,
750 886 790 921 et
815 881 951 921 fumus
977 881 1111 926 oeulis,
1192 882 1247 922 sic
1271 882 1382 935 piger
1406 882 1478 930 his,
1507 883 1576 936 qui
1600 883 1795 924 miserunt
1821 898 1925 926 eum.

142 938 175 960 ²⁷
194 937 331 978 Timor
358 937 524 978 Domini
554 944 734 992 apponet
762 939 863 980 dies:
947 946 988 980 et
1017 940 1112 980 anni
1142 940 1358 994 impiorum
1388 942 1693 983 breviabuntur.

142 997 177 1019 ²⁸
194 995 440 1049 Expectatio
469 996 669 1037 iustorum
698 997 859 1039 laetitia:
943 1012 1032 1052 spes
1063 1005 1200 1040 autem
1230 1000 1447 1053 impiorum
1476 1001 1635 1054 peribit.

142 1057 176 1079 2¹⁴
194 1055 410 1096 Fortitudo
440 1055 630 1109 simplicis
660 1056 728 1097 via
755 1057 939 1098 Domini:
1022 1063 1064 1098 et
1091 1071 1220 1111 pavor
1248 1059 1320 1106 his,
1353 1059 1422 1112 qui
1451 1064 1672 1112 operantur
1699 1060 1864 1101 malum.

141 1115 178 1137 3⁰
196 1114 332 1154 Iustus
346 1114 386 1154 in
401 1119 598 1155 aeternum
614 1128 695 1156 non
709 1116 1051 1157 commovebitur:
1097 1117 1210 1170 impii
1225 1123 1362 1158 autem
1380 1131 1461 1158 non
1476 1118 1725 1159 habitabunt
1741 1124 2037 1171 superterram.

141 1174 172 1196 ³¹
191 1172 246 1213 Os
275 1172 371 1213 iusti
400 1173 601 1226 parturiet
629 1174 891 1227 sapientiam:
973 1175 1112 1228 lingua
1139 1188 1359 1229 pravorum
1388 1176 1546 1229 peribit.

141 1233 173 1255 ³²
191 1231 320 1272 Labia
348 1232 443 1272 iusti
473 1232 731 1274 considerant
760 1233 928 1286 placita:
1012 1240 1053 1275 et
1081 1248 1124 1275 os
1153 1234 1370 1287 impiorum
1400 1247 1600 1287 perversa.

145 1349 205 1392 ll.
262 1351 273 1373 ¹
296 1350 461 1390 Statera
481 1350 630 1394 dolosa,
655 1351 905 1391 abominatio
928 1357 987 1391 est
1011 1351 1120 1403 apud
1141 1351 1383 1392 Dominum:
1459 1358 1501 1392 et
1521 1352 1680 1405 pondus
1702 1366 1875 1406 aequum,
1900 1352 2040 1393 volun·
2066 1359 2225 1419 ‘⁴¹’J-2'ss'jfl⁸¹¹‘¹i

404 1414 466 1449 tas
496 1408 591 1449 eius.
2179 1414 2183 1418 '

162 1470 176 1490 ‘-'
196 1466 276 1507 Ubi
305 1467 428 1507 fuerit
457 1467 657 1520 superbia,
690 1467 745 1508 ibi
776 1468 851 1509 erit
880 1473 922 1508 et
952 1468 1216 1509 contumelia:
1303 1468 1371 1510 ubi
1402 1474 1539 1510 autem
1572 1474 1634 1511 est
1662 1470 1882 1514 humilitas.
1915 1470 1970 1511 ibi
2000 1476 2041 1511 ct

403 1525 616 1579 sapientia.

137 1584 439 1637 &Simplicitas
470 1585 669 1626 iustorum
693 1585 837 1639 diriget
867 1600 951 1626 eos:
1037 1591 1077 1627 ct
1107 1586 1387 1640 supplantatio
1419 1600 1697 1640 perversorum
1727 1588 1909 1628 vastabit
1938 1587 2036 1628 illos

162 1646 175 1667 ¹
194 1643 285 1685 Non
312 1644 537 1696 proderunt
563 1644 717 1685 divitiae
743 1644 783 1685 in
810 1645 874 1686 die
901 1645 1083 1686 ultionis:
1165 1645 1322 1686 iustitia
1348 1652 1485 1686 autem
1512 1645 1699 1687 liberabit
1727 1659 1751 1686 a
1776 1651 1917 1687 morte.

161 1704 175 1725 ⁵
195 1701 359 1743 Iustitia
383 1702 574 1756 simplicis
600 1703 745 1757 diriget
770 1704 878 1744 viam
905 1704 1006 1744 eius:
1087 1710 1127 1745 et
1152 1705 1191 1745 in
1219 1704 1429 1757 impietate
1454 1718 1524 1745 sua
1551 1710 1710 1746 corruet
1735 1705 1893 1757 impius.

161 1761 359 1802 ⁶1ustitia
387 1767 590 1803 rectorum
619 1762 810 1803 liberabit
839 1776 923 1804 eos:
1007 1769 1048 1804 et
1076 1764 1117 1804 in
1146 1763 1299 1804 insidiis
1329 1764 1409 1804 suis
1439 1764 1651 1816 capientur
1679 1763 1817 1817 iniqui.

161 1822 174 1843 ⁷
193 1821 353 1862 Mortuo
380 1821 542 1861 homine
568 1821 704 1874 impio,
733 1822 845 1863 nulla
869 1822 943 1862 erit
965 1822 1074 1863 ultra
1098 1836 1205 1876 spes:
1286 1828 1326 1863 et
1352 1822 1581 1875 expectatio
1608 1822 1856 1864 solicitorum
1876 1822 2034 1876 peribit.

161 1884 175 1901 ⁵
198 1879 331 1920 Iustus
361 1880 410 1920 de
440 1880 630 1932 angustia
656 1880 851 1921 liberatus
881 1888 960 1922 est:
1043 1886 1085 1922 et
1112 1882 1299 1922 tradetur
1327 1881 1474 1934 impius
1503 1894 1574 1934 pro
1605 1895 1663 1923 eo.

160 1938 414 1979 ‘'Simulator
443 1952 509 1980 ore
539 1939 688 1992 decipit
719 1939 890 1980 amicum
924 1953 1061 1980 suuni:
1144 1940 1239 1981 iusti
1269 1946 1406 1980 autem
1436 1940 1719 1981 liberabuntur
1747 1940 1926 1982 scientia.

143 1999 176 2020 ¹⁰
194 1997 242 2037 In
268 1997 382 2038 bonis
409 1997 608 2039 iustorum
635 1998 839 2039 exultabit
864 1999 1026 2040 civitas:
1107 2005 1148 2040 et
1173 1999 1213 2040 in
1240 1999 1465 2052 perditione
1498 1999 1713 2053 impiorum
1741 1999 1816 2040 erit
1841 1999 2034 2040 laudatio

143 2058 171 2079 ¹¹
194 2056 483 2097 Benedictione
522 2056 721 2097 iustorum
762 2057 1013 2098 exaltabitur
1052 2058 1215 2098 civitas:
1309 2064 1348 2098 et
1396 2071 1463 2099 ore
1508 2058 1723 2111 impiorum
1764 2059 2036 2099 subvertetur.

141 2117 171 2139 ¹²
192 2115 270 2163 Qui
300 2115 472 2168 despicit
502 2115 678 2156 amicum
709 2129 839 2162 suum,
872 2116 1054 2170 indigens
1085 2117 1204 2157 corde
1235 2122 1313 2158 est:
1398 2116 1460 2157 vir
1490 2122 1627 2157 autern
1658 2118 1834 2171 prudens
1872 2117 2036 2158 tacebit.

140 2176 172 2198 ¹³
191 2174 270 2222 Qui
297 2174 483 2215 ambulat
510 2175 799 2219 fraudulenter.
829 2176 985 2216 revelat
1012 2189 1177 2216 areana:
1260 2176 1329 2230 qui
1357 2181 1494 2217 autem
1522 2176 1649 2217 fidelis
1677 2182 1737 2217 est
1765 2176 1899 2219 animi.
1934 2175 2039 2216 celat

401 2233 519 2274 amici
549 2234 822 2276 commissum.

141 2294 170 2315 ¹²
192 2291 272 2333 Ubi
300 2304 382 2334 non
411 2298 474 2334 est
500 2293 760 2346 gubernator,
792 2294 966 2347 populus
996 2300 1173 2335 corruet:
1257 2293 1364 2334 salus
1394 2299 1544 2343 autern,
1576 2294 1646 2335 ubi
1674 2294 1806 2334 multa
1834 2293 2009 2334 consilia.

140 2351 170 2375 ¹⁵
190 2350 406 2404 Affligetur
433 2351 552 2400 malo,
585 2352 653 2405 qui
682 2352 803 2393 fidem
831 2353 931 2394 facit
966 2366 1037 2406 pro
1067 2358 1279 2394 extraneo:
1364 2353 1431 2406 qui
1460 2357 1598 2393 autem
1627 2357 1746 2393 cavet
1772 2352 1949 2405 laqueos,
1980 2365 2038 2393 se-

400 2423 519 2452 curus
548 2411 635 2452 erit.

140 2470 174 2493 ¹⁶
190 2469 334 2510 Mulier
360 2469 541 2522 gratiosa
566 2470 748 2512 inveniet
775 2471 963 2524 gloriam:
1046 2476 1088 2512 et
1115 2471 1273 2512 robusti
1301 2470 1514 2512 habebunt
1542 2470 1717 2511 divitias.

140 2529 172 2551 ¹⁷
192 2528 403 2569 Benefacit
425 2528 571 2570 animae
593 2542 675 2570 suae
696 2529 759 2570 vir
782 2529 1024 2572 misericors:
1102 2530 1171 2584 qui
1193 2535 1331 2571 autem
1354 2529 1524 2570 crudelis
1546 2534 1618 2573 est.
1643 2529 1767 2571 etiam
1789 2529 2037 2583 propinquos

402 2587 553 2629 abiicit.

139 2647 173 2670 ¹⁸
193 2646 346 2700 Impius
374 2646 474 2687 facit
500 2660 601 2700 opus
628 2647 835 2689 instabile:
917 2647 1134 2689 seminanti
1162 2653 1301 2689 autem
1328 2647 1528 2689 iustitiam
1555 2660 1705 2688 merces
1732 2646 1870 2687 fidelis.

138 2707 172 2728 ¹⁹
189 2704 414 2746 Clementia
441 2711 646 2760 praeparat
674 2706 822 2747 vitam:
906 2712 948 2748 et
976 2707 1146 2749 sectatio
1176 2707 1376 2748 malorum
1405 2711 1590 2747 mortem.

137 2763 474 2806 ‘³¹'Abominabile
505 2765 682 2807 Domino
716 2778 784 2807 cor
828 2779 1020 2819 pravum:
1108 2771 1149 2807 et
1181 2765 1372 2807 voluntas
1404 2765 1487 2806 eius
1520 2765 1560 2806 in
1592 2764 1649 2813 iis,
1703 2763 1771 2818 qui
1803 2763 2038 2817 simpliciter

400 2823 627 2866 ambulant.

137 2884 168 2905 ’11
188 2882 334 2922 Manus
360 2882 401 2923 in
428 2896 553 2924 manu
581 2896 662 2924 non
689 2883 765 2924 erit
790 2883 982 2925 innocens
1009 2885 1159 2925 malus:
1243 2897 1378 2924 semen
1406 2887 1543 2923 autem
1570 2882 1769 2923 iustorum
1796 2881 2033 2923 salvabitur.

136 2942 168 2964 ’11
188 2940 367 2982 Circulus
398 2954 542 2982 aureus
570 2942 612 2983 in
641 2942 807 2984 naribus
836 2943 929 2988 suis,
1013 2943 1157 2984 mulier
1184 2943 1355 2997 pulchra
1382 2948 1423 2982 et
1450 2942 1578 2982 fatua.

136 3002 168 3024 ’13
187 3000 442 3041 Desiderium
472 3000 672 3042 iustorum
702 3014 821 3043 omne
851 3002 1003 3043 bonum
1034 3007 1113 3043 est:
1198 3001 1445 3055 praestolatio
1476 2999 1692 3053 impiorum
1721 3000 1843 3040 furor.

135 3059 167 3082 ²¹
184 3058 262 3099 Alii
292 3059 484 3101 dividunt
513 3059 688 3113 propria,
720 3065 763 3101 et
791 3060 956 3102 ditiores
996 3061 1119 3102 fiunt:
1205 3060 1270 3101 alii
1301 3059 1465 3113 rapiunt
1496 3071 1576 3099 non
1607 3071 1691 3100 sua.
1737 3064 1779 3099 et
1809 3071 1966 3111 semper
1995 3058 2032 3098 in

396 3123 577 3172 egesta-te
605 3124 712 3160 sunt.

134 3178 166 3200 '²⁷’
186 3177 345 3224 Anima,
367 3191 456 3231 quae
474 3177 688 3227 benedicit,
707 3178 1048 3233 impinguabitur:
1121 3185 1163 3219 et
1180 3178 1249 3232 qui
1266 3176 1451 3222 inebriat,
1472 3177 1557 3229 ipse
1575 3189 1737 3230 quoque
1754 3175 2031 3216 inebriabitur.

135 3236 170 3259 ²⁴⁵
187 3235 265 3283 Qui
302 3236 517 3278 abscondit
552 3237 771 3286 frumenta,
820 3237 1087 3279 maledicetur
1129 3237 1170 3278 in
1207 3235 1384 3290 populis:
1477 3234 1704 3276 benedictio
1742 3239 1879 3275 autem
1917 3246 2034 3285 super

396 3300 523 3349 caput
552 3295 830 3338 vendentium.

134 3353 167 3376 ²⁷
190 3353 296 3394 Bene
327 3354 534 3408 consurgit
564 3354 740 3396 diluculo
773 3354 842 3408 qui
873 3355 1018 3408 quaerit
1049 3356 1173 3396 bona:
1270 3354 1337 3406 qui
1370 3358 1507 3394 autem
1538 3352 1805 3405 investigator
1834 3350 2029 3390 malorum

395 3418 467 3461 est,
499 3412 753 3466 opprimetur
781 3414 833 3454 ab
863 3414 929 3455 eis.
