2356 3760
136 107 189 147 38,
214 106 354 147 *ze—39,
380 106 423 140 30
1047 105 1126 140 IOB
1947 115 2023 156 483

137 201 172 224 33
195 200 292 248 Quis
322 205 384 241 est
412 199 561 253 pluviae
589 199 730 253 pater?
814 198 878 239 vel
909 199 996 252 quis
1026 200 1166 253 genuit
1195 200 1321 241 stillas
1343 201 1473 241 roris?

137 260 173 283 ²⁹
195 259 257 299 De
285 258 397 299 cuius
426 264 540 299 utero
570 270 727 311 egressa
754 261 815 297 est
842 257 1011 310 glacies?
1093 264 1134 299 et
1161 258 1250 311 gelu
1280 260 1329 300 de
1358 258 1452 300 caelo
1483 260 1570 312 quis
1597 262 1760 313 genuit?

136 318 173 341 30
197 317 243 357 In
274 317 579 358 similitudinem
609 315 754 369 lapidis
785 329 901 369 aquae
930 317 1140 366 durantur,
1226 323 1266 358 et
1297 318 1523 370 superficies
1558 319 1692 372 abyssi
1726 322 2021 371 constringitur.

136 424 168 446 31
196 422 404 475 Numquid
437 421 676 473 coniungere
710 419 862 460 valebis
895 420 1090 460 micantes
1123 419 1258 461 stellas
1292 421 1487 469 Pleiadas,
1576 428 1647 464 aut
1686 437 1830 477 gyrum
1868 426 2026 467 Arcturi
2046 429 2079 454 ‘¹⁹
2101 431 2210 455 ratione

396 479 546 533 poteris
576 478 793 531 dissipare?
2064 464 2203 494 ⁰ae¹⁰r⁰¹¹¹'

136 542 169 564 33
196 538 418 592 Numquid
428 537 615 592 producis
638 537 868 578 Luciferum
891 537 932 578 in
957 542 1138 591 tempore
1160 550 1244 583 suo,
1323 543 1364 578 et
1386 538 1606 592 Vesperum
1637 553 1755 593 super
1784 541 1883 583 filios
1913 548 2027 584 terrae

396 609 632 649 consurgere
660 595 783 636 facis?

135 658 168 680 33
195 655 405 709 Numquid
432 655 540 696 nosti
568 655 749 696 ordinem
778 655 873 704 caeli,
956 659 997 695 et
1024 668 1149 709 pones
1176 655 1376 696 rationem
1405 656 1488 696 eius
1516 656 1556 696 in
1585 657 1715 697 terra?

135 716 167 739 ³⁴
195 715 406 768 Numquid
436 713 611 755 elevabis
641 713 682 753 in
713 713 861 754 nebula
890 727 1031 755 vocem
1062 719 1189 762 tuam,
1274 720 1315 754 et
1344 714 1520 767 impetus
1551 728 1749 768 aquarum
1781 717 1932 769 operiet
1962 718 2025 759 te?

135 775 167 797 35
195 774 405 827 Numquid
430 773 569 813 mittes
595 772 766 826 fulgura,
795 778 836 813 et
862 772 992 819 ibunt,
1073 779 1114 813 et
1139 773 1387 813 revertentia
1413 773 1547 813 dicent
1575 773 1666 814 tibi:
1695 774 1922 815 Adsumus?

135 834 170 856 33
194 832 290 881 Quis
305 832 442 886 posuit
456 832 497 872 in
512 831 731 872 visceribus
746 831 919 872 hominis
935 831 1202 885 sapientiam?
1259 831 1322 872 vel
1339 832 1426 885 quis
1443 831 1556 872 dedit
1575 832 1679 885 gallo
1696 833 2025 886 intelligentiam?

134 892 168 915 37
193 891 290 939 Quis
313 891 519 932 enarrabit
540 889 727 931 caelorum
749 890 961 935 rationem,
1038 898 1078 931 et
1101 896 1343 932 concentum
1366 890 1449 931 caeli
1473 891 1560 944 quis
1584 891 1756 932 dormire
1778 892 1923 932 faciet?

133 951 169 974 ³⁸
193 950 364 998 Quando
393 950 644 990 fundebatur
670 948 803 1002 pulvis
832 949 872 989 in
900 954 1018 999 terra,
1101 955 1143 990 et
1168 949 1295 1003 glebae
1322 949 1710 1003 compingebantur?

133 1056 169 1079 ³9
192 1055 402 1108 Numquid
430 1054 562 1108 capies
588 1054 724 1095 leaenae
750 1055 941 1108 praedam,
1024 1060 1066 1095 et
1093 1054 1270 1095 animam
1304 1054 1531 1095 catulorum
1560 1055 1643 1095 eius
1671 1054 1866 1108 implebis,
2051 1053 2208 1116 detessssgjis

134 1115 170 1137 ¹⁰
193 1114 365 1162 Quando
395 1114 549 1154 cubant
577 1113 618 1154 in
647 1113 785 1161 antris,
870 1119 911 1154 et
938 1113 979 1154 in
1007 1114 1207 1167 specubus
1235 1113 1502 1154 insidiantur?
2170 1111 2176 1121 '

134 1174 165 1196 ⁴¹
196 1172 313 1221 aQuis
334 1178 539 1226 praeparat
559 1186 680 1214 corvo
703 1186 834 1213 escam
857 1186 983 1220 suam,
1059 1173 1221 1226 quando
1244 1172 1341 1226 pulli
1363 1172 1446 1213 eius
1467 1172 1647 1213 clamant
1668 1172 1721 1212 ad
1740 1172 1885 1221 Deum,
1960 1185 2029 1213 va-

393 1237 547 1285 gantes.
579 1245 624 1272 eo
656 1232 765 1285 quod
794 1245 874 1273 non
903 1231 1082 1272 habeant
1111 1231 1244 1272 cibos?

133 1289 197 1334 39.
254 1293 266 1314 ¹
296 1291 506 1344 Numquid
535 1291 641 1332 nosti
671 1296 832 1343 tempus
861 1298 1002 1344 partus
1031 1290 1180 1331 ibicum
1209 1291 1251 1330 in
1280 1290 1414 1343 petris,
1499 1289 1562 1330 vel
1590 1289 1862 1343 parturientes
1891 1303 2028 1331 cervas

395 1350 644 1391 observasti?

154 1411 169 1432 3
191 1408 469 1449 Dinumerasti
499 1421 656 1449 menses
687 1413 906 1460 conceptus
937 1420 1088 1455 earum,
1174 1413 1214 1448 et
1245 1407 1354 1448 scisti
1384 1414 1546 1460 tempus
1576 1413 1718 1461 partus
1748 1407 1911 1448 earum?

151 1469 168 1491 3
193 1468 466 1507 Incurvantur
493 1467 545 1507 ad
572 1467 732 1511 foetum,
763 1472 803 1506 et
831 1466 1007 1519 pariunt,
1090 1472 1131 1506 et.
1157 1466 1314 1519 rugitus
1342 1466 1549 1507 emittunt.

152 1527 167 1550 ⁴
189 1526 441 1579 Separantur
472 1525 541 1566 filii
575 1538 726 1571 earum,
765 1530 805 1565 et
840 1531 1012 1578 pergunt
1046 1525 1098 1565 ad
1130 1531 1312 1578 pastum:
1402 1526 1672 1579 egrediuntur,
1710 1530 1751 1566 et
1785 1538 1866 1566 non
1898 1538 2030 1566 rever-

393 1590 539 1625 tuntur
567 1585 618 1625 ad
648 1597 726 1625 eas.

149 1645 166 1668 5
190 1644 287 1692 Quis
316 1644 469 1685 dimisit
498 1656 694 1697 onagrum
723 1643 905 1688 liberum,
989 1649 1030 1684 et
1058 1643 1222 1684 vincula
1249 1643 1331 1684 eius
1362 1644 1450 1699 quis
1478 1641 1625 1684 solvit?

151 1703 167 1726 ⁶
190 1702 262 1743 Cui
290 1703 382 1743 dedi
410 1703 450 1743 in
479 1702 695 1744 solitudine
724 1703 903 1747 domum.
987 1708 1027 1743 et
1054 1702 1320 1743 tabernacula
1346 1702 1429 1743 eius
1458 1702 1497 1742 in
1526 1708 1634 1742 terra
1660 1701 1882 1755 salsuginis.

152 1763 165 1786 7
189 1762 424 1803 Contemnit
453 1761 759 1802 multitudinem
790 1761 980 1810 civitatis,
1065 1761 1281 1803 clamorem
1311 1761 1510 1802 exactoris
1540 1774 1621 1802 non
1650 1760 1777 1802 audit.

151 1822 167 1844 3
189 1820 471 1874 Circumspicit
498 1827 657 1861 montes
686 1834 846 1874 pascuae
874 1834 966 1865 suae,
1050 1826 1090 1861 et
1118 1821 1293 1861 virentia
1321 1833 1490 1874 quaeque
1518 1819 1726 1873 perquirit.

151 1882 166 1903 ⁹
190 1880 400 1934 Numquid
427 1879 536 1921 volet
563 1880 791 1921 rhinoceros
819 1880 966 1919 servire
992 1879 1078 1927 tibi,
1161 1885 1232 1920 aut
1258 1879 1485 1921 morabitur
1511 1879 1561 1919 ad
1588 1891 1764 1932 praesepe
1790 1878 1933 1919 tuum?

131 1940 166 1962 ¹⁰
191 1939 401 1992 Numquid
432 1938 613 1992 alligabis
642 1938 899 1979 rhinocerota
928 1939 979 1979 ad
1009 1939 1208 1979 arandum
1238 1938 1321 1979 loro
1355 1937 1451 1979 tuo?
1535 1943 1607 1978 aut
1636 1937 1861 1990 confringet
1889 1936 2025 1990 glebas

392 1997 559 2038 vallium
588 2003 681 2051 post
711 1997 774 2037 te?

130 2058 161 2080 ¹¹
189 2056 399 2110 Numquid
420 2056 609 2096 fiduciam
632 2056 800 2096 habebis
822 2056 863 2096 in
884 2069 1034 2109 magna
1052 2056 1293 2097 fortitudine
1315 2057 1410 2099 eius.
1483 2060 1524 2096 et
1545 2054 1795 2108 derelinques
1816 2055 1851 2095 ei
1870 2054 2026 2096 labores

391 2115 506 2156 tuos?
1188 2114 1195 2119 ⁸

130 2176 161 2199 13
188 2174 398 2228 Numquid
426 2175 561 2215 credes
589 2173 645 2214 illi
674 2174 783 2228 quod
811 2179 1033 2215 sementem
1062 2174 1207 2215 reddat
1236 2174 1321 2218 tibi.
1407 2180 1447 2214 et
1479 2186 1613 2214 aream
1642 2178 1757 2213 tuam
1785 2172 2024 2226 congreget?

130 2235 161 2258 13
186 2233 327 2274 Penna
353 2233 593 2274 struthionis
621 2232 760 2274 similis
788 2239 847 2274 est
929 2233 1070 2286 pennis
1098 2232 1262 2278 herodii.
1294 2238 1334 2273 et
1362 2232 1575 2286 accipitris.

129 2294 159 2317 ¹⁴
186 2292 359 2341 Quando
386 2291 629 2346 derelinquit
654 2305 734 2333 ova
757 2305 831 2332 sua
854 2291 895 2332 in
920 2298 1038 2337 terra,
1119 2297 1164 2333 tu
1189 2292 1360 2333 forsitan
1385 2292 1426 2332 in
1452 2291 1615 2345 pulvere
1641 2290 1848 2331 calefacies
1875 2289 1946 2331 ea?

129 2353 160 2376 ¹⁵
186 2351 450 2392 Obliviscitur
478 2351 587 2405 quod
614 2364 684 2405 pes
712 2350 920 2392 conculcet
948 2364 1005 2397 ea,
1089 2356 1161 2392 aut
1188 2351 1319 2392 bestia
1347 2351 1430 2404 agri
1458 2355 1654 2391 conterat.

128 2412 163 2434 ¹⁶
188 2411 372 2451 Duratur
391 2411 442 2451 ad
460 2410 561 2451 fflios
580 2424 672 2452 suos
692 2410 805 2464 quasi
824 2423 905 2451 non
924 2410 1004 2451 sint
1022 2409 1094 2458 sui,
1164 2410 1316 2451 frustra
1331 2409 1535 2450 laboravit
1554 2408 1662 2449 nullo
1681 2408 1825 2449 timore
1844 2412 2021 2461 cogente.

128 2471 160 2494 17
187 2469 374 2510 Privavit
402 2469 507 2509 enim
537 2482 626 2509 eam
653 2469 764 2510 Deus
793 2469 1003 2522 sapientia,
1087 2482 1159 2510 nec
1187 2469 1300 2510 dedit
1327 2468 1383 2510 illi
1410 2466 1731 2521 intelligentiam.

128 2530 162 2553 ¹⁸
187 2530 289 2570 Cum
316 2533 478 2582 tempus
504 2528 638 2577 fuerit,
667 2528 707 2568 in
735 2527 864 2569 altum
893 2527 976 2569 alas
1003 2528 1137 2581 erigit:
1218 2528 1374 2569 deridet
1401 2541 1551 2581 equum
1581 2532 1621 2567 et
1651 2538 1898 2567 ascensorem
1927 2525 2020 2567 eius.

128 2589 162 2612 ¹⁹
190 2587 400 2641 Numquid
426 2587 623 2641 praebebis
650 2600 753 2640 equo
780 2587 1076 2633 fortitudinem,
1158 2592 1231 2628 aut
1257 2586 1525 2628 circumdabis
1555 2585 1654 2627 collo
1683 2585 1766 2625 eius
1793 2583 2021 2625 hinnitum?

123 2648 162 2670 30
188 2646 397 2700 Numquid
425 2646 639 2687 suscitabis
668 2659 760 2687 eum
790 2645 905 2699 quasi
932 2645 1133 2687 locustas?
1214 2645 1341 2700 gloria
1368 2645 1527 2686 narium
1556 2645 1639 2685 eius
1667 2650 1804 2684 terror.

126 2707 156 2730 31
185 2706 349 2746 Terram
379 2705 530 2759 ungula
556 2705 688 2753 fodit.
705 2705 865 2746 exultat
894 2705 1105 2746 audacter:
1188 2705 1229 2746 in
1258 2718 1467 2747 occursum
1497 2703 1627 2758 pergit
1656 2702 1835 2744 armatis.

126 2766 158 2789 33
183 2764 418 2806 Contemnit
446 2777 652 2818 pavorem,
737 2777 809 2804 nec
838 2764 945 2805 cedit
972 2763 1118 2818 gladio.

126 2825 158 2848 33
183 2824 312 2877 Super
339 2823 473 2877 ipsum
501 2822 664 2864 sonabit
691 2823 895 2876 pharetra.
978 2823 1159 2864 vibrabit
1186 2823 1306 2864 hasta
1333 2828 1374 2864 et
1402 2822 1577 2876 clypeus.

120 2884 157 2907 '24
182 2882 359 2923 Fervens
388 2887 429 2923 et
457 2882 631 2923 fremens
661 2881 798 2924 sorbet
826 2887 989 2931 terram,
1074 2895 1146 2923 nec
1173 2887 1340 2936 reputat
1368 2882 1479 2923 tubae
1507 2892 1648 2922 sonare
1676 2878 1916 2932 clangorem.

125 2943 156 2965 35
185 2941 265 2982 Ubi
291 2941 464 2982 audierit
490 2941 716 2986 buccinam.
744 2940 861 2981 dicit:
888 2940 990 2988 Vah.
1071 2941 1211 2995 procul
1236 2942 1430 2983 odoratur
1455 2939 1616 2987 bellum,
1695 2937 2022 2979 exhortationem

386 3000 547 3049 ducum,
579 3005 620 3040 et
649 2999 851 3040 ululatum
881 2999 1091 3041 exercitus.

122 3059 159 3082 ²⁶
183 3058 392 3112 Numquid
420 3071 492 3112 per
519 3058 762 3112 sapientiam
791 3063 907 3099 tuam
936 3057 1151 3112 plumescit
1179 3058 1380 3112 accipiter,
1464 3056 1696 3110 expandens
1729 3054 1812 3096 alas
1847 3068 1939 3096 suas
1970 3055 2022 3096 ad

382 3117 605 3158 Austrum?
1267 3144 1273 3152 .

123 3177 156 3200 37
182 3176 392 3230 Numquid
408 3177 460 3217 ad
476 3181 725 3230 praeceptum
741 3181 859 3217 tuum
875 3175 1101 3217 elevabitur
1118 3176 1265 3230 aquila,
1314 3181 1355 3217 et
1370 3176 1411 3216 in
1427 3174 1562 3216 arduis
1579 3178 1704 3228 ponet
1721 3173 1861 3213 nidum
1877 3171 2019 3213 suum?

121 3236 157 3258 2⁸
182 3235 229 3275 In
246 3235 371 3289 petris
386 3240 537 3284 manet,
590 3241 631 3276 et
649 3235 691 3276 in
704 3234 919 3289 praeruptis
936 3235 1112 3276 silicibus
1130 3240 1416 3283 commoratur.
1469 3239 1593 3287 atque
1613 3231 1822 3273 inaccessis
1840 3231 2016 3285 rupibus.

121 3295 157 3318 ²⁹
183 3294 281 3335 Inde
311 3294 613 3347 contemplatur
642 3307 786 3343 escam,
870 3299 911 3335 et
939 3294 988 3335 de
1016 3294 1133 3347 longe
1162 3293 1265 3335 oculi
1295 3293 1377 3334 eius
1406 3292 1669 3347 prospiciunt.

119 3354 159 3376 30
180 3352 284 3393 Pulli
321 3353 403 3394 eius
437 3352 621 3394 lambent
656 3353 912 3406 sanguinem:
998 3358 1038 3394 et
1069 3353 1314 3405 ubicumque
1345 3352 1520 3393 cadaver
1549 3350 1681 3393 fuerit.
1720 3348 1859 3389 statim
1891 3348 2014 3387 adest.

251 3430 305 3498 38.
330 3456 370 3489 41
397 3456 459 3489 aPs
483 3456 558 3498 146,
582 3456 613 3491 9.

1737 3508 1811 3549 31*
