2356 3760
117 85 147 124 4,
173 85 269 123 3-4,
296 83 337 116 18
956 78 1171 113 IEREMIAE
1943 85 2019 127 783

971 176 1166 211 GHIMEL.

135 237 150 259 3
169 235 249 276 Sed
277 238 318 275 et
348 234 480 275 lamiae
508 233 768 273 nudaverunt
798 243 1033 277 mammam,
1135 231 1395 272 lactaverunt
1424 231 1579 273 catulos
1609 245 1719 273 suos:

171 293 253 333 filia
281 292 421 346 populi
449 291 528 332 mei
557 289 739 337 crudelis,
1138 289 1253 343 quasi
1282 289 1457 332 struthio
1488 290 1528 331 in
1558 291 1727 332 deserto.

969 362 1172 397 DALETH.

135 422 150 444 4
171 420 355 461 Adhaesit
382 420 521 472 lingua
547 416 736 458 lactentis
1138 417 1189 457 ad
1218 417 1403 470 palatum
1434 418 1516 459 eius
1546 418 1586 459 in
1616 419 1700 459 siti:

170 478 330 533 parvuli
359 478 565 531 petierunt
592 488 753 529 panem,
1136 480 1177 516 et
1206 489 1287 517 non
1317 481 1404 516 erat
1433 477 1502 529 qui
1530 477 1734 530 frangeret
1762 478 1828 519 eis.

1032 544 1109 578 HE.

135 603 150 626 ⁵
170 600 249 649 Qui
277 600 548 641 vescebantur
576 598 831 652 voluptuose,
1136 598 1377 639 interierunt
1406 599 1446 639 in
1476 599 1569 640 viis:

171 659 239 713 qui
268 658 556 699 nutriebantur
584 656 625 697 in
655 657 813 700 croceis.
1136 657 1359 710 amplexati
1389 662 1485 698 sunt
1514 662 1702 699 stercora.

1015 726 1122 761 VAU.

135 783 150 806 ⁶
170 781 225 822 Et
254 781 383 821 maior
411 779 557 820 effecta
585 784 646 819 est
674 779 868 833 iniquitas
898 779 989 821 filiae

273 838 413 893 populi
441 837 520 878 mei
1136 844 1303 893 peccato
1333 839 1615 885 Sodomorum,

174 912 284 952 aquae
312 897 508 938 subversa
535 901 597 937 est
626 897 666 937 in
695 902 916 940 momento.
1136 903 1177 938 et
1206 910 1287 938 non
1317 902 1511 951 ceperunt
1539 898 1581 938 in
1610 911 1658 938 ea
1686 911 1841 940 manus.

1009 967 1129 1001 ZAIN.

135 1023 148 1045 ⁷
170 1020 430 1062 Candidiores
461 1019 643 1060 Nazaraei
672 1020 756 1061 eius
785 1020 889 1067 nive,
1137 1020 1345 1062 nitidiores
1374 1020 1490 1069 lacte,

169 1078 474 1121 rubicundiores
504 1078 622 1119 ebore
653 1079 835 1132 antiquo,
1137 1079 1328 1132 sapphiro
1357 1079 1615 1133 pulchriores.

998 1147 1142 1181 HETH.

135 1203 150 1226 Β
169 1201 394 1255 Denigrata
406 1206 468 1241 est
479 1213 600 1254 super
612 1201 805 1242 carbones
818 1201 939 1242 facies
953 1214 1103 1247 eorum,
1139 1207 1179 1242 et
1208 1214 1289 1243 non
1319 1206 1415 1242 sunt
1444 1201 1594 1255 cogniti
1623 1202 1663 1242 in
1692 1201 1855 1255 plateis:

170 1260 341 1301 adhaesit
371 1259 474 1300 cutis
504 1272 643 1301 eorum
673 1260 848 1301 ossibus:
1138 1260 1256 1305 aruit,
1290 1265 1330 1300 et
1358 1260 1470 1300 facta
1498 1265 1560 1300 est
1589 1260 1704 1313 quasi
1732 1259 1898 1314 lignum.

1002 1329 1139 1362 TETH.

135 1386 151 1408 ⁹
170 1383 312 1424 Melius
341 1383 421 1424 fuit
450 1382 587 1424 occisis
616 1382 762 1435 gladio,
1139 1395 1262 1435 quam
1292 1382 1515 1423 interfectis
1544 1382 1670 1423 fame:

171 1442 364 1496 quoniam
381 1440 448 1481 isti
466 1441 742 1481 extabuerunt
761 1441 992 1494 consumpti
1138 1454 1163 1481 a
1191 1440 1406 1481 sterilitate
1436 1446 1562 1482 terrae.

1024 1510 1119 1544 IOD.

120 1566 155 1589 ¹⁰
171 1564 315 1605 Manus
345 1562 559 1603 mulierum
590 1562 908 1605 misericordium
1140 1568 1338 1605 coxerunt
1367 1562 1468 1605 filios
1497 1577 1608 1606 suos:

171 1622 268 1664 facti
298 1626 395 1663 sunt
424 1622 537 1663 cibus
567 1634 705 1662 earum
1139 1622 1181 1663 in
1210 1622 1454 1663 contritione
1483 1622 1574 1664 filiae
1602 1622 1742 1677 populi
1771 1622 1860 1664 mei.

1004 1691 1139 1726 CAPH.

119 1748 150 1771 ¹¹
171 1745 401 1799 Complevit
429 1744 629 1786 Dominus
658 1745 836 1786 furorem
866 1758 996 1793 suum,
1139 1745 1285 1786 effudit
1312 1745 1414 1786 iram
1444 1745 1734 1799 indignationis
1763 1759 1862 1787 suae:

171 1809 212 1846 et
240 1803 450 1845 succendit
478 1803 612 1857 ignem
642 1803 683 1844 in
711 1804 819 1849 Sion,
1140 1809 1181 1845 et
1209 1804 1425 1845 devoravit
1453 1804 1725 1846 fundamenta
1753 1804 1848 1846 eius.

985 1901 1159 1935 LAMED.

120 1958 150 1981 1²
172 1956 263 1997 Non
293 1955 552 1997 crediderunt
580 1968 690 2009 reges
721 1960 847 2000 terrae,
1138 1961 1179 1997 et
1209 1956 1385 1997 universi
1414 1956 1666 1997 habitatores
1696 1956 1814 2003 orbis,

172 2014 364 2069 quoniam
394 2014 671 2068 ingrederetur
699 2014 826 2055 hostis
856 2019 897 2055 et
925 2014 1110 2056 inimicus
1136 2027 1208 2068 per
1235 2020 1375 2068 portas
1406 2014 1643 2055 Ierusalem:

1013 2089 1129 2123 MEM.

120 2146 152 2169 ¹³
170 2144 344 2198 Propter
371 2148 541 2197 peccata
568 2143 862 2197 prophetarum
892 2143 987 2191 eius,
1139 2148 1179 2184 et
1208 2143 1446 2197 iniquitates
1476 2143 1733 2184 sacerdotum
1763 2143 1859 2191 eius,

173 2202 242 2256 qui
271 2201 504 2243 effuderunt
532 2202 573 2242 in
602 2201 735 2243 medio
765 2201 848 2243 eius
1140 2202 1378 2256 sanguinem
1407 2202 1619 2244 iustorum.

1015 2270 1129 2306 NUN.

121 2327 152 2350 1⁴
172 2325 426 2366 Erraverunt
454 2324 547 2366 caeci
575 2324 617 2365 in
645 2324 803 2378 plateis,
1140 2324 1285 2379 polluti
1314 2330 1411 2366 sunt
1439 2325 1479 2365 in
1509 2325 1722 2378 sanguine:

173 2396 347 2437 cumque
375 2396 457 2425 non
486 2387 664 2437 possent,
1140 2388 1362 2425 tenuerunt
1389 2383 1555 2425 lacinias
1584 2396 1689 2425 suas.

972 2457 1172 2493 SAMECH.

123 2515 153 2538 ¹5
174 2512 367 2554 Recedite
395 2511 553 2566 polluti,
585 2511 868 2553 clamaverunt
896 2512 971 2553 eis?
1140 2512 1326 2561 recedite,
1359 2513 1480 2561 abite,
1512 2512 1637 2553 nolite
1667 2518 1850 2565 tangere:

174 2571 323 2625 iurgati
354 2570 503 2624 quippe
533 2575 640 2619 sunt,
672 2575 713 2611 et
742 2571 936 2612 commoti
965 2571 1075 2612 dixe—

277 2634 375 2671 runt
403 2629 509 2670 inter
537 2629 706 2670 Gentes:
1143 2630 1234 2671 Non
1264 2630 1389 2672 addet
1418 2629 1526 2671 ultra
1554 2634 1601 2670 ut
1629 2629 1789 2670 habitet
1817 2629 1857 2669 in
1887 2628 1953 2670 eis.

1020 2694 1127 2728 PHE.

124 2750 157 2772 ¹⁶
173 2747 313 2788 Facies
341 2746 509 2788 Domini
538 2746 677 2788 divisit
706 2759 784 2792 eos.
1140 2761 1223 2789 non
1253 2748 1377 2789 addet
1406 2752 1453 2788 ut
1481 2746 1670 2800 respiciat
1699 2759 1783 2787 eos:

174 2806 295 2847 facies
325 2806 583 2847 sacerdotum
612 2819 694 2847 non
723 2806 984 2855 erubuerunt,
1141 2819 1272 2860 neque
1301 2819 1443 2848 senum
1472 2805 1625 2846 miserti
1655 2809 1761 2845 sunt.

1025 2904 1118 2938 AIN.

123 2959 156 2982 1⁷
175 2957 276 2998 Cum
294 2956 427 2998 adhuc
443 2956 765 3006 subsisteremus,
785 2957 1021 2998 defecerunt

279 3014 383 3057 oculi
412 3015 540 3056 nostri
1140 3017 1192 3058 ad
1222 3016 1418 3057 auxilium
1447 3020 1633 3057 nostrum
1662 3028 1827 3062 vanum,

177 3087 269 3115 cum
298 3073 586 3128 respiceremus
616 3074 767 3114 attenti
1147 3075 1198 3116 ad
1226 3080 1401 3128 gentem,
1435 3087 1524 3127 quae
1553 3073 1710 3115 salvare
1739 3087 1820 3115 non
1850 3077 2024 3127 poterat.

1008 3144 1141 3178 SADE.

125 3198 159 3221 1⁸
176 3197 502 3238 Lubricaverunt
531 3195 703 3250 vestigia
730 3201 871 3238 nostra
1142 3198 1184 3238 in
1212 3197 1355 3238 itinere
1384 3196 1614 3250 platearum
1643 3201 1888 3245 nostrarum,

178 3254 526 3309 appropinquavit
554 3253 644 3295 finis
673 3259 829 3296 noster:
860 3256 1051 3310 completi

282 3319 378 3355 sunt
407 3313 490 3355 dies
520 3312 659 3361 nostri,
1146 3314 1242 3368 quia
1270 3314 1383 3354 venit
1412 3313 1501 3354 finis
1531 3318 1679 3355 noster.

257 3385 430 3446 4sa‘aGn
456 3405 508 3445 19,
533 3405 586 3439 24.

2062 1960 2194 1990 impietas

2053 1996 2204 2026 propheta-

2072 2037 2135 2055 rum
2156 2032 2185 2055 et

2037 2073 2067 2091 sa
2071 2073 2100 2090 ce
2104 2066 2188 2091 rdotu
2193 2072 2220 2090 m

2059 2101 2198 2126 ultionem

2076 2136 2179 2167 exegit.

2093 2904 2167 2921 vana

2043 2932 2217 2957 confidentia

2087 2968 2172 2992 finem

2061 3002 2196 3028 adduxit:
