2356 3760
425 403 1756 496 ECCLESIASTICUS.

820 629 1039 682 PARS
1080 629 1361 684 PRIOR.

297 719 556 772 Natura
596 719 663 770 et
700 719 1046 784 praecepta
1084 718 1457 784 sapientiae,
1497 721 1768 784 1‚1—42,
1795 721 1879 773 14.

988 809 1197 824 —4-4000-0—

616 863 658 914 I.
698 863 919 914 Natura
959 863 1279 928 sapientiae.
1317 864 1571 915 1.1—40.

141 961 178 1005 1.
234 963 247 985 1
274 960 415 1002 Omnis
446 960 665 1013 asapientia
692 973 715 1001 a
740 960 918 1001 Domino
944 960 1031 1001 Deo
1058 965 1130 1003 est.
1212 967 1252 1001 et
1280 974 1370 1001 cum
1397 960 1463 1002 illo
1489 962 1567 1002 fuit
1594 974 1761 1015 semper,
1790 967 1829 1003 et
1856 968 1915 1003 est
1943 967 2036 1003 ante
2052 968 2228 1028 ῡὲῐὲῑίιῃηέῃῐζεῑ

402 1033 547 1060 aevum.

160 1078 532 1121 2A1·enam1naris.
572 1085 612 1118 et
650 1077 798 1131 pluviae
833 1082 985 1131 guttas.
1068 1084 1108 1118 et
1151 1077 1234 1118 dies
1275 1078 1408 1119 saeculi
1450 1079 1538 1132 quis
1582 1079 1879 1121 dinumeravit?

192 1136 464 1178 Altitudinem
490 1136 585 1181 eaeli,
607 1142 647 1177 et
670 1135 932 1177 latitudinem
952 1142 1079 1180 terrae.
1137 1142 1178 1177 et
1197 1137 1446 1189 profundum
1465 1137 1600 1190 abvssi
1620 1138 1707 1191 quis
1727 1138 1930 1179 dimensus
1951 1138 2035 1179 est?

160 1196 445 1249 ³Sapientiam
474 1195 551 1236 Dei
580 1196 877 1249 praecedentem
907 1195 1043 1236 onmia
1073 1194 1161 1249 quis
1191 1195 1479 1248 investigavit?

161 1257 176 1279 *¹
192 1254 307 1296 Prior
337 1254 518 1296 oninium
550 1260 685 1295 creata
716 1260 776 1295 est
806 1253 1017 1308 sapientia.
1103 1260 1143 1295 et
1173 1254 1401 1295 intellectus
1431 1255 1657 1308 prudentiae
1687 1255 1737 1296 ab
1768 1268 1866 1296 aevo.

160 1312 300 1354 5Fons
332 1313 542 1366 sapientia}
574 1313 744 1353 verbum
768 1312 844 1353 Dei
875 1312 915 1352 in
946 1311 1122 1356 excelsis.
1209 1318 1250 1354 et
1281 1313 1480 1366 ingressus
1512 1312 1615 1354 illius
1646 1313 1845 1354 mandata
1875 1319 2036 1354 aeterna.

161 1374 176 1396 ⁶
195 1372 331 1413 Radix
360 1372 570 1425 sapientiae
599 1372 661 1412 cui
691 1371 871 1412 revelata
901 1376 972 1415 est.
1057 1376 1097 1411 et
1127 1371 1300 1412 astutias
1330 1371 1433 1412 illius
1464 1372 1552 1425 quis
1583 1372 1773 1425 agnovit?

161 1430 416 1485 ⁷Disciplina
453 1431 663 1483 sapientire
700 1430 763 1470 cui
799 1429 980 1470 revelata
1016 1436 1088 1473 est.
1128 1435 1168 1471 et
1205 1430 1493 1471 manifestata?
1584 1437 1623 1471 et
1660 1430 2039 1484 multiplicationem

401 1490 601 1543 ingressus
631 1488 735 1529 illius
766 1489 854 1542 quis
883 1488 1107 1529 intellexit?

163 1550 179 1572 s
197 1548 312 1590 Unus
339 1555 399 1589 est
421 1548 640 1589 altissimus
662 1547 828 1589 Creator
854 1547 1123 1600 omnipotens,
1205 1553 1246 1588 et
1273 1549 1361 1589 Rex
1387 1554 1543 1602 potens,
1573 1554 1613 1589 et
1639 1548 1880 1589 metuendus
1908 1548 2037 1594 nimis,

402 1607 543 1648 sedens
573 1619 694 1660 super
724 1607 916 1648 thronum
948 1606 1051 1647 illius
1082 1614 1121 1647 et
1152 1607 1366 1648 dominans
1395 1607 1517 1648 Deus.

161 1669 176 1689 ⁹
195 1666 286 1720 Ipse
315 1665 467 1707 creavit
495 1665 605 1706 illam
633 1665 673 1706 in
702 1665 855 1719 Spiritu
884 1671 1037 1708 sancto.
1111 1673 1150 1707 et
1179 1665 1294 1709 vidit.
1325 1671 1364 1706 et
1393 1666 1678 1709 dinumeravit.
1709 1671 1749 1706 et
1776 1678 1937 1706 mensus
1965 1670 2037 1706 est.

144 1727 178 1749 ¹⁰
194 1725 251 1766 Et
278 1725 423 1766 effudit
450 1724 561 1765 illam
590 1737 710 1778 super
738 1725 874 1765 omnia
902 1737 1023 1777 opera
1051 1737 1135 1767 sua.
1219 1730 1258 1765 et
1287 1738 1407 1778 super
1439 1738 1599 1765 omnem
1629 1737 1789 1765 earnem
1817 1725 2039 1765 secundum

402 1784 547 1825 datum
579 1797 709 1826 suum.
796 1789 835 1824 et
867 1782 1041 1837 praebuit
1072 1782 1181 1823 illam
1213 1782 1472 1836 diligentibus
1504 1797 1556 1824 se.

143 1903 173 1925 ¹¹
194 1901 331 1942 Timor
359 1900 526 1941 Domini
553 1900 691 1953 gloria.
724 1905 763 1941 et
791 1899 989 1953 gloriatio,
1074 1904 1113 1940 et
1143 1899 1296 1942 laetitia.
1329 1905 1369 1940 et
1399 1913 1545 1941 corona
1575 1899 1850 1940 exultationis.
2060 1906 2086 1964 {ss
2110 1904 2225 1963 qumssm

144 1962 174 1984 ¹2
195 1959 333 2001 Timor
355 1959 522 2000 Domini
546 1958 766 2000 delectabit
792 1971 869 2000 cor.
949 1964 990 1999 et
1016 1957 1130 1999 dabit
1155 1958 1352 2001 laetitiam.
1381 1963 1421 1999 et
1445 1958 1651 2011 gaudium,
1679 1964 1720 1999 et
1743 1957 2038 2011 longitudinem
2076 1946 2169 2000 mgb
2198 1946 2223 1964 ΕΙ

404 2018 572 2059 dierum.

144 2079 177 2102 ¹³
196 2076 373 2118 Timenti
390 2077 615 2117 Dominum
635 2076 736 2117 bene
755 2075 830 2116 erit
849 2076 888 2115 in
908 2075 1111 2118 extremis,
1180 2081 1219 2116 et
1238 2075 1278 2115 in
1294 2075 1357 2116 die
1376 2075 1648 2116 defunctionis
1667 2088 1749 2116 suae
1767 2075 2039 2116 benedicetur.

144 2138 175 2161 ¹4
194 2135 369 2177 Dilectio
400 2135 477 2176 Dei
505 2134 755 2176 honorabilis
785 2134 998 2187 sapientia.

144 2197 175 2220 ¹⁵
196 2195 352 2244 Quibus
381 2200 520 2235 autem
548 2193 783 2248 apparuerit
815 2193 856 2234 in
884 2192 984 2236 visu.
1068 2192 1242 2246 diligunt
1270 2206 1358 2233 eam
1387 2193 1427 2233 in
1457 2193 1620 2237 visione,
1703 2197 1743 2233 et
1771 2193 1811 2232 in
1839 2192 2043 2246 agnitione

404 2252 654 2307 magnalium
684 2265 861 2294 suorum.

145 2314 179 2337 ¹⁶
201 2313 389 2353 bInitium
418 2312 639 2366 sapientiae,
669 2312 792 2352 timor
817 2311 994 2354 Domini.
1078 2316 1117 2351 et
1146 2323 1237 2350 cum
1275 2310 1458 2351 fidelibus
1487 2310 1527 2350 in
1554 2310 1680 2350 vulva
1706 2315 1941 2350 concreatus
1969 2313 2040 2357 est,

198 2385 290 2413 cum
322 2371 457 2412 electis
488 2371 648 2412 feminis
678 2369 874 2424 graditur,
961 2376 1001 2410 et
1033 2382 1125 2410 cum
1156 2369 1271 2410 iustis
1303 2374 1343 2409 et
1374 2368 1558 2409 fidelibus
1591 2367 1832 2421 agnoscitur.

146 2433 179 2456 ¹⁷
199 2430 336 2472 Timor
362 2430 541 2478 Domini,
573 2430 751 2470 scientiae
778 2428 1028 2483 religiositas,

147 2491 181 2514 1⁸
200 2488 455 2543 Religiositas
484 2488 686 2530 custodiet
714 2494 755 2529 et
782 2487 1019 2528 iustificabit
1048 2501 1125 2530 cor.
1217 2486 1515 2527 iucunditatem
1543 2491 1666 2539 atque
1693 2485 1887 2538 gaudium
1914 2484 2041 2526 dabit.

148 2551 182 2573 ¹⁹
199 2548 377 2589 Timenti
401 2547 626 2589 Dominum
652 2547 754 2588 bene
780 2546 866 2593 erit,
948 2552 987 2586 et
1017 2547 1057 2587 in
1084 2546 1224 2587 diebus
1255 2544 1615 2587 consummationis
1641 2544 1745 2584 illius
1771 2543 2041 2584 benedicetur.

146 2609 183 2632 2⁰
198 2606 416 2648 Plenitudo
448 2606 657 2660 sapientiae
688 2611 750 2647 est.
780 2605 922 2646 timere
952 2605 1098 2661 Deum,
1185 2610 1225 2645 et
1256 2604 1466 2657 plenitudo
1499 2616 1522 2644 a
1552 2603 1750 2644 fructibus
1781 2602 1895 2642 illius.

147 2668 179 2691 2¹
199 2666 373 2707 Omnem
404 2666 572 2707 domum
602 2665 706 2705 illius
737 2664 921 2718 implebit
952 2677 977 2704 a
1005 2664 1345 2717 generationibus,
1431 2668 1472 2703 et
1509 2660 1763 2714 receptacula
1794 2674 1816 2700 a
1847 2659 2043 2700 thesauris

408 2724 525 2766 illius.
1720 2749 1723 2752 -

148 2787 180 2809 22
200 2783 359 2825 Corona
386 2783 606 2837 sapientiae.
638 2783 760 2824 timor
786 2782 964 2827 Domini,
1048 2781 1204 2835 replens
1233 2794 1386 2835 pacem.
1418 2785 1458 2821 et
1486 2779 1626 2820 salutis
1655 2779 1852 2819 fructum:

148 2845 181 2867 23
201 2847 243 2883 et
270 2841 386 2891 vidit,
418 2848 460 2883 et
488 2841 764 2883 dinumeravit
793 2854 902 2882 eam:
985 2847 1158 2894 utraque
1188 2846 1325 2881 autem
1355 2844 1449 2880 sunt
1478 2839 1583 2879 dona
1613 2837 1699 2878 Dei.

148 2904 181 2927 ‘2⁴
201 2900 434 2948 Scientiam,
461 2907 501 2942 et
522 2900 775 2941 intellectum
798 2900 1026 2953 prudentiae
1048 2899 1247 2953 sapientia
1270 2897 1579 2951 compartietur:
1655 2901 1694 2935 et
1716 2894 1884 2948 gloriam
1908 2901 2046 2935 tenen-

410 2958 514 3000 tium
543 2972 595 3003 se.
627 2959 795 3000 exaltat.

149 3021 181 3044 '2⁵
203 3018 340 3059 Radix
367 3017 576 3071 sapientiae
604 3023 666 3059 est
694 3018 836 3058 timere
863 3017 1106 3059 Dominum:
1189 3025 1229 3057 et
1257 3015 1358 3056 rami
1386 3014 1490 3055 illius
1518 3012 1701 3066 longaevi.

149 3079 184 3102 2⁶
203 3077 251 3117 In
284 3076 484 3117 thesauris
527 3077 736 3130 sapientiae
774 3076 1014 3121 intellectus,
1051 3082 1091 3116 et
1124 3075 1300 3116 scientiae
1331 3072 1586 3123 religiositas:
1674 3070 1874 3112 execratio
1909 3076 2045 3111 autem

410 3135 692 3188 peccatoribus
722 3135 934 3189 sapientia.
2017 3185 2024 3192 ,

149 3196 183 3219 '2⁷
202 3193 339 3235 Timor
368 3194 535 3235 Domini
566 3193 732 3247 expellit
772 3199 1006 3248 peccatum:
1093 3194 1127 3217 ²⁸
1158 3205 1252 3233 nam
1285 3191 1354 3244 qui
1385 3190 1468 3231 sine
1500 3189 1643 3230 timore
1673 3194 1745 3233 est,
1787 3201 1867 3229 non
1898 3190 2048 3240 poterit

348 3268 354 3272 ·
412 3252 638 3293 iustificari:
722 3252 933 3293 iracundia
962 3251 1069 3292 enim
1101 3249 1371 3291 animositatis
1401 3248 1517 3296 iuius,
1550 3248 1757 3288 subversio
1787 3246 1890 3286 illius
1922 3249 1993 3285 est.

150 3314 185 3337 '2⁹
203 3311 342 3365 Usque
370 3311 412 3352 in
441 3316 602 3364 tempus
632 3311 850 3352 sustinebit
889 3310 1060 3363 patiens.
1145 3315 1185 3350 et
1214 3314 1355 3362 postea
1384 3307 1558 3348 redditio
1588 3305 1863 3347 iucunditatis

284 3426 315 3468 1,
342 3427 360 3460 1
387 3428 424 3460 al
451 3425 505 3471 Rg
529 3426 560 3467 3,
585 3427 621 3467 93
647 3428 678 3468 4,
703 3427 755 3461 29.
782 3447 825 3450 —
848 3426 890 3460 16
914 3426 977 3459 st
1001 3426 1076 3466 110,
1101 3425 1156 3465 103
1183 3425 1227 3458 Pr
1250 3425 1280 3463 1,
1305 3423 1334 3457 7.
