2356 3760
339 174 414 215 492
1214 175 1361 209 LIBER
1978 181 2030 218 13.
2056 183 2174 215 445.
2201 181 2243 216 10

396 267 578 315 Quorum
606 282 648 309 os
675 267 958 308 maledictione
982 272 1021 307 et
1052 269 1324 310 amm-itudine
1355 269 1517 323 plenum
1546 276 1624 311 est:
1704 272 1859 313 veloces
1885 274 2004 326 pedes
2025 288 2165 317 eorum
2189 276 2238 316 ad

600 327 891 367 effundendum
922 327 1172 379 sanguinem.

397 385 595 427 t'ontritio
617 392 657 426 et
687 385 900 426 infelicitas
924 385 964 426 in
989 386 1063 426 viis
1092 399 1243 431 eorum.
1270 395 1311 428 et.
1335 388 1444 428 viam
1468 389 1576 441 pacis
1601 402 1679 429 uon
1707 396 2004 441 cognoverunt:
2077 406 2156 434 non
2180 400 2239 434 est

600 445 722 485 timor
752 444 825 484 Dei
856 450 952 484 ante
982 445 1118 486 oeulos
1148 460 1299 487 eorum.
1761 442 1770 446 Ἰ

143 556 298 611 nug‘gi‘gffm
351 551 366 574 ⁴¹
392 549 534 590 Nonne
571 556 815 601 cognoscent
851 563 990 591 omnes
1022 550 1089 604 qui
1126 557 1348 605 operantur
1382 552 1655 605 iniquitatem.
1742 554 1808 607 qui
1845 555 2042 597 devorant
2082 556 2239 609 plebem

302 605 307 610 ’
593 621 726 649 meam
757 609 862 649 sicut
891 622 1023 650 escam
1056 610 1196 663 panis?
1281 612 1296 634 ⁵
1327 611 1549 652 Dominum
1580 625 1660 653 non
1693 613 1999 658 invocaverunt.

392 666 468 707 illic
496 667 806 721 trepidaverunt
833 668 989 711 timore.
1018 669 1083 709 ubi
1109 683 1189 709 non
1213 676 1299 710 erat
1327 670 1459 711 timor.
1537 672 1552 693 ‘⁵
1571 671 1772 720 Quoniam
1794 673 1993 713 Dominus
2019 673 2057 714 iu
2076 687 2239 725 genera-

594 732 704 767 tione
735 733 841 767 iusta
871 735 943 771 est.

388 785 600 826 consilium
632 785 761 839 inopis
793 786 1051 827 confudistis:
1139 788 1331 841 quoniam
1364 788 1564 829 Dominus
1595 803 1685 843 spes
1717 791 1800 831 eius
1831 797 1903 832 est.

350 845 364 867 ⁷
390 844 487 892 Quis
517 844 633 885 dabit
663 858 712 885 ex
741 845 837 886 Sion
867 845 1045 887 salutare
1077 846 1223 887 Israel?

386 916 477 944 cum
503 904 696 944 averterit
720 904 920 946 Dominus
943 905 1228 958 captivitatem
1255 906 1383 960 plebis
1405 920 1499 953 suae,
1579 906 1780 949 exultabit
1808 909 1939 953 lacob.
1964 915 2003 950 et
2034 909 2242 951 laetabitur

591 962 725 1004 Israel.

931 1081 1098 1131 1405).
1129 1081 1416 1122 Domesticus
1446 1082 1638 1124 Domini.

430 1164 444 1186 ¹
473 1162 659 1204 Psalmus
690 1164 838 1205 David.
870 1163 1015 1204 XIIII.

139 1274 192 1326 qu·
217 1275 304 1326 verbu
385 1267 559 1309 Domine
593 1269 682 1322 quis
716 1268 923 1310 habitabit
959 1269 999 1309 in
1035 1269 1297 1311 tabernaculo
1333 1269 1429 1310 tuo?
1514 1277 1585 1311 aut
1626 1271 1714 1324 quis
1750 1272 1972 1325 requiescet
2012 1272 2052 1313 in
2098 1279 2238 1314 monte

150 1311 290 1385 {5412}ssss
587 1334 728 1369 sancto
764 1328 860 1370 tuo?

137 1387 302 1448 Ρᾝξζζὲξω
347 1386 361 1409 ²
385 1385 463 1434 Qui
495 1386 720 1436 ingreditur
750 1387 834 1428 sine
865 1387 1037 1431 macula.
1066 1395 1106 1428 et
1138 1394 1331 1441 operatur
1361 1388 1580 1429 iustitiam:
1655 1392 1670 1413 ‘³
1700 1390 1778 1438 Qui
1806 1389 1989 1443 loquitur
2018 1390 2234 1432 veritatem

587 1447 627 1487 in
657 1447 776 1488 corde
805 1460 889 1490 suo.

384 1504 451 1558 qui
471 1518 552 1546 non
570 1506 650 1559 egit
669 1506 807 1547 dolum
827 1506 868 1547 in
884 1506 1021 1560 lingua
1040 1520 1131 1547 sua:
1183 1507 1265 1547 Nec
1283 1507 1377 1547 fecit
1401 1508 1584 1560 proximo
1603 1522 1675 1549 suo
1696 1508 1861 1555 malum,
1914 1514 1954 1549 et
1973 1509 2236 1562 opprobrium

588 1579 668 1606 non
698 1566 854 1619 accepit
884 1566 1078 1607 adversus
1106 1566 1314 1619 proximos
1344 1580 1448 1607 suos.

345 1624 362 1647 ⁴
383 1622 449 1664 Ad
469 1623 640 1665 nihilum
661 1625 861 1665 deductus
882 1630 943 1666 est
963 1625 1004 1666 in
1024 1631 1244 1678 conspectu
1263 1625 1347 1666 eius
1367 1625 1587 1679 malignus:
1645 1626 1837 1667 timentes
1855 1633 1993 1668 autem
2011 1627 2236 1669 Dominum

584 1683 802 1737 glorificat:

381 1740 459 1790 Qui
487 1742 593 1783 iurat
621 1743 807 1796 proximo
836 1758 920 1793 suo,
952 1751 991 1786 et
1020 1758 1101 1785 non
1130 1743 1292 1797 decipit.

342 1801 358 1824 ὅ
382 1801 450 1854 qui
478 1802 693 1855 pecuniam
723 1816 839 1844 suam
868 1817 950 1845 non
980 1804 1092 1845 dedit
1123 1803 1175 1844 ad
1204 1816 1381 1848 usuram,
1462 1809 1503 1844 et
1532 1817 1701 1844 munera
1725 1817 1846 1858 super
1869 1805 2128 1846 innocentem
2154 1819 2234 1847 non

584 1862 757 1915 accepit:
842 1863 920 1911 Qui
949 1863 1049 1904 facit
1078 1862 1174 1906 haec.
1208 1875 1289 1903 non
1318 1863 1553 1904 movebitur
1582 1863 1621 1903 in
1651 1869 1861 1905 aeternum.

871 1990 1039 2041 1506).
1069 1989 1308 2031 Summum
1340 1991 1511 2032 bonum
1544 1991 1703 2031 sancti.

426 2074 441 2098 ¹
471 2073 595 2114 Tituli
624 2073 831 2127 inscriptio
862 2073 937 2127 ipsi
966 2073 1115 2115 David.
1175 2073 1264 2114 XV.

154 2182 278 2243 sanans
379 2179 586 2220 Conserva
613 2192 677 2219 me
706 2179 894 2223 Domine,
927 2179 1121 2232 quoniam
1152 2179 1309 2233 speravi
1341 2179 1382 2220 in
1411 2184 1464 2220 te.

129 2226 301 2284 dssissemt‘xir.
341 2239 355 2262 ‘³
378 2238 475 2279 Dixi
502 2239 698 2280 Domino:
726 2238 838 2279 Deus
866 2251 979 2279 meus
1007 2251 1047 2279 es
1074 2243 1132 2282 tu.
1217 2239 1410 2293 quoniam
1443 2239 1642 2280 bonorum
1670 2252 1852 2280 meorum
1882 2252 1963 2280 non
1990 2252 2092 2293 eges

340 2300 356 2321 3
378 2298 550 2342 Sanctis,
581 2298 649 2352 qui
677 2303 773 2338 sunt
798 2297 840 2338 in
867 2303 975 2338 terra
1001 2298 1096 2342 eius,
1179 2297 1413 2339 mirificavit
1439 2311 1578 2339 omnes
1606 2297 1841 2340 voluntates
1869 2311 1978 2338 meas
2006 2298 2045 2338 in
2074 2297 2139 2339 eis.

339 2359 354 2381 ⁴
376 2357 660 2411 Multiplicatae
688 2362 784 2398 sunt
812 2356 1071 2398 infirmitates
1100 2370 1258 2399 eorum:
1340 2362 1485 2411 postea
1513 2357 1853 2398 acceleraverunt.

378 2416 470 2457 Non
493 2417 745 2470 congregabo
770 2416 1056 2458 conventicula
1077 2429 1216 2457 eorum
1239 2417 1288 2457 de
1311 2417 1595 2470 sanguinibus:
1654 2429 1726 2456 nec
1752 2430 1908 2457 memor
1931 2429 1997 2458 ero
2020 2417 2230 2458 nominum

581 2490 720 2518 eorum
749 2488 821 2530 per
848 2475 958 2516 labia
985 2489 1089 2517 mea.

141 2586 271 2647 hgffidsst
338 2583 353 2606 ⁵
375 2581 577 2622 Dominus
602 2594 695 2635 pars
717 2581 957 2622 hereditatis
981 2595 1092 2626 meae.
1118 2590 1159 2623 et
1182 2582 1315 2624 calicis
1340 2582 1437 2623 mei:
1509 2587 1555 2622 tu
1577 2595 1629 2626 es.
1657 2581 1727 2635 qui
1749 2580 1939 2622 restitues
1960 2581 2231 2622 hereditatem

183 2629 286 2683 e‘iui'ae
581 2654 715 2681 meam
744 2640 855 2681 mihi.

339 2701 354 2723 ⁶
376 2700 511 2741 Funes
538 2700 771 2741 ceciderunt
797 2700 897 2740 mihi
924 2700 964 2741 in
992 2700 1211 2754 praeclaris:
1280 2701 1431 2742 etenim
1459 2700 1663 2741 hereditas
1690 2711 1783 2746 ntea
1808 2699 2003 2753 praeclara
2028 2705 2089 2740 est
2116 2699 2227 2740 mihi.

338 2760 352 2783 ⁷
378 2759 623 2800 Benedicam
637 2759 873 2805 Dominum,
890 2759 959 2813 qui
976 2759 1121 2801 tribuit
1146 2760 1244 2801 mihi
1269 2759 1540 2801 intellectum:
1599 2760 1706 2812 insu}
1746 2771 1764 2799 r
1780 2764 1821 2799 et
1846 2771 1973 2812 usque
1989 2759 2041 2799 ad
2065 2764 2226 2800 noctem

582 2819 869 2872 increpuerunt
899 2832 963 2859 me
992 2832 1106 2859 renes
1135 2820 1224 2861 mei.
1690 2824 1769 2873 (nifi

339 2879 355 2902 8
380 2878 672 2919 aProvidebam
695 2877 918 2919 Dominum
942 2878 982 2918 in
1005 2885 1224 2931 conspectu
1247 2892 1337 2920 meo
1360 2891 1534 2932 semper:
1601 2891 1680 2931 quo
1786 2891 1794 2917 ι
1817 2890 1839 2917 a
1860 2877 2012 2917 dextris
2034 2882 2095 2918 est
2116 2876 2226 2920 mihi.

579 2951 629 2977 Ile
659 2950 929 2979 eommovear.

125 3048 213 3105 ³51⁰ss
225 3052 300 3105 (ΞΜ
339 3044 353 3065 ⁹
377 3042 548 3095 Propter
574 3043 647 3083 hoc
674 3043 859 3083 laetatum
888 3050 947 3083 est
974 3056 1041 3083 cor
1066 3056 1214 3087 meum.
1244 3050 1284 3084 et
1310 3043 1512 3084 exultavit
1538 3042 1657 3095 lingu‘
1881 3041 2045 3095 insuper
2069 3046 2109 3082 et
2135 3054 2227 3081 caro

119 3088 133 3106 Ε
158 3088 306 3112 ⁹⁰⁰(an
581 3115 671 3142 mea
700 3102 924 3155 requiescet
954 3102 994 3142 in
1024 3115 1104 3155 spe.

319 3162 354 3184 ¹⁰
377 3160 597 3208 bQuoniam
636 3174 715 3201 non
751 3161 1003 3214 derelinques
1039 3161 1218 3201 animam
1255 3175 1387 3202 meam
1424 3161 1463 3201 in
1500 3161 1630 3201 infern
1672 3165 1853 3205 Transm:
1888 3159 2004 3200 dabis
2039 3164 2226 3199 sanctum

580 3226 696 3260 tuum
726 3220 862 3260 videre
892 3220 1205 3273 corruptionem.
2037 3248 2046 3252 <

379 3278 505 3318 Notas
521 3278 617 3318 mihi
641 3279 766 3319 fecisti
787 3279 872 3320 vias
889 3279 996 3323 vitae.
1049 3279 1289 3332 adimplebis
1307 3293 1370 3320 me
1388 3279 1528 3321 laetitia
1549 3288 1662 3323 cumt
1675 3282 1889 3333 sagitta-so:
1938 3276 2226 3318 delectationes

576 3342 616 3377 in
648 3338 812 3378 dextera
845 3344 918 3379 tua
947 3352 1073 3392 usque
1103 3338 1142 3378 in
1173 3339 1305 3380 tinem.

316 3426 338 3430 —
400 3428 416 3429 e
1590 3415 1669 3442 [em
1701 3401 1799 3455 quid
1828 3401 1844 3440 f

450 3477 501 3518 15,
527 3479 545 3509 δ’
573 3477 655 3509 aAct
681 3476 710 3514 2,
737 3478 787 3509 25.
828 3497 855 3499 ᾼ
886 3479 923 3510 [0
948 3479 1034 3510 bAct
1058 3479 1089 3518 2,
1113 3478 1171 3514 31:
1200 3478 1251 3519 13,
1275 3478 1329 3512 35.
