2356 3760
102 77 153 115 11,
180 76 297 113 effu,
323 73 364 105 35
938 67 1159 100 DANIELis
1925 66 2003 106 349

207 170 222 192 ὃ
244 168 300 208 Et
323 172 416 220 post
438 166 561 206 finem
584 175 783 204 annorum
806 162 1136 202 foederabuntur:
1161 160 1323 213 filiaque
1347 159 1448 212 regis
1471 158 1611 199 Austri
1636 160 1770 199 veniet
1796 160 1847 200 ad
1870 172 2004 213 regem
2016 157 2203 217 {psffffgffigfffjjr'

100 226 312 280 Aquilonis
332 226 463 266 facere
485 222 719 265 amicitiam,
743 226 784 260 et
804 233 885 260 non
908 220 1112 260 obtinebit
1131 218 1416 259 fortitudinem
1438 217 1603 263 brachii,
1626 230 1700 257 nec
1721 218 1849 257 stabit
1869 231 2005 257 semen
2032 216 2131 252 lvniaeo
2153 227 2192 256 11,

101 286 203 326 eius:
224 290 264 325 et
283 285 470 325 tradetur
486 282 585 334 ipsa,
607 284 648 320 et
667 279 735 332 qui
754 279 1016 319 adduxerunt
1034 291 1136 323 eam,
1158 277 1432 318 adolescentes
1453 276 1548 320 eius,
1569 280 1610 316 et
1630 276 1698 328 qui
1717 276 2008 316 confortabant

101 357 191 384 eam
219 344 259 384 in
288 340 550 395 temporibus.

209 404 222 426 ⁷
254 402 310 442 Et
340 398 468 440 stabit
499 397 547 438 de
578 396 757 450 germine
787 395 970 435 radicum
1003 394 1086 435 eius
1118 393 1340 447 plantatio:
1374 398 1416 433 et
1446 393 1583 433 veniet
1615 406 1707 433 cum
1739 391 1931 433 exercitu.
1966 396 2006 432 et
2095 390 2129 413 ἀρ

2036 425 2189 449 111019111ἓο

101 461 349 515 ingredietur
376 455 629 510 provinciam
658 454 760 508 regis
789 453 1021 507 Aquilonis:
1052 458 1092 493 et
1123 453 1318 492 abutetur
1347 452 1413 495 eis,
1446 456 1487 491 et
1517 451 1730 492 obtinebit.
1792 452 1807 475 s
1838 450 2008 503 Insuper
2028 495 2039 502 .
2064 460 2109 483 111
2135 461 2163 483 ot

102 528 143 560 et
170 520 265 560 deos
293 529 443 560 eorum,
474 520 515 555 et
542 512 757 566 sculptilia.
787 525 885 552 vasa
916 524 1077 565 quoque
1104 511 1283 564 pretiosa
1310 510 1479 563 argenti,
1509 514 1550 549 et
1578 510 1665 550 auri
1693 509 1858 563 captiva
1887 509 2009 549 ducet
2025 495 2139 519 *⁰¹⁰⁰OE
2159 493 2198 522 H'

102 578 142 619 in
166 576 410 629 AEgyptum:
435 574 520 626 ipse
544 571 783 625 prae-valebit
807 571 1001 611 adversus
1025 582 1159 623 regem
1182 568 1408 622 Aquilonis.
1464 569 1479 591 ⁹
1502 567 1558 608 Et
1581 567 1753 608 intrabit
1776 568 1817 608 in
1840 580 2010 621 regnum

100 648 171 676 rex
197 634 350 677 Austri.
381 638 423 673 et
448 635 677 672 revertetur
705 630 757 670 ad
785 635 936 670 terram
964 641 1092 669 suam.

207 695 242 718 ¹⁰
265 692 356 733 Filii
380 696 519 731 autem
544 689 627 730 eius
652 688 999 741 provocabuntur,
1027 693 1069 727 et
1093 686 1399 739 congregabunt
1423 684 1731 725 multitudinem
1757 684 2010 725 exercituum
2030 680 2065 705 ‘³⁶‘
2085 678 2201 739 {Qum

100 752 387 806 plurimorum:
418 753 459 789 et
487 747 624 788 veniet
652 759 885 800 properans,
918 751 957 786 et
987 746 1209 786 inundans:
1241 750 1281 785 et
1310 748 1550 785 revertetur,
1583 748 1624 784 et
1653 742 1938 787 concitabitur,
1970 747 2010 782 et
2044 750 2188 789 fratreque

102 810 385 864 congredietur
410 820 502 848 cum
527 806 671 847 robore
697 805 793 846 eius.
848 807 879 829 11
906 804 961 845 Et
986 810 1234 857 provocatus
1261 816 1332 843 rex
1356 802 1497 842 Austri
1524 802 1762 855 egredietur,
1791 806 1832 841 et
1857 783 2219 854 pugiia-ssnffiifflffl

103 869 164 911 bit
197 869 390 909 adversus
424 878 559 919 regem
592 863 818 917 Aquilonis.
855 868 895 904 et
930 862 1178 916 praeparabit
1211 861 1519 902 multitudinem
1554 860 1734 906 nimiam,
1772 865 1813 900 et
1847 859 2013 900 dabitur
2097 855 2146 881 Π·

101 927 325 968 multitudo
354 925 396 965 in
425 937 551 965 manu
580 923 676 964 eius.
735 923 766 946 12
795 922 851 962 Et
880 922 1014 975 capiet
1043 920 1364 965 multitudinem,
1396 926 1437 960 et
1467 919 1719 960 exaltabitur
1748 932 1816 959 cor
1844 918 1940 962 eius,
1972 922 2014 958 et

103 986 264 1028 deiiciet
289 984 422 1025 multa
447 982 584 1027 millia,
615 982 685 1022 sed
712 994 794 1022 non
820 980 1072 1034 praevalebit.
1129 981 1161 1004 13
1188 979 1459 1020 Convertetur
1486 978 1593 1018 enim
1620 990 1691 1018 rex
1717 976 1942 1031 Aquilonis,
1973 980 2013 1016 et
2030 977 2220 1035 I,t{‘3‘{{,¹,¹,‘g²ov‚

102 1043 351 1098 praeparabit
378 1041 687 1082 multitudinem
717 1040 847 1080 multo
877 1039 1071 1080 maiorem
1103 1051 1227 1092 quam
1256 1038 1385 1091 prius:
1417 1042 1457 1077 et
1486 1037 1527 1077 in
1557 1036 1635 1077 fine
1665 1041 1910 1089 temporum,
1943 1047 2013 1075 an—

103 1115 330 1155 norumque
353 1100 491 1141 veniet
512 1112 733 1153 properans
758 1111 849 1139 cum
873 1097 1053 1138 exercitu
1076 1110 1237 1150 magno,
1263 1102 1303 1137 et
1327 1096 1471 1149 opibus
1493 1095 1640 1136 nimiis.
1693 1097 1725 1119 1⁴
1752 1094 1827 1135 aEt
1847 1094 1888 1134 in
1912 1098 2014 1134 tem-

103 1161 269 1215 poribus
293 1159 370 1200 illis
394 1158 514 1200 multi
539 1162 784 1211 consurgent
809 1157 1003 1197 adversus
1027 1169 1162 1210 regem
1185 1155 1344 1196 Austri:
1371 1154 1441 1195 filii
1467 1166 1629 1207 quoque
1654 1153 2015 1206 praevaricatorum

103 1219 243 1274 populi
260 1219 322 1260 tui
339 1217 589 1259 extollentur
605 1222 652 1257 ut
669 1215 868 1269 impleant
885 1215 1096 1261 visionem,
1116 1219 1158 1255 et
1175 1217 1376 1255 corruent.
1423 1214 1454 1236 1⁵
1472 1212 1528 1252 Et
1546 1212 1682 1252 veniet
1700 1224 1770 1252 rex
1787 1210 2013 1264 Aquilonis,

103 1284 146 1320 et
179 1276 456 1330 comportabit
490 1288 688 1329 aggerem.
725 1279 765 1315 et
800 1274 934 1327 capiet
967 1273 1086 1314 urbes
1120 1272 1434 1313 munitissimas:
1485 1276 1525 1311 et
1560 1270 1727 1311 brachia
1760 1269 1901 1310 Austri
1934 1281 2016 1309 non

104 1336 379 1384 sustinebunt,
405 1340 446 1376 et
469 1338 714 1386 consurgent
737 1332 854 1372 electi
877 1332 960 1372 eius
985 1332 1037 1372 ad
1060 1331 1343 1373 resistendum,
1370 1336 1409 1370 et
1433 1342 1514 1369 non
1539 1329 1615 1369 erit
1638 1329 1851 1370 fortitudo.
1904 1329 1938 1351 ¹⁶
1962 1326 2018 1367 Et

103 1395 226 1435 faciet
252 1395 417 1435 veniens
442 1405 564 1445 super
587 1404 679 1431 eum
704 1390 821 1431 iuxta
846 1390 1044 1443 placitum
1069 1403 1201 1433 suum,
1229 1395 1269 1429 et
1294 1402 1375 1429 non
1401 1388 1475 1429 erit
1503 1388 1572 1441 qui
1596 1392 1677 1428 stet
1704 1392 1847 1428 contra
1870 1386 2016 1426 faciem

104 1454 207 1494 eius:
235 1459 277 1494 et
302 1451 431 1493 stabit
455 1451 496 1491 in
523 1456 631 1491 terra
656 1448 824 1502 inclyta.
853 1454 893 1489 et
920 1454 1183 1489 consumetur
1207 1448 1248 1488 in
1275 1461 1399 1488 manu
1427 1447 1522 1487 eius.
1578 1448 1611 1470 ¹⁷
1638 1446 1692 1486 Et
1719 1450 1845 1499 ponet
1870 1444 2017 1485 faciem

104 1525 221 1553 suam
249 1516 296 1552 ut>
322 1510 462 1551 veniat
489 1509 542 1550 ad
568 1508 793 1549 tenendum
820 1507 1056 1548 universum
1083 1520 1252 1560 regnum
1280 1506 1376 1548 eius.
1406 1511 1447 1546 et
1474 1510 1582 1546 recta
1612 1505 1734 1545 faciet
1762 1517 1854 1545 cum
1882 1516 1946 1544 eo:
1976 1507 2018 1543 et

105 1570 228 1611 filiam
258 1569 503 1610 feminarum
532 1567 648 1608 dabit
676 1567 723 1615 ei,
754 1571 801 1607 ut
830 1571 990 1607 evertat
1018 1565 1136 1606 illud:
1167 1571 1207 1606 et
1236 1578 1317 1605 non
1346 1564 1486 1608 stabit,
1518 1577 1591 1604 nec
1619 1563 1723 1604 illius
1753 1563 1840 1604 erit.
1899 1563 1933 1586 1⁸
1961 1561 2018 1601 Et

105 1633 318 1671 convertet
346 1627 492 1668 faciem
522 1639 638 1667 suam
669 1625 721 1665 ad
750 1625 914 1671 insulas,
950 1630 991 1665 et
1021 1624 1155 1677 capiet
1184 1624 1354 1664 multas:
1386 1629 1427 1663 et
1457 1636 1610 1663 cessare
1640 1622 1763 1663 faciet
1792 1620 2017 1675 principem

106 1687 312 1741 opprobrii
344 1686 417 1734 sui,
451 1690 493 1726 et
525 1684 788 1738 opprobrium
821 1683 905 1724 eius
939 1688 1202 1724 convertetur
1232 1682 1273 1723 in
1306 1695 1410 1723 eum.
1474 1684 1507 1705 1⁵⁹
1539 1681 1594 1722 Et
1627 1685 1838 1721 convertet
1871 1679 2017 1720 faciem

106 1759 221 1788 suam
250 1746 302 1786 ad
328 1744 544 1798 imperium
571 1749 688 1784 terrae
713 1755 807 1786 suae,
837 1747 878 1783 et
904 1742 1114 1795 impinget,
1144 1747 1185 1782 et
1211 1746 1383 1785 corruet,
1414 1746 1455 1781 et
1481 1753 1562 1781 non
1589 1739 1831 1780 invenietur.

211 1806 247 1829 ²⁰
265 1804 321 1844 Et
340 1803 469 1844 stabit
487 1803 528 1843 in
547 1802 635 1843 loco
656 1802 739 1843 eius
760 1801 990 1846 vilissimus,
1013 1807 1054 1841 et
1072 1800 1261 1854 indignus
1283 1800 1425 1840 decore
1445 1799 1571 1852 regio:
1594 1803 1634 1839 et
1653 1798 1693 1838 in
1714 1798 1854 1851 paucis
1875 1795 2017 1838 diebus
2037 1793 2071 1818 <¹⁹
2093 1792 2208 1852 {30000

107 1868 351 1911 conteretur,
380 1875 462 1903 non
489 1861 530 1902 in
557 1860 703 1905 furore,
733 1873 806 1900 nec
833 1860 874 1900 in
902 1859 1050 1913 praelio.
2141 1848 2147 1857 ’

211 1923 243 1946 21
266 1921 323 1962 Et
345 1920 474 1961 stabit
496 1920 537 1960 in
560 1919 647 1960 loco
672 1919 755 1959 eius
780 1919 1007 1971 despectus,
1033 1924 1074 1958 et
1097 1931 1178 1958 non
1202 1917 1408 1958 tribuetur
1430 1916 1464 1957 ei
1489 1916 1618 1957 honor
1640 1915 1789 1969 regius:
1816 1920 1856 1955 et
1879 1914 2017 1955 veniet
2052 1909 2194 1969 Am‘isscno

107 1981 223 2023 clam,
246 1985 287 2020 et
306 1978 510 2020 obtinebit
529 1991 698 2031 regnum
718 1977 759 2017 in
778 1976 1067 2017 fraudulentia.
1116 1978 1148 2000 22
1168 1976 1223 2016 Et
1244 1975 1408 2016 brachia
1429 1974 1650 2028 pugnantis
1671 1973 2018 2027 expugnabuntur
2062 2016 2069 2021 ,
2097 1968 2142 2019 ,ΙῩ
2185 1968 2188 1969 ’

107 2052 132 2080 a
154 2039 256 2080 facie
280 2038 376 2085 eius,
402 2042 444 2078 et
468 2040 747 2078 conterentur:
774 2035 938 2088 insuper
962 2042 1001 2075 et
1026 2035 1110 2075 dux
1133 2034 1308 2075 foederis.
1363 2036 1394 2058 ²³
1418 2033 1473 2074 Et
1497 2038 1590 2086 post
1615 2033 1827 2077 amicitias,
1855 2045 1947 2073 cum
1971 2044 2016 2072 eo
2044 2015 2203 2081 ἓῖᾆζῗζῗιῖῗιῖζ

106 2098 230 2139 faciet
258 2096 415 2138 dolum:
446 2102 487 2136 et
515 2095 718 2136 ascendet.
749 2100 790 2135 et
817 2093 1028 2147 superabit
1055 2093 1095 2134 in
1123 2093 1283 2134 modico
1311 2092 1475 2146 populo.
1532 2094 1565 2116 ‘2⁴
1591 2091 1647 2132 Et
1676 2091 1947 2136 abundantes
1977 2086 2218 2152 efoppuigssame

108 2157 250 2197 uberes
273 2156 392 2196 urbes
416 2154 682 2208 ingredietur:
708 2158 750 2194 et
772 2153 895 2193 faciet
920 2165 1009 2206 quae
1032 2165 1113 2193 non
1137 2152 1321 2193 fecerunt
1344 2157 1481 2204 patres
1506 2151 1601 2195 eius,
1628 2156 1668 2191 et
1692 2155 1828 2203 patres
1853 2154 2019 2203 patrum

108 2215 211 2256 eius:
238 2214 413 2268 rapinas,
441 2219 483 2254 et
506 2213 700 2266 praedam,
728 2217 769 2252 et
794 2211 959 2252 divitias
985 2224 1124 2251 eorum
1151 2210 1377 2263 dissipabit,
1405 2216 1445 2250 et
1472 2216 1615 2250 contra
1640 2209 1889 2249 firmissimas
1915 2207 2020 2261 cogi-

108 2273 285 2315 tationes
310 2272 448 2313 inibit:
475 2276 517 2312 et
540 2271 618 2312 hoc
642 2283 770 2324 usque
796 2270 847 2310 ad
873 2275 1048 2323 tempus.
1102 2271 1133 2294 25
1158 2269 1213 2310 Et
1239 2268 1514 2310 concitabitur
1537 2268 1738 2309 fortitudo
1764 2267 1860 2311 eius,
1888 2272 1929 2307 et
1954 2279 2022 2307 cor

109 2332 192 2373 eius
225 2332 443 2372 adversum
474 2343 609 2384 regem
640 2329 780 2369 Austri
812 2328 853 2369 in
885 2329 1065 2369 exercitu
1098 2341 1264 2381 magno:
1299 2333 1340 2368 et
1371 2340 1441 2367 rex
1472 2326 1613 2367 Austri
1644 2325 1937 2379 provocabitur
1968 2324 2021 2365 ad

109 2390 260 2432 bellum
289 2389 429 2430 multis
459 2388 631 2437 auxiliis,
663 2393 705 2428 et
732 2387 908 2428 fortibus
938 2387 1076 2428 nimis:
1108 2392 1149 2428 et
1178 2400 1260 2428 non
1290 2386 1474 2431 stabunt,
1508 2385 1603 2439 quia
1632 2385 1796 2425 inibunt
1826 2384 2021 2425 adversus

109 2463 201 2490 eum
236 2448 413 2490 consilia.
475 2449 511 2472 2⁶
544 2447 600 2488 Et
633 2447 891 2488 comedentes
926 2459 1074 2499 panem
1109 2459 1201 2487 cum
1236 2458 1293 2490 eo.
1331 2449 1543 2486 conterent
1576 2443 1702 2491 illum,
1739 2442 2021 2495 exercitusque

109 2508 193 2549 eius
221 2507 491 2560 opprimetur:
520 2511 561 2546 et
586 2506 736 2547 cadent
760 2505 965 2546 interfecti
991 2504 1166 2558 plurimi.
1222 2505 1255 2528 2⁷
1282 2504 1469 2544 Duorum
1497 2516 1659 2556 quoque
1684 2515 1826 2556 regum
1852 2513 1920 2542 cor
1945 2500 2022 2541 erit

109 2571 157 2608 ut
189 2565 463 2614 malefaciant,
500 2569 541 2606 et
574 2565 627 2605 ad
660 2577 843 2604 mensam
878 2576 1002 2604 unam
1036 2563 1296 2604 mendacium
1329 2562 1560 2616 loquentur,
1598 2566 1638 2602 et
1672 2574 1753 2601 non
1787 2559 2019 2614 proficient:

111 2624 207 2679 quia
235 2625 368 2666 adhuc
396 2623 485 2664 finis
513 2623 555 2664 in
584 2622 695 2664 aliud
723 2627 898 2675 tempus.
956 2623 991 2646 ²⁸
1018 2621 1075 2663 Et
1101 2626 1331 2662 revertetur
1358 2621 1399 2661 in
1428 2626 1579 2661 terram
1608 2632 1724 2660 suam
1754 2632 1846 2660 cum
1876 2618 2021 2671 opibus

110 2683 267 2725 multis:
288 2688 329 2724 et
346 2695 414 2724 cor
431 2681 514 2722 eius
532 2682 749 2722 adversum
768 2686 1064 2722 testamentum
1082 2686 1284 2729 sanctum,
1298 2686 1338 2720 et
1355 2679 1490 2724 faciet,
1508 2684 1549 2720 et
1566 2682 1795 2727 revertetur
1811 2677 1851 2717 in
1870 2682 2021 2718 terram

110 2755 238 2783 suam.
296 2744 331 2766 ’29
360 2742 528 2782 Statuto
558 2746 741 2793 tempore
770 2744 1010 2788 revertetur,
1042 2745 1083 2780 et
1113 2739 1250 2779 veniet
1280 2739 1332 2779 ad
1360 2738 1579 2779 Austrum:
1611 2742 1651 2778 et
1681 2749 1762 2777 non
1792 2736 1868 2776 erit
1897 2734 2021 2788 priori

111 2800 239 2841 simile
265 2800 544 2841 novissimum.
598 2800 635 2823 3⁰
660 2798 716 2839 Et
741 2798 908 2839 venient
935 2811 1056 2851 super
1081 2811 1174 2838 eum
1201 2797 1366 2842 Trieres,
1398 2802 1438 2838 et
1466 2795 1660 2837 Romani:
1689 2800 1729 2835 et
1755 2794 2018 2847 percutietur,

111 2865 152 2900 et
166 2863 405 2907 revertetur,
423 2864 465 2899 et
478 2857 760 2911 indignabitur
774 2862 917 2898 contra
932 2861 1229 2897 testamentum
1244 2855 1478 2903 sanctuarii,
1496 2860 1536 2895 et
1552 2854 1692 2895 faciet:
1709 2858 2019 2905 reverteturque
2032 2859 2065 2877 ³0
2078 2852 2217 2912 133³ng

111 2923 153 2959 et
171 2917 369 2971 cogitabit
387 2917 604 2957 adversum
623 2929 701 2965 eos,
724 2915 793 2970 qui
811 2915 1114 2968 dereliquerunt
1132 2919 1429 2956 testamentum
1447 2912 1680 2954 sanctuarii.
1727 2913 1759 2936 31
1778 2911 1834 2952 Et
1854 2910 2019 2952 brachia
2031 2903 2219 2953 perseq‘uente

112 2990 161 3017 ex
189 2989 234 3017 eo
263 2976 446 3023 stabunt,
476 2980 517 3016 et
544 2974 729 3028 polluent
756 2973 1035 3014 sanctuarium
1062 2973 1327 3016 fortitudinis,
1359 2978 1399 3014 et
1428 2972 1612 3013 auferent
1641 2971 1731 3024 iuge
1759 2969 2019 3011 sacrificium:

112 3040 153 3076 et
173 3035 333 3075 dabunt
352 3033 700 3075 abominationem
718 3033 759 3073 in
780 3031 1085 3074 desolationem.
1133 3034 1166 3057 32
1184 3032 1241 3073 Et
1258 3031 1372 3085 impii
1392 3031 1432 3071 in
1452 3033 1747 3072 testamentum
1768 3028 2023 3069 simulabunt

111 3092 411 3134 fraudulenter:
437 3091 612 3145 populus
638 3096 777 3132 autem
803 3090 930 3132 sciens
955 3090 1090 3131 Deum
1116 3104 1247 3139 suum,
1276 3089 1490 3135 obtinebit,
1519 3093 1560 3129 et
1584 3088 1718 3128 faciet.
1772 3088 1805 3112 33
1830 3086 1886 3127 Et
1911 3085 2022 3127 docti

111 3151 153 3192 in
179 3151 329 3205 populo
357 3151 564 3192 docebunt
588 3150 802 3204 plurimos:
831 3154 873 3190 et
898 3154 1018 3190 ruent
1043 3149 1084 3190 in
1110 3148 1257 3203 gladio,
1286 3154 1328 3189 et
1353 3149 1394 3188 in
1421 3147 1598 3191 flamma,
1628 3151 1669 3187 et
1694 3147 1736 3187 in
1763 3145 2019 3199 captivitate,

113 3215 155 3251 et
185 3210 227 3251 in
258 3210 402 3264 rapina
434 3209 602 3250 dierum.
662 3211 696 3233 ³4
727 3208 911 3262 Cumque
944 3207 1179 3257 corruerint,
1215 3206 1542 3248 sublevabuntur
1574 3204 1724 3246 auxilio
1757 3203 1947 3257 parvulo:
1981 3208 2023 3243 et

114 3268 432 3322 applicabuntur
459 3268 514 3308 eis
542 3267 706 3321 plurimi
733 3266 1025 3308 fraudulenter.
1075 3268 1108 3291 ³⁵
1130 3266 1187 3307 Et
1215 3266 1264 3307 de
1293 3264 1460 3306 eruditis
1488 3269 1621 3313 ruent,
1646 3269 1694 3305 ut
1717 3262 1955 3311 conflentur,
1982 3265 2023 3302 et

248 3394 299 3435 11,
325 3394 366 3426 14
392 3393 446 3426 ars
472 3394 523 3433 19,
550 3394 601 3427 16.

186 3457 213 3481 H
222 3465 236 3482 e
243 3458 256 3481 t
265 3463 279 3480 z
286 3464 300 3481 9
308 3463 326 3481 n
334 3464 350 3482 a
358 3464 376 3482 u
385 3464 399 3481 e
407 3464 429 3485 r,
459 3456 585 3488 Vulgata
608 3456 795 3482 Clementina.
1763 3446 1813 3486 54
