2356 3760
1149 191 1297 226 LIBER
1897 190 1971 229 146,
1997 188 2139 228 2449,
2165 188 2184 220 ‘2

278 196 355 237 564

298 289 551 329 2AEdificans
583 287 801 329 Ierusalem
831 287 1051 328 Dominus:
1135 286 1402 340 dispersiones
1434 286 1591 329 Israelis
1620 284 1893 337 congregabit.

297 350 313 373 ³
331 348 408 396 Qui
435 353 553 388 sanat
580 347 777 388 contritos
803 346 941 387 corde:
1023 351 1064 386 et
1090 345 1230 399 alligat
1257 345 1521 388 contritiones
1548 357 1699 387 eorum.

297 409 313 431 ¹¹
330 407 407 455 Qui
435 411 624 447 numerat
653 404 959 445 multitudinem
989 404 1217 445 stellarum:
1299 410 1339 445 et
1367 405 1556 447 omnibus
1584 405 1639 446 eis
1667 403 1835 444 nomina
1861 407 1995 444 vocat.

296 468 311 490 ⁵
330 466 500 513 Magnus
514 464 713 505 Dominus
730 468 878 511 noster,
894 469 936 504 et
951 476 1101 511 maena-
1117 463 1247 504 virtus
1263 463 1365 504 eius:
1423 471 1464 506 et
1480 463 1690 517 sapientia²
1703 462 1787 502 eius
1804 474 1884 502 non
1901 467 1962 502 est
1978 474 2181 502 numerus.

299 527 314 549 ⁶
330 524 560 578 Suscipiens
584 528 820 564 mansuetos
844 523 1063 563 Dominus:
1142 523 1360 563 humilians
1386 529 1523 564 autem
1545 528 1778 576 peccatores
1798 534 1924 574 usque
1943 521 1995 561 ad
2020 526 2182 561 terram.

102 629 235 653 ‘'mnibu*
300 632 313 653 ⁷
332 628 543 670 Praecinite
572 628 749 669 Domino
780 628 819 668 in
850 628 1118 669 confessione:
1202 627 1362 682 psallite
1397 628 1478 669 Deo
1508 635 1648 670 nostro
1678 628 1719 669 in
1749 627 1919 668 cithara.

121 671 215 688 vso-‘un

138 700 198 726 dat.
296 690 311 711 ⁸
329 688 406 736 Qui
435 687 566 741 operit
596 687 737 728 caelum
767 687 964 728 nubibus:
1049 692 1090 728 et
1119 692 1239 740 parat
1268 692 1385 727 terrm
1417 686 1609 740 pluviam.

325 747 403 796 Qui
424 746 614 801 producit
634 746 673 787 in
695 746 904 787 montibus
930 746 1105 787 foenum:
1190 751 1229 786 et
1259 746 1428 786 herbam
1459 746 1646 787 servituti
1677 745 1902 787 hominum.

292 808 307 829 ⁹
325 806 403 855 Qui
432 806 505 847 dat
533 805 725 846 iumentis
754 818 887 846 escam
917 805 1116 859 ipsorum:
1200 810 1240 846 et
1269 804 1388 859 pullis
1417 817 1633 846 corvorum
1663 804 1951 846 invocantibus
1981 816 2086 845 eum.

274 867 308 889 ¹⁰
329 865 418 906 Non
446 865 487 906 in
514 864 756 905 fortitudine
784 864 877 918 equi
905 864 1163 905 voluntatem
1192 863 1380 905 habebit:
1474 878 1545 904 nec
1571 864 1610 905 in
1640 864 1749 905 tibiis
1778 863 1854 904 viri
1882 862 2185 916 beneplacitum

537 923 613 964 erit
642 923 689 965 ei.

274 984 303 1007 ¹¹
327 982 637 1037 Beneplacitum
666 988 725 1023 est
756 983 932 1024 Domino
962 995 1082 1035 super
1112 982 1302 1023 timentes
1332 996 1444 1023 eum:
1528 987 1569 1023 et
1599 982 1638 1023 in
1671 982 1738 1027 eis,
1772 982 1841 1036 qui
1870 986 2037 1034 sperant
2066 994 2186 1035 super

536 1041 812 1083 misericordia
840 1041 935 1083 eius.

752 1158 844 1198 147.
876 1156 1171 1199 continuatio
1202 1157 1370 1198 Psalmi
1400 1157 1716 1210 praecedentis.

382 1229 563 1271 Alleluia.
621 1229 827 1271 CXLVII.

92 1340 244 1401 {⁹f¹¹;⁴{¹-¹‘'-¹t¹¹
274 1337 305 1359 1”-’
326 1335 470 1376 Lauda
500 1335 718 1376 Ierusalem
748 1335 993 1377 Dominum:
1075 1333 1200 1375 lauda
1228 1334 1363 1376 Deum
1392 1340 1512 1376 tuum
1540 1335 1649 1377 Sion.

101 1384 242 1401 'mmm'
277 1397 305 1418 ¹²³
327 1394 530 1443 Quoniam
560 1394 811 1436 confortavit
840 1408 948 1435 seras
977 1399 1189 1448 portarum
1220 1398 1404 1435 tuarum:
1488 1394 1699 1436 benedixit
1728 1393 1818 1435 filiis
1848 1393 1929 1436 tuis
1958 1394 1998 1435 in
2028 1399 2081 1436 te.

276 1457 305 1478 11
327 1454 405 1502 Qui
434 1454 571 1507 posuit
601 1454 699 1494 fines
729 1459 821 1495 tuos
851 1467 1013 1508 pacem:
1098 1457 1139 1494 et
1168 1453 1287 1507 adipe
1315 1454 1512 1495 frumenti
1542 1454 1668 1495 satiat
1698 1459 1751 1496 te.

274 1516 303 1538 15
324 1513 402 1562 Qui
432 1513 586 1554 emittit
615 1512 822 1567 eloquium
852 1526 971 1554 suum
1001 1518 1136 1554 terrae:
1220 1511 1415 1554 velociter
1443 1513 1569 1554 currit
1598 1526 1728 1554 sermo
1760 1513 1856 1555 eius.

272 1575 306 1596 ¹⁶
324 1573 402 1621 Qui
432 1572 505 1613 dat
533 1572 671 1613 nivem
700 1573 806 1614 sicut
834 1572 990 1613 lanam:
1075 1570 1268 1612 nebulam
1297 1571 1403 1613 sicut
1432 1573 1606 1614 cinerem
1637 1573 1804 1626 spargit.

272 1633 305 1655 ¹⁷
323 1631 456 1672 Mittit
472 1631 711 1685 crystallum
729 1645 846 1673 suam
863 1631 968 1672 sicut
986 1630 1205 1673 buccellas:
1278 1636 1375 1672 ante
1391 1632 1537 1672 faciem
1555 1631 1713 1685 frigoris
1731 1631 1816 1673 eius
1835 1631 1924 1686 quis
1942 1631 2186 1674 sustinebit?

272 1693 306 1714 ¹⁸
324 1690 501 1731 Emittet
528 1691 699 1732 verbum
727 1704 858 1736 suum.
889 1696 930 1731 et
956 1690 1190 1744 liquefaciet
1217 1703 1282 1730 ea:
1368 1690 1485 1732 flabit
1511 1691 1678 1745 spiritus
1705 1690 1801 1740 eius,
1831 1696 1873 1732 et
1899 1690 2027 1732 fiuent
2056 1704 2184 1745 aquae.

278 1752 312 1774 1⁹
330 1750 408 1799 Qui
436 1750 661 1792 annunciat
689 1751 860 1791 verbum
889 1763 1008 1790 suum
1040 1749 1182 1791 Iacob:
1265 1749 1454 1799 iustitias,
1486 1756 1527 1792 et
1554 1750 1705 1792 iudicia
1731 1763 1806 1791 sua
1834 1750 1969 1792 Israel.

277 1811 313 1833 2⁰
331 1809 423 1851 Non
449 1809 546 1850 fecit
573 1809 711 1850 taliter
738 1809 848 1851 omni
876 1808 1052 1850 nationi:
1135 1813 1176 1849 et
1203 1808 1353 1850 iudicia
1379 1823 1453 1850 sua
1479 1823 1561 1852 non
1588 1809 1873 1851 manifestavit
1899 1810 1966 1851 eis.
2002 1809 2186 1852 Alleluia.

925 1925 1021 1966 148.
1048 1925 1325 1979 Redemptor
1355 1925 1550 1967 Israelis.

383 1999 394 2021 1
424 1995 608 2039 Alleluia.
667 1996 895 2039 CXLVIII.

85 2105 258 2167 ¹321?ngss
329 2103 515 2144 Laudate
544 2101 768 2144 Dominum
798 2101 848 2143 de
877 2101 999 2143 caelis:
1082 2102 1250 2144 laudate
1278 2116 1371 2144 eum
1400 2102 1442 2144 in
1470 2103 1649 2145 excelsis.

224 2162 226 2164 ’
297 2165 311 2187 ‘-'
329 2162 515 2204 Laudate
543 2175 637 2202 eum
665 2174 804 2202 omnes
834 2161 964 2214 angeli
992 2161 1095 2202 eius:
1177 2162 1344 2203 laudate
1373 2175 1466 2203 eum
1494 2176 1634 2204 omnes
1663 2162 1837 2204 virtutes
1866 2162 1963 2205 eius.

296 2225 312 2247 ³
329 2222 515 2263 Laudate
544 2234 636 2261 eum
665 2220 722 2261 sol
751 2225 791 2261 et
817 2219 933 2260 luna:
1015 2220 1182 2262 laudate
1210 2234 1303 2262 eum
1331 2234 1471 2263 omnes
1499 2221 1635 2271 stellae,
1666 2227 1708 2263 et
1734 2221 1884 2263 lumen.

297 2284 311 2306 ⁴
333 2282 539 2322 aLaudate
571 2293 664 2320 eum
696 2279 779 2320 caeli
811 2279 1018 2320 caelorum:
1104 2285 1145 2321 et
1176 2294 1293 2335 aquae
1323 2294 1475 2329 omnes,
1511 2294 1600 2334 quae
1631 2294 1751 2335 super
1782 2281 1897 2323 caelos
1928 2286 2036 2331 sunt,

297 2344 312 2366 ⁵
330 2340 499 2381 laudent
529 2352 677 2380 nomen
708 2339 886 2380 Domini.
965 2339 1071 2388 Quia
1099 2339 1184 2393 ipse
1215 2340 1330 2386 dixit,
1364 2345 1406 2381 et
1435 2340 1548 2381 facta
1576 2345 1691 2381 sunt:
1770 2341 1855 2394 ipse
1885 2341 2114 2384 mandavit.
2148 2346 2189 2381 et

539 2404 678 2439 creata
706 2404 814 2439 sunt.

298 2462 312 2484 ⁶
330 2459 487 2502 Statuit
499 2472 547 2500 ea
561 2458 601 2498 in
614 2462 824 2506 aeternum,
841 2462 882 2499 et
896 2458 936 2498 in
952 2458 1143 2499 saeculum
1157 2458 1310 2500 saeculi:
1368 2463 1617 2512 praeceptum
1633 2459 1782 2512 posuit,
1798 2464 1840 2500 et
1854 2472 1935 2500 non
1950 2458 2186 2513 praeteribit.

101 2575 214 2632 datque
297 2567 311 2590 ⁷
330 2566 516 2607 Laudate
544 2564 769 2605 Dominum
799 2563 849 2603 de
878 2567 996 2608 terra,
1082 2565 1288 2613 dracones,
1320 2569 1362 2605 et
1391 2577 1530 2605 omnes
1560 2564 1708 2618 abyssi.

122 2610 240 2632 “1⁹⁸³‘'
298 2627 312 2647 ⁸
333 2624 452 2675 Ignis,
486 2623 653 2678 grando,
688 2622 769 2670 niX,
803 2621 961 2675 glacies,
1049 2623 1214 2676 spiritus
1247 2623 1534 2677 procellarum:
1569 2637 1660 2677 quae
1691 2623 1850 2665 faciunt
1881 2624 2052 2665 verbum
2085 2623 2188 2665 eius:

298 2687 313 2708 ‘⁴
330 2685 502 2732 Montes,
534 2688 575 2724 et
604 2695 743 2724 omnes
773 2681 910 2722 colles:
993 2681 1103 2735 ligna
1130 2683 1352 2731 fructifera,
1384 2688 1426 2724 et
1455 2696 1594 2724 omnes
1624 2683 1742 2724 cedri.

276 2746 312 2768 1⁰
332 2744 488 2787 Bestiae.
521 2747 561 2783 et
591 2742 782 2782 universa
810 2754 974 2794 pecora:
1058 2748 1276 2795 serpentes,
1309 2747 1350 2783 et
1379 2742 1562 2784 volucres
1592 2747 1801 2796 pennatae:

278 2805 305 2827 11
332 2803 459 2856 Reges
489 2808 617 2847 terrae,
650 2806 690 2841 et
720 2813 859 2841 omnes
889 2800 1046 2853 populi:
1131 2801 1343 2855 principes,
1375 2806 1417 2842 et
1446 2814 1585 2843 omnes
1616 2801 1766 2842 iudices
1798 2807 1925 2843 terrae.

278 2864 308 2886 ¹²
333 2862 515 2907 Iuvenes,
547 2866 589 2901 et
618 2860 810 2910 virgines:
895 2872 1007 2900 senes
1037 2873 1130 2901 cum
1160 2861 1384 2902 iunioribus

328 2920 497 2961 laudent
522 2933 671 2961 nomen
696 2918 880 2959 Domini:
950 2921 980 2943 ¹³
1006 2919 1102 2972 quia
1119 2920 1349 2961 exaltatum
1369 2926 1431 2961 est
1449 2933 1597 2961 nomen
1618 2919 1702 2960 eius
1718 2919 1853 2961 solius.
1925 2921 1956 2944 ¹⁴¹
1981 2918 2188 2961 Confessio

540 2979 624 3020 eius
654 2991 774 3032 super
803 2978 957 3027 caelum,
990 2984 1031 3019 et
1060 2984 1229 3019 terram:

332 3043 372 3079 et
402 3038 602 3079 exaltavit
631 3051 755 3079 cornu
786 3037 925 3091 populi
956 3038 1028 3079 sui.
1116 3038 1305 3091 Hymnus
1336 3039 1525 3080 omnibus
1557 3037 1708 3079 sanctis
1737 3037 1840 3078 eius:
1929 3037 2019 3078 filiis
2052 3036 2186 3085 Israel,

539 3097 690 3151 populo
721 3096 1071 3150 appropinquanti
1101 3097 1187 3138 sibi.
1220 3097 1404 3140 Alleluia.

957 3212 1049 3253 149.
1079 3213 1293 3254 Iudicium
1325 3213 1510 3254 iustum.

384 3287 398 3310 1
428 3285 609 3326 Alleluia.
668 3285 854 3326 CXLIX.

116 3397 239 3446 ‘'T-“³01⁴
331 3391 505 3431 Cantate
535 3391 711 3432 Domino
743 3392 946 3432 canticum
978 3403 1150 3431 novum:
1234 3391 1321 3431 laus
1351 3391 1434 3431 eius
1466 3390 1504 3431 in
1534 3389 1702 3431 ecclesia
1730 3394 1977 3430 sanctorum.

95 3434 249 3462 “mumm'
300 3450 512 3491 ²Laetetur
545 3450 666 3490 Israel
696 3451 735 3490 in
766 3464 823 3499 eo,
858 3449 925 3502 qui
956 3450 1051 3490 fecit
1080 3463 1192 3490 eum:
1275 3456 1316 3491 et
1346 3450 1415 3490 filii
1444 3450 1540 3491 Sion
1570 3448 1757 3490 exultent
1786 3448 1826 3489 in
1855 3460 1946 3501 rege
1975 3460 2059 3488 suo.

419 3524 493 3585 148.
518 3543 539 3578 4
563 3543 638 3577 ann
662 3546 693 3578 3.
719 3543 761 3578 59
783 3554 809 3577 s.
