2356 3760
115 1927 180 1946 cum
201 1920 285 1946 Saule

165 1957 233 1988 agit,

123 3163 279 3189 Philistina?-

124 3207 172 3225 um
192 3199 277 3225 inter-

169 3235 235 3265 ficit,

308 113 386 153 240
1154 110 1300 144 LIBER
1327 111 1353 144 1.
1932 115 1984 155 17,
2011 115 2155 155 15--17,
2180 115 2222 149 43

311 204 455 245 Tribus
483 217 575 257 ergo
602 203 824 245 maioribus
852 204 999 244 secutis
1027 203 1202 247 Saulem,
1258 205 1289 228 1⁵
1316 204 1419 244 abiit
1445 205 1594 250 David,
1624 210 1665 246 et
1690 218 1874 247 reversus
1901 213 1962 248 est
1989 222 2012 249 a
2038 209 2146 258 Saul,
2176 214 2223 250 ut

310 270 493 317 pasceret
515 276 674 316 gregem
699 263 826 316 patris
850 262 911 303 sui
933 262 972 302 in
998 261 1250 303 Bethlehem.
1304 265 1338 286 ¹⁶
1359 263 1614 304 Procedebat
1636 277 1730 305 vero
1754 265 2014 308 Philisthaeus
2037 281 2158 309 mane
2181 273 2222 309 et

310 335 488 375 vespere.
514 328 554 363 et
575 323 715 363 stabat
738 320 1012 374 quadraginta
1033 320 1187 362 diebus.
1239 323 1272 345 ¹⁷
1294 321 1412 362 Dixit
1434 328 1572 362 autem
1598 323 1674 363 lsai
1698 324 1750 364 ad
1771 324 1909 366 David
1931 325 2059 366 filium
2081 340 2219 367 suum:

309 380 457 434 Accipe
487 381 681 421 fratribus
713 379 793 420 tuis
824 379 916 432 ephi
947 379 1133 433 polentae.
1181 385 1222 421 et
1251 380 1389 421 decem
1422 394 1545 433 panes
1575 381 1687 428 istos,
1720 388 1760 423 et
1789 396 1903 424 curre
1933 383 1972 424 in
2004 390 2139 426 castra
2169 386 2221 426 ad

308 441 453 481 fratres
480 446 582 482 tuos.
639 441 671 462 ¹⁸
695 443 735 479 et
760 439 898 479 decem
923 438 1127 479 formellas
1153 439 1256 479 casei
1280 439 1353 479 has
1379 439 1533 480 deferes
1558 440 1610 481 ad
1633 440 1865 482 tribunum:
1892 448 1932 484 et
1956 444 2102 484 fratres
2127 449 2220 486 tuos

309 498 507 541 visitabis,
539 498 569 537 si
599 503 706 538 reete
737 503 879 550 agant:
911 502 952 538 et
980 510 1073 537 cuin
1104 497 1250 551 quibus
1281 497 1458 539 ordinati
1488 504 1595 546 sunt,
1628 499 1747 541 disce.
1806 502 1841 524 ¹⁹
1869 502 1965 542 Saul
1995 508 2147 551 autern,
2180 508 2221 544 et

306 558 373 600 illi.
412 563 451 597 et
487 570 625 598 omncs
663 556 729 597 filii
770 556 903 599 lsrael.
941 555 981 596 111
1019 555 1130 597 Valle
1166 556 1387 597 terebinthi
1424 558 1665 610 pugnabant
1701 559 1918 600 adversum
1954 561 2217 603 Philisthiim.

307 618 343 641 ²0
365 615 549 657 Surrexit
573 616 712 669 itaque
736 615 873 656 David
898 629 1029 661 mane,
1056 620 1097 656 et
1121 615 1427 657 commendavit
1450 629 1610 669 gregem
1636 618 1814 659 custodi:
1840 624 1881 659 et
1905 624 2076 661 onustus
2102 620 2218 667 abiit,r

307 676 411 715 sicut
436 680 684 728 przeceperat
708 674 741 715 ei
768 674 858 715 lsai.
887 674 941 715 Et
966 674 1078 715 venit
1104 675 1156 715 ad
1179 674 1312 715 locum
1337 674 1510 725 Mag-ala,
1537 681 1578 716 et
1602 677 1654 717 ad
1678 677 1914 723 exercitum,
1942 678 2011 732 qui
2036 693 2218 732 egressus

306 735 358 775 ad
389 748 569 787 pugnam
602 734 848 775 vociferatus
882 739 969 774 erat
1001 733 1040 773 in
1072 733 1305 775 certamine.
1366 736 1396 758 2¹
1429 734 1646 776 Direxerat
1677 736 1784 776 0111111
1817 736 1943 777 11010111
1978 738 2114 787 1311101,
2148 739 2218 780 sed

306 800 346 834 et
376 793 623 833 philisthiim
657 807 704 833 ex
737 793 907 833 adverso
938 793 1103 833 fuerant
1133 793 1362 846 praeparati.
1423 796 1455 817 22
1487 793 1780 848 Derelinquens
1812 809 1903 849 ergo
1935 796 2073 837 David
2104 810 2217 845 vasa,

307 866 397 906 (11110
427 852 635 896 attulerat.
668 853 742 893 sub
773 865 897 892 manu
929 851 1109 892 custodis
1140 852 1192 892 ad
1222 851 1411 897 sarcinas,
1445 853 1622 893 cucurrit
1653 854 1704 894 ad
1734 853 1867 895 locum
1898 855 2145 905 certaminis,
2178 861 2220 897 et

305 911 587 965 interrogabat
618 911 650 952 si
683 911 817 952 onmia
851 916 958 951 recte
991 915 1208 964 agerentur
1239 924 1332 964 erga
1362 912 1508 952 fratre-s
1542 925 1646 953 suos.
1708 914 1739 936 2³
1771 913 1955 967 stumque
1988 915 2122 956 adhuc
2154 915 2220 956 ille

305 970 540 1024 loqueretur
570 971 636 1014 013,
670 970 862 1024 apparuit
893 970 954 1010 vir
984 969 1048 1011 ille
1079 969 1238 1023 spurius
1270 971 1503 1016 ascendens,
1537 970 1703 1012 Goliath
1734 972 1909 1021 nomine,
1942 973 2217 1020 Philisthaeus,

307 1030 355 1070 (10
376 1030 495 1072 Geth.
519 1030 567 1070 de
588 1029 730 1070 castris
751 1028 1109 1070 Philisthinorum:
1132 1035 1172 1070 et
1191 1029 1384 1083 loquente
1405 1044 1450 1071 eo
1471 1030 1556 1071 11100
1577 1031 1718 1071 eadem
1739 1032 1866 1072 verba
1886 1031 2048 1073 audivit
2066 1033 2216 1074 David.

305 1090 336 1113 2⁴
367 1090 517 1130 Omnes
549 1094 687 1130 autem
720 1087 925 1133 13111011110,
958 1102 1049 1129 011111
1082 1088 1279 1129 vidissent
1310 1088 1455 1137 virum,
1488 1090 1681 1139 fugerunt
1711 1104 1735 1130 a
1763 1090 1864 1131 facie
1895 1091 1991 1141 01113,
2024 1091 2218 1133 timentes

306 1162 396 1189 eum
428 1148 557 1189 valde.
615 1150 646 1172 2⁵
674 1147 729 1188 Et
757 1147 862 1188 dixit
890 1161 993 1188 unus
1024 1147 1226 1201 quispiam
1255 1148 1304 1188 de
1335 1148 1475 1189 lsrael:
1508 1149 1615 1189 Num
1644 1148 1805 1190 vidistis
1834 1150 1968 1191 virum
1996 1150 2116 1201 hunc,
2149 1151 2218 1205 qui

305 1207 512 1248 aseendit?
549 1207 601 1248 ad
636 1207 966 1261 exprobrandum
1003 1206 1109 1247 enim
1147 1206 1283 1248 Israeli
1319 1207 1513 1249 ascendit.
1550 1208 1693 1249 Virum
1728 1221 1832 1262 ergo,
1871 1209 1939 1263 qui
1974 1210 2218 1263 percusserit

305 1280 409 1311 011111,
442 1266 593 1307 ditabit
622 1279 692 1306 rex
722 1266 875 1307 divitiis
906 1265 1075 1320 magnis,
1108 1271 1148 1306 et
1179 1265 1303 1307 filiam
1333 1280 1448 1307 suam
1479 1267 1596 1307 dabit
1625 1267 1671 1317 01,
1704 1273 1745 1308 et
1774 1268 1942 1309 domum
1973 1268 2102 1322 patris
2133 1268 2217 1310 eius

304 1325 428 1366 faciet
454 1326 608 1379 absque
634 1325 790 1366 tributo
818 1325 857 1365 in
887 1325 1019 1366 lsrael.
1075 1327 1110 1349 2⁶
1139 1325 1191 1366 Et
1217 1325 1275 1366 ait
1299 1325 1437 1367 David
1463 1326 1515 1366 ad
1541 1326 1660 1375 viros,
1691 1327 1759 1380 qui
1785 1328 1955 1369 stabant
1980 1341 2130 1377 secum,
2159 1328 2218 1369 di-

305 1399 416 1425 cens:
445 1384 551 1433 Quid
578 1384 744 1425 dabitur
770 1384 868 1429 viro,
899 1384 967 1438 qui
993 1384 1235 1438 percusserit
1260 1384 1543 1426 Philisthaeum
1570 1386 1690 1434 hunc,
1719 1391 1760 1427 et
1785 1386 1925 1427 tulerit
1950 1387 2218 1441 opprobrium

304 1445 353 1485 de
382 1443 529 1485 Israel?
560 1443 648 1497 quis
676 1443 782 1484 enim
810 1448 871 1484 est
896 1443 961 1484 hic
987 1443 1247 1484 Philisthaeus
1274 1443 1589 1493 incircumcisus,
1620 1445 1689 1499 qui
1716 1445 1982 1499 exprobravit
2008 1445 2112 1487 acies
2139 1446 2217 1487 Dei

305 1503 507 1544 viventis?
556 1504 588 1527 2⁷
613 1503 832 1544 Referebat
849 1507 986 1543 autem
1010 1502 1043 1543 ei
1062 1502 1236 1556 populus
1255 1503 1430 1544 eundem
1450 1516 1689 1549 sermonem,
1710 1504 1865 1545 dicens:
1891 1505 1988 1546 Haec
2006 1505 2219 1547 dabuntur

305 1562 403 1606 viro,
430 1563 497 1616 qui
522 1562 763 1616 percusserit
785 1576 889 1603 eum.
941 1563 976 1585 ‘2¹³
999 1562 1118 1611 Quod
1141 1575 1233 1603 011111
1257 1561 1438 1603 audisset
1460 1562 1578 1603 Eliab
1601 1563 1728 1604 frater
1750 1563 1833 1604 eius
1855 1564 1996 1613 maior,
2020 1564 2217 1618 loquente

305 1636 349 1663 eo
378 1635 471 1662 cuin
499 1621 597 1667 aliis,
627 1621 754 1662 iratus
783 1627 843 1662 est
870 1627 1014 1662 contra
1039 1620 1189 1668 David,
1219 1626 1260 1662 et
1287 1621 1363 1662 ait:
1392 1622 1526 1670 Quare
1553 1622 1713 1672 venisti,
1744 1628 1784 1664 et
1812 1636 1936 1677 quare
1964 1623 2215 1677 dereliquisti

306 1680 500 1734 pauculas
525 1694 620 1722 oves
645 1681 732 1721 illas
756 1680 798 1721 in
823 1680 1007 1721 deserto?
1034 1694 1105 1734 ego
1130 1680 1226 1721 novi
1251 1680 1484 1734 superbiam
1508 1686 1637 1730 tuam,
1665 1686 1706 1722 et
1729 1681 1956 1735 nequitiam
1981 1682 2112 1724 cordis
2136 1682 2216 1723 tui:

307 1740 403 1794 quia
426 1745 473 1781 ut
496 1740 651 1781 videres
676 1739 870 1794 praelium,
898 1739 1153 1781 descendisti.
1206 1741 1241 1764 ²⁹
1265 1740 1321 1780 Et
1344 1739 1449 1781 dixit
1472 1740 1627 1782 David:
1653 1740 1761 1790 Quid
1783 1741 1884 1782 feci?
1909 1741 2113 1795 numquid
2135 1755 2217 1783 non

305 1800 477 1841 verbum
495 1799 579 1840 est?
624 1801 661 1823 30
676 1799 731 1840 Et
748 1798 969 1840 declinavit
986 1798 1197 1853 paululum
1216 1799 1267 1840 ab
1284 1813 1329 1840 eo
1347 1799 1399 1840 ad
1416 1799 1559 1840 alium:
1578 1799 1765 1854 dixitque
1782 1801 1956 1841 eundem
1973 1813 2214 1842 sermonem.

306 1859 361 1900 Et
389 1858 599 1912 respondit
627 1858 661 1899 ei
689 1858 863 1912 populus
892 1859 1063 1899 verbum
1093 1858 1198 1899 sicut
1226 1858 1348 1912 prius.

410 1920 440 1942 3¹
461 1918 617 1958 Audita
634 1923 731 1959 sunt
750 1924 888 1958 autem
907 1918 1045 1963 verba,
1068 1930 1157 1971 quae
1175 1917 1335 1959 locutus
1354 1923 1415 1958 est
1434 1917 1582 1961 David.
1605 1923 1646 1959 et
1664 1918 1916 1960 annunciata
1933 1918 1973 1959 in
1993 1924 2215 1973 conspectu

305 1977 412 2019 Saul.
458 1979 489 2002 3²
505 1978 569 2018 Ad
586 1991 707 2031 quem
723 1990 815 2018 011111
832 1977 975 2018 11113301
991 1977 1206 2023 adductus,
1224 1976 1385 2017 locutus
1401 1982 1462 2018 est
1478 1977 1530 2017 ei:
1577 1978 1667 2019 Non
1684 1977 1874 2019 concidat
1889 1991 1957 2019 cor
1972 1977 2215 2032 cuiusquam

304 2036 344 2077 in
371 2050 435 2077 eo:
464 2050 534 2090 ego
562 2049 701 2077 servus
727 2042 822 2077 tuus
848 2037 1011 2081 vadam,
1040 2041 1081 2076 et
1106 2037 1297 2090 pugnabo
1324 2036 1519 2077 adversus
1545 2036 1840 2078 Philisthaeum.
1895 2039 1928 2062 3³
1953 2037 2009 2078 Et
2035 2037 2093 2078 ait
2118 2037 2216 2078 Saul

305 2097 356 2137 ad
387 2096 542 2137 David:
577 2096 667 2136 Non
699 2095 808 2136 vales
840 2095 1022 2136 resistere
1054 2095 1288 2136 Philisthaeo
1320 2094 1398 2141 isti,
1432 2108 1505 2136 nec
1536 2109 1716 2149 pugnare
1748 2097 1942 2137 adversus
1974 2110 2085 2137 eum:
2120 2095 2217 2150 quia

306 2168 405 2209 puer
425 2169 476 2200 es,
498 2155 563 2195 hic
584 2161 721 2195 autem
743 2155 804 2195 vir
825 2154 996 2196 bellator
1015 2160 1076 2195 est
1096 2155 1147 2195 ab
1168 2153 1443 2195 adolescentia
1462 2168 1546 2196 sua.
1594 2156 1628 2179 ³⁴
1648 2154 1846 2209 Dixitque
1866 2154 2004 2196 David
2025 2156 2077 2196 ad
2097 2155 2214 2197 Saul:

308 2215 529 2255 aPa.sc‹›i›at
560 2227 698 2255 servus
730 2219 825 2255 tuus
856 2213 984 2267 patris
1016 2213 1075 2254 sui
1106 2226 1278 2267 gregem,
1312 2219 1353 2254 et
1384 2213 1577 2255 veniebat
1606 2214 1679 2259 leo,
1713 2214 1777 2255 vel
1807 2227 1935 2261 ursus,
1970 2220 2010 2256 et
2041 2214 2216 2256 tollebat

304 2274 472 2314 arietem
500 2274 549 2314 de
576 2273 708 2315 medio
736 2273 882 2327 gregis:
939 2275 970 2297 ³³5
998 2278 1038 2313 et
1065 2273 1337 2326 persequebar
1364 2286 1442 2321 eos,
1472 2278 1513 2314 et
1539 2273 1832 2326 percutiebam,
1862 2274 2137 2328 eruebamque
2165 2273 2215 2314 de

303 2346 370 2375 ore
396 2346 553 2373 eorum:
581 2338 621 2374 et
645 2332 699 2373 illi
725 2333 1026 2383 consurgebant
1051 2332 1269 2373 adversum
1293 2345 1369 2381 me,
1397 2337 1438 2373 et
1463 2333 1822 2386 apprehendebam
1847 2337 2035 2374 mentum
2060 2345 2213 2382 eorum,

303 2398 344 2434 et
374 2392 638 2437 suffocabam,
671 2391 1047 2446 interficiebamque
1077 2405 1154 2432 eos.
1212 2393 1249 2416 3⁶
1280 2392 1385 2432 Nam
1415 2396 1457 2432 et
1485 2391 1654 2438 leonem,
1688 2397 1729 2433 et
1758 2404 1896 2433 ursum
1927 2391 2113 2433 interfeci
2142 2405 2215 2445 ego

303 2464 443 2493 servus
470 2456 583 2492 tuus:
612 2451 687 2492 erit
713 2451 836 2505 igitur
862 2457 902 2492 et
928 2450 1187 2491 Philisthaeus
1214 2450 1277 2491 hic
1304 2449 1619 2500 incircumcisus,
1650 2451 1765 2505 quasi
1792 2465 1896 2492 unus
1923 2465 1972 2491 ex
1998 2450 2066 2492 eis.
2097 2451 2217 2492 Nunc

304 2511 467 2553 vadam.
490 2517 531 2552 et
551 2511 732 2551 auferam
754 2509 1018 2564 opprobrium
1039 2509 1196 2563 populi:
1220 2509 1413 2563 quoniam
1435 2509 1523 2563 quis
1544 2515 1606 2551 est
1624 2510 1701 2551 istc
1720 2510 1981 2551 Philisthaeus
2001 2509 2216 2551 incircum-

304 2570 420 2612 cisus,
449 2570 517 2624 qui
542 2583 663 2611 ausus
688 2575 749 2610 est
773 2569 1012 2611 maledicere
1037 2569 1231 2610 exercitui
1255 2569 1331 2610 Dei
1356 2568 1558 2610 viventis?
1610 2571 1644 2593 ³⁷
1670 2570 1726 2610 Et
1750 2569 1808 2610 ait
1831 2569 1987 2611 David:
2013 2568 2216 2610 Dominus

305 2629 374 2683 qui
392 2629 541 2682 eripuit
557 2642 621 2669 1110
639 2629 688 2670 (10
705 2642 829 2670 manu
848 2629 986 2678 leonis,
1006 2634 1047 2669 et
1065 2629 1113 2669 de
1132 2642 1254 2669 manu
1274 2628 1367 2677 ursi,
1387 2627 1472 2682 ipse
1490 2642 1554 2669 me
1570 2628 1762 2670 liberabit
1779 2629 1827 2670 de
1845 2642 1970 2669 manu
1988 2627 2214 2669 Philisthaei

304 2688 434 2729 huius.
470 2688 585 2729 Dixit
616 2693 753 2729 autem
784 2688 881 2729 Saul
911 2688 963 2729 ad
992 2687 1148 2729 David:
1181 2688 1306 2735 Vade,
1339 2692 1380 2728 et
1409 2687 1610 2728 Dominus
1640 2693 1777 2729 tecum
1808 2687 1872 2729 sit.
1930 2689 1966 2712 ³⁸
1997 2688 2052 2728 Et
2081 2686 2218 2728 induit

304 2747 401 2788 Saul
419 2747 557 2788 David
577 2747 832 2788 vestimentis
853 2747 945 2796 31113,
968 2752 1008 2788 01
1026 2746 1223 2800 imposuit
1241 2746 1399 2801 galeam
1418 2760 1563 2787 aeream
1584 2760 1704 2800 super
1723 2752 1848 2801 caput
1868 2747 1963 2793 01113,
1986 2752 2026 2788 01
2045 2745 2218 2787 vestivit

305 2820 397 2847 011111
420 2806 551 2847 1011011.
603 2808 638 2831 ³⁹
659 2806 877 2848 Accinctus
900 2819 991 2860 ergo
1014 2805 1152 2847 David
1172 2805 1305 2859 gladio
1329 2805 1412 2847 eius
1434 2819 1555 2860 super
1574 2812 1732 2847 vestem
1754 2820 1882 2853 suam,
1907 2805 2033 2859 coepit
2053 2810 2215 2846 tentare

304 2866 335 2905 si
370 2871 551 2906 armatus
586 2871 723 2919 posset
755 2865 956 2907 incedere:
992 2879 1073 2906 non
1107 2864 1213 2905 enirn
1247 2865 1428 2906 habebat
1461 2865 1812 2907 consuetudinem.
1847 2864 2046 2919 Dixitque
2079 2863 2218 2905 David

306 2925 357 2965 ad
384 2924 498 2965 Saul:
529 2925 620 2965 Non
648 2938 813 2979 possum
842 2925 896 2966 sic
924 2924 1119 2969 incedere,
1151 2924 1246 2979 quia
1272 2937 1353 2965 non
1382 2938 1499 2966 usum
1527 2924 1670 2966 habeo.
1702 2925 1757 2965 Et
1784 2924 1973 2978 deposuit
2001 2937 2058 2971 ea,
2114 2924 2151 2948 ⁴⁰
2177 2927 2218 2963 et

305 2983 401 3024 tulit
434 2983 624 3024 baculum
658 2997 789 3034 31111111,
826 2998 945 3038 quem
980 2996 1138 3037 semper
1169 2983 1351 3024 habebat
1383 2983 1424 3024 in
1457 2983 1665 3025 manibus:
1700 2989 1741 3024 et
1774 2983 1893 3037 elegit
1926 2982 2002 3024 sibi
2037 2982 2217 3036 quinque

304 3042 606 3096 limpidissimos
629 3042 782 3096 lapides
806 3044 854 3084 de
877 3049 1068 3087 torrente,
1094 3048 1134 3083 et
1156 3042 1267 3083 misit
1289 3056 1354 3083 eos
1377 3042 1417 3082 in
1441 3056 1579 3096 peram
1602 3042 1862 3096 pastoralem,
1888 3055 2013 3096 quam
2033 3041 2218 3082 habebat

305 3114 454 3150 secum,
487 3107 526 3142 et
556 3102 725 3142 fundam
757 3116 881 3143 manu
912 3102 1026 3143 tulit:
1058 3107 1099 3142 et
1128 3101 1324 3155 processit
1353 3102 1571 3142 adversum
1602 3102 1896 3143 Philisthaeum.

411 3163 439 3184 ⁴¹
475 3160 563 3201 ibat
597 3166 733 3201 antem
768 3161 1026 3203 Philisthaeus
1060 3161 1260 3207 incedens,
1297 3166 1337 3201 et
1371 3160 1704 3215 appropinquans
1739 3161 1956 3202 adversum
1990 3159 2139 3207 David,
2176 3162 2218 3199 et

307 3219 478 3269 armiger
511 3219 594 3261 eius
629 3226 723 3260 ante
757 3234 860 3262 eum.
922 3223 955 3245 ⁴2
988 3221 1171 3274 Cumque
1205 3219 1447 3273 inspexisset
1480 3219 1752 3265 Philisthaeus,
1788 3225 1829 3261 et
1861 3218 2031 3260 vidisset
2063 3216 2214 3265 David,

308 3278 495 3332 despexit
519 3292 622 3319 euin.
651 3279 752 3319 Erat
777 3279 882 3320 enim
909 3279 1159 3321 adolescens:
1185 3279 1311 3323 1111113,
1339 3284 1379 3320 et
1404 3278 1571 3333 pulcher
1595 3284 1774 3332 aspectu.
1827 3280 1860 3303 ⁴³
1884 3278 1939 3319 Et
1964 3277 2070 3318 dixit
2093 3275 2217 3318 Phili—

308 3338 459 3379 sthaeus
484 3338 535 3378 ad
560 3337 714 3379 David:
743 3339 954 3393 Numquid
979 3353 1050 3392 ego
1076 3338 1186 3380 canis
1211 3351 1313 3387 sum,
1342 3338 1451 3391 quod
1476 3343 1519 3379 tu
1547 3338 1660 3379 venis
1686 3339 1737 3379 ad
1760 3351 1825 3378 me
1849 3351 1941 3378 011111
1967 3335 2136 3378 baculo?
2163 3335 2218 3376 Et

445 3464 487 3498 34
516 3464 583 3499 *Sir
607 3465 660 3507 47,
685 3466 717 3500 3.
