<?xml version="1.0" encoding="UTF-8"?>
<!DOCTYPE html PUBLIC "-//W3C//DTD XHTML 1.0 Transitional//EN"
    "http://www.w3.org/TR/xhtml1/DTD/xhtml1-transitional.dtd">
<html xmlns="http://www.w3.org/1999/xhtml" xml:lang="en" lang="en">
 <head>
  <title>
</title>
<meta http-equiv="Content-Type" content="text/html;charset=utf-8" />
  <meta name='ocr-system' content='tesseract 3.04.00' />
  <meta name='ocr-capabilities' content='ocr_page ocr_carea ocr_par ocr_line ocrx_word'/>
</head>
<body>
  <div class='ocr_page' id='page_1' title='image "./bibliasacravulga00helzuoft_0189.png"; bbox 0 0 2356 3760; ppageno 0'>
   <div class='ocr_carea' id='block_1_1' title="bbox 96 154 1998 201">
    <p class='ocr_par' dir='ltr' id='par_1_1' title="bbox 96 154 1998 201">
     <span class='ocr_line' id='line_1_1' title="bbox 96 154 1998 201; baseline -0.004 -9"><span class='ocrx_word' id='word_1_1' title='bbox 96 158 151 199; x_wconf 83' lang='lat'>25,</span> <span class='ocrx_word' id='word_1_2' title='bbox 180 157 322 196; x_wconf 71' lang='lat'>16-27,</span> <span class='ocrx_word' id='word_1_3' title='bbox 348 156 369 189; x_wconf 88' lang='lat'>4</span> <span class='ocrx_word' id='word_1_4' title='bbox 864 154 1237 188; x_wconf 84' lang='lat' dir='ltr'><strong>DEUTERONOMII</strong></span> <span class='ocrx_word' id='word_1_5' title='bbox 1924 162 1998 201; x_wconf 75' lang='lat'>165</span> 
     </span>
    </p>
   </div>
   <div class='ocr_carea' id='block_1_2' title="bbox 98 246 1998 408">
    <p class='ocr_par' dir='ltr' id='par_1_2' title="bbox 98 246 1998 408">
     <span class='ocr_line' id='line_1_2' title="bbox 99 246 1998 304; baseline -0.003 -13"><span class='ocrx_word' id='word_1_6' title='bbox 99 250 264 304; x_wconf 83' lang='lat' dir='ltr'>aequalis</span> <span class='ocrx_word' id='word_1_7' title='bbox 290 254 332 290; x_wconf 85' lang='lat' dir='ltr'>et</span> <span class='ocrx_word' id='word_1_8' title='bbox 357 262 475 290; x_wconf 89' lang='lat' dir='ltr'>verus</span> <span class='ocrx_word' id='word_1_9' title='bbox 501 248 577 289; x_wconf 88' lang='lat' dir='ltr'>erit</span> <span class='ocrx_word' id='word_1_10' title='bbox 603 247 695 287; x_wconf 90' lang='lat' dir='ltr'>tibi:</span> <span class='ocrx_word' id='word_1_11' title='bbox 724 252 771 287; x_wconf 93' lang='lat' dir='ltr'>ut</span> <span class='ocrx_word' id='word_1_12' title='bbox 796 246 925 287; x_wconf 90' lang='lat' dir='ltr'>multo</span> <span class='ocrx_word' id='word_1_13' title='bbox 952 247 1067 287; x_wconf 91' lang='lat' dir='ltr'>vivas</span> <span class='ocrx_word' id='word_1_14' title='bbox 1095 252 1276 299; x_wconf 87' lang='lat' dir='ltr'>tempore</span> <span class='ocrx_word' id='word_1_15' title='bbox 1303 260 1422 300; x_wconf 86' lang='lat' dir='ltr'>super</span> <span class='ocrx_word' id='word_1_16' title='bbox 1447 248 1623 296; x_wconf 82' lang='lat' dir='ltr'>Terram,</span> <span class='ocrx_word' id='word_1_17' title='bbox 1652 263 1774 302; x_wconf 87' lang='lat' dir='ltr'>quam</span> <span class='ocrx_word' id='word_1_18' title='bbox 1799 253 1998 293; x_wconf 65' lang='lat' dir='ltr'>Dominus</span> 
     </span>
     <span class='ocr_line' id='line_1_3' title="bbox 98 305 1996 370; baseline 0.001 -20"><span class='ocrx_word' id='word_1_19' title='bbox 98 310 208 350; x_wconf 92' lang='lat' dir='ltr'>Deus</span> <span class='ocrx_word' id='word_1_20' title='bbox 239 313 333 348; x_wconf 90' lang='lat' dir='ltr'>tuus</span> <span class='ocrx_word' id='word_1_21' title='bbox 364 307 520 349; x_wconf 79' lang='lat' dir='ltr'>dederit</span> <span class='ocrx_word' id='word_1_22' title='bbox 549 305 653 370; x_wconf 33' lang='lat' dir='ltr'>tib-i.-</span> <span class='ocrx_word' id='word_1_23' title='bbox 695 306 737 369; x_wconf 38' lang='lat'>¹⁶·</span> <span class='ocrx_word' id='word_1_24' title='bbox 759 305 1021 369; x_wconf 74' lang='lat' dir='ltr'>abominatur</span> <span class='ocrx_word' id='word_1_25' title='bbox 1050 305 1157 345; x_wconf 89' lang='lat' dir='ltr'>enim</span> <span class='ocrx_word' id='word_1_26' title='bbox 1185 306 1385 346; x_wconf 85' lang='lat' dir='ltr'>Dominus</span> <span class='ocrx_word' id='word_1_27' title='bbox 1415 310 1510 346; x_wconf 85' lang='lat' dir='ltr'>tuus</span> <span class='ocrx_word' id='word_1_28' title='bbox 1541 320 1644 355; x_wconf 90' lang='lat' dir='ltr'>eum,</span> <span class='ocrx_word' id='word_1_29' title='bbox 1678 309 1746 360; x_wconf 91' lang='lat' dir='ltr'>qui</span> <span class='ocrx_word' id='word_1_30' title='bbox 1775 310 1873 350; x_wconf 78' lang='lat' dir='ltr'>iacit</span> <span class='ocrx_word' id='word_1_31' title='bbox 1901 312 1996 359; x_wconf 84' lang='grc'>11100,</span> 
     </span>
     <span class='ocr_line' id='line_1_4' title="bbox 99 368 855 408; baseline -0.005 0"><span class='ocrx_word' id='word_1_32' title='bbox 99 372 141 408; x_wconf 88' lang='grc'>01</span> <span class='ocrx_word' id='word_1_33' title='bbox 170 372 382 408; x_wconf 71' lang='lat' dir='ltr'>aversatur</span> <span class='ocrx_word' id='word_1_34' title='bbox 410 378 572 406; x_wconf 89' lang='lat' dir='ltr'>omnem</span> <span class='ocrx_word' id='word_1_35' title='bbox 600 368 855 404; x_wconf 84' lang='lat' dir='ltr'>iniustitiam.</span> 
     </span>
    </p>
   </div>
   <div class='ocr_carea' id='block_1_3' title="bbox 100 432 2187 723">
    <p class='ocr_par' dir='ltr' id='par_1_3' title="bbox 100 432 2187 723">
     <span class='ocr_line' id='line_1_5' title="bbox 205 432 2187 489; baseline 0.001 -13"><span class='ocrx_word' id='word_1_36' title='bbox 205 439 237 461; x_wconf 79' lang='lat'>¹⁷</span> <span class='ocrx_word' id='word_1_37' title='bbox 268 437 491 476; x_wconf 74' lang='lat' dir='ltr'>aMemento</span> <span class='ocrx_word' id='word_1_38' title='bbox 518 447 608 487; x_wconf 84' lang='lat' dir='ltr'>quae</span> <span class='ocrx_word' id='word_1_39' title='bbox 631 432 770 473; x_wconf 76' lang='lat' dir='ltr'>fecerit</span> <span class='ocrx_word' id='word_1_40' title='bbox 796 432 870 473; x_wconf 90' lang='lat' dir='ltr'>tibi</span> <span class='ocrx_word' id='word_1_41' title='bbox 896 433 1061 473; x_wconf 88' lang='lat' dir='ltr'>Amalec</span> <span class='ocrx_word' id='word_1_42' title='bbox 1085 433 1126 472; x_wconf 93' lang='lat' dir='ltr'>in</span> <span class='ocrx_word' id='word_1_43' title='bbox 1152 433 1219 472; x_wconf 92' lang='lat' dir='ltr'>via</span> <span class='ocrx_word' id='word_1_44' title='bbox 1245 434 1408 486; x_wconf 85' lang='lat' dir='ltr'>quando</span> <span class='ocrx_word' id='word_1_45' title='bbox 1434 434 1699 486; x_wconf 87' lang='lat' dir='ltr'>egrediebaris</span> <span class='ocrx_word' id='word_1_46' title='bbox 1726 450 1774 475; x_wconf 91' lang='lat' dir='ltr'>ex</span> <span class='ocrx_word' id='word_1_47' title='bbox 1800 436 1995 489; x_wconf 65' lang='lat' dir='ltr'>AEgylito:</span> <span class='ocrx_word' id='word_1_48' title='bbox 2016 438 2049 462; x_wconf 64' lang='lat'>‘¹⁶</span> <span class='ocrx_word' id='word_1_49' title='bbox 2072 438 2187 463; x_wconf 63' lang='lat' dir='ltr'>Affl³¹0⁰</span> 
     </span>
     <span class='ocr_line' id='line_1_6' title="bbox 101 473 2167 549; baseline -0 -13"><span class='ocrx_word' id='word_1_50' title='bbox 101 497 135 520; x_wconf 75' lang='lat'>¹⁸</span> <span class='ocrx_word' id='word_1_51' title='bbox 159 495 362 549; x_wconf 90' lang='lat' dir='ltr'>quomodo</span> <span class='ocrx_word' id='word_1_52' title='bbox 386 492 603 534; x_wconf 87' lang='lat' dir='ltr'>occurrerit</span> <span class='ocrx_word' id='word_1_53' title='bbox 625 491 718 531; x_wconf 90' lang='lat' dir='ltr'>tibi:</span> <span class='ocrx_word' id='word_1_54' title='bbox 744 496 784 531; x_wconf 87' lang='grc'>01</span> <span class='ocrx_word' id='word_1_55' title='bbox 807 496 1008 531; x_wconf 83' lang='lat' dir='ltr'>extremos</span> <span class='ocrx_word' id='word_1_56' title='bbox 1033 491 1203 544; x_wconf 84' lang='lat' dir='ltr'>agminis</span> <span class='ocrx_word' id='word_1_57' title='bbox 1227 492 1298 539; x_wconf 86' lang='lat' dir='ltr'>tui,</span> <span class='ocrx_word' id='word_1_58' title='bbox 1325 492 1393 544; x_wconf 90' lang='lat' dir='ltr'>qui</span> <span class='ocrx_word' id='word_1_59' title='bbox 1415 492 1508 532; x_wconf 89' lang='lat' dir='ltr'>lassi</span> <span class='ocrx_word' id='word_1_60' title='bbox 1530 493 1773 539; x_wconf 68' lang='lat' dir='ltr'>residebant,</span> <span class='ocrx_word' id='word_1_61' title='bbox 1799 495 1997 543; x_wconf 83' lang='lat' dir='ltr'>ceciderit,</span> <span class='ocrx_word' id='word_1_62' title='bbox 2038 473 2167 503; x_wconf 52' lang='lat' dir='ltr'>delendo&#39;</span> 
     </span>
     <span class='ocr_line' id='line_1_7' title="bbox 102 549 2003 608; baseline -0.001 -13"><span class='ocrx_word' id='word_1_63' title='bbox 102 555 264 608; x_wconf 87' lang='lat' dir='ltr'>quando</span> <span class='ocrx_word' id='word_1_64' title='bbox 296 558 341 593; x_wconf 85' lang='lat' dir='ltr'>tu</span> <span class='ocrx_word' id='word_1_65' title='bbox 372 565 458 592; x_wconf 87' lang='lat' dir='ltr'>eras</span> <span class='ocrx_word' id='word_1_66' title='bbox 488 552 595 591; x_wconf 73' lang='lat' dir='ltr'>fame</span> <span class='ocrx_word' id='word_1_67' title='bbox 627 555 667 590; x_wconf 86' lang='lat' dir='ltr'>et</span> <span class='ocrx_word' id='word_1_68' title='bbox 696 549 833 590; x_wconf 82' lang='lat' dir='ltr'>labore</span> <span class='ocrx_word' id='word_1_69' title='bbox 864 550 1084 597; x_wconf 75' lang='lat' dir='ltr'>confectus,</span> <span class='ocrx_word' id='word_1_70' title='bbox 1117 555 1158 590; x_wconf 90' lang='lat' dir='ltr'>et</span> <span class='ocrx_word' id='word_1_71' title='bbox 1188 563 1269 590; x_wconf 92' lang='lat' dir='ltr'>non</span> <span class='ocrx_word' id='word_1_72' title='bbox 1300 550 1482 590; x_wconf 80' lang='lat' dir='ltr'>timuerit</span> <span class='ocrx_word' id='word_1_73' title='bbox 1512 551 1656 592; x_wconf 89' lang='lat' dir='ltr'>Deum.</span> <span class='ocrx_word' id='word_1_74' title='bbox 1716 554 1750 576; x_wconf 77' lang='grc'>19</span> <span class='ocrx_word' id='word_1_75' title='bbox 1780 553 1881 593; x_wconf 86' lang='lat' dir='ltr'>Cum</span> <span class='ocrx_word' id='word_1_76' title='bbox 1911 566 2003 606; x_wconf 88' lang='lat' dir='ltr'>crgo</span> 
     </span>
     <span class='ocr_line' id='line_1_8' title="bbox 100 608 2002 661; baseline -0.002 -7"><span class='ocrx_word' id='word_1_77' title='bbox 100 613 299 654; x_wconf 84' lang='lat' dir='ltr'>Dominus</span> <span class='ocrx_word' id='word_1_78' title='bbox 316 612 425 651; x_wconf 89' lang='lat' dir='ltr'>Deus</span> <span class='ocrx_word' id='word_1_79' title='bbox 443 615 537 651; x_wconf 90' lang='lat' dir='ltr'>tuus</span> <span class='ocrx_word' id='word_1_80' title='bbox 554 608 712 650; x_wconf 79' lang='lat' dir='ltr'>dederit</span> <span class='ocrx_word' id='word_1_81' title='bbox 727 608 802 648; x_wconf 90' lang='lat' dir='ltr'>tibi</span> <span class='ocrx_word' id='word_1_82' title='bbox 818 608 1010 661; x_wconf 91' lang='lat' dir='ltr'>requiem,</span> <span class='ocrx_word' id='word_1_83' title='bbox 1030 613 1071 648; x_wconf 91' lang='grc'>01</span> <span class='ocrx_word' id='word_1_84' title='bbox 1086 608 1302 649; x_wconf 88' lang='lat' dir='ltr'>subiecerit</span> <span class='ocrx_word' id='word_1_85' title='bbox 1318 614 1484 648; x_wconf 87' lang='lat' dir='ltr'>cunctas</span> <span class='ocrx_word' id='word_1_86' title='bbox 1504 622 1573 661; x_wconf 91' lang='lat' dir='ltr'>per</span> <span class='ocrx_word' id='word_1_87' title='bbox 1588 610 1801 650; x_wconf 89' lang='lat' dir='ltr'>circuitum</span> <span class='ocrx_word' id='word_1_88' title='bbox 1817 612 2002 651; x_wconf 89' lang='lat' dir='ltr'>nationes</span> 
     </span>
     <span class='ocr_line' id='line_1_9' title="bbox 102 666 2000 723; baseline -0.001 -11"><span class='ocrx_word' id='word_1_89' title='bbox 102 672 143 712; x_wconf 90' lang='lat' dir='ltr'>in</span> <span class='ocrx_word' id='word_1_90' title='bbox 165 671 297 718; x_wconf 90' lang='lat' dir='ltr'>Terra,</span> <span class='ocrx_word' id='word_1_91' title='bbox 320 682 444 723; x_wconf 91' lang='lat' dir='ltr'>quam</span> <span class='ocrx_word' id='word_1_92' title='bbox 464 668 538 708; x_wconf 92' lang='lat' dir='ltr'>tibi</span> <span class='ocrx_word' id='word_1_93' title='bbox 558 667 760 721; x_wconf 79' lang='lat' dir='ltr'>pollicitus</span> <span class='ocrx_word' id='word_1_94' title='bbox 781 672 859 707; x_wconf 88' lang='lat' dir='ltr'>est:</span> <span class='ocrx_word' id='word_1_95' title='bbox 882 666 1030 707; x_wconf 83' lang='lat' dir='ltr'>delebis</span> <span class='ocrx_word' id='word_1_96' title='bbox 1051 680 1199 708; x_wconf 90' lang='lat' dir='ltr'>nomen</span> <span class='ocrx_word' id='word_1_97' title='bbox 1219 667 1302 707; x_wconf 88' lang='grc'>01115</span> <span class='ocrx_word' id='word_1_98' title='bbox 1322 667 1397 707; x_wconf 86' lang='grc'>5011</span> <span class='ocrx_word' id='word_1_99' title='bbox 1418 667 1524 708; x_wconf 77' lang='lat' dir='ltr'>caelo.</span> <span class='ocrx_word' id='word_1_100' title='bbox 1546 667 1653 708; x_wconf 92' lang='lat' dir='ltr'>Cave</span> <span class='ocrx_word' id='word_1_101' title='bbox 1672 682 1721 709; x_wconf 89' lang='lat' dir='ltr'>ne</span> <span class='ocrx_word' id='word_1_102' title='bbox 1742 669 2000 710; x_wconf 85' lang='lat' dir='ltr'>obliviscaris.</span> 
     </span>
    </p>
   </div>
   <div class='ocr_carea' id='block_1_4' title="bbox 101 736 2209 1851">
    <p class='ocr_par' dir='ltr' id='par_1_4' title="bbox 101 736 2209 1851">
     <span class='ocr_line' id='line_1_10' title="bbox 205 736 2209 792; baseline -0.001 -10"><span class='ocrx_word' id='word_1_103' title='bbox 205 741 269 784; x_wconf 79' lang='lat'>26.</span> <span class='ocrx_word' id='word_1_104' title='bbox 325 742 338 764; x_wconf 88' lang='lat'>¹</span> <span class='ocrx_word' id='word_1_105' title='bbox 373 740 556 792; x_wconf 84' lang='lat' dir='ltr'>Cumque</span> <span class='ocrx_word' id='word_1_106' title='bbox 590 737 804 778; x_wconf 88' lang='lat' dir='ltr'>intraveris</span> <span class='ocrx_word' id='word_1_107' title='bbox 841 737 1017 782; x_wconf 81' lang='lat' dir='ltr'>Terram,</span> <span class='ocrx_word' id='word_1_108' title='bbox 1056 750 1179 790; x_wconf 90' lang='lat' dir='ltr'>quam</span> <span class='ocrx_word' id='word_1_109' title='bbox 1214 736 1413 777; x_wconf 86' lang='lat' dir='ltr'>Dominus</span> <span class='ocrx_word' id='word_1_110' title='bbox 1449 737 1558 777; x_wconf 88' lang='lat' dir='ltr'>Deus</span> <span class='ocrx_word' id='word_1_111' title='bbox 1594 742 1688 777; x_wconf 88' lang='lat' dir='ltr'>tuus</span> <span class='ocrx_word' id='word_1_112' title='bbox 1725 738 1798 778; x_wconf 92' lang='lat' dir='ltr'>tibi</span> <span class='ocrx_word' id='word_1_113' title='bbox 1834 739 2002 779; x_wconf 88' lang='lat' dir='ltr'>daturus</span> <span class='ocrx_word' id='word_1_114' title='bbox 2017 739 2209 779; x_wconf 54' lang='lat' dir='ltr'>¹¹09b¹t²9¹0¹¹⁶</span> 
     </span>
     <span class='ocr_line' id='line_1_11' title="bbox 101 776 2178 853; baseline -0.004 -12"><span class='ocrx_word' id='word_1_115' title='bbox 101 806 163 841; x_wconf 91' lang='lat' dir='ltr'>est</span> <span class='ocrx_word' id='word_1_116' title='bbox 189 798 488 853; x_wconf 76' lang='lat' dir='ltr'>possidendam,</span> <span class='ocrx_word' id='word_1_117' title='bbox 519 802 560 837; x_wconf 91' lang='lat' dir='ltr'>et</span> <span class='ocrx_word' id='word_1_118' title='bbox 587 796 809 837; x_wconf 86' lang='lat' dir='ltr'>obtinueris</span> <span class='ocrx_word' id='word_1_119' title='bbox 838 809 938 841; x_wconf 77' lang='lat' dir='ltr'>eam,</span> <span class='ocrx_word' id='word_1_120' title='bbox 970 800 1094 848; x_wconf 87' lang='lat' dir='ltr'>atque</span> <span class='ocrx_word' id='word_1_121' title='bbox 1121 795 1370 835; x_wconf 85' lang='lat' dir='ltr'>habitaveris</span> <span class='ocrx_word' id='word_1_122' title='bbox 1398 795 1439 835; x_wconf 91' lang='lat' dir='ltr'>in</span> <span class='ocrx_word' id='word_1_123' title='bbox 1467 808 1530 835; x_wconf 89' lang='lat' dir='ltr'>ea:</span> <span class='ocrx_word' id='word_1_124' title='bbox 1587 797 1601 818; x_wconf 76' lang='lat'>2</span> <span class='ocrx_word' id='word_1_125' title='bbox 1629 795 1742 836; x_wconf 83' lang='lat' dir='ltr'>tolles</span> <span class='ocrx_word' id='word_1_126' title='bbox 1771 797 1819 836; x_wconf 90' lang='lat' dir='ltr'>de</span> <span class='ocrx_word' id='word_1_127' title='bbox 1847 798 2003 837; x_wconf 88' lang='lat' dir='ltr'>cunctis</span> <span class='ocrx_word' id='word_1_128' title='bbox 2040 776 2178 834; x_wconf 52' lang='lat' dir='ltr'>mffliffa‘</span> 
     </span>
     <span class='ocr_line' id='line_1_12' title="bbox 101 853 2005 912; baseline -0.002 -13"><span class='ocrx_word' id='word_1_129' title='bbox 101 859 284 912; x_wconf 83' lang='lat' dir='ltr'>frugibus</span> <span class='ocrx_word' id='word_1_130' title='bbox 312 857 392 898; x_wconf 89' lang='lat' dir='ltr'>tuis</span> <span class='ocrx_word' id='word_1_131' title='bbox 420 855 631 910; x_wconf 76' lang='lat' dir='ltr'>primitias,</span> <span class='ocrx_word' id='word_1_132' title='bbox 661 860 703 895; x_wconf 89' lang='lat' dir='ltr'>et</span> <span class='ocrx_word' id='word_1_133' title='bbox 728 868 852 908; x_wconf 88' lang='lat' dir='ltr'>pones</span> <span class='ocrx_word' id='word_1_134' title='bbox 880 854 920 894; x_wconf 93' lang='lat' dir='ltr'>in</span> <span class='ocrx_word' id='word_1_135' title='bbox 948 854 1127 903; x_wconf 76' lang='lat' dir='ltr'>cartallo,</span> <span class='ocrx_word' id='word_1_136' title='bbox 1157 867 1377 907; x_wconf 75' lang='lat' dir='ltr'>pergesque</span> <span class='ocrx_word' id='word_1_137' title='bbox 1405 854 1457 894; x_wconf 88' lang='lat' dir='ltr'>ad</span> <span class='ocrx_word' id='word_1_138' title='bbox 1482 853 1628 899; x_wconf 80' lang='lat' dir='ltr'>locum,</span> <span class='ocrx_word' id='word_1_139' title='bbox 1659 867 1779 906; x_wconf 90' lang='lat' dir='ltr'>quem</span> <span class='ocrx_word' id='word_1_140' title='bbox 1805 855 2005 896; x_wconf 89' lang='lat' dir='ltr'>Dominus</span> 
     </span>
     <span class='ocr_line' id='line_1_13' title="bbox 101 912 2000 968; baseline -0.002 -10"><span class='ocrx_word' id='word_1_141' title='bbox 101 918 212 958; x_wconf 87' lang='lat' dir='ltr'>Deus</span> <span class='ocrx_word' id='word_1_142' title='bbox 244 922 339 957; x_wconf 90' lang='grc'>10115</span> <span class='ocrx_word' id='word_1_143' title='bbox 372 914 545 968; x_wconf 83' lang='lat' dir='ltr'>elegerit,</span> <span class='ocrx_word' id='word_1_144' title='bbox 580 918 627 954; x_wconf 90' lang='grc'>111</span> <span class='ocrx_word' id='word_1_145' title='bbox 657 913 712 953; x_wconf 87' lang='grc'>1111</span> <span class='ocrx_word' id='word_1_146' title='bbox 744 913 957 953; x_wconf 84' lang='lat' dir='ltr'>invocetur</span> <span class='ocrx_word' id='word_1_147' title='bbox 988 926 1136 953; x_wconf 90' lang='lat' dir='ltr'>nomen</span> <span class='ocrx_word' id='word_1_148' title='bbox 1168 913 1269 953; x_wconf 85' lang='lat' dir='ltr'>eius:</span> <span class='ocrx_word' id='word_1_149' title='bbox 1330 915 1345 936; x_wconf 81' lang='lat'>³</span> <span class='ocrx_word' id='word_1_150' title='bbox 1377 912 1622 965; x_wconf 78' lang='lat' dir='ltr'>accedesque</span> <span class='ocrx_word' id='word_1_151' title='bbox 1655 913 1707 953; x_wconf 92' lang='lat' dir='ltr'>ad</span> <span class='ocrx_word' id='word_1_152' title='bbox 1738 914 2000 963; x_wconf 78' lang='lat' dir='ltr'>sacerdotem,</span> 
     </span>
     <span class='ocr_line' id='line_1_14' title="bbox 103 971 2002 1030; baseline -0.001 -14"><span class='ocrx_word' id='word_1_153' title='bbox 103 976 172 1030; x_wconf 89' lang='lat' dir='ltr'>qui</span> <span class='ocrx_word' id='word_1_154' title='bbox 194 975 317 1016; x_wconf 79' lang='lat' dir='ltr'>fuerit</span> <span class='ocrx_word' id='word_1_155' title='bbox 338 974 379 1014; x_wconf 95' lang='lat' dir='ltr'>in</span> <span class='ocrx_word' id='word_1_156' title='bbox 403 974 543 1014; x_wconf 85' lang='lat' dir='ltr'>diebus</span> <span class='ocrx_word' id='word_1_157' title='bbox 567 972 655 1019; x_wconf 84' lang='lat' dir='ltr'>illis,</span> <span class='ocrx_word' id='word_1_158' title='bbox 681 976 722 1012; x_wconf 88' lang='lat' dir='ltr'>et</span> <span class='ocrx_word' id='word_1_159' title='bbox 745 971 850 1012; x_wconf 91' lang='lat' dir='ltr'>dices</span> <span class='ocrx_word' id='word_1_160' title='bbox 875 972 926 1011; x_wconf 87' lang='lat' dir='ltr'>ad</span> <span class='ocrx_word' id='word_1_161' title='bbox 950 985 1060 1012; x_wconf 87' lang='lat' dir='ltr'>eum:</span> <span class='ocrx_word' id='word_1_162' title='bbox 1086 971 1287 1012; x_wconf 89' lang='lat' dir='ltr'>Profiteor</span> <span class='ocrx_word' id='word_1_163' title='bbox 1309 971 1427 1011; x_wconf 88' lang='lat' dir='ltr'>hodie</span> <span class='ocrx_word' id='word_1_164' title='bbox 1451 984 1586 1011; x_wconf 87' lang='lat' dir='ltr'>coram</span> <span class='ocrx_word' id='word_1_165' title='bbox 1610 971 1785 1012; x_wconf 92' lang='lat' dir='ltr'>Domino</span> <span class='ocrx_word' id='word_1_166' title='bbox 1809 973 1895 1013; x_wconf 87' lang='lat' dir='ltr'>Deo</span> <span class='ocrx_word' id='word_1_167' title='bbox 1919 977 2002 1022; x_wconf 87' lang='lat' dir='ltr'>tuo,</span> 
     </span>
     <span class='ocr_line' id='line_1_15' title="bbox 104 1030 2001 1088; baseline -0.002 -13"><span class='ocrx_word' id='word_1_168' title='bbox 104 1035 213 1088; x_wconf 92' lang='lat' dir='ltr'>quod</span> <span class='ocrx_word' id='word_1_169' title='bbox 232 1034 431 1087; x_wconf 88' lang='lat' dir='ltr'>ingressus</span> <span class='ocrx_word' id='word_1_170' title='bbox 451 1046 540 1072; x_wconf 93' lang='lat' dir='ltr'>sum</span> <span class='ocrx_word' id='word_1_171' title='bbox 559 1032 600 1071; x_wconf 93' lang='lat' dir='ltr'>in</span> <span class='ocrx_word' id='word_1_172' title='bbox 620 1031 795 1075; x_wconf 78' lang='lat' dir='ltr'>Terram,</span> <span class='ocrx_word' id='word_1_173' title='bbox 818 1043 889 1083; x_wconf 90' lang='lat' dir='ltr'>pro</span> <span class='ocrx_word' id='word_1_174' title='bbox 911 1044 992 1083; x_wconf 83' lang='lat' dir='ltr'>qua</span> <span class='ocrx_word' id='word_1_175' title='bbox 1010 1030 1160 1070; x_wconf 89' lang='lat' dir='ltr'>iuravit</span> <span class='ocrx_word' id='word_1_176' title='bbox 1180 1030 1364 1083; x_wconf 86' lang='lat' dir='ltr'>patribus</span> <span class='ocrx_word' id='word_1_177' title='bbox 1384 1030 1543 1075; x_wconf 75' lang='lat' dir='ltr'>nostris,</span> <span class='ocrx_word' id='word_1_178' title='bbox 1566 1035 1612 1069; x_wconf 90' lang='lat' dir='ltr'>ut</span> <span class='ocrx_word' id='word_1_179' title='bbox 1631 1030 1747 1071; x_wconf 87' lang='lat' dir='ltr'>daret</span> <span class='ocrx_word' id='word_1_180' title='bbox 1766 1044 1855 1071; x_wconf 87' lang='lat' dir='ltr'>eam</span> <span class='ocrx_word' id='word_1_181' title='bbox 1874 1031 2001 1072; x_wconf 80' lang='lat' dir='ltr'>nobis</span> 
     </span>
     <span class='ocr_line' id='line_1_16' title="bbox 101 1088 2002 1146; baseline -0.002 -13"><span class='ocrx_word' id='word_1_182' title='bbox 101 1096 117 1118; x_wconf 78' lang='lat'>4</span> <span class='ocrx_word' id='word_1_183' title='bbox 138 1093 447 1146; x_wconf 85' lang='lat' dir='ltr'>Suscipiensque</span> <span class='ocrx_word' id='word_1_184' title='bbox 469 1090 653 1131; x_wconf 85' lang='lat' dir='ltr'>sacerdos</span> <span class='ocrx_word' id='word_1_185' title='bbox 675 1088 889 1129; x_wconf 86' lang='lat' dir='ltr'>cartallum</span> <span class='ocrx_word' id='word_1_186' title='bbox 911 1089 959 1130; x_wconf 91' lang='lat' dir='ltr'>de</span> <span class='ocrx_word' id='word_1_187' title='bbox 980 1102 1104 1129; x_wconf 88' lang='lat' dir='ltr'>manu</span> <span class='ocrx_word' id='word_1_188' title='bbox 1127 1094 1210 1133; x_wconf 83' lang='grc'>1011,</span> <span class='ocrx_word' id='word_1_189' title='bbox 1234 1094 1359 1142; x_wconf 88' lang='lat' dir='ltr'>ponet</span> <span class='ocrx_word' id='word_1_190' title='bbox 1380 1093 1473 1129; x_wconf 87' lang='lat' dir='ltr'>ante</span> <span class='ocrx_word' id='word_1_191' title='bbox 1495 1088 1621 1128; x_wconf 82' lang='lat' dir='ltr'>altare</span> <span class='ocrx_word' id='word_1_192' title='bbox 1642 1089 1807 1129; x_wconf 90' lang='lat' dir='ltr'>Domini</span> <span class='ocrx_word' id='word_1_193' title='bbox 1827 1090 1903 1130; x_wconf 85' lang='lat' dir='ltr'>Dei</span> <span class='ocrx_word' id='word_1_194' title='bbox 1925 1090 2002 1130; x_wconf 88' lang='lat' dir='ltr'>tui:</span> 
     </span>
     <span class='ocr_line' id='line_1_17' title="bbox 102 1147 2002 1204; baseline -0.003 -11"><span class='ocrx_word' id='word_1_195' title='bbox 102 1154 118 1176; x_wconf 77' lang='lat'>⁵</span> <span class='ocrx_word' id='word_1_196' title='bbox 148 1156 190 1193; x_wconf 88' lang='grc'>01</span> <span class='ocrx_word' id='word_1_197' title='bbox 218 1150 392 1204; x_wconf 88' lang='lat' dir='ltr'>loqueris</span> <span class='ocrx_word' id='word_1_198' title='bbox 424 1150 464 1190; x_wconf 95' lang='lat' dir='ltr'>in</span> <span class='ocrx_word' id='word_1_199' title='bbox 496 1154 714 1202; x_wconf 81' lang='lat' dir='ltr'>conspectu</span> <span class='ocrx_word' id='word_1_200' title='bbox 746 1148 911 1188; x_wconf 90' lang='lat' dir='ltr'>Domini</span> <span class='ocrx_word' id='word_1_201' title='bbox 942 1147 1017 1188; x_wconf 89' lang='lat' dir='ltr'>Dei</span> <span class='ocrx_word' id='word_1_202' title='bbox 1049 1148 1127 1188; x_wconf 90' lang='lat' dir='ltr'>tui:</span> <span class='ocrx_word' id='word_1_203' title='bbox 1160 1148 1284 1201; x_wconf 80' lang='lat' dir='ltr'>Syrus</span> <span class='ocrx_word' id='word_1_204' title='bbox 1316 1148 1635 1201; x_wconf 79' lang='lat' dir='ltr'>persequebatur</span> <span class='ocrx_word' id='word_1_205' title='bbox 1666 1153 1824 1200; x_wconf 85' lang='lat' dir='ltr'>patrem</span> <span class='ocrx_word' id='word_1_206' title='bbox 1854 1162 2002 1197; x_wconf 90' lang='lat' dir='ltr'>meum,</span> 
     </span>
     <span class='ocr_line' id='line_1_18' title="bbox 105 1206 2004 1264; baseline -0.002 -13"><span class='ocrx_word' id='word_1_207' title='bbox 105 1210 173 1264; x_wconf 93' lang='lat' dir='ltr'>qui</span> <span class='ocrx_word' id='word_1_208' title='bbox 194 1209 403 1251; x_wconf 86' lang='lat' dir='ltr'>descendit</span> <span class='ocrx_word' id='word_1_209' title='bbox 423 1209 463 1248; x_wconf 92' lang='lat' dir='ltr'>in</span> <span class='ocrx_word' id='word_1_210' title='bbox 485 1208 722 1261; x_wconf 71' lang='lat' dir='ltr'>AEgyptum,</span> <span class='ocrx_word' id='word_1_211' title='bbox 746 1209 786 1247; x_wconf 86' lang='lat' dir='ltr'>et</span> <span class='ocrx_word' id='word_1_212' title='bbox 807 1206 861 1247; x_wconf 87' lang='lat' dir='ltr'>ibi</span> <span class='ocrx_word' id='word_1_213' title='bbox 883 1207 1160 1260; x_wconf 78' lang='lat' dir='ltr'>peregrinatus</span> <span class='ocrx_word' id='word_1_214' title='bbox 1182 1211 1243 1247; x_wconf 88' lang='lat' dir='ltr'>est</span> <span class='ocrx_word' id='word_1_215' title='bbox 1264 1207 1303 1246; x_wconf 90' lang='lat' dir='ltr'>in</span> <span class='ocrx_word' id='word_1_216' title='bbox 1324 1206 1567 1259; x_wconf 83' lang='lat' dir='ltr'>paucissimo</span> <span class='ocrx_word' id='word_1_217' title='bbox 1589 1219 1774 1246; x_wconf 86' lang='lat' dir='ltr'>numero:</span> <span class='ocrx_word' id='word_1_218' title='bbox 1797 1207 2004 1260; x_wconf 74' lang='lat' dir='ltr'>crevitque</span> 
     </span>
     <span class='ocr_line' id='line_1_19' title="bbox 103 1264 2005 1323; baseline -0.002 -13"><span class='ocrx_word' id='word_1_219' title='bbox 103 1270 143 1310; x_wconf 92' lang='lat' dir='ltr'>in</span> <span class='ocrx_word' id='word_1_220' title='bbox 173 1274 337 1323; x_wconf 82' lang='lat' dir='ltr'>gentem</span> <span class='ocrx_word' id='word_1_221' title='bbox 367 1280 559 1321; x_wconf 87' lang='lat' dir='ltr'>magnam</span> <span class='ocrx_word' id='word_1_222' title='bbox 590 1279 635 1306; x_wconf 88' lang='lat' dir='ltr'>ac</span> <span class='ocrx_word' id='word_1_223' title='bbox 665 1266 877 1307; x_wconf 84' lang='lat' dir='ltr'>robustam</span> <span class='ocrx_word' id='word_1_224' title='bbox 908 1270 949 1306; x_wconf 89' lang='lat' dir='ltr'>et</span> <span class='ocrx_word' id='word_1_225' title='bbox 979 1265 1150 1305; x_wconf 79' lang='grc'>1111101110</span> <span class='ocrx_word' id='word_1_226' title='bbox 1180 1264 1466 1305; x_wconf 86' lang='lat' dir='ltr'>multitudinis.</span> <span class='ocrx_word' id='word_1_227' title='bbox 1529 1266 1544 1287; x_wconf 73' lang='lat'><strong>⁶</strong></span> <span class='ocrx_word' id='word_1_228' title='bbox 1574 1264 1902 1318; x_wconf 83' lang='lat' dir='ltr'>Afflixeruntque</span> <span class='ocrx_word' id='word_1_229' title='bbox 1933 1279 2005 1306; x_wconf 91' lang='lat' dir='ltr'>nos</span> 
     </span>
     <span class='ocr_line' id='line_1_20' title="bbox 105 1322 2006 1382; baseline -0.003 -13"><span class='ocrx_word' id='word_1_230' title='bbox 105 1327 298 1382; x_wconf 85' lang='lat' dir='ltr'>AEgyptii,</span> <span class='ocrx_word' id='word_1_231' title='bbox 334 1332 375 1367; x_wconf 84' lang='lat' dir='ltr'>et</span> <span class='ocrx_word' id='word_1_232' title='bbox 407 1325 606 1380; x_wconf 85' lang='lat' dir='ltr'>persecuti</span> <span class='ocrx_word' id='word_1_233' title='bbox 640 1329 736 1365; x_wconf 88' lang='lat' dir='ltr'>sunt</span> <span class='ocrx_word' id='word_1_234' title='bbox 769 1324 1023 1377; x_wconf 81' lang='lat' dir='ltr'>imponentes</span> <span class='ocrx_word' id='word_1_235' title='bbox 1058 1337 1180 1365; x_wconf 89' lang='lat' dir='ltr'>onera</span> <span class='ocrx_word' id='word_1_236' title='bbox 1212 1323 1468 1373; x_wconf 79' lang='lat' dir='ltr'>gravissima:</span> <span class='ocrx_word' id='word_1_237' title='bbox 1534 1324 1547 1346; x_wconf 79' lang='lat'>⁷</span> <span class='ocrx_word' id='word_1_238' title='bbox 1581 1328 1622 1363; x_wconf 90' lang='lat' dir='ltr'>et</span> <span class='ocrx_word' id='word_1_239' title='bbox 1655 1322 1920 1364; x_wconf 71' lang='lat' dir='ltr'>clamavimus</span> <span class='ocrx_word' id='word_1_240' title='bbox 1955 1324 2006 1363; x_wconf 91' lang='lat' dir='ltr'>ad</span> 
     </span>
     <span class='ocr_line' id='line_1_21' title="bbox 103 1382 2006 1437; baseline -0.003 -9"><span class='ocrx_word' id='word_1_241' title='bbox 103 1387 325 1428; x_wconf 90' lang='lat' dir='ltr'>Dominum</span> <span class='ocrx_word' id='word_1_242' title='bbox 356 1386 489 1426; x_wconf 87' lang='lat' dir='ltr'>Deum</span> <span class='ocrx_word' id='word_1_243' title='bbox 520 1389 684 1437; x_wconf 86' lang='lat' dir='ltr'>patrum</span> <span class='ocrx_word' id='word_1_244' title='bbox 715 1388 963 1423; x_wconf 77' lang='lat' dir='ltr'>nostrorum:</span> <span class='ocrx_word' id='word_1_245' title='bbox 998 1383 1065 1435; x_wconf 91' lang='lat' dir='ltr'>qui</span> <span class='ocrx_word' id='word_1_246' title='bbox 1096 1382 1308 1422; x_wconf 81' lang='lat' dir='ltr'>exaudivit</span> <span class='ocrx_word' id='word_1_247' title='bbox 1338 1395 1421 1427; x_wconf 86' lang='grc'>1105,</span> <span class='ocrx_word' id='word_1_248' title='bbox 1454 1387 1494 1421; x_wconf 85' lang='lat' dir='ltr'>et</span> <span class='ocrx_word' id='word_1_249' title='bbox 1525 1382 1701 1435; x_wconf 82' lang='lat' dir='ltr'>respexit</span> <span class='ocrx_word' id='word_1_250' title='bbox 1731 1382 2006 1422; x_wconf 86' lang='lat' dir='ltr'>humilitatem</span> 
     </span>
     <span class='ocr_line' id='line_1_22' title="bbox 104 1440 2005 1495; baseline -0.004 -8"><span class='ocrx_word' id='word_1_251' title='bbox 104 1451 298 1489; x_wconf 81' lang='lat' dir='ltr'>nostram,</span> <span class='ocrx_word' id='word_1_252' title='bbox 324 1449 365 1485; x_wconf 91' lang='lat' dir='ltr'>et</span> <span class='ocrx_word' id='word_1_253' title='bbox 385 1444 577 1491; x_wconf 75' lang='lat' dir='ltr'>laborem,</span> <span class='ocrx_word' id='word_1_254' title='bbox 603 1447 726 1495; x_wconf 89' lang='lat' dir='ltr'>atque</span> <span class='ocrx_word' id='word_1_255' title='bbox 751 1442 999 1491; x_wconf 76' lang='lat' dir='ltr'>angustiam:</span> <span class='ocrx_word' id='word_1_256' title='bbox 1053 1442 1068 1463; x_wconf 68' lang='lat'>‘³</span> <span class='ocrx_word' id='word_1_257' title='bbox 1091 1446 1131 1481; x_wconf 92' lang='lat' dir='ltr'>et</span> <span class='ocrx_word' id='word_1_258' title='bbox 1154 1440 1296 1481; x_wconf 82' lang='lat' dir='ltr'>eduxit</span> <span class='ocrx_word' id='word_1_259' title='bbox 1318 1454 1390 1481; x_wconf 87' lang='lat' dir='ltr'>nos</span> <span class='ocrx_word' id='word_1_260' title='bbox 1414 1441 1461 1481; x_wconf 85' lang='lat' dir='ltr'>de</span> <span class='ocrx_word' id='word_1_261' title='bbox 1486 1440 1663 1494; x_wconf 52' lang='lat' dir='ltr'>zEgypto</span> <span class='ocrx_word' id='word_1_262' title='bbox 1688 1440 1726 1480; x_wconf 89' lang='lat' dir='ltr'>in</span> <span class='ocrx_word' id='word_1_263' title='bbox 1752 1454 1874 1481; x_wconf 90' lang='lat' dir='ltr'>manu</span> <span class='ocrx_word' id='word_1_264' title='bbox 1897 1441 2005 1489; x_wconf 82' lang='lat' dir='ltr'>forti,</span> 
     </span>
     <span class='ocr_line' id='line_1_23' title="bbox 104 1499 2009 1553; baseline -0.003 -8"><span class='ocrx_word' id='word_1_265' title='bbox 104 1510 145 1546; x_wconf 92' lang='lat' dir='ltr'>et</span> <span class='ocrx_word' id='word_1_266' title='bbox 172 1504 336 1545; x_wconf 88' lang='lat' dir='ltr'>brachio</span> <span class='ocrx_word' id='word_1_267' title='bbox 365 1506 544 1549; x_wconf 84' lang='lat' dir='ltr'>extento,</span> <span class='ocrx_word' id='word_1_268' title='bbox 575 1501 616 1541; x_wconf 94' lang='lat' dir='ltr'>in</span> <span class='ocrx_word' id='word_1_269' title='bbox 644 1500 796 1552; x_wconf 82' lang='lat' dir='ltr'>ingenti</span> <span class='ocrx_word' id='word_1_270' title='bbox 826 1513 987 1553; x_wconf 85' lang='lat' dir='ltr'>pavore,</span> <span class='ocrx_word' id='word_1_271' title='bbox 1019 1500 1059 1540; x_wconf 91' lang='lat' dir='ltr'>in</span> <span class='ocrx_word' id='word_1_272' title='bbox 1087 1500 1208 1551; x_wconf 82' lang='lat' dir='ltr'>signis</span> <span class='ocrx_word' id='word_1_273' title='bbox 1238 1504 1362 1553; x_wconf 89' lang='lat' dir='ltr'>atque</span> <span class='ocrx_word' id='word_1_274' title='bbox 1391 1499 1608 1553; x_wconf 86' lang='lat' dir='ltr'>portentis:</span> <span class='ocrx_word' id='word_1_275' title='bbox 1668 1501 1683 1523; x_wconf 80' lang='lat'>⁹</span> <span class='ocrx_word' id='word_1_276' title='bbox 1711 1504 1752 1539; x_wconf 88' lang='lat' dir='ltr'>et</span> <span class='ocrx_word' id='word_1_277' title='bbox 1779 1499 2009 1540; x_wconf 85' lang='lat' dir='ltr'>introduxit</span> 
     </span>
     <span class='ocr_line' id='line_1_24' title="bbox 105 1558 2007 1607; baseline -0.003 -3"><span class='ocrx_word' id='word_1_278' title='bbox 105 1564 157 1604; x_wconf 92' lang='lat' dir='ltr'>ad</span> <span class='ocrx_word' id='word_1_279' title='bbox 178 1563 313 1604; x_wconf 90' lang='lat' dir='ltr'>locum</span> <span class='ocrx_word' id='word_1_280' title='bbox 336 1562 473 1607; x_wconf 81' lang='lat' dir='ltr'>istum,</span> <span class='ocrx_word' id='word_1_281' title='bbox 500 1566 541 1601; x_wconf 89' lang='lat' dir='ltr'>et</span> <span class='ocrx_word' id='word_1_282' title='bbox 564 1559 735 1600; x_wconf 83' lang='lat' dir='ltr'>tradidit</span> <span class='ocrx_word' id='word_1_283' title='bbox 759 1559 873 1600; x_wconf 88' lang='lat' dir='ltr'>nobis</span> <span class='ocrx_word' id='word_1_284' title='bbox 900 1560 1063 1599; x_wconf 86' lang='lat' dir='ltr'>Terram</span> <span class='ocrx_word' id='word_1_285' title='bbox 1088 1558 1192 1599; x_wconf 86' lang='lat' dir='ltr'>lacte</span> <span class='ocrx_word' id='word_1_286' title='bbox 1217 1564 1257 1600; x_wconf 91' lang='lat' dir='ltr'>et</span> <span class='ocrx_word' id='word_1_287' title='bbox 1282 1559 1396 1599; x_wconf 89' lang='lat' dir='ltr'>melle</span> <span class='ocrx_word' id='word_1_288' title='bbox 1421 1563 1669 1599; x_wconf 84' lang='lat' dir='ltr'>manantem.</span> <span class='ocrx_word' id='word_1_289' title='bbox 1724 1560 1759 1582; x_wconf 92' lang='lat'>¹⁰</span> <span class='ocrx_word' id='word_1_290' title='bbox 1782 1558 1838 1598; x_wconf 85' lang='lat' dir='ltr'>Et</span> <span class='ocrx_word' id='word_1_291' title='bbox 1860 1558 2007 1598; x_wconf 83' lang='lat' dir='ltr'>idcirco</span> 
     </span>
     <span class='ocr_line' id='line_1_25' title="bbox 105 1617 2008 1674; baseline -0.004 -10"><span class='ocrx_word' id='word_1_292' title='bbox 105 1636 212 1663; x_wconf 91' lang='lat' dir='ltr'>nunc</span> <span class='ocrx_word' id='word_1_293' title='bbox 240 1621 363 1662; x_wconf 81' lang='lat' dir='ltr'>offero</span> <span class='ocrx_word' id='word_1_294' title='bbox 391 1619 590 1674; x_wconf 79' lang='lat' dir='ltr'>primitias</span> <span class='ocrx_word' id='word_1_295' title='bbox 620 1619 781 1672; x_wconf 82' lang='lat' dir='ltr'>frugum</span> <span class='ocrx_word' id='word_1_296' title='bbox 812 1619 952 1662; x_wconf 78' lang='lat' dir='ltr'>Terrae,</span> <span class='ocrx_word' id='word_1_297' title='bbox 985 1631 1108 1672; x_wconf 90' lang='lat' dir='ltr'>quam</span> <span class='ocrx_word' id='word_1_298' title='bbox 1138 1618 1336 1658; x_wconf 81' lang='lat' dir='ltr'>Dominus</span> <span class='ocrx_word' id='word_1_299' title='bbox 1366 1617 1479 1659; x_wconf 86' lang='lat' dir='ltr'>dedit</span> <span class='ocrx_word' id='word_1_300' title='bbox 1508 1617 1616 1658; x_wconf 90' lang='lat' dir='ltr'>mihi.</span> <span class='ocrx_word' id='word_1_301' title='bbox 1648 1618 1703 1658; x_wconf 86' lang='lat' dir='ltr'>Et</span> <span class='ocrx_word' id='word_1_302' title='bbox 1732 1617 1912 1657; x_wconf 88' lang='lat' dir='ltr'>dimittes</span> <span class='ocrx_word' id='word_1_303' title='bbox 1942 1630 2008 1657; x_wconf 89' lang='lat' dir='ltr'>eas</span> 
     </span>
     <span class='ocr_line' id='line_1_26' title="bbox 103 1675 2007 1734; baseline -0.004 -12"><span class='ocrx_word' id='word_1_304' title='bbox 103 1682 144 1722; x_wconf 94' lang='lat' dir='ltr'>in</span> <span class='ocrx_word' id='word_1_305' title='bbox 174 1684 394 1734; x_wconf 85' lang='lat' dir='ltr'>conspectu</span> <span class='ocrx_word' id='word_1_306' title='bbox 424 1678 587 1719; x_wconf 90' lang='lat' dir='ltr'>Domini</span> <span class='ocrx_word' id='word_1_307' title='bbox 619 1678 694 1718; x_wconf 90' lang='lat' dir='ltr'>Dei</span> <span class='ocrx_word' id='word_1_308' title='bbox 724 1677 796 1721; x_wconf 84' lang='lat' dir='ltr'>tui,</span> <span class='ocrx_word' id='word_1_309' title='bbox 829 1681 870 1717; x_wconf 89' lang='lat' dir='ltr'>et</span> <span class='ocrx_word' id='word_1_310' title='bbox 900 1677 1069 1718; x_wconf 86' lang='lat' dir='ltr'>adorato</span> <span class='ocrx_word' id='word_1_311' title='bbox 1099 1677 1276 1717; x_wconf 88' lang='lat' dir='ltr'>Domino</span> <span class='ocrx_word' id='word_1_312' title='bbox 1307 1677 1393 1718; x_wconf 87' lang='lat' dir='ltr'>Deo</span> <span class='ocrx_word' id='word_1_313' title='bbox 1424 1682 1507 1717; x_wconf 90' lang='grc'>1110.</span> <span class='ocrx_word' id='word_1_314' title='bbox 1567 1678 1596 1700; x_wconf 90' lang='grc'>11</span> <span class='ocrx_word' id='word_1_315' title='bbox 1628 1677 1683 1716; x_wconf 87' lang='grc' dir='ltr'>Ε1</span> <span class='ocrx_word' id='word_1_316' title='bbox 1713 1675 1937 1729; x_wconf 85' lang='lat' dir='ltr'>epulaberis</span> <span class='ocrx_word' id='word_1_317' title='bbox 1968 1675 2007 1715; x_wconf 94' lang='lat' dir='ltr'>in</span> 
     </span>
     <span class='ocr_line' id='line_1_27' title="bbox 104 1734 2006 1791; baseline -0.003 -10"><span class='ocrx_word' id='word_1_318' title='bbox 104 1740 291 1782; x_wconf 89' lang='lat' dir='ltr'>omnibus</span> <span class='ocrx_word' id='word_1_319' title='bbox 316 1739 443 1785; x_wconf 86' lang='lat' dir='ltr'>bonis,</span> <span class='ocrx_word' id='word_1_320' title='bbox 471 1751 560 1791; x_wconf 79' lang='lat' dir='ltr'>quae</span> <span class='ocrx_word' id='word_1_321' title='bbox 584 1736 782 1777; x_wconf 89' lang='lat' dir='ltr'>Dominus</span> <span class='ocrx_word' id='word_1_322' title='bbox 806 1737 916 1777; x_wconf 88' lang='lat' dir='ltr'>Deus</span> <span class='ocrx_word' id='word_1_323' title='bbox 941 1742 1035 1776; x_wconf 85' lang='lat' dir='ltr'>tuus</span> <span class='ocrx_word' id='word_1_324' title='bbox 1061 1735 1217 1776; x_wconf 84' lang='lat' dir='ltr'>dederit</span> <span class='ocrx_word' id='word_1_325' title='bbox 1241 1736 1327 1783; x_wconf 91' lang='lat' dir='ltr'>tibi,</span> <span class='ocrx_word' id='word_1_326' title='bbox 1354 1741 1395 1776; x_wconf 90' lang='lat' dir='ltr'>et</span> <span class='ocrx_word' id='word_1_327' title='bbox 1418 1735 1557 1776; x_wconf 90' lang='lat' dir='ltr'>domui</span> <span class='ocrx_word' id='word_1_328' title='bbox 1580 1740 1673 1784; x_wconf 81' lang='grc'>1010,</span> <span class='ocrx_word' id='word_1_329' title='bbox 1700 1739 1745 1775; x_wconf 92' lang='lat' dir='ltr'>tu</span> <span class='ocrx_word' id='word_1_330' title='bbox 1769 1739 1810 1775; x_wconf 92' lang='lat' dir='ltr'>et</span> <span class='ocrx_word' id='word_1_331' title='bbox 1833 1734 2006 1782; x_wconf 75' lang='lat' dir='ltr'>Levites,</span> 
     </span>
     <span class='ocr_line' id='line_1_28' title="bbox 103 1797 698 1851; baseline -0.008 -10"><span class='ocrx_word' id='word_1_332' title='bbox 103 1804 145 1841; x_wconf 88' lang='lat' dir='ltr'>et</span> <span class='ocrx_word' id='word_1_333' title='bbox 174 1799 334 1839; x_wconf 89' lang='lat' dir='ltr'>advena</span> <span class='ocrx_word' id='word_1_334' title='bbox 363 1797 431 1851; x_wconf 90' lang='lat' dir='ltr'>qui</span> <span class='ocrx_word' id='word_1_335' title='bbox 460 1801 597 1837; x_wconf 91' lang='lat' dir='ltr'>tecum</span> <span class='ocrx_word' id='word_1_336' title='bbox 626 1800 698 1836; x_wconf 92' lang='lat' dir='ltr'>est.</span> 
     </span>
    </p>
   </div>
   <div class='ocr_carea' id='block_1_5' title="bbox 103 1862 2199 2454">
    <p class='ocr_par' dir='ltr' id='par_1_5' title="bbox 103 1862 2199 2454">
     <span class='ocr_line' id='line_1_29' title="bbox 209 1862 2199 1923; baseline -0.003 -14"><span class='ocrx_word' id='word_1_337' title='bbox 209 1870 240 1892; x_wconf 74' lang='lat'>¹2</span> <span class='ocrx_word' id='word_1_338' title='bbox 264 1867 436 1916; x_wconf 86' lang='lat' dir='ltr'>Quando</span> <span class='ocrx_word' id='word_1_339' title='bbox 461 1866 722 1920; x_wconf 83' lang='lat' dir='ltr'>compleveris</span> <span class='ocrx_word' id='word_1_340' title='bbox 748 1866 947 1906; x_wconf 86' lang='lat' dir='ltr'>decimam</span> <span class='ocrx_word' id='word_1_341' title='bbox 972 1870 1212 1906; x_wconf 87' lang='lat' dir='ltr'>cunctarum</span> <span class='ocrx_word' id='word_1_342' title='bbox 1235 1866 1398 1918; x_wconf 79' lang='lat' dir='ltr'>frugum</span> <span class='ocrx_word' id='word_1_343' title='bbox 1423 1870 1599 1913; x_wconf 87' lang='lat' dir='ltr'>tuarum,</span> <span class='ocrx_word' id='word_1_344' title='bbox 1627 1878 1732 1905; x_wconf 88' lang='lat' dir='ltr'>anno</span> <span class='ocrx_word' id='word_1_345' title='bbox 1758 1864 2007 1905; x_wconf 88' lang='lat' dir='ltr'>decimarum</span> <span class='ocrx_word' id='word_1_346' title='bbox 2022 1863 2131 1923; x_wconf 52' lang='lat' dir='ltr'>“tl‘ffiu</span> <span class='ocrx_word' id='word_1_347' title='bbox 2126 1862 2199 1922; x_wconf 52' lang='grc'>(1391·</span> 
     </span>
     <span class='ocr_line' id='line_1_30' title="bbox 103 1918 2176 1977; baseline -0.004 -8"><span class='ocrx_word' id='word_1_348' title='bbox 103 1928 224 1969; x_wconf 90' lang='lat' dir='ltr'>tertio</span> <span class='ocrx_word' id='word_1_349' title='bbox 257 1927 372 1968; x_wconf 87' lang='lat' dir='ltr'>dabis</span> <span class='ocrx_word' id='word_1_350' title='bbox 405 1926 569 1972; x_wconf 58' lang='lat' dir='ltr'>Levitae,</span> <span class='ocrx_word' id='word_1_351' title='bbox 605 1930 646 1966; x_wconf 88' lang='lat' dir='ltr'>et</span> <span class='ocrx_word' id='word_1_352' title='bbox 678 1925 857 1971; x_wconf 61' lang='lat' dir='ltr'>advenae,</span> <span class='ocrx_word' id='word_1_353' title='bbox 892 1930 933 1965; x_wconf 91' lang='lat' dir='ltr'>et</span> <span class='ocrx_word' id='word_1_354' title='bbox 964 1924 1117 1977; x_wconf 82' lang='lat' dir='ltr'>pupillo</span> <span class='ocrx_word' id='word_1_355' title='bbox 1150 1929 1191 1965; x_wconf 91' lang='lat' dir='ltr'>et</span> <span class='ocrx_word' id='word_1_356' title='bbox 1222 1924 1367 1968; x_wconf 77' lang='lat' dir='ltr'>viduae,</span> <span class='ocrx_word' id='word_1_357' title='bbox 1403 1929 1450 1964; x_wconf 91' lang='lat' dir='ltr'>ut</span> <span class='ocrx_word' id='word_1_358' title='bbox 1481 1923 1699 1964; x_wconf 84' lang='lat' dir='ltr'>comedant</span> <span class='ocrx_word' id='word_1_359' title='bbox 1730 1923 1838 1963; x_wconf 88' lang='lat' dir='ltr'>intra</span> <span class='ocrx_word' id='word_1_360' title='bbox 1869 1927 2007 1975; x_wconf 89' lang='lat' dir='ltr'>portas</span> <span class='ocrx_word' id='word_1_361' title='bbox 2170 1918 2176 1927; x_wconf 87' lang='lat'>’</span> 
     </span>
     <span class='ocr_line' id='line_1_31' title="bbox 104 1981 2010 2037; baseline -0.003 -9"><span class='ocrx_word' id='word_1_362' title='bbox 104 1992 209 2035; x_wconf 87' lang='lat' dir='ltr'>tuas,</span> <span class='ocrx_word' id='word_1_363' title='bbox 242 1991 283 2027; x_wconf 92' lang='lat' dir='ltr'>et</span> <span class='ocrx_word' id='word_1_364' title='bbox 312 1990 565 2026; x_wconf 88' lang='lat' dir='ltr'>saturentur.</span> <span class='ocrx_word' id='word_1_365' title='bbox 624 1986 656 2008; x_wconf 82' lang='lat'>¹³</span> <span class='ocrx_word' id='word_1_366' title='bbox 686 1984 941 2037; x_wconf 89' lang='lat' dir='ltr'>loquerisque</span> <span class='ocrx_word' id='word_1_367' title='bbox 972 1983 1012 2023; x_wconf 91' lang='lat' dir='ltr'>in</span> <span class='ocrx_word' id='word_1_368' title='bbox 1044 1989 1263 2036; x_wconf 86' lang='lat' dir='ltr'>conspectu</span> <span class='ocrx_word' id='word_1_369' title='bbox 1293 1982 1459 2023; x_wconf 89' lang='lat' dir='ltr'>Domini</span> <span class='ocrx_word' id='word_1_370' title='bbox 1490 1982 1564 2023; x_wconf 91' lang='lat' dir='ltr'>Dei</span> <span class='ocrx_word' id='word_1_371' title='bbox 1595 1982 1673 2022; x_wconf 87' lang='lat' dir='ltr'>tui:</span> <span class='ocrx_word' id='word_1_372' title='bbox 1706 1981 1868 2021; x_wconf 88' lang='lat' dir='ltr'>Abstuli</span> <span class='ocrx_word' id='word_1_373' title='bbox 1900 1981 2010 2034; x_wconf 88' lang='lat' dir='ltr'>quod</span> 
     </span>
     <span class='ocr_line' id='line_1_32' title="bbox 105 2039 2011 2093; baseline -0.004 -7"><span class='ocrx_word' id='word_1_374' title='bbox 105 2045 409 2087; x_wconf 86' lang='lat' dir='ltr'>sanctificatum</span> <span class='ocrx_word' id='word_1_375' title='bbox 440 2049 501 2085; x_wconf 89' lang='lat' dir='ltr'>est</span> <span class='ocrx_word' id='word_1_376' title='bbox 531 2044 579 2084; x_wconf 89' lang='lat' dir='ltr'>de</span> <span class='ocrx_word' id='word_1_377' title='bbox 611 2044 731 2084; x_wconf 89' lang='grc'>1101110</span> <span class='ocrx_word' id='word_1_378' title='bbox 762 2056 863 2089; x_wconf 86' lang='lat' dir='ltr'>mea,</span> <span class='ocrx_word' id='word_1_379' title='bbox 897 2047 938 2082; x_wconf 92' lang='lat' dir='ltr'>et</span> <span class='ocrx_word' id='word_1_380' title='bbox 971 2042 1084 2082; x_wconf 85' lang='lat' dir='ltr'>bdedi</span> <span class='ocrx_word' id='word_1_381' title='bbox 1113 2042 1213 2082; x_wconf 86' lang='lat' dir='ltr'>illud</span> <span class='ocrx_word' id='word_1_382' title='bbox 1242 2041 1397 2083; x_wconf 58' lang='lat' dir='ltr'>Levitae</span> <span class='ocrx_word' id='word_1_383' title='bbox 1427 2047 1468 2082; x_wconf 91' lang='lat' dir='ltr'>et</span> <span class='ocrx_word' id='word_1_384' title='bbox 1498 2041 1676 2083; x_wconf 84' lang='lat' dir='ltr'>advenae.</span> <span class='ocrx_word' id='word_1_385' title='bbox 1710 2045 1751 2081; x_wconf 88' lang='lat' dir='ltr'>et</span> <span class='ocrx_word' id='word_1_386' title='bbox 1780 2039 1934 2093; x_wconf 79' lang='lat' dir='ltr'>pupillo</span> <span class='ocrx_word' id='word_1_387' title='bbox 1965 2052 2011 2079; x_wconf 88' lang='lat' dir='ltr'>ac</span> 
     </span>
     <span class='ocr_line' id='line_1_33' title="bbox 105 2098 2008 2154; baseline -0.003 -9"><span class='ocrx_word' id='word_1_388' title='bbox 105 2105 249 2153; x_wconf 81' lang='lat' dir='ltr'>viduae,</span> <span class='ocrx_word' id='word_1_389' title='bbox 275 2104 380 2144; x_wconf 88' lang='lat' dir='ltr'>sicut</span> <span class='ocrx_word' id='word_1_390' title='bbox 401 2102 552 2143; x_wconf 91' lang='lat' dir='ltr'>iussisti</span> <span class='ocrx_word' id='word_1_391' title='bbox 574 2102 690 2142; x_wconf 91' lang='lat' dir='ltr'>mihi:</span> <span class='ocrx_word' id='word_1_392' title='bbox 716 2115 797 2141; x_wconf 92' lang='lat' dir='ltr'>non</span> <span class='ocrx_word' id='word_1_393' title='bbox 820 2101 1023 2154; x_wconf 84' lang='lat' dir='ltr'>praeterivi</span> <span class='ocrx_word' id='word_1_394' title='bbox 1046 2101 1244 2141; x_wconf 90' lang='lat' dir='ltr'>mandata</span> <span class='ocrx_word' id='word_1_395' title='bbox 1265 2105 1350 2148; x_wconf 89' lang='lat' dir='ltr'>tua,</span> <span class='ocrx_word' id='word_1_396' title='bbox 1375 2113 1448 2141; x_wconf 89' lang='lat' dir='ltr'>nec</span> <span class='ocrx_word' id='word_1_397' title='bbox 1470 2113 1559 2140; x_wconf 92' lang='lat' dir='ltr'>sum</span> <span class='ocrx_word' id='word_1_398' title='bbox 1583 2099 1732 2140; x_wconf 91' lang='lat' dir='ltr'>oblitus</span> <span class='ocrx_word' id='word_1_399' title='bbox 1755 2098 1913 2151; x_wconf 87' lang='lat' dir='ltr'>imperii</span> <span class='ocrx_word' id='word_1_400' title='bbox 1936 2098 2008 2139; x_wconf 91' lang='lat' dir='ltr'>tui.</span> 
     </span>
     <span class='ocr_line' id='line_1_34' title="bbox 105 2157 2011 2213; baseline -0.004 -9"><span class='ocrx_word' id='word_1_401' title='bbox 105 2166 136 2188; x_wconf 67' lang='lat'>¹¹²</span> <span class='ocrx_word' id='word_1_402' title='bbox 166 2164 258 2204; x_wconf 90' lang='lat' dir='ltr'>Non</span> <span class='ocrx_word' id='word_1_403' title='bbox 285 2162 441 2203; x_wconf 87' lang='lat' dir='ltr'>comedi</span> <span class='ocrx_word' id='word_1_404' title='bbox 470 2175 519 2202; x_wconf 87' lang='lat' dir='ltr'>ex</span> <span class='ocrx_word' id='word_1_405' title='bbox 547 2161 601 2201; x_wconf 92' lang='lat' dir='ltr'>eis</span> <span class='ocrx_word' id='word_1_406' title='bbox 629 2161 670 2201; x_wconf 89' lang='lat' dir='ltr'>in</span> <span class='ocrx_word' id='word_1_407' title='bbox 698 2160 810 2201; x_wconf 85' lang='lat' dir='ltr'>luctu</span> <span class='ocrx_word' id='word_1_408' title='bbox 840 2173 941 2205; x_wconf 80' lang='lat' dir='ltr'>meo,</span> <span class='ocrx_word' id='word_1_409' title='bbox 969 2173 1042 2200; x_wconf 90' lang='grc'>1100</span> <span class='ocrx_word' id='word_1_410' title='bbox 1070 2160 1253 2213; x_wconf 86' lang='lat' dir='ltr'>separavi</span> <span class='ocrx_word' id='word_1_411' title='bbox 1284 2173 1331 2199; x_wconf 90' lang='lat' dir='ltr'>ea</span> <span class='ocrx_word' id='word_1_412' title='bbox 1359 2159 1399 2199; x_wconf 90' lang='lat' dir='ltr'>in</span> <span class='ocrx_word' id='word_1_413' title='bbox 1426 2158 1609 2212; x_wconf 90' lang='lat' dir='ltr'>qualibet</span> <span class='ocrx_word' id='word_1_414' title='bbox 1636 2157 1908 2205; x_wconf 85' lang='lat' dir='ltr'>immunditia,</span> <span class='ocrx_word' id='word_1_415' title='bbox 1939 2170 2011 2196; x_wconf 87' lang='lat' dir='ltr'>nec</span> 
     </span>
     <span class='ocr_line' id='line_1_35' title="bbox 106 2215 2012 2277; baseline -0.004 -14"><span class='ocrx_word' id='word_1_416' title='bbox 106 2221 279 2277; x_wconf 85' lang='lat' dir='ltr'>expendi</span> <span class='ocrx_word' id='word_1_417' title='bbox 301 2235 349 2262; x_wconf 89' lang='lat' dir='ltr'>ex</span> <span class='ocrx_word' id='word_1_418' title='bbox 369 2221 430 2261; x_wconf 90' lang='lat' dir='ltr'>his</span> <span class='ocrx_word' id='word_1_419' title='bbox 453 2221 678 2274; x_wconf 87' lang='lat' dir='ltr'>quidquam</span> <span class='ocrx_word' id='word_1_420' title='bbox 698 2220 739 2260; x_wconf 95' lang='lat' dir='ltr'>in</span> <span class='ocrx_word' id='word_1_421' title='bbox 760 2232 800 2258; x_wconf 90' lang='lat' dir='ltr'>re</span> <span class='ocrx_word' id='word_1_422' title='bbox 821 2218 992 2260; x_wconf 85' lang='lat' dir='ltr'>funebri.</span> <span class='ocrx_word' id='word_1_423' title='bbox 1016 2218 1190 2259; x_wconf 88' lang='lat' dir='ltr'>Obedivi</span> <span class='ocrx_word' id='word_1_424' title='bbox 1212 2218 1301 2259; x_wconf 87' lang='lat' dir='ltr'>voci</span> <span class='ocrx_word' id='word_1_425' title='bbox 1322 2218 1487 2259; x_wconf 93' lang='lat' dir='ltr'>Domini</span> <span class='ocrx_word' id='word_1_426' title='bbox 1508 2217 1583 2258; x_wconf 93' lang='lat' dir='ltr'>Dei</span> <span class='ocrx_word' id='word_1_427' title='bbox 1605 2216 1694 2262; x_wconf 85' lang='lat' dir='ltr'>mei,</span> <span class='ocrx_word' id='word_1_428' title='bbox 1718 2220 1760 2257; x_wconf 90' lang='lat' dir='ltr'>et</span> <span class='ocrx_word' id='word_1_429' title='bbox 1778 2216 1854 2257; x_wconf 77' lang='lat' dir='ltr'>feci</span> <span class='ocrx_word' id='word_1_430' title='bbox 1875 2215 2012 2257; x_wconf 87' lang='lat' dir='ltr'>omnia</span> 
     </span>
     <span class='ocr_line' id='line_1_36' title="bbox 106 2274 2010 2335; baseline -0.005 -12"><span class='ocrx_word' id='word_1_431' title='bbox 106 2282 211 2323; x_wconf 91' lang='lat' dir='ltr'>sicut</span> <span class='ocrx_word' id='word_1_432' title='bbox 230 2280 457 2335; x_wconf 67' lang='lat' dir='ltr'>praecepisti</span> <span class='ocrx_word' id='word_1_433' title='bbox 478 2279 588 2320; x_wconf 93' lang='lat' dir='ltr'>mihi.</span> <span class='ocrx_word' id='word_1_434' title='bbox 638 2281 669 2303; x_wconf 83' lang='lat'>¹⁵</span> <span class='ocrx_word' id='word_1_435' title='bbox 696 2278 884 2331; x_wconf 83' lang='lat' dir='ltr'>CRespice</span> <span class='ocrx_word' id='word_1_436' title='bbox 905 2278 954 2318; x_wconf 88' lang='lat' dir='ltr'>de</span> <span class='ocrx_word' id='word_1_437' title='bbox 975 2277 1206 2318; x_wconf 90' lang='lat' dir='ltr'>sanctuario</span> <span class='ocrx_word' id='word_1_438' title='bbox 1228 2282 1311 2325; x_wconf 93' lang='lat' dir='ltr'>tuo,</span> <span class='ocrx_word' id='word_1_439' title='bbox 1335 2282 1377 2317; x_wconf 87' lang='lat' dir='ltr'>et</span> <span class='ocrx_word' id='word_1_440' title='bbox 1397 2277 1445 2317; x_wconf 90' lang='lat' dir='ltr'>de</span> <span class='ocrx_word' id='word_1_441' title='bbox 1466 2275 1621 2317; x_wconf 85' lang='lat' dir='ltr'>excelso</span> <span class='ocrx_word' id='word_1_442' title='bbox 1643 2275 1830 2316; x_wconf 76' lang='lat' dir='ltr'>caelorum</span> <span class='ocrx_word' id='word_1_443' title='bbox 1850 2274 2010 2314; x_wconf 90' lang='lat' dir='ltr'>habita-</span> 
     </span>
     <span class='ocr_line' id='line_1_37' title="bbox 106 2332 2011 2392; baseline -0.004 -11"><span class='ocrx_word' id='word_1_444' title='bbox 106 2340 207 2385; x_wconf 83' lang='lat' dir='ltr'>culo,</span> <span class='ocrx_word' id='word_1_445' title='bbox 242 2344 283 2381; x_wconf 90' lang='lat' dir='ltr'>et</span> <span class='ocrx_word' id='word_1_446' title='bbox 314 2339 482 2380; x_wconf 86' lang='lat' dir='ltr'>benedic</span> <span class='ocrx_word' id='word_1_447' title='bbox 512 2337 663 2392; x_wconf 92' lang='lat' dir='ltr'>populo</span> <span class='ocrx_word' id='word_1_448' title='bbox 696 2342 767 2378; x_wconf 90' lang='lat' dir='ltr'>tuo</span> <span class='ocrx_word' id='word_1_449' title='bbox 803 2336 936 2384; x_wconf 88' lang='lat' dir='ltr'>Israel,</span> <span class='ocrx_word' id='word_1_450' title='bbox 971 2341 1012 2377; x_wconf 92' lang='lat' dir='ltr'>et</span> <span class='ocrx_word' id='word_1_451' title='bbox 1044 2337 1185 2383; x_wconf 77' lang='lat' dir='ltr'>Terrae,</span> <span class='ocrx_word' id='word_1_452' title='bbox 1221 2349 1345 2390; x_wconf 88' lang='lat' dir='ltr'>quam</span> <span class='ocrx_word' id='word_1_453' title='bbox 1377 2335 1524 2376; x_wconf 87' lang='lat' dir='ltr'>dedisti</span> <span class='ocrx_word' id='word_1_454' title='bbox 1556 2334 1685 2383; x_wconf 90' lang='lat' dir='ltr'>nobis,</span> <span class='ocrx_word' id='word_1_455' title='bbox 1734 2333 1840 2374; x_wconf 91' lang='lat' dir='ltr'>sicut</span> <span class='ocrx_word' id='word_1_456' title='bbox 1870 2332 2011 2373; x_wconf 88' lang='lat' dir='ltr'>iurasti</span> 
     </span>
     <span class='ocr_line' id='line_1_38' title="bbox 106 2395 1201 2454; baseline -0.005 -14"><span class='ocrx_word' id='word_1_457' title='bbox 106 2399 291 2454; x_wconf 88' lang='lat' dir='ltr'>patribus</span> <span class='ocrx_word' id='word_1_458' title='bbox 320 2398 481 2447; x_wconf 84' lang='lat' dir='ltr'>nostris,</span> <span class='ocrx_word' id='word_1_459' title='bbox 512 2402 629 2438; x_wconf 85' lang='lat' dir='ltr'>terrae</span> <span class='ocrx_word' id='word_1_460' title='bbox 656 2396 760 2437; x_wconf 89' lang='lat' dir='ltr'>lacte</span> <span class='ocrx_word' id='word_1_461' title='bbox 790 2401 831 2436; x_wconf 91' lang='lat' dir='ltr'>et</span> <span class='ocrx_word' id='word_1_462' title='bbox 858 2395 974 2436; x_wconf 84' lang='lat' dir='ltr'>melle</span> <span class='ocrx_word' id='word_1_463' title='bbox 1004 2395 1201 2436; x_wconf 86' lang='lat' dir='ltr'>mananti.</span> 
     </span>
    </p>
   </div>
   <div class='ocr_carea' id='block_1_6' title="bbox 107 2461 2014 2875">
    <p class='ocr_par' dir='ltr' id='par_1_6' title="bbox 107 2461 2014 2875">
     <span class='ocr_line' id='line_1_39' title="bbox 212 2461 2008 2519; baseline -0.004 -10"><span class='ocrx_word' id='word_1_464' title='bbox 212 2472 246 2495; x_wconf 79' lang='lat'>1⁶</span> <span class='ocrx_word' id='word_1_465' title='bbox 265 2469 396 2510; x_wconf 88' lang='lat' dir='ltr'>Hodie</span> <span class='ocrx_word' id='word_1_466' title='bbox 413 2467 613 2509; x_wconf 86' lang='lat' dir='ltr'>Dominus</span> <span class='ocrx_word' id='word_1_467' title='bbox 631 2467 741 2507; x_wconf 90' lang='lat' dir='ltr'>Deus</span> <span class='ocrx_word' id='word_1_468' title='bbox 760 2471 854 2507; x_wconf 89' lang='lat' dir='ltr'>tuus</span> <span class='ocrx_word' id='word_1_469' title='bbox 874 2466 1065 2519; x_wconf 84' lang='lat' dir='ltr'>praecepit</span> <span class='ocrx_word' id='word_1_470' title='bbox 1083 2466 1157 2506; x_wconf 91' lang='lat' dir='ltr'>tibi</span> <span class='ocrx_word' id='word_1_471' title='bbox 1176 2470 1223 2506; x_wconf 92' lang='lat' dir='ltr'>ut</span> <span class='ocrx_word' id='word_1_472' title='bbox 1239 2465 1364 2506; x_wconf 80' lang='lat' dir='ltr'>facias</span> <span class='ocrx_word' id='word_1_473' title='bbox 1382 2465 1581 2505; x_wconf 87' lang='lat' dir='ltr'>mandata</span> <span class='ocrx_word' id='word_1_474' title='bbox 1597 2464 1681 2504; x_wconf 83' lang='grc'>11100</span> <span class='ocrx_word' id='word_1_475' title='bbox 1700 2467 1824 2515; x_wconf 89' lang='lat' dir='ltr'>atque</span> <span class='ocrx_word' id='word_1_476' title='bbox 1843 2461 2008 2502; x_wconf 90' lang='lat' dir='ltr'>iudicia:</span> 
     </span>
     <span class='ocr_line' id='line_1_40' title="bbox 107 2520 2011 2580; baseline -0.006 -9"><span class='ocrx_word' id='word_1_477' title='bbox 107 2534 149 2572; x_wconf 89' lang='lat' dir='ltr'>et</span> <span class='ocrx_word' id='word_1_478' title='bbox 176 2528 381 2570; x_wconf 88' lang='lat' dir='ltr'>custodias</span> <span class='ocrx_word' id='word_1_479' title='bbox 411 2532 452 2567; x_wconf 89' lang='lat' dir='ltr'>et</span> <span class='ocrx_word' id='word_1_480' title='bbox 479 2526 646 2580; x_wconf 89' lang='lat' dir='ltr'>impleas</span> <span class='ocrx_word' id='word_1_481' title='bbox 676 2539 726 2566; x_wconf 84' lang='lat' dir='ltr'>ex</span> <span class='ocrx_word' id='word_1_482' title='bbox 754 2530 843 2566; x_wconf 88' lang='lat' dir='ltr'>toto</span> <span class='ocrx_word' id='word_1_483' title='bbox 873 2525 991 2566; x_wconf 91' lang='lat' dir='ltr'>corde</span> <span class='ocrx_word' id='word_1_484' title='bbox 1021 2529 1105 2573; x_wconf 91' lang='lat' dir='ltr'>tuo,</span> <span class='ocrx_word' id='word_1_485' title='bbox 1152 2529 1193 2565; x_wconf 90' lang='lat' dir='ltr'>et</span> <span class='ocrx_word' id='word_1_486' title='bbox 1221 2538 1270 2565; x_wconf 86' lang='lat' dir='ltr'>ex</span> <span class='ocrx_word' id='word_1_487' title='bbox 1299 2529 1390 2565; x_wconf 89' lang='lat' dir='ltr'>tota</span> <span class='ocrx_word' id='word_1_488' title='bbox 1419 2524 1556 2564; x_wconf 90' lang='lat' dir='ltr'>anima</span> <span class='ocrx_word' id='word_1_489' title='bbox 1583 2527 1666 2563; x_wconf 90' lang='lat' dir='ltr'>tua.</span> <span class='ocrx_word' id='word_1_490' title='bbox 1726 2523 1758 2545; x_wconf 86' lang='lat'>¹⁷</span> <span class='ocrx_word' id='word_1_491' title='bbox 1787 2520 2011 2561; x_wconf 92' lang='lat' dir='ltr'>Dominum</span> 
     </span>
     <span class='ocr_line' id='line_1_41' title="bbox 108 2578 2013 2643; baseline -0.005 -14"><span class='ocrx_word' id='word_1_492' title='bbox 108 2588 261 2643; x_wconf 87' lang='lat' dir='ltr'>elegisti</span> <span class='ocrx_word' id='word_1_493' title='bbox 290 2586 421 2633; x_wconf 84' lang='lat' dir='ltr'>hodic,</span> <span class='ocrx_word' id='word_1_494' title='bbox 454 2590 501 2626; x_wconf 91' lang='lat' dir='ltr'>ut</span> <span class='ocrx_word' id='word_1_495' title='bbox 530 2585 584 2626; x_wconf 90' lang='lat' dir='ltr'>sit</span> <span class='ocrx_word' id='word_1_496' title='bbox 612 2585 687 2626; x_wconf 90' lang='lat' dir='ltr'>tibi</span> <span class='ocrx_word' id='word_1_497' title='bbox 716 2585 839 2631; x_wconf 84' lang='lat' dir='ltr'>Deus,</span> <span class='ocrx_word' id='word_1_498' title='bbox 872 2589 913 2624; x_wconf 89' lang='lat' dir='ltr'>et</span> <span class='ocrx_word' id='word_1_499' title='bbox 943 2583 1125 2624; x_wconf 88' lang='lat' dir='ltr'>ambules</span> <span class='ocrx_word' id='word_1_500' title='bbox 1156 2583 1196 2624; x_wconf 90' lang='lat' dir='ltr'>in</span> <span class='ocrx_word' id='word_1_501' title='bbox 1226 2584 1302 2624; x_wconf 92' lang='lat' dir='ltr'>viis</span> <span class='ocrx_word' id='word_1_502' title='bbox 1333 2583 1428 2628; x_wconf 85' lang='lat' dir='ltr'>eius,</span> <span class='ocrx_word' id='word_1_503' title='bbox 1461 2588 1502 2623; x_wconf 93' lang='lat' dir='ltr'>et</span> <span class='ocrx_word' id='word_1_504' title='bbox 1531 2581 1736 2622; x_wconf 86' lang='lat' dir='ltr'>custodias</span> <span class='ocrx_word' id='word_1_505' title='bbox 1767 2578 2013 2620; x_wconf 87' lang='lat' dir='ltr'>ceremonias</span> 
     </span>
     <span class='ocr_line' id='line_1_42' title="bbox 107 2637 2014 2697; baseline -0.006 -9"><span class='ocrx_word' id='word_1_506' title='bbox 107 2647 225 2697; x_wconf 86' lang='lat' dir='ltr'>illius,</span> <span class='ocrx_word' id='word_1_507' title='bbox 256 2651 297 2687; x_wconf 91' lang='lat' dir='ltr'>et</span> <span class='ocrx_word' id='word_1_508' title='bbox 325 2645 523 2686; x_wconf 89' lang='lat' dir='ltr'>mandata</span> <span class='ocrx_word' id='word_1_509' title='bbox 552 2649 675 2697; x_wconf 90' lang='lat' dir='ltr'>atque</span> <span class='ocrx_word' id='word_1_510' title='bbox 704 2643 864 2689; x_wconf 86' lang='lat' dir='ltr'>iudicia,</span> <span class='ocrx_word' id='word_1_511' title='bbox 896 2648 937 2683; x_wconf 88' lang='lat' dir='ltr'>et</span> <span class='ocrx_word' id='word_1_512' title='bbox 965 2643 1130 2683; x_wconf 86' lang='lat' dir='ltr'>obedias</span> <span class='ocrx_word' id='word_1_513' title='bbox 1159 2642 1243 2683; x_wconf 89' lang='lat' dir='ltr'>eius</span> <span class='ocrx_word' id='word_1_514' title='bbox 1272 2642 1452 2696; x_wconf 91' lang='lat' dir='ltr'>imperio.</span> <span class='ocrx_word' id='word_1_515' title='bbox 1510 2642 1545 2665; x_wconf 77' lang='lat'>¹⁸</span> <span class='ocrx_word' id='word_1_516' title='bbox 1575 2644 1638 2680; x_wconf 86' lang='lat' dir='ltr'>det</span> <span class='ocrx_word' id='word_1_517' title='bbox 1664 2638 1866 2680; x_wconf 91' lang='lat' dir='ltr'>Dominus</span> <span class='ocrx_word' id='word_1_518' title='bbox 1895 2637 2014 2691; x_wconf 91' lang='lat' dir='ltr'>elegit</span> 
     </span>
     <span class='ocr_line' id='line_1_43' title="bbox 108 2696 2012 2757; baseline -0.006 -10"><span class='ocrx_word' id='word_1_519' title='bbox 108 2711 148 2748; x_wconf 91' lang='lat' dir='ltr'>te</span> <span class='ocrx_word' id='word_1_520' title='bbox 170 2705 289 2747; x_wconf 90' lang='lat' dir='ltr'>hodie</span> <span class='ocrx_word' id='word_1_521' title='bbox 312 2709 360 2745; x_wconf 92' lang='lat' dir='ltr'>ut</span> <span class='ocrx_word' id='word_1_522' title='bbox 381 2704 433 2745; x_wconf 89' lang='lat' dir='ltr'>sis</span> <span class='ocrx_word' id='word_1_523' title='bbox 456 2703 491 2744; x_wconf 91' lang='lat' dir='ltr'>ei</span> <span class='ocrx_word' id='word_1_524' title='bbox 513 2702 686 2757; x_wconf 88' lang='lat' dir='ltr'>populus</span> <span class='ocrx_word' id='word_1_525' title='bbox 710 2701 934 2756; x_wconf 90' lang='lat' dir='ltr'>peculiaris,</span> <span class='ocrx_word' id='word_1_526' title='bbox 959 2702 1065 2742; x_wconf 85' lang='lat' dir='ltr'>sicut</span> <span class='ocrx_word' id='word_1_527' title='bbox 1086 2701 1245 2742; x_wconf 88' lang='lat' dir='ltr'>locutus</span> <span class='ocrx_word' id='word_1_528' title='bbox 1269 2706 1331 2742; x_wconf 90' lang='lat' dir='ltr'>est</span> <span class='ocrx_word' id='word_1_529' title='bbox 1351 2700 1438 2746; x_wconf 84' lang='lat' dir='ltr'>tibi,</span> <span class='ocrx_word' id='word_1_530' title='bbox 1464 2704 1506 2740; x_wconf 91' lang='lat' dir='ltr'>et</span> <span class='ocrx_word' id='word_1_531' title='bbox 1527 2698 1732 2740; x_wconf 85' lang='lat' dir='ltr'>custodias</span> <span class='ocrx_word' id='word_1_532' title='bbox 1756 2696 1893 2738; x_wconf 88' lang='lat' dir='ltr'>omnia</span> <span class='ocrx_word' id='word_1_533' title='bbox 1914 2708 2012 2749; x_wconf 87' lang='lat' dir='ltr'>prae-</span> 
     </span>
     <span class='ocr_line' id='line_1_44' title="bbox 109 2755 2009 2819; baseline -0.006 -13"><span class='ocrx_word' id='word_1_534' title='bbox 109 2770 229 2819; x_wconf 88' lang='lat' dir='ltr'>cepta</span> <span class='ocrx_word' id='word_1_535' title='bbox 252 2763 375 2805; x_wconf 83' lang='lat' dir='ltr'>illius:</span> <span class='ocrx_word' id='word_1_536' title='bbox 428 2764 463 2787; x_wconf 82' lang='lat'>¹⁹</span> <span class='ocrx_word' id='word_1_537' title='bbox 488 2766 530 2803; x_wconf 90' lang='lat' dir='ltr'>et</span> <span class='ocrx_word' id='word_1_538' title='bbox 553 2762 680 2802; x_wconf 86' lang='lat' dir='ltr'>faciat</span> <span class='ocrx_word' id='word_1_539' title='bbox 704 2766 744 2802; x_wconf 91' lang='lat' dir='ltr'>te</span> <span class='ocrx_word' id='word_1_540' title='bbox 770 2760 1028 2801; x_wconf 87' lang='lat' dir='ltr'>excelsiorem</span> <span class='ocrx_word' id='word_1_541' title='bbox 1054 2760 1210 2801; x_wconf 90' lang='lat' dir='ltr'>cunctis</span> <span class='ocrx_word' id='word_1_542' title='bbox 1235 2759 1424 2814; x_wconf 88' lang='lat' dir='ltr'>gentibus</span> <span class='ocrx_word' id='word_1_543' title='bbox 1451 2772 1551 2812; x_wconf 90' lang='lat' dir='ltr'>quas</span> <span class='ocrx_word' id='word_1_544' title='bbox 1577 2757 1742 2805; x_wconf 91' lang='lat' dir='ltr'>creavit,</span> <span class='ocrx_word' id='word_1_545' title='bbox 1769 2756 1811 2796; x_wconf 92' lang='lat' dir='ltr'>in</span> <span class='ocrx_word' id='word_1_546' title='bbox 1835 2755 2009 2803; x_wconf 87' lang='lat' dir='ltr'>laudem,</span> 
     </span>
     <span class='ocr_line' id='line_1_45' title="bbox 109 2814 2010 2875; baseline -0.006 -11"><span class='ocrx_word' id='word_1_547' title='bbox 109 2829 151 2865; x_wconf 87' lang='lat' dir='ltr'>et</span> <span class='ocrx_word' id='word_1_548' title='bbox 167 2836 328 2871; x_wconf 88' lang='lat' dir='ltr'>nomen,</span> <span class='ocrx_word' id='word_1_549' title='bbox 350 2826 391 2863; x_wconf 92' lang='lat' dir='ltr'>et</span> <span class='ocrx_word' id='word_1_550' title='bbox 408 2821 577 2875; x_wconf 83' lang='lat' dir='ltr'>gloriam</span> <span class='ocrx_word' id='word_1_551' title='bbox 595 2833 729 2861; x_wconf 89' lang='lat' dir='ltr'>suam:</span> <span class='ocrx_word' id='word_1_552' title='bbox 751 2824 798 2860; x_wconf 94' lang='lat' dir='ltr'>ut</span> <span class='ocrx_word' id='word_1_553' title='bbox 816 2819 868 2860; x_wconf 90' lang='lat' dir='ltr'>sis</span> <span class='ocrx_word' id='word_1_554' title='bbox 887 2818 1061 2873; x_wconf 90' lang='lat' dir='ltr'>populus</span> <span class='ocrx_word' id='word_1_555' title='bbox 1081 2824 1245 2860; x_wconf 89' lang='lat' dir='ltr'>sanctus</span> <span class='ocrx_word' id='word_1_556' title='bbox 1264 2818 1431 2859; x_wconf 92' lang='lat' dir='ltr'>Domini</span> <span class='ocrx_word' id='word_1_557' title='bbox 1448 2817 1524 2859; x_wconf 91' lang='lat' dir='ltr'>Dei</span> <span class='ocrx_word' id='word_1_558' title='bbox 1544 2816 1616 2865; x_wconf 90' lang='lat' dir='ltr'>tui,</span> <span class='ocrx_word' id='word_1_559' title='bbox 1637 2815 1742 2856; x_wconf 91' lang='lat' dir='ltr'>sicut</span> <span class='ocrx_word' id='word_1_560' title='bbox 1758 2814 1918 2855; x_wconf 88' lang='lat' dir='ltr'>locutus</span> <span class='ocrx_word' id='word_1_561' title='bbox 1937 2816 2010 2854; x_wconf 86' lang='lat' dir='ltr'>est.</span> 
     </span>
    </p>
   </div>
   <div class='ocr_carea' id='block_1_7' title="bbox 2039 2454 2191 2481">
    <p class='ocr_par' dir='ltr' id='par_1_7' title="bbox 2039 2454 2191 2481">
     <span class='ocr_line' id='line_1_46' title="bbox 2039 2454 2191 2481; baseline 0 -1"><span class='ocrx_word' id='word_1_562' title='bbox 2039 2454 2191 2481; x_wconf 76' lang='lat' dir='ltr'>conclusio.</span> 
     </span>
    </p>
   </div>
   <div class='ocr_carea' id='block_1_8' title="bbox 222 2934 1902 3008">
    <p class='ocr_par' dir='ltr' id='par_1_8' title="bbox 222 2934 1902 3008">
     <span class='ocr_line' id='line_1_47' title="bbox 222 2934 1902 3008; baseline -0.005 -14"><span class='ocrx_word' id='word_1_563' title='bbox 222 2944 322 2995; x_wconf 93' lang='grc' dir='ltr'>ΙΙΙ.</span> <span class='ocrx_word' id='word_1_564' title='bbox 360 2941 682 2994; x_wconf 84' lang='lat' dir='ltr'>Inculcatio</span> <span class='ocrx_word' id='word_1_565' title='bbox 722 2942 1146 3008; x_wconf 73' lang='lat' dir='ltr'>praeceptorum</span> <span class='ocrx_word' id='word_1_566' title='bbox 1185 2940 1454 3001; x_wconf 88' lang='lat' dir='ltr'>omnium,</span> <span class='ocrx_word' id='word_1_567' title='bbox 1493 2939 1576 2999; x_wconf 82' lang='lat'>27,</span> <span class='ocrx_word' id='word_1_568' title='bbox 1602 2935 1789 2999; x_wconf 84' lang='lat'>1—30,</span> <span class='ocrx_word' id='word_1_569' title='bbox 1815 2934 1902 2986; x_wconf 80' lang='lat'>20.</span> 
     </span>
    </p>
   </div>
   <div class='ocr_carea' id='block_1_9' title="bbox 500 3023 1638 3078">
    <p class='ocr_par' dir='ltr' id='par_1_9' title="bbox 500 3023 1638 3078">
     <span class='ocr_line' id='line_1_48' title="bbox 500 3023 1638 3078; baseline -0.004 -11"><span class='ocrx_word' id='word_1_570' title='bbox 500 3028 538 3068; x_wconf 87' lang='lat'>1.</span> <span class='ocrx_word' id='word_1_571' title='bbox 568 3026 803 3067; x_wconf 81' lang='lat' dir='ltr'>Erectione</span> <span class='ocrx_word' id='word_1_572' title='bbox 833 3026 1034 3078; x_wconf 84' lang='lat' dir='ltr'>lapidum</span> <span class='ocrx_word' id='word_1_573' title='bbox 1065 3025 1407 3077; x_wconf 79' lang='lat' dir='ltr'>inscriptorum,</span> <span class='ocrx_word' id='word_1_574' title='bbox 1434 3025 1501 3074; x_wconf 89' lang='lat'>27,</span> <span class='ocrx_word' id='word_1_575' title='bbox 1519 3023 1638 3062; x_wconf 85' lang='lat'>1—8.</span> 
     </span>
    </p>
   </div>
   <div class='ocr_carea' id='block_1_10' title="bbox 109 3084 2205 3380">
    <p class='ocr_par' dir='ltr' id='par_1_10' title="bbox 109 3084 2205 3380">
     <span class='ocr_line' id='line_1_49' title="bbox 213 3084 2190 3146; baseline -0.006 -10"><span class='ocrx_word' id='word_1_576' title='bbox 213 3095 278 3138; x_wconf 79' lang='lat'>27.</span> <span class='ocrx_word' id='word_1_577' title='bbox 332 3096 347 3118; x_wconf 92' lang='lat'>¹</span> <span class='ocrx_word' id='word_1_578' title='bbox 374 3092 572 3146; x_wconf 85' lang='lat' dir='ltr'>Praecepit</span> <span class='ocrx_word' id='word_1_579' title='bbox 600 3097 739 3133; x_wconf 89' lang='lat' dir='ltr'>autem</span> <span class='ocrx_word' id='word_1_580' title='bbox 766 3092 926 3146; x_wconf 86' lang='lat' dir='ltr'>Moyses</span> <span class='ocrx_word' id='word_1_581' title='bbox 955 3096 996 3132; x_wconf 93' lang='lat' dir='ltr'>et</span> <span class='ocrx_word' id='word_1_582' title='bbox 1024 3092 1197 3132; x_wconf 91' lang='lat' dir='ltr'>seniores</span> <span class='ocrx_word' id='word_1_583' title='bbox 1228 3090 1362 3137; x_wconf 90' lang='lat' dir='ltr'>Israel,</span> <span class='ocrx_word' id='word_1_584' title='bbox 1394 3088 1544 3144; x_wconf 92' lang='lat' dir='ltr'>populo</span> <span class='ocrx_word' id='word_1_585' title='bbox 1573 3087 1770 3128; x_wconf 88' lang='lat' dir='ltr'>dicentes:</span> <span class='ocrx_word' id='word_1_586' title='bbox 1801 3085 2011 3127; x_wconf 90' lang='lat' dir='ltr'>Custodite</span> <span class='ocrx_word' id='word_1_587' title='bbox 2043 3084 2190 3146; x_wconf 54' lang='grc' dir='ltr'>Ῑῗθξῖξξρῐ</span> 
     </span>
     <span class='ocr_line' id='line_1_50' title="bbox 111 3140 2174 3205; baseline -0.007 -11"><span class='ocrx_word' id='word_1_588' title='bbox 111 3167 228 3196; x_wconf 87' lang='grc'>01000</span> <span class='ocrx_word' id='word_1_589' title='bbox 255 3152 499 3194; x_wconf 89' lang='lat' dir='ltr'>mandatum</span> <span class='ocrx_word' id='word_1_590' title='bbox 527 3151 637 3205; x_wconf 90' lang='lat' dir='ltr'>quod</span> <span class='ocrx_word' id='word_1_591' title='bbox 662 3150 850 3204; x_wconf 73' lang='lat' dir='ltr'>praecipio</span> <span class='ocrx_word' id='word_1_592' title='bbox 878 3150 993 3191; x_wconf 90' lang='lat' dir='ltr'>vobis</span> <span class='ocrx_word' id='word_1_593' title='bbox 1020 3150 1152 3191; x_wconf 91' lang='lat' dir='ltr'>hodie.</span> <span class='ocrx_word' id='word_1_594' title='bbox 1208 3152 1223 3174; x_wconf 83' lang='lat'>2</span> <span class='ocrx_word' id='word_1_595' title='bbox 1249 3150 1432 3202; x_wconf 89' lang='lat' dir='ltr'>Cumque</span> <span class='ocrx_word' id='word_1_596' title='bbox 1459 3146 1698 3187; x_wconf 86' lang='lat' dir='ltr'>transieritis</span> <span class='ocrx_word' id='word_1_597' title='bbox 1729 3145 1943 3186; x_wconf 89' lang='lat' dir='ltr'>Iordanem</span> <span class='ocrx_word' id='word_1_598' title='bbox 1969 3143 2030 3196; x_wconf 28' lang='lat' dir='ltr'>in.</span> <span class='ocrx_word' id='word_1_599' title='bbox 2058 3140 2174 3196; x_wconf 50' lang='lat' dir='ltr'>paribus</span> 
     </span>
     <span class='ocr_line' id='line_1_51' title="bbox 111 3191 2205 3265; baseline -0.006 -11"><span class='ocrx_word' id='word_1_600' title='bbox 111 3213 287 3261; x_wconf 86' lang='lat' dir='ltr'>Terram,</span> <span class='ocrx_word' id='word_1_601' title='bbox 323 3224 447 3265; x_wconf 88' lang='lat' dir='ltr'>quam</span> <span class='ocrx_word' id='word_1_602' title='bbox 479 3210 679 3251; x_wconf 90' lang='lat' dir='ltr'>Dominus</span> <span class='ocrx_word' id='word_1_603' title='bbox 711 3210 821 3250; x_wconf 91' lang='lat' dir='ltr'>Deus</span> <span class='ocrx_word' id='word_1_604' title='bbox 855 3214 950 3250; x_wconf 90' lang='lat' dir='ltr'>tuus</span> <span class='ocrx_word' id='word_1_605' title='bbox 984 3209 1101 3251; x_wconf 91' lang='lat' dir='ltr'>dabit</span> <span class='ocrx_word' id='word_1_606' title='bbox 1133 3209 1220 3257; x_wconf 88' lang='lat' dir='ltr'>tibi,</span> <span class='ocrx_word' id='word_1_607' title='bbox 1256 3208 1379 3262; x_wconf 84' lang='lat' dir='ltr'>eriges</span> <span class='ocrx_word' id='word_1_608' title='bbox 1412 3207 1594 3260; x_wconf 82' lang='lat' dir='ltr'>ingentes</span> <span class='ocrx_word' id='word_1_609' title='bbox 1626 3204 1793 3258; x_wconf 89' lang='lat' dir='ltr'>lapides,</span> <span class='ocrx_word' id='word_1_610' title='bbox 1829 3207 1870 3244; x_wconf 92' lang='lat' dir='ltr'>et</span> <span class='ocrx_word' id='word_1_611' title='bbox 1902 3201 2009 3243; x_wconf 85' lang='lat' dir='ltr'>calce</span> <span class='ocrx_word' id='word_1_612' title='bbox 2024 3191 2205 3217; x_wconf 52' lang='lat' dir='ltr'><strong>mmmmm·</strong></span> 
     </span>
     <span class='ocr_line' id='line_1_52' title="bbox 109 3261 2009 3326; baseline -0.007 -13"><span class='ocrx_word' id='word_1_613' title='bbox 109 3271 305 3326; x_wconf 83' lang='lat' dir='ltr'>levigabis</span> <span class='ocrx_word' id='word_1_614' title='bbox 323 3284 401 3319; x_wconf 89' lang='grc'>005,</span> <span class='ocrx_word' id='word_1_615' title='bbox 446 3272 462 3294; x_wconf 80' lang='grc'><strong>3</strong></span> <span class='ocrx_word' id='word_1_616' title='bbox 479 3273 526 3310; x_wconf 86' lang='grc'>01</span> <span class='ocrx_word' id='word_1_617' title='bbox 542 3268 670 3322; x_wconf 91' lang='lat' dir='ltr'>possis</span> <span class='ocrx_word' id='word_1_618' title='bbox 686 3268 729 3308; x_wconf 92' lang='lat' dir='ltr'>in</span> <span class='ocrx_word' id='word_1_619' title='bbox 745 3268 799 3309; x_wconf 91' lang='lat' dir='ltr'>eis</span> <span class='ocrx_word' id='word_1_620' title='bbox 818 3268 987 3309; x_wconf 89' lang='lat' dir='ltr'>scribere</span> <span class='ocrx_word' id='word_1_621' title='bbox 1006 3267 1143 3309; x_wconf 89' lang='lat' dir='ltr'>omnia</span> <span class='ocrx_word' id='word_1_622' title='bbox 1158 3267 1284 3308; x_wconf 90' lang='lat' dir='ltr'>verba</span> <span class='ocrx_word' id='word_1_623' title='bbox 1299 3266 1395 3320; x_wconf 88' lang='lat' dir='ltr'>legis</span> <span class='ocrx_word' id='word_1_624' title='bbox 1412 3265 1543 3314; x_wconf 90' lang='lat' dir='ltr'>huius,</span> <span class='ocrx_word' id='word_1_625' title='bbox 1565 3263 1736 3304; x_wconf 88' lang='lat' dir='ltr'>Iordane</span> <span class='ocrx_word' id='word_1_626' title='bbox 1753 3261 2009 3303; x_wconf 90' lang='lat' dir='ltr'>transmisso:</span> 
     </span>
     <span class='ocr_line' id='line_1_53' title="bbox 112 3318 2011 3380; baseline -0.006 -10"><span class='ocrx_word' id='word_1_627' title='bbox 112 3335 159 3371; x_wconf 86' lang='lat' dir='ltr'>ut</span> <span class='ocrx_word' id='word_1_628' title='bbox 187 3330 364 3371; x_wconf 87' lang='lat' dir='ltr'>introeas</span> <span class='ocrx_word' id='word_1_629' title='bbox 395 3329 571 3376; x_wconf 88' lang='lat' dir='ltr'>Terram,</span> <span class='ocrx_word' id='word_1_630' title='bbox 605 3339 729 3380; x_wconf 90' lang='lat' dir='ltr'>quam</span> <span class='ocrx_word' id='word_1_631' title='bbox 757 3327 958 3368; x_wconf 87' lang='lat' dir='ltr'>Dominus</span> <span class='ocrx_word' id='word_1_632' title='bbox 980 3327 1091 3367; x_wconf 92' lang='lat' dir='ltr'>Deus</span> <span class='ocrx_word' id='word_1_633' title='bbox 1121 3331 1217 3367; x_wconf 91' lang='lat' dir='ltr'>tuus</span> <span class='ocrx_word' id='word_1_634' title='bbox 1248 3325 1364 3366; x_wconf 89' lang='lat' dir='ltr'>dabit</span> <span class='ocrx_word' id='word_1_635' title='bbox 1393 3324 1480 3373; x_wconf 89' lang='lat' dir='ltr'>tibi,</span> <span class='ocrx_word' id='word_1_636' title='bbox 1512 3327 1663 3364; x_wconf 88' lang='lat' dir='ltr'>terram</span> <span class='ocrx_word' id='word_1_637' title='bbox 1691 3321 1797 3362; x_wconf 89' lang='lat' dir='ltr'>lacte</span> <span class='ocrx_word' id='word_1_638' title='bbox 1826 3324 1868 3361; x_wconf 91' lang='lat' dir='ltr'>et</span> <span class='ocrx_word' id='word_1_639' title='bbox 1896 3318 2011 3359; x_wconf 85' lang='lat' dir='ltr'>melle</span> 
     </span>
    </p>
   </div>
   <div class='ocr_carea' id='block_1_11' title="bbox 112 3378 2008 3438">
    <p class='ocr_par' dir='ltr' id='par_1_11' title="bbox 112 3378 2008 3438">
     <span class='ocr_line' id='line_1_54' title="bbox 112 3378 2008 3438; baseline -0.007 -9"><span class='ocrx_word' id='word_1_640' title='bbox 112 3393 361 3437; x_wconf 86' lang='lat' dir='ltr'>manantem,</span> <span class='ocrx_word' id='word_1_641' title='bbox 401 3387 506 3428; x_wconf 88' lang='lat' dir='ltr'>sicut</span> <span class='ocrx_word' id='word_1_642' title='bbox 542 3385 695 3427; x_wconf 88' lang='lat' dir='ltr'>iuravit</span> <span class='ocrx_word' id='word_1_643' title='bbox 730 3385 915 3438; x_wconf 87' lang='lat' dir='ltr'>patribus</span> <span class='ocrx_word' id='word_1_644' title='bbox 952 3385 1047 3426; x_wconf 90' lang='lat' dir='ltr'>tuis.</span> <span class='ocrx_word' id='word_1_645' title='bbox 1112 3387 1127 3410; x_wconf 76' lang='lat'>4</span> <span class='ocrx_word' id='word_1_646' title='bbox 1162 3384 1336 3434; x_wconf 85' lang='lat' dir='ltr'>Quando</span> <span class='ocrx_word' id='word_1_647' title='bbox 1374 3395 1466 3437; x_wconf 86' lang='lat' dir='ltr'>ergo</span> <span class='ocrx_word' id='word_1_648' title='bbox 1504 3380 1743 3422; x_wconf 87' lang='lat' dir='ltr'>transieritis</span> <span class='ocrx_word' id='word_1_649' title='bbox 1783 3378 2008 3423; x_wconf 81' lang='lat' dir='ltr'>Iordanem,</span> 
     </span>
    </p>
   </div>
   <div class='ocr_carea' id='block_1_12' title="bbox 243 3465 1934 3533">
    <p class='ocr_par' dir='ltr' id='par_1_12' title="bbox 243 3465 1934 3533">
     <span class='ocr_line' id='line_1_55' title="bbox 243 3465 1934 3533; baseline -0.008 -6"><span class='ocrx_word' id='word_1_650' title='bbox 243 3465 457 3533; x_wconf 33' lang='lat' dir='ltr'>173E⁷xj171</span> <span class='ocrx_word' id='word_1_651' title='bbox 480 3491 510 3525; x_wconf 87' lang='lat'>8.</span> <span class='ocrx_word' id='word_1_652' title='bbox 538 3512 579 3516; x_wconf 71' lang='lat'><em>-</em></span> <span class='ocrx_word' id='word_1_653' title='bbox 603 3491 657 3533; x_wconf 75' lang='grc'>20,</span> <span class='ocrx_word' id='word_1_654' title='bbox 681 3490 723 3525; x_wconf 87' lang='grc'>13</span> <span class='ocrx_word' id='word_1_655' title='bbox 744 3489 835 3533; x_wconf 83' lang='lat' dir='ltr'>bSup</span> <span class='ocrx_word' id='word_1_656' title='bbox 859 3489 912 3529; x_wconf 87' lang='lat'>14,</span> <span class='ocrx_word' id='word_1_657' title='bbox 935 3489 987 3523; x_wconf 82' lang='lat'>29.</span> <span class='ocrx_word' id='word_1_658' title='bbox 1014 3510 1055 3513; x_wconf 85' lang='lat'><strong>—</strong></span> <span class='ocrx_word' id='word_1_659' title='bbox 1080 3489 1121 3523; x_wconf 87' lang='lat'>15</span> <span class='ocrx_word' id='word_1_660' title='bbox 1148 3488 1198 3522; x_wconf 83' lang='lat' dir='ltr'>crs</span> <span class='ocrx_word' id='word_1_661' title='bbox 1222 3488 1275 3529; x_wconf 83' lang='lat'>63,</span> <span class='ocrx_word' id='word_1_662' title='bbox 1300 3488 1357 3528; x_wconf 81' lang='lat'>15;</span> <span class='ocrx_word' id='word_1_663' title='bbox 1383 3488 1452 3521; x_wconf 83' lang='lat' dir='ltr'>Bar</span> <span class='ocrx_word' id='word_1_664' title='bbox 1474 3487 1505 3527; x_wconf 82' lang='lat'>2,</span> <span class='ocrx_word' id='word_1_665' title='bbox 1530 3485 1581 3519; x_wconf 87' lang='lat'>16.</span> <span class='ocrx_word' id='word_1_666' title='bbox 1607 3505 1649 3508; x_wconf 92' lang='lat'><em>-</em></span> <span class='ocrx_word' id='word_1_667' title='bbox 1673 3484 1714 3517; x_wconf 84' lang='lat'>18</span> <span class='ocrx_word' id='word_1_668' title='bbox 1736 3482 1827 3525; x_wconf 84' lang='lat' dir='ltr'>dSup</span> <span class='ocrx_word' id='word_1_669' title='bbox 1851 3481 1881 3519; x_wconf 87' lang='lat'>7,</span> <span class='ocrx_word' id='word_1_670' title='bbox 1905 3479 1934 3511; x_wconf 87' lang='lat'>6.</span> 
     </span>
    </p>
   </div>
  </div>
 </body>
</html>
