2356 3760
307 186 383 227 780
1058 178 1457 214 LAMENTATIONES
1995 181 2025 222 3,
2054 181 2150 222 1-3,
2176 182 2219 216 23

768 274 805 314 3.
837 272 953 325 Spes
983 272 1140 325 populi
1172 272 1530 323 redintegratur,
1558 273 1597 323 3,
1616 272 1763 313 1-66.

1178 347 1347 381 ALEPH.

139 409 266 439 1'01’111110‘
310 407 347 450 3.
406 409 412 430 ¹
446 405 533 459 Ego
564 405 625 445 vir
654 404 794 443 videns
824 406 1113 455 paupertatem
1142 414 1276 442 meam
1332 401 1373 442 in
1403 402 1517 455 virga
1545 402 1834 456 indignationis
1865 403 1960 445 eius.

118 444 286 469 amaritudi-

161 479 245 505 nibus
1180 476 1349 510 ALEPH.

124 516 282 541 ¹⁰⁴'bmm
327 537 341 560 2
361 535 426 576 Me
456 533 641 575 minavit.
673 537 714 572 et
744 531 918 571 adduxit
1332 531 1372 571 in
1403 531 1603 581 tenebras,
1636 536 1676 573 et
1706 545 1786 573 non
1816 532 1855 572 in
1886 532 2028 575 lucem.

1178 605 1347 639 ALEPH.

325 667 339 687 ³⁵
361 664 539 703 Tantum
571 661 611 701 in
640 673 704 700 me
735 659 870 703 vertit,
903 664 944 700 et
974 659 1177 701 convertit
1331 672 1501 701 manum
1530 673 1647 701 suam
1677 665 1768 702 tota
1796 661 1871 702 die.

1195 734 1335 767 BETH.

326 793 338 815 ⁴
362 790 580 831 Vetustam
597 788 694 829 fecit
711 788 856 841 pellem
874 801 1020 835 meam,
1040 793 1082 829 et
1099 801 1261 829 carnem

466 862 611 897 meam,
1333 846 1528 888 contrivit
1558 860 1649 888 ossa
1677 860 1778 890 mea.

1195 911 1336 944 BETH.

325 969 340 991 5
361 966 597 1008 AEdificavit
628 966 665 1006 in
696 978 795 1018 gyro
826 978 927 1010 meo.
960 969 1001 1005 et
1030 965 1198 1006 circum-

467 1025 579 1065 dedit
609 1038 673 1064 mo
1333 1023 1435 1071 felle,
1468 1028 1509 1065 et
1537 1024 1686 1065 labore.

1195 1088 1335 1121 BETH.

328 1146 342 1167 ⁶
365 1144 411 1184 In
442 1142 665 1184 tenebrosis
695 1141 912 1184 collocavit
941 1155 1016 1192 me,
1336 1142 1452 1196 quasi
1480 1147 1664 1184 mortuos
1694 1143 1972 1197 sempiternos.

1169 1215 1365 1250 GHIMEL.

326 1274 339 1296 ⁷
362 1270 744 1313 Circumaedificavit
763 1270 981 1311 adversum
998 1283 1074 1318 me,
1095 1275 1142 1311 ut
1158 1283 1240 1312 non

467 1330 665 1385 egrediar:
1334 1330 1578 1384 aggravavit
1606 1330 1845 1383 compedem
1875 1344 2023 1373 meum.

1169 1393 1365 1427 GHIMEL.

327 1451 341 1473 ⁸
362 1450 439 1491 Sed
471 1454 512 1490 et
541 1461 633 1489 cum
664 1448 906 1495 clamavero,
938 1451 980 1488 et
1008 1460 1216 1502 rogavero,
1336 1447 1508 1489 exclusit
1538 1447 1765 1489 orationem
1794 1461 1940 1490 meam.

1170 1523 1366 1557 GHIMEL.

327 1581 342 1603 ⁹
362 1578 570 1620 Conclusit
600 1578 686 1618 vias
716 1590 827 1618 meas
856 1577 1061 1631 lapidibus
1092 1577 1269 1631 quadris,
1336 1578 1502 1619 semitas
1531 1590 1642 1618 meas
1672 1578 1888 1619 subvertit.

1165 1657 1370 1692 DALETH.

311 1716 345 1738 ¹⁰
364 1713 490 1754 Ursus
520 1712 715 1753 insidians
744 1712 879 1753 factus
909 1717 971 1753 est
999 1711 1117 1753 mihi:
1334 1712 1396 1754 leo
1425 1712 1466 1753 in
1497 1712 1759 1755 absconditis.

1166 1786 1372 1821 DALETH.

311 1845 340 1867 ¹¹
362 1841 537 1884 Semitas
558 1854 669 1882 meas
690 1841 906 1889 subvertit,
930 1846 971 1882 et
991 1841 1190 1894 confregit
1209 1854 1293 1882 me:
1335 1840 1474 1895 posuit
1502 1854 1567 1882 me
1597 1841 1836 1884 desolatam.

1167 1923 1372 1957 DALETH.

311 1981 341 2003 ¹2
362 1978 555 2019 Tetendit
585 1990 724 2019 arcum
754 1990 885 2027 suum,
918 1981 960 2018 et
987 1977 1126 2031 posuit
1154 1991 1219 2018 me
1338 1977 1454 2032 quasi
1484 1977 1643 2031 signum
1674 1977 1726 2018 ad
1755 1977 1962 2031 sagittam.

1233 2053 1309 2087 HE.

311 2111 342 2133 ¹³
362 2107 474 2149 Misit
503 2107 544 2148 in
574 2106 737 2148 renibus
768 2107 866 2148 meis
1337 2107 1439 2148 filias
1469 2107 1672 2161 pharetrae
1700 2120 1793 2148 suae.

1232 2176 1309 2210 HE.

312 2233 342 2256 ¹4
362 2232 514 2272 Factus
527 2244 617 2272 sum
636 2230 676 2271 in
690 2230 867 2271 derisum
881 2230 990 2272 omni
1006 2229 1157 2284 populo
1176 2244 1278 2279 meo,
1337 2230 1544 2272 canticum
1574 2243 1713 2272 eorum
1743 2235 1835 2272 tota
1863 2231 1938 2273 die.

1232 2305 1309 2339 HE.

312 2363 342 2385 ¹⁵
365 2360 557 2414 Replevit
586 2373 649 2400 me
680 2359 1036 2407 amaritudinibus,
1336 2359 1557 2400 inebriavit
1585 2372 1650 2400 me
1680 2359 1912 2414 absynthio.

1215 2429 1322 2464 VAU.

313 2486 346 2509 ¹⁶
364 2485 419 2525 Et
448 2484 567 2537 fregit
598 2484 649 2524 ad
679 2496 895 2524 numerum
926 2484 1068 2525 dentes
1098 2496 1220 2533 meos,
1338 2483 1493 2524 cibavit
1522 2496 1585 2524 me
1616 2483 1758 2525 cinere.

1216 2558 1323 2592 VAU.

311 2615 344 2638 ¹7
364 2613 419 2654 Et
448 2612 610 2666 repulsa
638 2617 699 2653 est
729 2626 753 2652 a
781 2625 880 2665 pace
910 2613 1048 2653 anima
1076 2626 1178 2659 mea,
1337 2612 1487 2654 oblitus
1518 2625 1608 2653 sum
1639 2612 1851 2654 bonorum.

1217 2688 1324 2722 VAU.

311 2744 345 2766 ¹⁸
363 2743 418 2783 Et
448 2742 550 2783 dixi:
582 2741 708 2782 Periit
738 2741 827 2782 finis
858 2754 982 2789 meus,
1336 2746 1378 2782 et
1406 2754 1496 2795 spes
1527 2754 1618 2782 mea
1647 2754 1671 2781 a
1700 2742 1890 2784 Domino.

1211 2851 1330 2885 ZAIN.

131 2914 267 2966 1533ᾞῇξῇ
278 2956 284 2959 .
316 2908 349 2930 ¹⁹
369 2906 597 2947 Recordare
616 2905 884 2959 paupertatis,
905 2910 946 2947 et
963 2905 1291 2959 transgressionis

152 2952 207 3001 «ω’,
217 2985 264 3017 Q
472 2978 583 3009 meae,
1341 2964 1561 3018 absynthii,
1594 2970 1635 3005 et
1663 2963 1776 3005 fellis,

129 3013 295 3077 -ςῖἶὶζῖὶῖἱέἓὶψ,
1211 3029 1331 3062 ZAIN.

314 3086 348 3107 ²⁰
367 3082 561 3123 Memoria
591 3095 745 3123 memor
774 3095 852 3129 ero,
885 3088 925 3123 et
956 3083 1139 3124 tabescet
1337 3082 1377 3123 in
1407 3096 1470 3123 me
1501 3082 1639 3123 anima
1668 3094 1769 3123 mea.

1209 3157 1329 3190 ZAIN.

313 3212 339 3233 2¹
368 3210 462 3251 llaec
492 3211 669 3251 recolens
700 3210 740 3250 in
771 3211 890 3251 corde
920 3224 1021 3256 meo,
1338 3211 1428 3252 ideo
1458 3211 1642 3265 sperabo.

1202 3285 1346 3319 HETH.

314 3340 345 3361 '22'
366 3337 647 3380 Misericordia³
672 3340 836 3380 Domini
859 3340 955 3393 quia
977 3352 1059 3380 non
1083 3352 1221 3380 sumus

472 3399 721 3450 consumpti:
1339 3398 1434 3452 quia
1457 3412 1539 3439 non
1564 3398 1800 3439 defecerunt
1824 3397 2104 3439 miserationes
2129 3397 2226 3439 eius.

1200 3462 1343 3495 llETH.

316 3517 347 3538 2³⁵
373 3514 477 3555 Novi
507 3514 695 3559 diluculo,
1341 3516 1473 3557 multa
1501 3521 1562 3557 est
1592 3516 1690 3557 fides
1720 3520 1804 3557 tua.
