2356 3760
143 99 195 139 18,
221 98 362 138 19-20,
387 98 407 131 3
1062 99 1140 132 IOB
1959 109 2034 149 469

145 194 178 216 ¹⁹
203 192 295 232 Non
321 192 395 232 erit
422 204 559 232 semen
584 192 679 237 eius,
708 203 838 243 neque
863 190 1072 243 progenies
1097 191 1138 231 in
1163 191 1312 244 populo
1340 206 1423 241 3110,
1499 206 1571 233 nec
1597 194 1687 235 ullae
1712 197 1887 251 reliquiae
1912 199 1952 240 in
1977 213 2035 240 re-

406 250 592 304 gionibus
622 249 718 289 eius.

144 310 180 333 ‘³⁰
206 309 253 349 111
283 309 347 350 (110
377 309 460 349 eius
490 308 717 361 stupebunt
746 307 967 351 novissimi,
1053 313 1093 348 et.
1122 308 1272 361 primos
1302 308 1471 350 invadet
1500 310 1651 352 horror.

144 369 176 391 '2¹
206 368 303 408 Haec
329 372 426 409 sunt
452 379 543 420 ergo
571 365 838 406 tabernacula
865 365 1003 419 iniqui.
1086 371 1128 406 et
1153 366 1228 407 iste
1254 367 1365 408 locus
1392 368 1488 415 eius,
1519 369 1588 422 qui
1614 370 1772 423 ignorat
1799 372 1942 413 Deum.

705 487 743 527 4.
775 487 851 527 lob
880 487 1042 528 iterum
1074 487 1229 538 negat,
1257 489 1323 539 19,
1343 489 1487 528 1-29.

252 570 316 613 19.
372 572 385 593 ¹
417 570 683 623 Respondens
714 574 853 609 autem
884 569 970 618 lob,
1002 569 1124 610 dixit:

167 678 183 700 ‘-'
208 676 430 728 Usquequo
461 673 640 727 affligitis
671 674 850 714 animam
879 687 1025 719 meam,
1110 680 1150 714 et
1180 674 1356 715 atteritis
1384 688 1449 714 me
1478 675 1753 716 sermonibus?
2093 680 2197 726 Contra

169 737 184 759 ³
208 734 284 778 En,
318 733 448 774 decies
480 732 729 774 confunditis
760 746 836 777 me,
922 738 963 773 et
994 746 1074 773 non
1106 733 1340 774 erubescitis
1373 733 1646 786 opprimentes
1677 747 1753 775 me.
2056 722 2236 777 s.-i²2¹r¹iirf.‘1'1⁵tes

168 795 182 817 ⁴
209 793 376 846 Nempe,
409 791 484 832 etsi
510 791 706 845 ignoravi,
790 805 949 832 mecum
979 792 1053 832 erit
1082 791 1310 845 ignorantia
1340 805 1441 833 mea.
2076 786 2217 844 ¹¹¹{fjgffi111

167 854 183 876 5
206 852 261 892 At
291 864 363 892 vos
393 856 535 892 contra
564 863 628 890 me
658 850 866 901 erigimini,
951 856 991 891 et
1021 851 1188 904 arguitis
1217 864 1281 891 me
1311 850 1537 904 opprobriis
1565 851 1676 892 meis.
2091 856 2202 884 assem,

169 912 184 934 ⁶
207 909 361 952 Saltem
389 923 498 950 nunc
524 902 737 962 intelligite
766 909 861 963 quia
884 909 995 950 Deus
1023 922 1104 950 non
1128 923 1243 963 aequo
1271 909 1418 950 iudicio
1445 909 1639 950 afflixerit
1662 923 1738 957 me,
1813 916 1854 951 et
1879 911 2043 964 flagellis

411 982 492 1009 31113
521 981 585 1008 1110
615 974 798 1010 cinxerit.

171 1076 184 1098 ⁷
210 1074 314 1114 Ecce
332 1073 517 1114 clamabo
537 1073 621 1113 vim
643 1073 816 1126 patiens,
839 1078 880 1114 et
901 1086 1019 1114 nemo
1043 1073 1199 1114 audiet:
1258 1073 1521 1121 vociferabor,
1547 1078 1587 1114 et
1608 1087 1690 1115 non
1712 1080 1772 1115 est
1789 1074 1857 1128 qui
1878 1074 2040 1115 iudicet.
2076 1073 2221 1132 ”Yffiffim

170 1134 185 1157 8
208 1132 406 1174 Semitam
429 1145 564 1172 meam
588 1131 878 1185 circumsepsit,
902 1137 944 1173 et
965 1131 1136 1173 transire
1160 1146 1241 1173 non
1262 1145 1440 1186 possum,
1508 1137 1549 1172 et
1566 1133 1607 1173 in
1628 1132 1726 1173 calle
1748 1146 1836 1174 meo
1857 1133 2044 1174 tenebras
2078 1126 2219 1173 dgpmgst,

412 1191 561 1245 posuit.

171 1253 186 1275 9
209 1250 410 1305 Spoliavit
438 1263 503 1290 me
531 1250 658 1304 gloria
684 1263 787 1296 mea,
871 1255 912 1291 et
941 1249 1111 1291 abstulit
1140 1263 1331 1291 coronam
1361 1250 1409 1289 de
1438 1249 1571 1302 capite
1599 1263 1701 1290 meo.

151 1312 187 1334 ¹⁰
209 1309 426 1351 Destruxit
450 1322 514 1349 me
539 1308 732 1362 undique,
760 1314 801 1349 et
825 1321 956 1362 pereo,
1035 1314 1075 1349 et
1100 1308 1215 1361 quasi
1239 1308 1388 1348 evulsae
1409 1308 1542 1349 arbori
1566 1308 1736 1349 abstulit
1761 1321 1873 1362 spem
1898 1322 2043 1349 meam.

152 1371 183 1393 ¹¹
214 1369 346 1409 [ratus
374 1374 435 1409 est
460 1373 604 1409 contra
628 1381 692 1408 me
718 1368 830 1408 furor
855 1367 950 1413 01113,
1032 1372 1073 1407 01
1099 1367 1153 1407 310
1179 1380 1243 1407 1110
1268 1367 1415 1407 habuit
1442 1366 1557 1420 quasi
1582 1367 1741 1408 hostem
1768 1380 1898 1408 suum.

152 1430 183 1452 ¹2
210 1427 338 1469 Simul
366 1432 567 1467 venerunt
592 1426 770 1466 latrones
798 1426 894 1473 01113,
973 1432 1014 1466 01
1039 1426 1223 1466 fecerunt
1250 1425 1325 1466 sibi
1352 1425 1462 1466 viam
1489 1438 1560 1479 per
1585 1439 1661 1469 me,
1734 1431 1775 1466 et
1802 1426 2048 1467 obsederunt

412 1485 454 1526 in
482 1498 581 1539 gyro
611 1484 922 1525 tabernaculum
952 1497 1101 1525 meum.

152 1548 183 1570 ¹3
209 1545 371 1586 Fratres
395 1557 507 1585 meos
530 1544 647 1597 longe
672 1544 768 1584 fecit
793 1557 817 1584 a
839 1556 915 1589 me,
995 1549 1035 1583 et
1059 1543 1146 1584 noti
1170 1543 1249 1584 mei
1275 1543 1389 1596 quasi
1415 1543 1533 1584 alieni
1556 1549 1807 1584 recesserunt
1831 1557 1855 1584 a
1877 1557 1952 1584 me.

152 1607 183 1629 ¹⁴
212 1603 529 1657 Dereliquerunt
557 1616 622 1643 me
651 1602 871 1656 propinqui
901 1602 997 1643 mei:
1083 1608 1123 1643 et
1155 1602 1223 1656 qui
1253 1615 1316 1642 me
1347 1607 1559 1647 noverant,
1592 1602 1708 1643 obliti
1738 1608 1833 1643 sunt
1863 1603 1953 1643 mei.

152 1665 183 1688 ¹⁵
213 1662 405 1717 Inquilini
434 1663 578 1703 domus
606 1675 717 1706 meae.
741 1668 780 1702 et
810 1661 964 1702 ancillae
991 1674 1090 1702 meae
1117 1661 1222 1702 sicut
1250 1661 1425 1701 alienum
1453 1661 1686 1702 habuerunt
1712 1675 1788 1705 me.
1864 1666 1905 1702 et
1933 1660 2048 1715 quasi

414 1721 647 1775 peregrinus
676 1720 734 1761 fui
764 1721 805 1761 in
835 1720 958 1761 oculis
989 1733 1140 1761 eorum.

152 1783 187 1806 ¹⁶
210 1782 381 1823 Servum
412 1794 549 1821 meum
578 1780 736 1826 vocavi,
770 1785 811 1820 et
840 1793 921 1821 non
950 1779 1172 1833 respondit,
1258 1792 1324 1820 ore
1355 1778 1516 1832 proprio
1548 1779 1795 1832 deprecabar
1824 1778 1949 1820 illum.

152 1843 185 1865 ¹⁷
212 1840 399 1881 Halitum
428 1853 565 1880 meum
594 1838 804 1879 exhorruit
832 1851 935 1879 uxor
961 1852 1063 1882 mea.
1148 1844 1189 1879 et
1217 1839 1385 1879 orabam
1414 1837 1515 1879 filios
1544 1838 1647 1878 uteri
1676 1838 1765 1879 mei.

152 1902 187 1924 ¹8
210 1899 336 1941 Stulti
363 1911 525 1952 quoque
552 1898 831 1951 despiciebant
856 1910 932 1942 me,
1004 1903 1045 1937 et
1070 1910 1163 1937 cum
1190 1897 1240 1938 ab
1267 1897 1321 1938 eis
1347 1896 1608 1945 recessissem,
1637 1897 1909 1937 detrahebant
1933 1895 2044 1937 mihi.

153 1961 187 1983 ¹⁹
210 1957 450 1999 Abominati
483 1962 579 1998 sunt
611 1970 675 1997 me
710 1957 918 2010 quondam
951 1956 1166 1997 consiliarii
1198 1956 1295 1996 mei:
1378 1962 1419 1996 et
1452 1968 1572 2009 quem
1606 1955 1782 1996 maxime
1815 1955 2044 2009 diligebam,

415 2022 626 2056 aversatus
656 2021 715 2056 est
746 2029 821 2056 me.

152 2078 187 2100 '2⁰
210 2076 309 2117 Pelli
333 2088 444 2120 meae,
473 2074 725 2128 consumptis
751 2074 951 2117 carnibus,
980 2073 1151 2114 adhaesit
1176 2086 1219 2114 os
1244 2086 1392 2116 meum,
1464 2079 1505 2113 et
1530 2073 1721 2113 derelicta
1745 2078 1841 2113 sunt
1866 2078 2048 2113 tantum-

414 2134 535 2175 modo
564 2133 675 2174 labia
703 2133 807 2173 circa
837 2133 978 2173 dentes
1008 2145 1131 2173 meos.

152 2196 183 2219 2¹
210 2193 455 2235 Miseremini
483 2192 574 2241 mei,
606 2192 851 2233 miseremini
879 2192 969 2235 mei.
1001 2191 1146 2232 saltem
1175 2204 1247 2232 vos
1277 2190 1395 2231 amici
1423 2190 1513 2239 mei,
1588 2190 1683 2244 quia
1710 2203 1854 2231 manus
1882 2189 2048 2231 Domini

414 2252 551 2305 tetigit
580 2264 656 2292 me.

152 2314 184 2336 ‘2²
211 2313 345 2362 Quare
373 2310 661 2365 persequimini
688 2323 753 2350 me
781 2309 886 2350 sicut
913 2310 1034 2357 Deus,
1119 2315 1159 2350 et
1187 2308 1375 2350 carnibus
1403 2308 1501 2349 meis
1530 2307 1793 2349 saturamini?

152 2420 185 2442 23
211 2417 308 2466 Quis
338 2417 439 2457 mihi
468 2415 628 2457 tribuat
657 2420 705 2456 ut
734 2414 964 2456 scribantur
994 2427 1196 2455 sermones
1226 2414 1329 2454 mei?
1409 2412 1496 2467 quis
1526 2412 1626 2453 mihi
1656 2412 1725 2453 det
1754 2416 1801 2452 ut
1831 2416 2048 2452 exarentur
2062 2409 2242 2434 ¹⁶³S¹¹¹¹0⁰t¹⁰·

2067 2452 2132 2470 nem
2153 2451 2235 2469 suam

414 2475 456 2516 111
483 2474 586 2515 111)Ϊο
2078 2480 2176 2519 sperat
2196 2480 2225 2505 et

153 2538 184 2560 2¹
211 2535 317 2589 stylo
346 2535 486 2582 ferreo,
519 2538 560 2574 et
588 2532 746 2587 plumbi
774 2531 937 2579 lamina,
1022 2532 1086 2573 Vel
1115 2531 1216 2573 celte
1245 2531 1484 2585 sculpantur
1512 2530 1552 2570 in
1582 2529 1712 2571 silice?
2082 2515 2220 2581 Xssssgfffi

152 2597 185 2620 ²⁵
211 2594 300 2636 Scio
325 2594 432 2634 enim
457 2592 567 2647 quod
592 2592 844 2646 Redemptor
866 2604 979 2632 meus
1003 2591 1119 2640 vivit,
1188 2596 1227 2631 et
1251 2590 1291 2631 in
1316 2590 1534 2631 novissimo
1560 2589 1622 2630 die
1647 2589 1695 2629 de
1720 2594 1827 2629 terra
1849 2592 2047 2629 surrectu-

415 2665 482 2693 rus
512 2664 620 2691 sum:

153 2714 188 2736 '2⁶
212 2713 267 2753 Et
297 2725 458 2752 rursum
490 2710 773 2751 circumdabor
803 2709 905 2763 pelle
936 2723 1038 2757 mea,
1125 2714 1166 2750 et
1197 2708 1238 2749 in
1269 2721 1388 2749 carne
1419 2720 1511 2748 mea
1541 2706 1687 2747 videbo
1719 2707 1851 2746 Deum
1897 2718 2045 2746 meum.

152 2773 186 2795 ‘2⁷
212 2772 342 2820 Quem
369 2771 529 2811 visurus
557 2782 647 2810 sum
675 2782 746 2822 ego
774 2769 870 2822 ipse,
953 2774 994 2809 et
1021 2767 1126 2809 oculi
1152 2767 1231 2809 mei
1258 2765 1514 2821 conspecturi
1540 2770 1646 2808 sunt.
1677 2771 1717 2805 et
1745 2777 1826 2805 non
1854 2763 1973 2804 alius:

205 2830 385 2884 reposita
413 2834 474 2870 est
501 2829 586 2869 haeo
615 2841 705 2882 spes
733 2840 826 2868 mea
853 2827 893 2867 in
922 2827 1012 2868 sinu
1040 2840 1142 2868 meo.

153 2891 188 2913 2⁸
212 2890 345 2938 Quare
380 2901 471 2941 ergo
506 2900 614 2928 nunc
649 2886 800 2928 dicitis:
835 2886 1133 2940 Persequamur
1166 2899 1271 2934 eum,
1364 2890 1404 2925 et
1437 2883 1613 2924 radicem
1647 2881 1761 2922 verbi
1793 2881 2048 2922 inveniamus

415 2952 558 2988 contra
586 2945 703 2987 eum?

154 3009 188 3032 2⁹
214 3007 359 3060 Fugite
391 3018 482 3059 ergo
514 3019 538 3045 a
566 3004 669 3046 facie
698 3003 832 3058 gladii,
920 3003 1113 3058 quoniam
1143 3003 1252 3045 ultor
1280 3001 1548 3056 iniquitatum
1577 2999 1734 3053 gladius
1764 3004 1844 3040 est:

208 3070 249 3106 et
278 3065 425 3107 scitote
455 3077 539 3105 esse
568 3063 775 3105 iudicium.

559 3179 598 3220 5.
629 3178 811 3230 sophar
841 3178 1149 3220 Naamathites
1181 3176 1393 3227 affirmat,
1422 3176 1487 3225 20,
1506 3173 1652 3214 1—29.

257 3263 322 3307 20.
377 3264 391 3287 ¹
422 3262 687 3316 Respondens
717 3266 856 3302 autem
885 3261 1043 3314 Sophar
1072 3259 1370 3305 Naamathites,
1406 3257 1528 3298 dixit:

173 3371 188 3393 2
213 3369 366 3410 Idcirco
400 3366 667 3421 cogitationes
695 3379 795 3407 meae
823 3366 946 3406 variae
974 3365 1197 3406 succedunt
1228 3362 1314 3406 sibi.
1399 3368 1440 3404 et
1472 3375 1584 3403 mens
1617 3362 1658 3402 in
1690 3360 1850 3402 diversa
1876 3357 2043 3417 rapitur.
2092 3353 2201 3418 qjgg‘ssff

173 3429 189 3452 ³
210 3427 463 3473 Doctrinam,
476 3439 558 3479 qua
568 3438 634 3466 me
645 3425 790 3478 arguis,
802 3424 978 3473 audiam,
1031 3429 1071 3464 01
1086 3423 1250 3477 spiritus
1265 3421 1650 3476 intelligentiaemeae
1660 3415 1919 3472 respondebit
1933 3413 2041 3453 milu.
