2356 3760
305 143 382 182 830
1115 133 1389 168 PROPHETIA
1924 133 1976 174 43,
2003 134 2144 174 24—44,
2173 136 2216 168 22

305 234 448 276 latum,
476 240 517 273 et
542 232 709 273 arietent
735 231 784 271 de
809 243 925 282 grege
950 227 1273 268 innnaculatmn.
1328 227 1359 249 2⁴
1384 224 1440 265 Et
1465 223 1606 265 offeres
1632 237 1698 266 eos
1722 224 1764 265 in
1789 232 2009 280 conspectu
2033 227 2219 269 Domini:

305 299 346 333 et
366 292 533 332 mittent
554 290 782 331 sacerdotes
803 300 923 340 super
942 300 1008 326 eos
1028 286 1098 332 sal,
1121 291 1162 325 et
1182 285 1354 325 ol'l'erent
1373 296 1439 324 eos
1459 282 1745 324 holocaustum
1765 284 1955 326 Domino.
2003 288 2035 311 2⁵
2054 287 2220 341 Septem

307 351 449 391 diebus
476 350 598 390 facies
626 349 780 388 hircum
810 359 879 398 pro
910 349 1075 397 peccato
1104 342 1305 396 quotidie:
1334 347 1375 382 et
1402 340 1578 382 vitulum
1606 342 1655 382 de
1682 347 1881 392 armento,
1909 349 1951 384 et
1977 344 2145 386 arietem
2172 346 2222 386 de

308 409 520 462 pecoribus
542 406 825 448 inmaculatos
847 403 1030 443 offerent.
1080 402 1116 425 2⁶
1135 402 1302 453 Septem
1323 400 1465 441 diebus
1487 400 1715 454 expiabunt
1735 400 1875 451 altare,
1898 407 1940 443 et
1959 404 2222 445 mundabunt

308 468 425 508 illud:
451 473 489 507 et
515 465 741 518 implebunt
766 474 933 501 manum
957 460 1052 500 eius.
1104 461 1137 483 2⁷
1162 458 1348 512 Expletis
1372 464 1511 499 autem
1534 459 1688 505 diebus,
1714 459 1754 500 in
1777 460 1841 500 die
1865 465 2013 502 octava
2036 466 2077 502 et
2099 461 2219 512 ultra,

308 527 455 566 facient
493 523 720 565 sacerdotes
753 531 873 572 super
905 518 1032 559 altare
1065 518 1306 559 holocausta
1339 523 1486 561 vestra,
1521 523 1562 558 et
1595 531 1685 571 quae
1716 531 1788 572 pro
1821 531 1920 572 pace
1953 520 2148 561 offerunt:
2182 526 2224 562 et

309 585 494 637 placatus
525 594 589 621 ero
623 580 749 627 vobis,
782 579 838 618 ait
869 577 1070 617 Dominus
1100 577 1223 618 Deus.

861 693 900 732 2.
931 692 996 733 De
1026 692 1149 732 cultu
1179 702 1317 742 novo,
1346 691 1413 742 44,
1432 692 1580 742 1-46,
1605 693 1672 733 24.

138 781 272 830 ¹'}J1¹*·¹s¹³
414 778 477 820 44.
536 780 544 800 ¹
576 776 629 817 Et
660 775 863 815 convertit
891 788 955 815 nie
984 775 1036 815 ad
1066 775 1174 815 viam
1204 779 1333 828 portae
1360 773 1582 815 sanctuarii
1611 774 1832 823 exterioris,
1864 788 1955 829 quae
1981 776 2226 830 respiciebat

206 824 253 839 Μ’
311 838 361 878 ad
390 837 615 877 Orientem:
645 841 683 874 et
712 839 797 873 erat
826 833 974 874 clausa.
1030 835 1045 857 ²
1072 833 1127 874 Et
1154 832 1259 874 dixit
1285 832 1486 873 Dominus
1514 833 1565 874 ad
1592 846 1675 874 me:
1702 833 1829 875 Porta
1855 834 1939 875 haec
1966 834 2104 876 clausa
2129 836 2223 877 erit:

308 910 386 936 non
408 895 621 949 aperietur.
644 898 684 933 et
703 891 764 931 vir
783 905 863 932 non
884 892 1077 932 transibit
1095 905 1166 946 per
1185 905 1293 932 eam:
1315 891 1510 945 quoniam
1528 891 1730 933 Dominus
1748 892 1859 933 Deus
1881 893 2005 934 Israel
2022 893 2225 948 ingressus

307 963 366 995 est
399 967 468 1007 per
497 966 598 996 cam,
631 951 787 1004 eritque
818 950 957 991 clausa
1011 953 1026 975 ³
1056 950 1240 1004 principi.
1272 950 1465 1004 Princeps
1496 950 1580 1004 ipse
1610 951 1769 992 sedebit
1796 951 1838 993 in
1868 965 1926 1001 ea,
1959 957 2007 994 ut
2035 954 2227 995 comedat

307 1027 453 1067 punem
489 1024 622 1051 coram
656 1009 853 1050 Domino:
888 1022 960 1062 per
994 1009 1103 1050 viam
1136 1014 1266 1063 portae
1299 1008 1491 1050 vestibuli
1524 1009 1785 1063 ingredietur,
1821 1016 1862 1051 et
1894 1023 1966 1065 per
1998 1011 2108 1052 viam
2141 1012 2226 1054 eius

308 1071 545 1122 egredietur.

101 1134 293 1181 deins¹¹1j¹¹¹¹r
419 1132 427 1153 ¹
456 1129 510 1169 Et
540 1127 715 1168 adduxit
742 1140 806 1167 me
835 1139 906 1181 per
934 1127 1044 1167 viam
1073 1133 1203 1181 portae
1230 1126 1443 1181 Aquilonis
1473 1127 1513 1167 in
1543 1132 1764 1181 conspectu
1793 1128 1957 1170 domus:
1989 1134 2030 1170 et
2058 1129 2154 1176 vidi,
2186 1134 2229 1172 et

194 1176 237 1195 ψ’
310 1203 398 1229 eet-e
422 1187 608 1240 implevit
629 1185 757 1239 gloria
776 1185 945 1227 Domini
967 1186 1136 1227 domum
1158 1186 1344 1227 Domini:
1368 1191 1410 1227 et
1432 1186 1556 1227 cecidi
1578 1186 1619 1227 in
1641 1187 1787 1228 faciem
1809 1200 1956 1229 meam.
2007 1190 2022 1213 ⁵
2044 1189 2100 1230 Et
2122 1188 2229 1230 dixit

308 1248 359 1288 ad
386 1260 449 1287 me
476 1245 695 1286 Dominus:
725 1244 800 1285 Fili
828 1244 1003 1285 hominis
1030 1258 1135 1298 pone
1164 1258 1231 1286 eor
1259 1250 1389 1294 tuum,
1419 1250 1460 1286 et
1487 1244 1580 1286 vide
1608 1245 1732 1286 oculis
1760 1246 1853 1296 tuis,
1883 1251 1924 1287 et
1952 1247 2117 1288 auribus
2146 1247 2227 1289 tuis

307 1306 401 1347 audi
431 1304 578 1348 omnia,
611 1317 701 1358 quac
729 1316 800 1358 ego
830 1303 975 1357 loquor
1003 1304 1055 1344 ad
1084 1309 1124 1344 te
1153 1304 1202 1345 de
1230 1304 1428 1344 universis
1458 1304 1694 1345 ceremoniis
1723 1305 1869 1346 domus
1897 1305 2077 1355 Domini,
2108 1311 2150 1347 et
2177 1307 2228 1347 de

307 1365 462 1405 cunctis
486 1363 640 1417 legibus
664 1362 767 1404 eius:
793 1367 834 1403 et
857 1375 983 1415 pones
1008 1375 1075 1403 cor
1099 1368 1218 1403 tuum
1241 1362 1282 1403 in
1308 1363 1381 1403 viis
1407 1363 1549 1417 templi
1573 1376 1645 1417 per
1668 1376 1807 1404 omnes
1832 1363 1965 1405 exitus
1990 1364 2225 1406 sanctuarii.

310 1426 324 1447 '³'
344 1424 400 1464 Et
420 1423 526 1463 dices
548 1422 599 1463 ad
620 1427 933 1475 exasperantem
953 1435 1018 1462 me
1039 1421 1208 1463 domum
1231 1422 1373 1463 Israel:
1397 1422 1495 1463 Haec
1516 1421 1616 1463 dicit
1634 1422 1837 1464 Dominus
1857 1423 1988 1464 Deus:
2010 1423 2229 1465 Sufficiant

308 1482 422 1522 vobis
443 1481 579 1521 onmia
597 1480 746 1521 scelera
764 1486 902 1521 vestra
920 1481 1066 1522 domus
1088 1480 1230 1521 Israel:
1280 1482 1294 1504 ⁷
1314 1494 1359 1522 eo
1380 1481 1491 1534 quod
1508 1480 1702 1522 inducitis
1721 1481 1823 1523 filios
1843 1481 1994 1524 alienos
2013 1482 2228 1524 incircum-

308 1542 407 1582 cisos
434 1541 563 1585 corde,
592 1545 632 1580 et
656 1539 957 1580 incircumcisos
984 1552 1115 1587 earne,
1144 1544 1191 1580 ut
1215 1539 1297 1580 sint
1322 1539 1363 1580 in
1389 1539 1622 1581 sanctuario
1647 1553 1750 1590 meo,
1778 1545 1820 1581 et
1843 1540 2033 1594 polluant
2057 1541 2228 1583 domum

309 1613 459 1640 meam:
486 1604 525 1639 et
551 1598 703 1639 offertis
728 1611 854 1652 panes
879 1611 1002 1647 meos,
1031 1598 1206 1652 adipem,
1233 1603 1275 1639 et
1299 1598 1558 1652 sanguinem:
1585 1603 1626 1639 et
1650 1598 1872 1640 dissolvitis
1896 1605 2067 1653 pactum
2091 1613 2229 1641 meum

308 1659 347 1699 in
383 1658 568 1698 omnibus
603 1657 819 1698 sceleribus
854 1657 1011 1698 vestris.
1077 1659 1092 1681 s
1126 1657 1182 1698 Et
1215 1670 1297 1698 non
1331 1657 1524 1698 servastis
1558 1663 1765 1712 praecepta
1797 1659 2020 1699 sanctuarii
2054 1659 2151 1700 mei:
2187 1664 2229 1700 et

310 1717 497 1771 posuistis
520 1716 708 1757 custodes
730 1716 1067 1758 observationum
1088 1729 1273 1757 mearum
1293 1716 1335 1757 in
1356 1716 1590 1758 sanctuario
1611 1730 1701 1758 meo
1724 1717 2039 1772 vobismetipsis.
2093 1719 2108 1742 ⁹
2130 1718 2229 1759 Haec

310 1776 405 1816 dicit
432 1776 628 1816 Dominus
649 1775 780 1817 Deus:
805 1775 947 1816 Omnis
971 1775 1197 1829 alienigena
1218 1775 1523 1816 incircumcisus
1546 1775 1678 1824 corde,
1703 1780 1745 1816 et
1765 1775 2071 1817 incircumcisus
2094 1789 2227 1826 carne,

312 1848 390 1875 non
417 1834 665 1888 ingredietur
689 1834 969 1875 sanctuarium
996 1847 1146 1883 meum,
1175 1833 1305 1875 omnis
1331 1833 1436 1875 filius
1463 1834 1617 1874 alienus
1645 1834 1714 1888 qui
1740 1839 1801 1875 est
1825 1834 1867 1874 in
1892 1835 2026 1876 medio
2054 1834 2230 1876 filiorum

317 1893 445 1934 lsrael.

125 1955 288 2006 0‘7120'1112
417 1955 450 1977 ¹⁰
475 1953 554 1993 Sed
581 1957 623 1993 et
649 1952 816 2001 Levitae,
847 1952 915 2006 qui
942 1951 1059 2005 longe
1086 1957 1339 1993 recesserunt
1367 1965 1390 1992 a
1415 1965 1480 1992 me
1506 1951 1548 1992 in
1575 1964 1706 1993 errore
1734 1952 1909 1993 filiorum
1938 1952 2074 2002 Israel,
2104 1958 2145 1994 et
2171 1966 2230 1994 er-

129 1998 285 2051 „sssslssiss'm
313 2018 504 2052 raverunt
523 2025 545 2051 a
563 2024 626 2051 me
643 2016 738 2065 post
754 2010 864 2052 idola
880 2024 965 2060 sua,
985 2016 1026 2052 et
1042 2016 1316 2064 portaverunt
1332 2010 1596 2064 iniquitatem
1613 2024 1749 2052 suam:
1795 2013 1826 2036 ¹¹
1844 2016 1965 2052 erunt
1980 2011 2022 2052 in
2039 2016 2230 2053 sanctua-

312 2071 366 2111 rio
395 2084 483 2111 meo
512 2070 663 2119 aeditui,
693 2075 735 2111 et
762 2069 954 2111 ianitores
982 2075 1196 2123 portarum
1224 2070 1382 2114 domus,
1413 2075 1454 2110 et
1481 2069 1657 2111 ministri
1685 2070 1849 2111 domus:
1879 2070 1955 2124 ipsi
1983 2071 2231 2112 mactabunt

314 2129 559 2177 holocausta,
580 2134 621 2170 et
639 2129 828 2170 victimas
847 2128 1005 2183 populi:
1026 2134 1067 2170 et
1084 2128 1160 2182 ipsi
1178 2129 1352 2170 stabunt
1369 2128 1409 2169 in
1429 2133 1650 2182 conspectu
1669 2141 1821 2178 eorum,
1842 2134 1890 2170 ut
1907 2129 2142 2171 ministrent
2160 2129 2227 2171 eis

312 2190 341 2212 ¹2
370 2188 446 2228 Pro
478 2202 522 2229 eo
554 2188 664 2241 quod
693 2187 1033 2228 ministraverunt
1062 2187 1137 2228 illis
1167 2187 1208 2228 in
1239 2192 1460 2241 conspectu
1489 2187 1692 2229 idolorum
1722 2201 1901 2237 suorum,
1933 2193 1975 2229 et
2003 2188 2103 2230 facti
2133 2194 2231 2230 sunt

311 2247 448 2287 domui
479 2246 601 2288 Israel
628 2247 669 2287 in
699 2246 990 2288 offendiculum
1018 2246 1268 2300 iniquitatis:
1298 2246 1446 2288 idcirco
1475 2246 1611 2287 levavi
1638 2260 1808 2287 manum
1836 2260 1971 2288 meam
2000 2260 2121 2301 super
2149 2261 2228 2297 eos,

312 2306 367 2345 ait
396 2306 596 2347 Dominus
624 2306 748 2354 Deus,
780 2311 821 2346 et
849 2306 1078 2359 portabunt
1106 2305 1370 2359 iniquitatem
1399 2318 1534 2346 suam:
1593 2307 1625 2330 ¹³
1653 2310 1695 2346 et
1722 2319 1804 2347 non
1834 2305 2232 2360 appropinquabunt

312 2365 363 2404 ad
388 2378 450 2404 nie
475 2370 522 2405 ut
546 2365 772 2406 sacerdotio
798 2365 1025 2418 fungantur
1048 2364 1160 2412 mihi,
1186 2377 1319 2418 neque
1344 2364 1541 2405 accedent
1565 2364 1617 2405 ad
1642 2377 1761 2406 omne
1786 2365 2067 2406 sanctuarium
2092 2378 2231 2406 meum

313 2423 429 2463 iuxta
462 2429 605 2464 sancta
638 2429 893 2465 sanctorum:
929 2424 999 2464 sed
1032 2423 1262 2477 portabunt
1296 2423 1575 2464 confusionem
1610 2436 1739 2473 suam,
1776 2429 1817 2464 et
1850 2423 2001 2464 scelera
2033 2436 2107 2465 sua
2142 2437 2233 2477 quae

313 2483 506 2524 fecerunt.
560 2485 592 2507 ¹⁴
616 2483 672 2523 Et
696 2483 803 2524 dabo
830 2495 896 2523 eos
921 2482 1113 2523 ianitores
1139 2482 1284 2523 domus
1309 2482 1350 2522 in
1376 2482 1486 2523 omni
1511 2482 1735 2523 ministerio
1761 2481 1858 2531 eius,
1885 2487 1927 2523 et
1950 2482 1992 2523 in
2017 2483 2229 2533 universis,

315 2554 403 2592 quae
435 2541 531 2582 fient
560 2541 599 2581 in
630 2555 687 2583 ea.

129 2596 292 2655 sffl‘iffjjj„
421 2602 449 2623 ¹⁵
467 2600 704 2641 Sacerdotes
723 2605 863 2641 autem
880 2605 921 2640 et
937 2600 1093 2641 Levitae
1110 2600 1178 2640 filii
1192 2600 1336 2649 Sadoc,
1354 2600 1422 2653 qui
1440 2600 1725 2641 custodierunt
1741 2600 1990 2641 ceremonias
2007 2600 2230 2641 sanctuarii

131 2667 289 2692 muman<
318 2658 404 2699 mei.
429 2672 519 2698 cum
537 2664 716 2699 errarent
734 2659 802 2699 filii
822 2658 946 2699 Israel
963 2671 987 2699 a
1002 2672 1077 2707 me,
1096 2658 1173 2712 ipsi
1190 2659 1386 2700 accedent
1402 2659 1454 2699 ad
1470 2672 1534 2699 me
1551 2664 1598 2700 ut
1614 2659 1849 2700 ministrent
1864 2659 1982 2699 mihi:
2001 2664 2043 2700 et
2058 2659 2232 2700 stabunt

316 2716 354 2756 in
374 2723 591 2770 conspectu
610 2731 699 2759 meo
719 2723 765 2758 ut
784 2718 959 2758 offerant
977 2717 1076 2758 mihi
1096 2717 1270 2771 adipem,
1291 2722 1333 2758 et
1350 2718 1602 2771 sanguinem,
1624 2718 1683 2759 ait
1699 2717 1902 2759 Dominus
1920 2718 2044 2759 Deus.
2092 2719 2128 2742 1⁶
2147 2717 2231 2771 Ipsi

317 2774 590 2819 ingredientur
614 2776 893 2817 sanctuarium
918 2789 1066 2822 meum,
1094 2782 1135 2817 et
1159 2776 1235 2830 ipsi
1260 2776 1456 2817 accedent
1480 2777 1533 2817 ad
1556 2790 1741 2817 mensam
1765 2789 1899 2817 meam
1924 2782 1972 2817 ut
1995 2776 2232 2817 ministrent

320 2833 424 2873 milii.
446 2840 480 2873 et
504 2835 737 2876 custodiant
756 2835 1003 2876 ceremonias
1022 2848 1143 2875 meas.
1192 2837 1224 2859 ¹⁷
1244 2835 1428 2889 Cumque
1446 2835 1725 2889 ingredientur
1742 2840 1882 2889 portas
1901 2835 1994 2876 atrii
2012 2835 2228 2884 interioris,

320 2892 497 2931 vestibus
535 2892 646 2933 lineis
684 2893 924 2934 induentur:
979 2907 1052 2934 nec
1090 2895 1282 2935 ascendet
1319 2907 1440 2947 super
1477 2907 1543 2935 eos
1583 2894 1809 2948 quidquam
1846 2893 2023 2943 laneum,
2065 2894 2230 2948 quando

321 2949 551 2990 ministrant
573 2951 610 2991 in
633 2953 759 3004 portis
781 2952 873 2993 atrii
895 2952 1095 2993 interioris
1118 2958 1159 2993 et
1178 2952 1433 2994 intrinsecus.
1484 2955 1519 2977 ¹⁸
1540 2953 1666 2994 Vittae
1686 2953 1801 2993 lineae
1822 2958 1942 2993 erunt
1962 2953 2003 2993 in
2026 2952 2231 3006 capitibus

320 3020 469 3049 cortun,
502 3014 539 3049 et
570 3010 774 3051 fetuinalia
804 3011 910 3051 linea
940 3016 1059 3052 erunt
1088 3011 1129 3051 in
1159 3011 1307 3052 lumbis
1338 3025 1490 3061 eorum,
1523 3017 1564 3053 et
1592 3025 1675 3053 non
1706 3011 1970 3065 accingentur
1998 3011 2039 3052 in
2070 3011 2229 3052 sudore.

322 3067 354 3087 ¹⁹
385 3067 564 3117 t'innque
595 3069 849 3116 egredientur
879 3070 1029 3110 atrium
1061 3070 1238 3110 exterius
1269 3071 1321 3110 ad
1351 3070 1562 3124 populum,
1595 3075 1747 3111 exuent
1777 3083 1818 3111 se
1849 3069 2104 3111 vestimentis
2135 3069 2229 3118 suis,

321 3123 359 3162 iu
393 3124 536 3175 quibus·
569 3126 911 3175 niilustraverant,
944 3134 985 3169 et
1015 3134 1212 3182 reponent
1244 3142 1291 3169 ea
1322 3129 1361 3170 in
1391 3129 1683 3183 gazophylacio
1715 3128 1949 3177 sanctuarii,
1981 3134 2024 3170 et
2053 3128 2233 3169 vestient

321 3196 360 3218 ,ψ
396 3182 645 3222 vestimentis
679 3185 781 3225 aliis:
817 3193 855 3226 et
891 3201 969 3227 non
1003 3187 1321 3228 sanctificabunt
1354 3188 1552 3241 populum
1585 3188 1625 3228 in
1658 3188 1841 3228 vestibus
1875 3187 1968 3228 suis.
2030 3188 2066 3211 ²⁰
2098 3186 2233 3240 Caput

322 3248 457 3278 nutem
478 3254 593 3280 suum
613 3255 690 3281 non
710 3245 862 3288 radent,
883 3259 1013 3299 neque
1031 3259 1189 3287 comam
1207 3247 1409 3287 nutrient:
1428 3247 1498 3287 sed
1515 3247 1733 3287 tondentes
1751 3246 1973 3287 attondent
1990 3245 2128 3299 capita
2144 3258 2230 3286 sua.

322 3300 350 3320 '-'¹
392 3298 434 3337 lit
477 3299 611 3338 vinum
651 3314 724 3339 non
763 3302 869 3343 bibet
905 3305 1034 3344 omnis
1068 3305 1253 3345 sacerdos
1289 3306 1452 3358 quando
1487 3305 1737 3359 ingressurus
1771 3311 1832 3346 est
1865 3304 2016 3345 atrium
2048 3304 2230 3345 interius

322 3359 353 3379 “-”-’
381 3357 449 3396 ¹*1⁴2¹
483 3358 658 3400 viduant,
686 3368 719 3398 et
752 3362 1002 3412 repudiatam
1030 3377 1110 3404 non
1136 3363 1335 3416 accipnfnt
1362 3377 1518 3409 uxores,
1545 3364 1616 3405 sed
1639 3363 1813 3417 virgines
1839 3363 1888 3404 de
1912 3362 2063 3403 semine
2088 3363 2233 3404 domus

455 3459 507 3500 ⁴4,
534 3461 576 3492 ,τε
602 3461 669 3493 ιιιΛ-
697 3464 748 3495 21.
780 3465 825 3495 lt.
