2356 3760
132 73 185 111 41,
211 72 330 111 9—42‚
358 72 396 105 11
918 71 1256 107 EeeLESIAsTm]
1949 84 2024 125 659

153 164 378 206 ⁹Filiorum
409 169 670 219 peccatorum
700 163 828 218 periet
858 164 1071 209 hereditas,
1152 172 1192 206 et
1223 180 1314 207 cum
1344 167 1494 209 semine
1524 169 1680 210 illorum
1713 174 1924 216 assiduitas
1955 190 2023 230 op-

393 223 556 277 probrii.

133 284 169 306 ¹⁰
184 283 246 322 De
280 288 395 335 patre
428 282 552 335 impio
588 285 813 334 queruntur
846 280 926 323 filii.
1028 283 1219 335 quoniam
1253 289 1418 337 propter
1452 285 1563 325 illum
1596 292 1691 327 sunt
1723 288 1764 328 in
1798 292 2022 343 opprobrio.

133 342 163 364 11
185 340 255 381 Vae
285 341 400 382 vobis
431 340 506 380 viri
535 338 660 392 impii,
747 339 815 392 qui
846 339 1114 393 dereliquistis
1143 341 1270 394 legem
1300 342 1466 384 Domini
1495 343 1702 386 Altissimi.

133 401 165 423 ¹²
185 399 241 440 Et
268 399 299 440 si
326 399 413 440 nati
439 397 606 445 fueritis
636 397 677 437 in
704 397 988 439 maledictione
1015 400 1252 440 nascemini:
1335 407 1376 441 et
1402 402 1433 441 si
1464 403 1613 443 mortui
1640 404 1806 454 fueritis,
1839 406 1879 446 in
1907 407 2026 447 male-

393 457 569 498 dictione
598 455 674 496 erit
702 469 794 509 pars
825 462 972 497 vestra.

134 519 165 541 13
189 516 366 563 aOmnia.
396 528 485 569 quae
510 515 559 556 de
583 519 692 555 terra
716 520 823 561 sunt,
853 515 894 556 in
921 521 1070 557 terram
1095 522 1401 558 convertentur:
1484 519 1538 559 sic
1563 520 1675 573 impii
1701 535 1724 561 a
1747 522 1961 564 maledicto
1987 523 2027 563 in

393 573 675 627 perditionem.

134 636 164 658 ¹⁴
183 634 337 674 Luctus
367 632 579 674 hominum
609 632 650 672 in
683 645 848 686 corpore
874 632 1065 687 ipsorum.
1150 646 1298 675 nomen
1325 639 1461 675 autem
1491 635 1706 689 impiorum
1735 639 1943 681 delebitur.

134 693 164 715 ¹5
184 691 331 733 Curam
360 692 464 732 habe
493 691 541 731 de
570 691 676 732 bono
706 691 886 732 nomine:
917 692 992 733 hoc
1021 692 1128 733 enim
1155 692 1282 747 magis
1310 694 1566 746 permanebit
1594 695 1679 739 tibi,
1769 710 1890 750 quam
1922 698 2027 739 mille

392 749 572 790 thesauri
602 749 767 802 pretiosi
797 755 838 791 et
866 751 1014 804 magni.

133 810 167 833 ¹⁶
185 809 309 850 Bonae
334 809 429 849 vitae
457 821 649 849 numerus
677 809 850 850 dierum:
934 810 1087 850 bonum
1116 816 1253 852 autem
1283 824 1429 852 nomen
1460 813 1714 864 permanebit
1741 813 1781 854 in
1810 827 1954 855 aevum.

134 915 166 937 ¹⁷
184 912 451 966 Disciplinam
476 913 517 953 in
541 926 641 967 pace
667 920 904 954 conservate
930 913 1009 955 filii.
1093 915 1314 968 bsapientia
1337 915 1443 956 enim
1469 916 1719 962 abscondita,
1751 923 1792 958 et
1818 918 2030 959 thesaurus
2089 926 2189 970 ‹11131115

393 972 559 1017 invisus,
644 985 734 1026 quae
762 972 918 1013 utilitas
947 973 988 1013 in
1017 973 1223 1027 utrisque?
1500 972 1504 975 ’
2067 964 2197 1020 {duffii}

134 1032 167 1055 ¹³
184 1030 324 1072 Melior
351 1036 412 1072 est
438 1031 572 1075 homo.
609 1031 677 1085 qui
705 1032 920 1072 abscondit
946 1032 1165 1073 stultitiam
1193 1046 1319 1080 3119111,
1406 1047 1528 1087 quam
1556 1034 1688 1076 homo.
1721 1035 1788 1088 qui
1817 1036 2030 1077 abscondit
2060 1031 2207 1090 qurffissuss

393 1090 636 1143 sapientiam
666 1104 793 1131 suam.
2169 1086 2174 1093 ’

134 1150 168 1173 19
185 1148 479 1189 Verumtamen
504 1149 742 1190 reveremini
768 1149 809 1190 in
834 1149 906 1196 his,
937 1164 1025 1204 quae
1050 1152 1277 1204 procedunt
1303 1152 1351 1192 de
1378 1164 1443 1192 ore
1469 1164 1570 1192 meo.
1660 1153 1696 1175 ²⁰
1722 1152 1812 1193 Non
1839 1158 1899 1193 est
1924 1153 2029 1193 enim

395 1209 547 1249 bonum
577 1222 738 1249 omnem
768 1209 1037 1250 reverentiam
1067 1210 1298 1250 observare:
1380 1215 1420 1250 et
1446 1222 1527 1250 non
1555 1210 1690 1250 omnia
1717 1211 1902 1252 omnibus
1930 1213 2030 1253 bene

394 1267 556 1320 placent
584 1266 625 1307 in
654 1267 744 1308 fide.

133 1327 163 1349 ²¹
184 1325 422 1366 Erubescite
450 1339 473 1366 a
498 1331 615 1379 patre
643 1331 684 1366 et
711 1339 734 1366 a
760 1332 890 1366 matre
918 1327 966 1367 de
993 1326 1278 1367 fornicatione:
1365 1333 1405 1367 et
1432 1340 1456 1367 a
1482 1327 1720 1380 praesidente
1748 1333 1788 1368 et.
1815 1341 1839 1368 a
1864 1334 2031 1382 potente

393 1385 442 1425 de
471 1384 701 1425 mendacio:

132 1444 164 1467 ²²
185 1456 209 1483 a
227 1443 406 1497 principe
427 1448 467 1483 et
488 1456 512 1483 a
530 1443 660 1483 iudice
681 1443 730 1483 de
751 1442 915 1483 delicto:
991 1456 1015 1483 a
1033 1456 1241 1497 synagoga
1260 1450 1300 1484 et
1319 1443 1435 1497 plebe
1455 1445 1504 1485 de
1523 1444 1757 1498 iniquitate:
1831 1447 1863 1470 ²³
1883 1458 1907 1486 a
1925 1445 2030 1487 socio

393 1506 433 1541 91
463 1501 592 1542 9111190
623 1502 672 1542 (19
701 1501 918 1542 iniustitia:

183 1565 225 1600 et
251 1560 300 1601 de
326 1559 426 1605 loco,
452 1560 492 1601 in
522 1573 600 1613 quo
628 1560 803 1604 habitas,
856 1562 887 1585 ²⁴
915 1561 964 1601 de
991 1561 1112 1606 furto,
1190 1562 1239 1602 de
1262 1561 1434 1602 veritate
1459 1562 1545 1611 Dei,
1570 1568 1611 1603 et
1637 1568 1903 1604 testamento:
1982 1563 2031 1604 de

392 1619 596 1659 discubitu
626 1619 667 1659 in
696 1619 883 1673 panibus.

182 1682 223 1718 et
253 1677 304 1718 ab
336 1678 617 1719 obfuscatione
648 1678 735 1718 dati
765 1684 804 1718 et
837 1678 1010 1732 accepti:
1095 1681 1126 1703 ²5
1157 1692 1181 1719 a
1210 1679 1484 1720 salutantibus
1515 1680 1563 1720 de
1593 1679 1769 1721 silentio:

182 1749 207 1777 a
233 1742 419 1790 respectu
448 1736 624 1777 mulieris
653 1737 895 1778 fornicariae:
978 1743 1019 1778 et
1047 1739 1098 1778 ab
1128 1738 1335 1779 aversione
1364 1738 1502 1779 vultus
1531 1739 1704 1792 cognati.

130 1796 166 1820 ²⁶
184 1796 244 1837 Ne
267 1800 429 1836 avertas
451 1796 596 1836 faciem
621 1809 644 1836 a
665 1796 851 1850 proximo
875 1802 958 1845 1110,
1039 1803 1080 1837 91
1103 1798 1153 1838 ab
1178 1798 1395 1838 auferendo
1419 1802 1577 1851 partem
1600 1802 1641 1838 et
1662 1811 1744 1839 non
1765 1798 2027 1839 restituendo.

129 1856 163 1878 ²⁷
189 1855 266 1895 cNe
284 1855 473 1908 respicias
491 1855 700 1895 mulierem
720 1854 838 1896 alieni
857 1855 943 1903 viri,
1016 1861 1057 1897 et
1076 1869 1124 1896 ne
1142 1856 1329 1896 scruteris
1349 1856 1535 1896 ancillam
1555 1856 1649 1905 eius,
1724 1869 1854 1910 neque
1873 1856 2030 1897 steteris

392 1914 444 1955 ad
471 1913 624 1954 lectum
653 1914 748 1954 eius.

129 1974 165 1997 ²⁸
181 1972 245 2013 Ab
276 1972 414 2013 amicis
444 1973 493 2014 de
523 1972 774 2014 sermonibus
804 1973 1054 2027 improperii:
1138 1979 1179 2014 et
1208 1987 1299 2014 cum
1329 1974 1496 2018 dederis,
1528 1987 1577 2014 ne
1607 1975 1862 2028 improperes,

128 2030 193 2074 42.
249 2034 262 2055 1
302 2032 393 2072 Νο11
433 2031 612 2085 duplices
651 2044 876 2073 sermonem
916 2033 1080 2073 auditus
1187 2033 1235 2073 de
1272 2032 1519 2074 revelatione
1558 2033 1750 2074 sermonis
1789 2032 2029 2078 absconditi,

181 2095 223 2131 et
239 2090 314 2131 eris
332 2103 424 2131 vere
443 2090 526 2131 sine
545 2091 791 2139 confusione,
849 2096 889 2131 et
912 2091 1091 2132 invenies
1108 2091 1283 2145 gratiam
1305 2092 1345 2131 in
1365 2096 1584 2145 conspectu
1603 2091 1784 2132 omnium
1800 2091 2030 2132 hominum:

182 2163 230 2190 ne
260 2162 332 2203 pro
363 2149 424 2190 his
455 2150 643 2191 omnibus
675 2150 946 2195 confundaris.
1035 2155 1096 2191 det
1126 2164 1175 2191 ne
1207 2150 1378 2204 accipias
1409 2163 1622 2203 personam
1653 2156 1700 2191 ut
1730 2150 1951 2204 delinquas.

150 2209 243 2249 ²De
270 2208 355 2262 lege
383 2208 591 2252 Altissimi.
622 2214 663 2249 et
691 2213 952 2253 testamento.
1035 2214 1075 2250 et
1103 2209 1152 2251 de
1179 2209 1325 2250 iudicio
1354 2209 1570 2250 iustificare
1598 2209 1780 2262 impium.

150 2267 232 2309 3de
264 2268 387 2309 verbo
420 2267 619 2309 sociorum
653 2273 693 2308 et
725 2268 942 2313 viatorum,
1029 2273 1070 2309 et
1101 2268 1150 2309 de
1182 2268 1346 2309 datione
1378 2267 1614 2309 hereditatis
1647 2268 1880 2315 amicorum,

150 2328 165 2350 ⁴¹
183 2327 232 2368 de
260 2326 496 2380 aequalitate
526 2332 689 2368 staterae
718 2332 759 2368 et
786 2327 1026 2381 ponderum,
1103 2328 1152 2368 de
1182 2326 1447 2381 acquisitione
1476 2326 1698 2367 multorum
1726 2331 1767 2367 et
1795 2339 2028 2379 paucorum,

151 2386 232 2426 ⁵de
266 2386 524 2439 corruptione
556 2386 785 2440 emptioniS,
821 2392 862 2427 et
894 2386 1206 2440 negotiatorum,
1286 2391 1327 2427 et
1359 2386 1408 2427 de
1440 2385 1571 2426 multa
1602 2384 1813 2438 disciplina
1844 2384 2028 2433 filiorum,

393 2450 433 2485 et
462 2457 577 2486 servo
607 2445 780 2499 pessimo
810 2445 917 2487 latus
947 2445 1199 2500 sanguinare.

151 2504 167 2528 ⁸
183 2504 312 2557 Super
334 2503 544 2544 mulierem
568 2517 745 2558 nequam
770 2505 923 2546 bonum
945 2510 1006 2545 est
1029 2505 1200 2559 signum.
1278 2506 1291 2528 ⁷
1313 2504 1393 2545 Ubi
1416 2516 1561 2544 manus
1584 2502 1724 2544 multae
1747 2508 1854 2551 311111,
1877 2502 2029 2551 91911(19,

183 2567 226 2604 91
251 2562 539 2617 quodcumque
566 2564 714 2611 trades,
738 2576 919 2610 numera,
946 2569 987 2605 et
1015 2564 1218 2618 appende:
1297 2564 1441 2604 datum
1471 2575 1577 2608 vero,
1603 2567 1643 2602 91
1672 2566 1884 2615 acceptum
1914 2574 2031 2602 omne

392 2621 584 2663 describe.

151 2681 245 2721 ⁸De
274 2680 488 2734 disciplina
525 2681 720 2722 insensati
758 2686 800 2723 et
835 2681 951 2726 fatui.
1036 2687 1078 2723 et
1107 2682 1156 2723 de
1183 2681 1417 2725 senioribus,
1461 2680 1529 2733 qui
1557 2679 1789 2720 iudicantur
1817 2679 1868 2719 ab
1898 2677 2029 2719 adole-

392 2740 617 2781 scentibus:

183 2804 225 2839 et
253 2798 328 2839 eris
358 2799 541 2840 eruditus
570 2799 612 2840 in
642 2799 842 2849 omnibus,
927 2805 969 2841 et
998 2799 1217 2853 probabilis
1247 2799 1287 2840 in
1318 2802 1535 2851 conspectu
1566 2796 1747 2838 omnium
1777 2795 1976 2837 vivorum.

150 2902 286 2944 ⁹Filia
313 2903 441 2957 patris
471 2905 713 2946 abscondita
742 2909 803 2946 est
832 2904 979 2958 vigilia.
1064 2909 1105 2944 et
1133 2903 1346 2945 solicitudo
1377 2903 1459 2943 eius
1490 2902 1622 2941 aufert
1650 2913 1850 2949 somnum,
2039 2900 2225 2961 custggssnda

182 2975 232 3003 ne
261 2962 366 3003 forte
395 2962 436 3003 in
466 2962 739 3005 adolescentia
762 2976 836 3004 sua
857 2963 1000 3004 adulta
1021 2962 1233 3006 efficiatur,
1310 2967 1350 3002 et
1372 2974 1463 3002 cum
1487 2960 1572 3000 viro
1596 2963 1849 3000 commorata
1870 2958 2027 3000 odibilis
2106 2972 2158 3001 est,

392 3021 483 3062 fiat:

131 3081 166 3104 ¹⁰
183 3080 400 3134 nequando
424 3080 633 3134 polluatur
655 3081 697 3122 in
721 3081 956 3135 virginitate
981 3094 1065 3127 sua,
1149 3085 1190 3121 et
1213 3081 1254 3121 in
1278 3078 1456 3133 paternis
1481 3077 1561 3118 suis
1585 3076 1756 3130 gravida
1778 3075 2028 3117 inveniatur:

182 3152 232 3179 ne
259 3139 365 3180 forte
395 3152 487 3180 cum
515 3140 602 3181 viro
632 3145 886 3182 commorata
913 3139 1247 3193 transgrediatur,
1331 3142 1403 3178 aut
1431 3140 1537 3177 certe
1566 3134 1709 3176 sterilis
1739 3134 1949 3176 efficiatur.

131 3199 161 3221 11
182 3198 311 3251 Super
328 3198 452 3238 filiam
468 3197 719 3240 luxuriosam
737 3198 933 3240 confirma
950 3198 1196 3240 custodiam:
1263 3210 1312 3237 ne
1330 3195 1493 3250 quando
1511 3194 1636 3235 faciat
1653 3198 1692 3234 te
1709 3193 1750 3234 in
1768 3193 2029 3247 opprobrium

391 3270 527 3298 venire
556 3271 739 3306 11111111913,

262 3366 315 3408 41,
336 3367 378 3400 13
396 3367 485 3412 aSup
505 3367 558 3408 40,
580 3369 631 3402 11.
654 3388 696 3392 —
716 3368 758 3401 17
776 3367 866 3411 bSup
892 3367 944 3406 20,
970 3367 1021 3401 32.
1050 3387 1090 3390 —
1115 3367 1157 3400 27
1178 3366 1246 3399 th
1269 3365 1300 3405 5,
1326 3364 1376 3398 28.
1404 3385 1445 3388 —
1469 3363 1523 3405 42,
1549 3365 1566 3397 1
1583 3363 1654 3396 dLv
1680 3362 1732 3401 19,
1758 3362 1814 3400 153
1841 3361 1890 3393 Dt
1914 3362 1942 3398 1,
1969 3359 2024 3397 17;

130 3413 183 3454 16,
208 3414 265 3454 19;
292 3414 336 3446 Ρ1
360 3414 413 3454 24,
438 3415 495 3455 23;
524 3415 581 3448 Ι99
606 3415 636 3454 2,
663 3415 691 3448 1.

1745 3465 1819 3505 42*
