2356 3760
248 199 324 240 882
961 187 1157 230 PROPHE
1169 196 1246 229 TrA
1272 195 1446 229 NAHUM
1947 198 1978 237 2,
2003 196 2100 237 8—3,
2127 199 2168 231 15

265 293 278 313 ³
299 291 355 332 Et-
386 290 534 332 Ninive
565 290 681 345 quasi
711 290 865 344 piscina
895 302 1096 343 aquarum
1127 301 1244 343 aquae
1273 289 1376 329 eius:

300 349 376 403 ipsi
405 363 501 391 vero
530 349 742 403 fugerunt:
827 354 946 392 state,
979 353 1099 391 state.
1132 353 1172 388 et
1202 360 1284 389 non
1313 354 1375 389 est
1405 347 1474 401 qui
1504 352 1747 388 revertatur.

39 451 236 483 ⁶⁹¹³⁰P¹¹¹⁸‘³⁰·
267 456 282 478 ⁹
301 454 478 508 Diripite
508 461 736 507 argentum,
821 451 984 504 diripite
1015 464 1178 492 aurum:

300 519 342 554 et
370 526 452 554 non
483 520 542 554 est
573 512 662 552 finis
692 510 932 551 divitiarum
1015 523 1065 550 ex
1095 511 1284 552 omnibus
1314 511 1422 552 vasis
1452 509 1800 552 desiderabilibus.

248 574 283 596 ¹⁰
300 572 513 625 Dissipata
529 576 600 613 est,
620 576 659 610 et
678 569 812 616 scissa,
832 575 872 610 et
889 568 1130 610 dilacerata:
1202 575 1243 611 et
1259 583 1328 611 cor
1343 569 1568 617 tabescens,
1588 576 1627 610 et
1645 568 1858 610 dissolutio
1874 569 2166 623 geniculorum.

301 638 341 672 et
374 630 547 671 defectio
581 628 621 668 in
655 627 811 668 cunctis
845 627 1026 668 renibus:
1113 633 1155 669 et
1185 627 1308 669 facies
1342 628 1525 669 omnium
1557 641 1697 669 eorum
1730 628 1834 669 sicut
1867 628 2033 682 nigredo
2067 628 2166 670 ollae.

248 692 278 714 ¹¹
301 689 380 730 Ubi
412 695 470 728 est
502 686 784 727 habitaculum
815 686 991 729 leonum.
1077 692 1117 728 et
1147 700 1300 741 pascua
1329 686 1559 728 catulorum
1588 686 1765 730 leonum.

300 748 352 788 ad
383 759 506 800 quarn
537 746 612 786 ivit
642 745 703 786 leo
733 750 779 786 ut
810 745 1089 799 ingrederetur
1117 745 1224 792 illuc,
1295 745 1454 786 catulus
1469 744 1607 794 leonis,
1624 752 1665 786 et
1679 758 1761 786 non
1777 752 1837 786 est
1854 746 1923 799 qui
1937 746 2168 787 exterreat?

249 808 279 831 ¹²
301 806 381 846 Leo
410 805 517 858 cepit
545 804 795 845 sufficienter
822 803 967 844 catulis
995 804 1088 847 suis,
1171 810 1212 844 et
1239 804 1403 845 necavit
1430 803 1565 844 leaenis
1593 804 1692 844 suis:

300 871 339 905 et
370 864 558 918 implevit
587 863 725 917 praeda
754 862 967 917 speluncas
997 875 1102 905 suas,
1188 867 1229 903 et
1259 862 1390 903 cubile
1419 875 1539 903 suum
1568 862 1724 915 rapina.

247 925 279 949 ¹³
299 922 404 964 Ecce
435 936 506 977 ego
538 923 591 964 ad
620 928 672 965 te.
757 922 856 963 dicit
885 922 1088 962 Dominus
1119 921 1385 965 exercituum.

300 987 342 1023 et
374 982 619 1023 succendam
654 994 782 1035 usque
815 981 867 1021 ad
900 980 1060 1021 fumum
1096 980 1314 1034 quadrigas
1348 986 1452 1022 tuas.
1542 986 1583 1021 et.
1614 979 1822 1022 leunculos
1856 986 1949 1022 tuos
1984 981 2170 1022 comedet

510 1040 688 1094 gladius:

302 1105 342 1141 et
367 1099 650 1140 exterminabo
676 1098 725 1139 de
751 1105 859 1139 terra
884 1098 1064 1151 praedam
1091 1104 1219 1141 tuam.
1300 1103 1341 1139 et
1365 1111 1446 1139 non
1473 1098 1663 1139 audietur
1688 1097 1797 1139 ultra
1821 1111 1902 1139 vox
1927 1097 2170 1139 nunciorum

513 1163 691 1199 tuorum.

644 1263 682 1302 3.
713 1261 868 1302 Ninive
898 1260 1109 1302 adultera
1139 1271 1230 1302 non
1261 1261 1538 1312 servabitur,
1568 1261 1608 1312 3,
1627 1260 1774 1302 1-19.

88 1341 205 1369 [ΤΟΡΜ
252 1340 288 1384 3.
345 1343 358 1365 ¹
389 1340 459 1381 Vae
503 1339 667 1380 acivitas
707 1338 965 1392 sanguinum,
1061 1338 1250 1379 universa
1288 1337 1491 1379 mendacii
1529 1337 1819 1378 dilaceratione
1858 1337 1996 1390 plena:
2089 1350 2171 1378 non

61 1380 229 1436 322¹¹1¹1iiiit¹ssss
514 1398 675 1444 recedet
705 1410 729 1437 a
758 1403 798 1438 te
828 1397 983 1451 rapina.

267 1462 281 1484 2
304 1459 393 1500 Vox
423 1457 582 1511 flagelli.
615 1462 655 1497 et
686 1469 767 1497 vox
797 1456 975 1510 impetus
1006 1463 1118 1505 rotae,
1203 1462 1244 1497 et
1273 1456 1367 1510 equi
1396 1455 1620 1504 frementis,
1653 1460 1694 1496 et
1725 1455 1932 1509 quadrigae
1960 1454 2169 1496 ferventis

303 1523 344 1559 et
373 1517 522 1571 equitis
553 1515 828 1557 ascendentis:
913 1517 928 1540 ³
959 1520 998 1556 et
1029 1515 1219 1556 micantis
1248 1515 1385 1569 gladii,
1419 1520 1459 1556 et
1488 1514 1735 1569 fulgurantis
1765 1514 1907 1559 hastae.

303 1583 343 1618 et
363 1575 640 1617 multitudinis
661 1574 898 1623 interfectae,
921 1580 961 1615 et
980 1574 1115 1627 gravis
1134 1574 1279 1615 ruinae:
1353 1587 1427 1615 nec
1447 1580 1508 1615 est
1528 1573 1618 1614 finis
1638 1573 1898 1621 cadaverum,
1921 1580 1961 1614 et
1981 1578 2172 1614 corruent

513 1634 552 1675 in
585 1633 820 1686 corporibus
851 1633 943 1674 suis.

267 1697 282 1720 ⁴
301 1694 476 1748 Propter
497 1692 806 1734 multitudinem
829 1691 1148 1732 fornicationum
1172 1691 1393 1732 meretricis
1469 1691 1670 1744 speciosae.
1695 1696 1735 1731 et
1756 1696 1895 1745 gratae,
1920 1696 1960 1731 et
1982 1690 2171 1732 habentis

514 1751 724 1794 maleficia.

304 1824 394 1866 quae
428 1811 615 1852 vendidit
650 1816 791 1864 gentes
827 1809 867 1850 in
902 1809 1243 1850 fornicationibus
1279 1809 1372 1852 suis.
1463 1815 1504 1850 et
1538 1808 1714 1850 familias
1750 1808 1791 1849 in
1825 1807 2034 1849 maleficiis
2069 1807 2170 1849 suis:

268 1874 282 1896 5
303 1872 408 1912 Ecce
438 1884 510 1924 ego
541 1870 593 1911 ad
622 1876 674 1918 te,
760 1868 859 1910 dicit
889 1868 1090 1910 Dominus
1121 1869 1388 1912 exercituum.

304 1939 343 1972 et
378 1929 587 1971 brevelabo
617 1928 811 1982 pudenda
841 1933 913 1968 tua
942 1927 983 1968 in
1013 1928 1115 1968 facie
1146 1933 1230 1976 tua,

303 1997 343 2030 et
374 1989 590 2030 ostendam
620 1987 821 2028 Gentibus
851 1987 1085 2028 nuditatem
1114 1992 1244 2035 tuam,
1329 1992 1369 2027 et
1399 1986 1530 2040 regnis
1560 1985 1826 2039 ignominiam
1857 1990 1985 2026 tuam.

267 2050 283 2073 ⁶
303 2048 358 2089 Et
384 2048 594 2102 proiiciam
620 2059 741 2100 super
766 2053 806 2086 te
832 2046 1172 2089 abominationes.
1253 2052 1294 2086 et
1320 2044 1576 2087 contumeliis
1602 2050 1642 2086 te
1669 2044 1859 2092 afficiam,
1887 2050 1927 2085 et
1952 2057 2105 2097 ponam
2131 2048 2172 2085 te

513 2107 552 2147 in
584 2105 830 2159 exemplum.

268 2168 282 2191 ⁷
303 2166 358 2207 Et
389 2166 482 2207 erit:
515 2165 657 2207 omnis.
691 2164 759 2218 qui
789 2164 938 2205 viderit
968 2169 1021 2213 te,
1106 2163 1256 2205 resiliet
1285 2177 1309 2204 a
1338 2169 1390 2209 te,
1423 2170 1463 2204 et
1493 2163 1619 2204 dicet:

303 2225 479 2266 Vastata
509 2230 570 2265 est
600 2223 766 2264 Ninive:

304 2285 393 2338 quis
423 2283 700 2325 commovebit
730 2295 851 2335 super
880 2290 919 2322 te
949 2281 1099 2334 caput?
1184 2282 1290 2323 unde
1321 2294 1500 2335 quaeram
1531 2280 1828 2322 consolatorem
1858 2279 1959 2321 tibi?

60 2389 233 2449 “gsfaltjjuff
270 2391 285 2413 ⁸³
307 2388 518 2442 Numquid
548 2388 689 2428 melior
719 2400 758 2427 es
789 2386 1037 2427 Alexandria
1066 2385 1324 2439 populorum.

70 2460 111 2483 >³0
135 2444 226 2485 Ai‘non
307 2461 396 2502 quae
425 2447 589 2488 habitat
618 2446 657 2487 in
689 2445 950 2486 fluminibus?
1035 2458 1152 2499 aquae
1181 2445 1221 2485 in
1252 2445 1422 2486 circuitu
1454 2445 1555 2486 eius:

304 2507 416 2548 cuius
447 2506 613 2547 divitiae.
646 2518 774 2546 mare:
860 2517 977 2558 aquae
1007 2505 1111 2545 muri
1141 2504 1237 2545 eius.

269 2568 282 2590 9
305 2565 514 2618 *Ethiopia
548 2565 749 2606 fortitudo
784 2564 879 2607 eius.
916 2569 956 2604 et
990 2563 1206 2617 AEg‘yptus,
1242 2568 1282 2604 et
1315 2576 1397 2604 non
1432 2568 1493 2604 est
1526 2562 1635 2603 finis:
1722 2561 1913 2615 Aphrica.
1950 2565 1990 2602 et
2023 2560 2172 2615 Libyes

514 2624 679 2664 fuerunt
710 2624 750 2663 in
782 2622 932 2664 auxilio
963 2628 1047 2663 tuo.

251 2686 286 2708 ¹0
303 2684 381 2725 Sed
409 2689 449 2724 et
476 2683 564 2736 ipsa
590 2682 630 2723 in
660 2682 1062 2735 transmigrationem
1090 2681 1215 2722 ducta
1243 2686 1303 2722 est
1329 2681 1371 2721 in
1399 2681 1706 2734 captivitatem:
1788 2679 1949 2733 parvuli
1976 2679 2060 2720 eius
2087 2678 2172 2719 elisi

513 2749 609 2782 sunt
640 2742 680 2782 in
711 2741 845 2794 capite
875 2740 1058 2782 omnium
1089 2740 1261 2784 viarum.

304 2807 343 2842 et
371 2814 491 2855 super
511 2800 693 2853 >inclytos
721 2800 805 2841 eius
832 2799 1030 2840 miserunt
1058 2805 1222 2842 sortem.
1304 2805 1345 2840 et
1372 2812 1512 2840 omnes
1540 2798 1761 2852 optimates
1789 2797 1872 2838 eius
1900 2796 2050 2838 confixi
2075 2802 2172 2837 sunt

515 2860 555 2900 in
585 2859 862 2913 compedibus.

256 2920 283 2942 ¹¹
307 2918 360 2958 Et
390 2925 434 2959 tu
464 2932 555 2972 ergo
584 2918 859 2960 inebriaberis.
891 2923 932 2959 et
960 2918 1034 2958 eris
1064 2918 1274 2971 despecta:
1357 2923 1398 2958 et
1426 2923 1473 2958 tu
1503 2929 1655 2970 quaeres
1685 2915 1883 2956 auxilium
1912 2914 1964 2955 ab
1992 2913 2169 2955 inimico.

92 3022 211 3081 ¹2¹¹·in'ssjss·
260 3024 289 3046 ¹2
310 3022 459 3064 Omnes
482 3023 728 3064 munitiones
751 3030 833 3063 tuae
853 3022 957 3063 sicut
980 3021 1077 3062 ficus
1100 3035 1192 3062 cum
1213 3021 1360 3075 grossis
1381 3021 1481 3062 suis:
1557 3021 1590 3062 si
1611 3032 1816 3062 concussae
1835 3018 2000 3067 fuerint,
2024 3019 2172 3060 cadent

97 3093 197 3121 ιψτῑι-ῑτ
520 3082 560 3122 in
591 3094 632 3123 os
664 3081 926 3123 comedentis.

259 3142 287 3163 ¹³
313 3139 412 3179 Ecce
438 3140 608 3192 populus
635 3147 729 3180 tuus
754 3140 939 3181 mulieres
964 3139 1005 3180 in
1030 3139 1162 3180 medio
1188 3139 1266 3180 tui:
1346 3139 1517 3180 inimicis
1542 3138 1623 3179 tuis
1647 3136 1914 3191 adapertione
1937 3136 2173 3190 pandentur

521 3206 647 3250 portae
678 3206 793 3240 terrae
824 3207 916 3247 tute,
1000 3197 1215 3239 devorabit
1245 3198 1346 3252 ignis
1377 3204 1513 3239 vectes
1542 3203 1647 3239 tuos.

260 3258 289 3280 ¹⁴
311 3256 471 3309 Aquam
503 3265 669 3309 propter
699 3257 950 3299 obsidionem
979 3257 1097 3298 hauri
1126 3256 1212 3306 tibi,
1297 3262 1440 3297 extrue
1468 3256 1716 3297 munitiones
1746 3260 1857 3296 tuas:

310 3314 417 3355 intra
450 3315 488 3355 in
522 3315 666 3356 lutum.
703 3322 741 3355 et
775 3316 896 3360 calca.
983 3315 1173 3370 subigens
1206 3321 1298 3356 tene
1331 3315 1512 3357 laterem.

257 3375 288 3398 ¹5
312 3373 371 3413 Ibi
403 3374 587 3414 comedet
619 3380 658 3413 te
688 3374 807 3422 ignis:
892 3374 1040 3428 peribis
1069 3374 1216 3428 gladio.
1302 3374 1518 3416 devorabit
1549 3380 1588 3415 te
1619 3378 1665 3414 ut
1695 3371 1891 3414 bruchus:

310 3445 551 3486 congregare
583 3438 626 3472 ut
659 3431 852 3473 bruchus:
938 3433 1209 3487 multiplicare
1239 3438 1285 3474 ut
1314 3433 1484 3474 locusta.

391 3509 429 3575 3?
448 3536 464 3568 1
487 3510 554 3568 ‹zi-:z
574 3536 626 3574 24,
648 3535 682 3574 93
706 3535 784 3568 Hah
804 3538 835 3575 2,
859 3538 908 3570 1-2.
939 3558 975 3560 ⁷-
1001 3538 1020 3571 5
1043 3538 1096 3571 brs
1120 3539 1172 3571 47.
1196 3538 1226 3571 3.
