2356 3760
113 187 144 228 2,
168 187 265 227 8—4,
290 187 331 220 13
497 188 720 223 EPISTOLA
745 188 888 222 BEATI
914 188 1052 222 PAULI
1077 188 1140 222 AD
1167 188 1449 224 TIMOTHEUM
1477 190 1623 224 PRIMA
1897 192 1998 233 1155

110 279 266 334 positus
298 293 387 321 sum
418 293 491 334 ego
521 280 773 334 praedicator,
807 285 848 321 et
878 280 1098 334 Apostolus
1130 281 1363 332 (veritatem
1395 282 1496 332 dico,
1530 295 1611 324 non
1643 284 1833 338 mentior)
1864 286 2008 326 doctor

111 337 305 379 Gentium
335 339 376 379 in
406 338 496 388 fide,
528 344 569 380 et
599 338 782 380 veritate.

217 398 233 421 s
251 396 353 439 Volo
371 410 464 451 ergo
483 396 590 438 viros
610 410 722 438 orare
740 396 781 436 in
802 396 910 437 omni
928 397 1027 446 loco,
1048 397 1231 439 levantes
1250 412 1371 452 puras
1389 412 1535 441 manus
1554 399 1638 441 sine
1656 400 1726 450 ira,
1748 406 1789 442 et
1807 401 2005 455 discepta-
2021 403 2188 463 guffigrssbffi

111 454 232 496 tione.
294 457 309 479 ⁹
344 454 555 497 aSimiliter
584 460 625 496 et
654 453 839 496 mulieres
869 454 910 495 in
940 456 1083 497 habitu
1117 462 1272 506 ornato,
1306 471 1398 499 curn
1428 458 1682 509 verecundia,
1716 464 1757 500 et
1786 460 2005 501 sobrietate
2177 457 2198 463 ”

112 519 302 555 ornantes
326 527 378 564 se,
404 518 445 555 et
468 526 549 555 non
572 513 612 554 in
637 512 755 554 tortis
779 512 967 563 crinibus,
993 520 1066 555 aut
1089 528 1198 565 auro,
1225 521 1298 557 aut
1320 516 1561 570 margaritis,
1587 516 1651 558 vel
1675 522 1786 559 veste
1810 518 2004 571 pretiosa:

112 574 148 597 ¹⁰
172 573 242 613 sed
269 573 378 625 quod
404 572 521 613 decet
545 571 741 620 mulieres,
770 571 1057 625 promittentes
1082 573 1278 626 pietatem
1304 587 1376 627 per
1401 588 1523 628 opera
1549 576 1667 617 bona.

214 632 244 655 ¹¹
272 630 416 671 Mulier
440 630 481 670 in
508 629 666 671 silentio
694 630 824 671 discat
850 644 942 671 cum
970 631 1080 672 omni
1107 631 1367 674 subiectione.
1423 635 1454 658 ¹2
1485 634 1658 675 bDocere
1684 639 1822 676 autem
1849 634 2005 675 mulieri
2026 674 2035 697 t
2079 645 2142 689 ’Ψ

110 701 191 730 non
209 689 416 742 permitto,
437 701 566 742 neque
585 687 785 730 dominari
803 688 844 729 in
864 689 1014 730 virum:
1034 690 1105 730 sed
1123 703 1207 731 esse
1225 690 1265 730 in
1285 690 1455 733 silentio.
1503 694 1535 717 ¹3
1561 693 1708 733 cAdam
1727 692 1834 733 enim
1852 693 2005 746 primus
2023 680 2124 747 <1223er
2146 680 2197 747 3ξῖ

109 747 309 788 formatus
333 752 411 788 est:
437 746 581 788 deinde
606 746 734 788 Heva.
788 749 820 772 ¹4
845 752 907 788 det
929 747 1062 789 Adam
1086 761 1168 790 non
1192 754 1254 789 est
1277 750 1485 791 seductus:
1510 750 1654 792 mulier
1676 756 1814 793 autem
1838 752 2006 793 seducta
2039 744 2180 803 dffgssffif¹

109 804 149 845 in
164 805 497 859 praevaricatione
510 804 600 846 fuit.
645 807 675 830 ¹⁵
689 805 926 847 Salvabitur
939 811 1077 848 autem
1092 820 1163 860 per
1176 806 1350 848 filiorum
1363 808 1678 861 generationem,
1695 809 1727 850 si
1740 809 2007 863 permanserit

108 863 148 904 in
178 864 269 914 fide,
301 869 343 906 et
371 862 597 913 dilectione,
630 868 671 905 et
700 864 1021 907 sanctificatione
1051 879 1144 907 cuin
1173 865 1406 908 sobrietate.

626 968 665 1007 2.
694 967 759 1007 De
788 967 1008 1008 ministris
1039 969 1258 1019 ecclesiae,
1287 970 1326 1018 3,
1345 970 1490 1010 1-013.

212 1037 249 1081 3.
304 1040 318 1062 1
346 1036 495 1077 Fidelis
527 1050 675 1079 sermo:
709 1037 751 1079 Si
784 1037 873 1091 quis
906 1038 1186 1092 episcopatum
1219 1039 1434 1089 desiderat,
1470 1041 1622 1082 bonum
1656 1054 1756 1105 opus
1789 1041 2003 1083 desiderat.
2047 1043 2175 1068 ‘'mute-³

107 1100 121 1121 ²
160 1097 350 1151 eOportet
380 1109 474 1150 ergo
504 1095 738 1150 episcopum
768 1096 1156 1151 irreprehensibilem
1189 1111 1284 1147 esse,
1319 1098 1436 1140 unius
1468 1099 1604 1140 uxoris
1636 1113 1779 1149 virum,
1813 1099 2004 1149 sobrium,
2024 1084 2197 1143 „iffi-{3354}

107 1156 362 1210 prudentem,
400 1159 602 1204 ornatum,
639 1155 845 1208 pudicum,
881 1156 1137 1209 hospitalem,
1174 1157 1394 1207 doctorem,
1457 1159 1472 1182 ³
1506 1171 1588 1199 non
1623 1157 1889 1208 vinolentum,
1926 1171 2007 1199 non

107 1227 393 1268 percussorem,
419 1214 488 1254 sed
511 1214 761 1255 modestum:
786 1227 867 1255 non
890 1214 1124 1268 litigiosum,
1149 1228 1231 1257 non
1255 1215 1460 1269 cupidum,
1486 1217 1554 1257 sed
1604 1218 1619 1240 4
1642 1230 1723 1257 suae
1746 1216 1884 1258 domui
1908 1217 2008 1258 bene

106 1272 388 1326 praepositum:
413 1271 516 1313 filios
539 1272 758 1314 habentem
783 1273 968 1314 subditos
991 1287 1083 1314 cum
1108 1273 1216 1315 omni
1240 1274 1442 1315 castitate.
1494 1277 1508 1298 5
1531 1274 1572 1316 Si
1596 1275 1684 1328 quis
1708 1280 1846 1316 autem
1869 1275 2009 1316 domui

106 1344 188 1372 suae
206 1344 374 1384 praeesse
391 1331 531 1379 nescit,
553 1332 758 1384 quomodo
776 1331 966 1372 Ecclesiae
983 1331 1059 1373 Dei
1077 1331 1329 1386 diligentiam
1348 1332 1540 1373 habebit?
1590 1335 1605 1357 θ
1623 1333 1715 1374 Non
1733 1334 2007 1387 neophytum:

106 1403 155 1430 ne
186 1389 227 1430 in
258 1389 490 1442 superbiam
521 1389 663 1434 elatus.
696 1389 737 1430 in
768 1389 962 1431 iudicium
993 1390 1148 1431 incidat
1178 1390 1341 1432 diaboli.
1405 1393 1418 1414 ⁷
1450 1391 1624 1444 Oportet
1655 1396 1792 1432 autem
1823 1392 1937 1433 illum
1968 1397 2010 1432 et

107 1447 387 1489 testimonium
415 1448 563 1489 habere
592 1449 744 1489 bonum
772 1449 823 1490 ab
851 1448 909 1497 iis,
941 1448 1010 1501 qui
1037 1448 1133 1490 foris
1161 1454 1268 1497 sunt,
1299 1454 1345 1490 ut
1372 1463 1453 1491 non
1481 1449 1521 1490 in
1551 1450 1812 1503 opprobrium
1840 1450 2005 1499 incidat,

107 1512 147 1547 et
174 1505 215 1547 in
244 1506 436 1559 laqueum
465 1505 628 1548 diaboli.

213 1567 228 1589 ⁸
248 1564 450 1606 Diaconos
473 1563 656 1605 similiter
676 1563 856 1617 pudicos.
880 1577 962 1606 non
986 1564 1193 1618 bilingues,
1218 1579 1298 1607 non
1320 1565 1451 1607 multo
1474 1566 1569 1608 vino
1590 1566 1761 1611 deditos,
1784 1580 1866 1608 non
1890 1564 2209 1624 turpedgfflffitoffl’ffi

105 1623 262 1665 lucrum
283 1628 504 1665 sectantes:
556 1624 571 1646 ⁹
591 1623 789 1664 habentes
809 1623 1050 1676 mysterium
1071 1623 1164 1664 fidei
1185 1624 1225 1664 in
1247 1624 1495 1666 conscientia
1513 1637 1627 1678 pura.
1678 1627 1713 1650 ¹⁰
1732 1625 1788 1666 Et
1807 1625 1848 1666 hi
1869 1631 2006 1667 autem

105 1683 330 1735 probentur
348 1681 543 1734 primum:
565 1686 606 1722 et
625 1681 680 1722 sic
700 1681 943 1731 ministrent,
965 1682 1121 1723 nullum
1142 1682 1292 1723 crimen
1312 1683 1521 1724 habentes.
1570 1686 1599 1707 ¹¹
1620 1683 1805 1724 Mulieres
1825 1683 2008 1725 similiter

105 1740 284 1794 pudicas,
309 1753 392 1781 non
414 1740 687 1789 detrahentes,
713 1740 878 1790 sobrias,
904 1740 1039 1782 fideles
1062 1741 1102 1781 in
1127 1741 1325 1783 omnibus.
1378 1744 1409 1766 ¹2
1431 1741 1603 1783 Diaconi
1627 1741 1708 1784 sint
1730 1742 1847 1784 unius
1872 1742 2007 1784 uxoris

106 1799 198 1839 viri:
223 1799 291 1852 qui
312 1798 402 1840 filiis
424 1798 504 1840 suis
527 1799 627 1839 bene
649 1798 827 1852 praesint,
851 1805 892 1840 et
913 1799 993 1841 suis
1015 1799 1214 1841 domibus.
1266 1802 1298 1825 ¹3
1319 1800 1396 1849 Qui
1418 1800 1524 1841 enim
1548 1801 1648 1841 bene
1669 1800 2004 1851 ministraverint,

104 1857 275 1911 gradum
297 1857 451 1899 bonum
472 1856 548 1898 sibi
570 1857 792 1911 acquirent,
817 1864 858 1899 et
878 1858 1051 1899 multam
1075 1858 1263 1900 fiduciam
1286 1858 1326 1899 in
1348 1859 1438 1907 fide,
1464 1872 1553 1913 quae
1574 1864 1635 1900 est
1655 1859 1695 1900 in
1718 1859 1877 1901 Christo
1900 1860 2002 1902 Iesu.

330 1973 431 2025 III.
470 1974 553 2024 De
591 1974 1033 2025 conversatione
1074 1974 1376 2031 Timothei,
1415 1974 1463 2037 3,
1490 1975 1677 2038 14-6‚
1704 1976 1781 2026 19.

566 2064 605 2105 1.
635 2063 868 2115 Praecepta
896 2064 952 2104 de
982 2064 1225 2115 haereticis,
1253 2065 1293 2116 3,
1312 2065 1458 2115 14—-4‚
1478 2065 1543 2105 16.

208 2136 240 2158 ¹4
258 2133 355 2175 Haec
376 2132 451 2174 tibi
470 2133 612 2183 scribo,
635 2148 800 2187 sperans
820 2148 883 2175 me
901 2136 953 2176 ad
971 2141 1011 2176 te
1032 2135 1167 2176 venire
1187 2135 1279 2177 cito.
1326 2138 1355 2160 ¹5
1377 2136 1408 2177 si
1428 2142 1565 2177 autem
1587 2137 1814 2185 tardavero,
1836 2141 1883 2178 ut
1902 2137 2002 2178 scias
2016 2140 2142 2165 Efflss'ssia
2158 2147 2208 2171 ΡΠ)

105 2193 308 2247 quomodo
336 2197 524 2246 oporteat
552 2197 592 2233 te
620 2192 660 2233 in
685 2193 807 2235 domo
830 2193 905 2233 Dei
929 2194 1169 2243 conversari,
1198 2207 1287 2248 quae
1308 2199 1370 2235 est
1393 2194 1573 2236 Ecclesia
1594 2194 1669 2235 Dei
1695 2195 1789 2244 vivi,
1815 2195 2004 2237 columna
2016 2175 2199 2250 E‘r'fflssfsssssspssss

104 2257 145 2293 et
175 2251 478 2292 firmamentum
511 2251 707 2293 veritatis.
770 2254 805 2276 ¹⁶
836 2252 892 2293 Et
922 2252 1137 2293 manifeste
1169 2266 1362 2306 magnum
1397 2259 1458 2294 est
1491 2253 1656 2306 pietatis
1688 2259 1999 2304 sacramentum,
2039 2248 2190 2311 {QQQJ

156 2311 265 2364 quod
294 2309 603 2351 manifestatum
633 2315 694 2351 est
722 2310 763 2349 in
793 2323 923 2359 carne,
1006 2311 1272 2351 iustificatum
1302 2316 1363 2352 est
1392 2311 1432 2352 in
1461 2311 1617 2365 spiritu,

155 2368 347 2423 apparuit
375 2368 538 2422 angelis,
622 2368 887 2422 praedicatum
917 2374 979 2410 est
1007 2369 1218 2419 Gentibus,

155 2427 354 2468 creditum
384 2433 445 2468 est
472 2427 513 2467 in
542 2428 708 2476 mundo,
792 2433 1049 2481 assumptum
1079 2433 1141 2469 est
1168 2428 1209 2468 in
1237 2428 1374 2481 gloria.

206 2485 244 2529 4.
299 2488 313 2510 1
342 2485 515 2539 Spiritus
538 2490 676 2526 autem
697 2486 911 2527 manifeste
933 2486 1043 2536 dicit,
1068 2486 1164 2540 quia
1196 2486 1247 2526 fin
1270 2486 1497 2528 novissimis
1521 2487 1771 2540 temporibus
1793 2487 2000 2529 discedent
2042 2488 2167 2513 haerfflffl

1991 2546 1997 2552 ,
2054 2523 2155 2548 falsam

104 2544 269 2598 quidam
285 2558 309 2585 a
322 2544 412 2594 fide,
430 2544 690 2586 attendentes
706 2544 914 2598 spiritibus
929 2544 1083 2595 erroris,
1102 2550 1142 2586 et
1157 2545 1350 2586 doctrinis
1365 2545 1669 2595 daemoniorum,
1713 2548 1727 2570 2
1741 2545 1782 2586 in
1796 2546 1999 2599 hypocriffl
2022 2559 2185 2598 doctrinan

101 2602 356 2657 loquentium
384 2602 654 2653 mendacium,
685 2608 726 2644 et
754 2603 1023 2645 cauteriatam
1051 2604 1292 2645 habentium
1321 2618 1436 2646 suam
1466 2604 1765 2653 conscientiam,
1823 2607 1838 2629 3
1865 2596 2178 2658 Ῑ)Γο1]ἰ-Ἷ’,ζ3ξῖξξῌ

103 2661 287 2703 bentium
315 2662 477 2710 nubere,
509 2661 711 2703 abstinere
740 2676 764 2703 a
791 2662 901 2711 cibis,
933 2676 1032 2716 quos
1060 2663 1171 2703 Deus
1200 2663 1353 2704 creavit
1381 2664 1432 2704 ad
1461 2663 1763 2717 percipiendum
1792 2677 1883 2704 cum
1910 2677 1997 2716 gra·
2018 2665 2185 2691 fredam*

103 2720 252 2762 tiarum
276 2720 435 2762 actione
458 2720 655 2769 fidelibus,
681 2726 722 2761 et
743 2721 802 2770 iis,
829 2721 896 2775 qui
920 2726 1198 2775 cognoverunt
1221 2721 1448 2763 veritatem.
1500 2724 1515 2746 1
1537 2721 1642 2770 Quia
1665 2721 1792 2762 omnis
1816 2727 2000 2762 creatura

101 2779 177 2820 Dei
197 2779 305 2820 bona
323 2784 395 2828 est,
417 2784 458 2820 et
476 2779 576 2820 nihil
593 2779 854 2821 reiiciendum
875 2781 983 2833 quod
1003 2794 1094 2821 cum
1112 2780 1337 2833 gratiarum
1356 2780 1515 2822 actione
1533 2779 1770 2833 percipitur:
1817 2782 1832 2803 5
1851 2779 1998 2820 sancti-

102 2837 248 2879 ficatur
276 2837 382 2878 enim
412 2850 483 2891 per
511 2838 681 2879 verbum
710 2838 797 2888 Dei,
830 2844 871 2880 et
901 2838 1138 2880 orationem.

208 2898 223 2920 ⁶
251 2896 348 2937 Haec
375 2909 604 2950 proponens
632 2896 838 2947 fratribus,
870 2898 999 2939 bonus
1028 2897 1102 2938 eris
1130 2897 1314 2938 minister
1341 2897 1487 2938 Christi
1518 2897 1605 2937 Iesu
1635 2896 1836 2937 enutritus
1865 2896 1996 2937 verbis
2017 2900 2186 2959 Tfilfffssffifflss

102 2953 205 3003 fidei,
243 2960 284 2995 et
308 2955 424 2996 bonae
449 2955 654 3004 doctrinae,
693 2969 816 3009 quam
842 2961 1049 2997 assecutus
1075 2969 1126 2997 es.
1183 2958 1196 2979 ⁷
1227 2956 1412 3009 {Ineptas
1438 2960 1587 3004 autem,
1624 2960 1665 2995 et
1689 2953 1813 2995 aniles
1838 2954 1996 2996 fabulas
2059 2952 2131 2994 ‘haec
2159 2953 2163 2958 ’

101 3012 258 3054 devita:
296 3026 434 3054 exerce
469 3019 607 3055 autem
644 3013 818 3068 teipsum
855 3015 906 3055 ad
941 3014 1149 3068 pietatem.
1216 3016 1231 3038 ⁸
1268 3015 1371 3055 Nam
1408 3013 1624 3066 corporalis
1660 3012 1907 3061 exercitatio,
1946 3014 1996 3053 ad
2030 3007 2171 3035 ¹'s01'0m‘t

101 3071 306 3113 modicum
332 3071 442 3112 utilis
469 3077 548 3113 est:
575 3072 705 3125 pietas
732 3078 871 3114 autem
898 3074 950 3114 ad
977 3073 1114 3114 omnia
1139 3072 1249 3114 utilis
1276 3077 1347 3121 est,
1376 3071 1682 3125 promissionem
1708 3071 1861 3112 habens
1890 3071 1994 3119 vitae,

102 3143 191 3183 quae
216 3143 324 3170 nunc
350 3136 422 3180 est,
450 3136 491 3170 et
515 3130 675 3172 futurae.
732 3133 748 3155 9
772 3131 920 3172 Fidelis
947 3145 1088 3181 sermo,
1117 3136 1158 3172 et
1184 3130 1292 3172 omni
1318 3130 1551 3183 acceptione
1578 3129 1734 3183 dignus.
1789 3132 1824 3154 ¹0
1850 3130 1896 3169 ln
1921 3130 1997 3170 hoc

101 3188 207 3229 enim
230 3187 475 3238 laboramus,
502 3193 544 3230 et
565 3189 856 3238 maledicimur,
883 3190 978 3244 quia
1001 3203 1208 3244 speramus
1231 3189 1272 3229 in
1295 3189 1428 3229 Deum
1454 3188 1606 3237 vivum,
1633 3188 1700 3242 qui
1725 3193 1786 3229 est
1808 3187 1998 3228 Salvator

102 3246 283 3288 omnium
314 3247 538 3297 hominum,
570 3247 747 3289 maxime
777 3248 969 3290 fidelium.
1029 3251 1059 3273 11
1090 3247 1266 3301 Praecipe
1296 3247 1391 3295 haec,
1425 3251 1466 3287 et
1496 3247 1605 3288 doce.

205 3308 236 3330 ¹2
257 3306 386 3346 Nemo
405 3304 720 3347 adolescentiam
741 3312 855 3347 tuam
876 3312 1131 3349 contemnat:
1153 3306 1222 3347 sed
1242 3305 1471 3358 exemplum
1492 3310 1578 3347 esto
1598 3304 1775 3346 fidelium
1795 3304 1835 3344 in
1856 3304 1991 3350 verbo,
2016 3304 2180 3366 &mgnum

100 3362 142 3403 in
163 3363 482 3413 conversatione,
506 3363 546 3404 in
569 3364 778 3415 charitate,
802 3365 843 3406 in
865 3365 955 3415 fide,
978 3365 1019 3406 in
1041 3364 1242 3406 castitate.
1292 3366 1324 3388 ¹3
1344 3364 1454 3404 Dum
1476 3363 1606 3413 venio,
1630 3362 1796 3404 attende
1817 3362 1991 3407 lectioni,
2036 3372 2161 3395 fidolium

2073 3407 2119 3431 sit.

233 3464 264 3507 2,
295 3465 315 3499 9
340 3440 466 3499 airu
488 3466 520 3507 3,
546 3466 576 3500 3.
603 3488 644 3491 —
668 3468 710 3501 12
734 3469 772 3502 bl
798 3469 862 3502 Cor
886 3469 937 3508 14,
969 3468 1020 3501 34.
1048 3488 1088 3490 ᾖ
1113 3467 1155 3500 13
1182 3467 1252 3500 cGn
1276 3468 1306 3507 1,
1334 3467 1384 3500 27.
1412 3488 1452 3490 —
1477 3467 1519 3500 14
1541 3467 1616 3500 dGn
1639 3465 1669 3505 3,
1695 3465 1724 3498 6,
1752 3485 1791 3487 ξ
1817 3465 1847 3506 3,
1879 3465 1898 3497 :3
1925 3464 1998 3496 e'rit

104 3512 135 3551 1,
161 3511 190 3544 7.
217 3531 259 3535 —-
283 3512 314 3554 4,
339 3514 356 3546 1
390 3513 421 3546 {2
446 3513 521 3547 Tim
545 3513 577 3553 3,
602 3515 637 3555 1;
663 3516 683 3548 2
708 3516 769 3549 Ptr
792 3515 822 3556 3,
848 3515 883 3555 3;
911 3514 975 3548 Iud
1000 3514 1050 3547 18.
1078 3535 1117 3537 -
1143 3514 1162 3547 7
1184 3514 1222 3547 82
1244 3514 1317 3547 Tim
1340 3514 1371 3554 2,
1394 3514 1450 3555 233
1474 3514 1529 3547 Tit
1550 3514 1580 3551 3,
1603 3513 1631 3546 9.

1717 3569 1791 3608 73*
