2356 3760
135 155 166 193 2,
192 153 312 192 29-2,
337 152 379 186 68
900 150 1277 185 MACHABAEORUM
1956 153 2032 194 905

135 247 176 287 in
199 250 371 295 montes,
397 251 438 287 et
459 245 710 299 reliquerunt
733 255 1000 297 quaecumque
1022 243 1233 284 habebant
1254 243 1295 284 in
1318 243 1498 284 civitate.
1550 245 1584 268 2⁰
1608 244 1720 284 Tunc
1743 245 2035 286 descenderunt

136 304 256 345 multi
278 309 503 358 quaerentes
523 303 729 351 iudicium,
754 307 794 342 et
817 301 1030 349 iustitiam,
1057 301 1099 342 in
1124 302 1347 343 desertum:
1387 304 1424 326 30
1441 307 1482 343 et
1507 302 1698 343 sederunt
1721 302 1776 342 ibi
1798 303 1884 355 ipsi,
1906 309 1946 343 et
1967 303 2034 343 filii

136 376 287 407 eorum,
308 368 350 404 et
372 362 558 404 mulieres
577 373 727 409 eorum,
749 365 789 400 et
807 372 953 412 pecora
971 373 1128 401 eorum:
1157 361 1349 413 quoniam
1367 361 1674 401 inundaverunt
1698 373 1817 413 super
1834 374 1899 402 eos
1916 361 2035 404 mala.

239 435 271 457 31
299 432 355 472 Et
380 430 664 472 renunciatum
692 434 753 469 est
779 429 874 469 viris
901 429 1014 482 regis,
1045 434 1085 469 et
1112 430 1317 478 exercitui,
1348 430 1417 483 qui
1444 435 1530 470 erat
1556 430 1597 470 in
1626 429 1845 470 Ierusalem
1872 430 2037 470 civitate
2089 432 2194 471 bellum

135 491 272 532 David
314 489 507 544 quoniam
548 487 824 529 discessissent
864 487 939 527 viri
981 488 1159 541 quidam,
1204 488 1273 542 qui
1313 488 1615 541 dissipaverunt
1654 488 1897 529 mandatum
1937 467 2233 541 regissaffliiffiiim

135 550 176 590 in
200 549 291 591 loca
316 548 476 590 occulta
500 546 541 587 in
567 547 738 587 deserto.
768 551 809 587 et
834 546 1029 587 abiissent
1054 552 1148 599 post
1173 545 1260 587 illos
1286 546 1416 587 multi.
1471 549 1503 572 32
1529 547 1584 587 Et
1609 547 1750 587 statim
1776 552 2041 600 perrexerunt

137 608 189 648 ad
215 620 292 653 eos,
322 612 363 647 et
388 605 691 647 constituerunt
716 605 910 645 adversus
937 617 1003 646 eos
1028 604 1211 658 praelium
1237 605 1278 644 in
1305 605 1368 645 die
1393 605 1671 648 sabbatorum.
1725 607 1758 629 ³3
1784 610 1824 645 et
1849 605 2041 645 dixerunt

136 667 188 707 ad
209 679 293 707 eos:
317 664 521 706 Resistitis
542 667 583 703 et
602 675 708 703 nunc
730 663 888 718 adhuc?
937 663 1055 709 exite,
1078 668 1119 704 et
1138 663 1260 703 facite
1281 664 1503 704 secundum
1524 664 1693 704 verbum
1714 663 1814 716 regis
1835 662 2038 709 Antiochi,

136 730 178 765 et
204 724 365 765 vivetis.
420 725 453 747 ³⁴
478 722 535 763 Et
562 721 772 762 dixerunt:
803 722 894 763 Non
922 721 1134 770 exibimus,
1164 734 1295 775 neque
1322 722 1516 762 faciemus
1544 722 1714 761 verbum
1741 721 1854 774 regis.
1884 726 1930 761 ut
1956 720 2041 774 pol-

135 783 296 824 luamus
321 783 428 824 diem
453 780 732 821 sabbatorum.
786 782 818 805 35
844 780 900 822 Et
925 780 1237 822 concitaverunt
1262 780 1455 821 adversus
1482 793 1547 820 eos
1572 779 1766 833 praelium.
1820 781 1854 803 35
1880 779 1936 819 Et
1960 792 2040 820 non

135 842 434 895 responderunt
468 839 534 887 eis,
572 851 645 880 nec
679 838 857 892 lapidem
892 839 1091 880 miserunt
1124 839 1166 879 in
1201 851 1279 887 eos,
1317 851 1389 879 nec
1426 837 1712 891 oppilaverunt
1746 837 1834 878 loca
1869 837 2038 879 occulta.

135 902 169 925 3⁷
189 900 387 941 dicentes:
406 897 630 939 Moriamur
648 911 786 938 onmes
804 898 845 938 in
863 897 1124 951 simplicitate
1143 902 1301 938 nostra:
1321 902 1362 937 et
1380 902 1503 938 testes
1522 902 1641 937 erunt
1659 908 1779 949 super
1795 908 1867 936 nos
1887 894 2039 938 caelum.

136 964 178 1000 et
198 964 317 1007 terra,
341 956 451 1012 quod
470 956 619 997 iniuste
639 956 808 1010 perditis
828 969 913 997 nos.
962 958 998 981 55
1017 956 1073 997 Et
1093 955 1320 997 intulerunt
1340 955 1415 996 illis
1437 954 1587 996 bellum
1608 954 1808 995 sabbatis:
1831 958 1872 994 et
1891 953 2042 994 mortui

136 1022 233 1058 sunt
257 1017 344 1070 ipsi,
372 1020 413 1056 et
437 1027 583 1056 uxores
608 1027 759 1063 eorum,
788 1020 829 1056 et
853 1014 922 1055 filii
948 1027 1098 1063 eorum,
1126 1019 1168 1056 et
1190 1027 1337 1068 pecora
1362 1026 1499 1055 eorum
1526 1026 1652 1068 usque
1678 1013 1729 1054 ad
1754 1011 1862 1052 mille
1887 1011 2042 1052 animas

136 1076 360 1118 hominum.
416 1075 451 1099 ³⁹
478 1073 535 1114 Et
561 1073 754 1127 cognovit
780 1073 1045 1120 Mathathias,
1075 1078 1117 1114 et
1143 1073 1262 1114 amici
1289 1072 1384 1122 eius,
1414 1077 1456 1113 et
1480 1071 1637 1113 luctum
1665 1071 1898 1112 habuerunt
1924 1082 2044 1124 super

136 1148 203 1176 eos
232 1133 363 1175 valde.
421 1134 457 1157 ⁴⁰
485 1132 542 1173 Et
570 1132 675 1173 dixit
704 1132 766 1173 vir
794 1132 979 1186 proximo
1008 1145 1098 1173 suo:
1129 1131 1171 1173 Si
1200 1145 1338 1173 omnes
1367 1131 1580 1171 fecerimus
1609 1130 1714 1171 sicut
1741 1130 1886 1170 fratres
1915 1128 2043 1169 nostri

135 1193 332 1241 fecerunt,
354 1198 396 1232 et
413 1204 495 1233 non
514 1191 832 1245 pugnaverimus
852 1191 1046 1232 adversus
1065 1195 1205 1244 gentes
1224 1203 1297 1243 pro
1317 1190 1531 1230 animabus
1551 1188 1710 1236 nostris,
1733 1193 1773 1228 et
1791 1186 2044 1228 iustificatio-

136 1252 255 1293 nibus
283 1250 450 1292 nostris:
480 1263 588 1291 nunc
616 1249 734 1291 citius
762 1249 998 1303 disperdent
1024 1262 1097 1290 nos
1125 1262 1149 1289 a
1175 1253 1295 1289 terra.
1350 1249 1382 1272 ⁴¹1
1410 1247 1467 1288 Et
1493 1247 1777 1300 cogitaverunt
1804 1246 1845 1286 in
1872 1246 1936 1286 die
1962 1244 2042 1291 illa,

136 1311 336 1352 dicentes:
354 1309 497 1350 Omnis
513 1309 647 1355 homo,
668 1309 915 1363 quicumque
930 1307 1089 1348 venerit
1106 1307 1158 1348 ad
1173 1320 1246 1347 nos
1262 1306 1303 1347 in
1320 1305 1424 1346 bello
1441 1305 1505 1346 die
1521 1305 1800 1353 sabbatorum,
1818 1315 2044 1357 pugnemus

137 1369 332 1410 adversus
354 1381 465 1410 eum:
489 1374 530 1409 et
550 1381 632 1409 non
654 1367 874 1408 moriemur
895 1379 1045 1408 omnes.
1070 1366 1175 1405 sicut
1194 1365 1347 1405 mortui
1368 1369 1465 1405 sunt
1485 1364 1630 1404 fratres
1652 1362 1780 1404 nostri
1800 1362 1841 1402 in
1863 1361 2042 1403 occultis.

240 1440 274 1463 42
301 1438 415 1478 Tunc
442 1441 687 1490 congregata
713 1440 774 1476 est
801 1435 852 1476 ad
880 1448 946 1476 eos
973 1447 1181 1488 synagoga
1206 1434 1479 1475 Assidaeorum
1506 1433 1622 1474 fortis
1650 1432 1803 1472 viribus
1831 1444 1880 1472 ex
1908 1429 2042 1471 Israel.
2060 1428 2250 1453 1⁶0¹0¹³ts¹³¹¹¹

2074 1465 2225 1494 impugnat,

138 1497 268 1539 omnis
292 1495 548 1538 voluntarius
570 1494 612 1535 in
634 1493 738 1547 lege:
790 1495 823 1518 ⁴³
846 1499 887 1534 et
910 1506 1060 1535 ornnes.
1089 1493 1157 1547 qui
1180 1493 1394 1546 fugiebant
1417 1505 1439 1532 a
1462 1491 1590 1540 malis,
1617 1490 1747 1532 additi
1771 1495 1867 1530 sunt
1890 1490 1941 1530 ad
1965 1501 2042 1532 eos,
2066 1499 2232 1538 etp-ircum—

137 1561 180 1598 et
205 1555 305 1596 facti
332 1558 428 1595 sunt
454 1552 530 1594 illis
559 1553 611 1594 ad
638 1552 955 1593 firmamentum.
1012 1554 1044 1576 ⁴⁴
1071 1551 1127 1592 Et
1154 1551 1402 1605 collegerunt
1429 1550 1664 1597 exercitum,
1694 1554 1736 1589 et
1761 1552 2046 1602 percusserunt
2083 1540 2215 1600 ⁰¹3¹1524¹ssssf¹¹

137 1619 370 1669 peccatores
398 1613 440 1653 in
467 1612 527 1653 ira
553 1625 638 1661 sua,
669 1616 711 1652 et
738 1611 844 1652 viros
872 1611 1033 1664 iniquos
1061 1610 1102 1651 in
1129 1610 1410 1663 indignatione
1438 1622 1528 1649 sua:
1559 1614 1599 1649 et
1627 1607 1748 1649 ceteri
1776 1607 1968 1660 fugerunt
1995 1606 2046 1646 ad

137 1673 336 1716 nationes,
364 1676 411 1712 ut
435 1671 667 1712 evaderent.
721 1671 753 1694 ⁴5
778 1670 834 1710 Et
858 1669 1044 1710 circuivit
1068 1669 1334 1716 Mathathias,
1362 1673 1402 1708 et
1427 1667 1545 1708 amici
1570 1667 1664 1714 eius,
1692 1672 1733 1706 et
1757 1666 2047 1707 destruxerunt

139 1745 247 1774 aras:
306 1732 341 1756 4⁶
371 1735 413 1771 et
443 1729 784 1771 circumciderunt
814 1741 959 1782 pueros
989 1728 1289 1769 incircumcisos
1321 1731 1526 1781 quotquot
1556 1726 1801 1766 invenerunt
1830 1724 1870 1764 in
1901 1722 2049 1763 finibus

142 1789 283 1832 Israel:
312 1794 353 1831 et
377 1789 419 1830 in
444 1788 699 1830 fortitudine.
755 1789 788 1811 4⁷
816 1787 871 1828 Et
897 1787 1098 1840 persecuti
1124 1791 1221 1827 sunt
1246 1785 1347 1826 filios
1374 1784 1583 1838 superbiae,
1612 1788 1654 1825 et
1678 1786 1961 1837 prosperatum
1989 1784 2051 1821 est

140 1863 242 1904 opus
257 1849 299 1890 in
314 1847 504 1889 manibus
520 1859 678 1888 eorum:
722 1848 757 1870 ⁴⁸
773 1850 814 1887 et
830 1845 1098 1887 obtinuerunt
1112 1844 1242 1899 legem
1257 1845 1307 1885 de
1322 1843 1511 1884 manibus
1526 1842 1722 1897 gentium,
1741 1846 1782 1882 et
1797 1840 1845 1881 de
1861 1839 2049 1880 manibus

140 1921 298 1962 regum:
330 1911 371 1948 et
399 1919 482 1948 non
511 1905 714 1947 dederunt
743 1917 867 1946 cornu
897 1904 1112 1958 peccatori.

651 2010 690 2049 2.
722 2008 891 2060 Legem
922 2008 1037 2048 zelat
1066 2008 1284 2056 morienS,
1312 2007 1351 2056 1,
1373 2006 1544 2046 49—70.

245 2083 281 2106 4⁹
308 2081 365 2122 Et
393 2080 831 2134 appropinquaverunt
859 2079 942 2119 dies
970 2077 1214 2119 Mathathiae
1240 2076 1450 2121 moriendi,
1482 2081 1524 2116 et
1551 2074 1656 2115 dixit
1683 2073 1772 2114 filiis
1801 2072 1900 2113 suis:
1932 2072 2048 2112 Nunc
2112 2073 2195 2099 Filios

142 2141 376 2183 confortata
405 2144 466 2180 est
495 2138 696 2192 superbia,
728 2142 769 2179 et
799 2137 1025 2191 castigatio.
1058 2141 1099 2177 et
1128 2141 1290 2190 tempus
1320 2134 1550 2181 eversionis,
1582 2137 1624 2173 et
1651 2132 1711 2172 ira
1739 2130 2047 2185 indignationis:
2087 2110 2218 2184 ‘illitis

141 2201 178 2225 55
199 2200 317 2240 Nunc
337 2211 442 2252 ergo,
466 2211 488 2239 o
509 2197 590 2239 filii.
614 2196 871 2238 aemulatores
892 2201 1022 2238 estote
1043 2194 1151 2249 legis,
1175 2200 1216 2235 et
1237 2194 1332 2235 date
1354 2193 1509 2234 animas
1530 2196 1687 2232 vestras
1707 2203 1779 2244 pro
1801 2193 2050 2231 testamento
2097 2181 2211 2205 mmm

141 2263 308 2313 patrum
324 2261 566 2305 vestrorum,
610 2258 642 2280 ⁵¹
659 2260 699 2295 et
714 2259 966 2296 mementote
983 2267 1150 2307 operum
1166 2259 1344 2306 patrum,
1364 2264 1454 2305 quae
1468 2251 1652 2291 fecerunt
1667 2249 1707 2289 in
1723 2247 2051 2302 generationibus

141 2317 241 2358 suis:
273 2320 314 2357 et
343 2315 549 2369 accipietis
577 2314 746 2369 gloriam
775 2326 980 2367 magnam,
1012 2317 1053 2352 et
1081 2324 1229 2352 nomen
1259 2316 1467 2351 aeternum.
1525 2311 1558 2333 5²
1591 2308 1818 2349 aAbraham
1847 2319 1981 2347 nonne
2010 2305 2050 2345 in

142 2374 372 2417 tentatione
402 2374 594 2415 inventus
625 2378 687 2414 est
715 2371 856 2419 fidelis,
889 2376 930 2412 et
959 2374 1198 2425 reputatum
1229 2374 1290 2410 est
1319 2369 1354 2409 ei
1384 2369 1436 2409 ad
1466 2365 1690 2408 iustitiam?
1747 2367 1780 2390 ⁵³
1813 2364 1980 2417 bIoseph
2010 2363 2050 2403 in

142 2440 326 2488 tempore
343 2432 541 2487 angustiae
557 2444 639 2473 suae
655 2430 880 2472 custodivit
895 2430 1152 2473 mandatum,
1171 2433 1212 2469 et
1228 2428 1361 2468 factus
1379 2431 1440 2467 est
1456 2425 1643 2467 dominus
1660 2423 1840 2478 AEgypti.
1885 2424 1918 2447 ⁵4
1941 2421 2051 2462 cPhi-

142 2506 236 2534 nees
272 2496 391 2546 pater
426 2495 576 2537 noster,
616 2489 784 2531 zelando
823 2488 953 2530 zelum
990 2487 1078 2531 Dei.
1119 2486 1276 2540 accepit
1313 2489 1608 2527 testamentum
1646 2481 1860 2524 sacerdotii
1897 2479 2049 2521 aeterni.

142 2553 175 2576 55
196 2551 331 2592 dIesus
350 2551 449 2591 dum
467 2548 655 2603 implevit
673 2549 857 2596 verbum,
878 2548 1011 2588 factus
1031 2552 1093 2587 est
1111 2546 1195 2587 dux
1213 2545 1255 2585 in
1275 2544 1410 2585 Israel.
1458 2545 1493 2568 55
1518 2542 1668 2589 eCaleb,
1691 2542 1788 2582 dum
1808 2539 2052 2581 testificatur

142 2610 184 2651 in
218 2608 395 2657 ecclesia,
432 2608 590 2661 accepit
622 2607 905 2648 hereditatem.
967 2607 1002 2630 ⁵⁷
1047 2605 1197 2645 fDavid
1230 2604 1271 2644 in
1305 2616 1378 2644 sua
1410 2600 1685 2643 misericordia
1718 2602 1957 2641 consecutus
1991 2602 2051 2638 est

143 2669 280 2710 sedem
307 2667 420 2721 regni
446 2667 488 2707 in
516 2665 673 2708 saecula.
729 2667 765 2690 55
797 2665 938 2709 gElias.
969 2665 1067 2705 dum
1096 2662 1201 2704 zelat
1229 2661 1359 2703 zelum
1386 2661 1494 2714 legis,
1525 2664 1710 2712 receptus
1739 2662 1800 2698 est
1826 2657 1867 2697 in
1896 2655 2049 2697 caelum.

143 2729 179 2752 55
208 2726 410 2768 hAnanias
440 2730 481 2766 et
508 2724 674 2765 Azarias
704 2730 745 2765 et
772 2723 913 2765 Misael
941 2723 1162 2770 credentes,
1193 2720 1354 2762 liberati
1382 2724 1479 2760 sunt
1506 2719 1555 2759 de
1583 2717 1760 2758 flamma.
1820 2716 1856 2739 55
1894 2711 2053 2754 iDaniel

143 2786 185 2827 in
204 2798 278 2826 sua
295 2783 558 2838 simplicitate
576 2783 771 2824 liberatus
791 2788 854 2824 est
871 2783 920 2823 de
940 2795 1006 2823 ore
1024 2781 1200 2822 leonum.
1250 2781 1281 2804 ⁶¹
1301 2779 1357 2819 Et
1374 2778 1434 2819 ita
1453 2776 1628 2830 cogitate
1647 2788 1718 2829 per
1734 2772 2050 2828 generationem.

145 2849 187 2885 et-
207 2842 529 2897 generationem:
556 2841 652 2896 quia
674 2855 812 2884 omnes
837 2840 906 2895 qui
929 2845 1096 2894 sperant
1117 2839 1158 2879 in
1181 2852 1286 2887 eum,
1311 2851 1392 2879 non
1416 2836 1685 2877 infirmantur.
1740 2834 1772 2857 ⁶2
1794 2832 1852 2873 Et
1873 2844 1897 2872 a
1918 2829 2052 2871 verbis

145 2902 221 2943 viri
232 2901 456 2956 peccatoris
467 2914 518 2942 ne
530 2899 766 2942 timueritis:
782 2900 878 2954 quia
888 2898 1015 2954 gloria
1026 2897 1109 2939 eius
1125 2903 1290 2945 stercus,
1308 2901 1349 2937 et
1363 2894 1510 2936 vermis
1525 2898 1603 2934 est:
1649 2894 1681 2917 53
1695 2890 1814 2933 hodie
1829 2889 2051 2931 extollitur.

145 2967 187 3002 et
209 2973 296 3002 cras
318 2973 401 3001 non
423 2959 672 3001 invenietur:
698 2958 794 3014 quia
816 2971 1034 3000 conversus
1058 2961 1120 2998 est
1141 2955 1182 2997 in
1205 2961 1356 2997 terram
1379 2967 1506 3001 suam,
1532 2957 1572 2993 et
1596 2949 1789 3004 cogitatio
1813 2949 1896 2990 eius
1919 2947 2050 3002 periit.

148 3022 181 3045 ⁶4
205 3019 287 3061 Vos
313 3031 405 3072 ergo
430 3017 502 3058 filii
527 3017 828 3065 confortamini,
856 3023 897 3058 et
922 3016 1093 3057 viriliter
1117 3014 1224 3069 agite
1249 3014 1290 3054 in
1314 3013 1418 3066 lege:
1447 3010 1542 3065 quia
1565 3010 1606 3050 in
1632 3009 1720 3063 ipsa
1744 3006 1905 3062 gloriosi
1930 3005 2052 3047 eritis.

253 3090 285 3113 55
306 3087 362 3128 Et
383 3100 473 3128 ecce
494 3086 634 3128 Simon
654 3087 781 3128 frater
802 3092 947 3135 vester,
972 3086 1052 3127 scio
1076 3085 1185 3139 quod
1207 3084 1269 3124 vir
1289 3081 1442 3124 consilii
1464 3085 1542 3121 est:
1566 3079 1699 3132 ipsum
1722 3077 1861 3118 audite
1882 3088 2050 3129 semper.
2071 3077 2097 3100 et
2118 3074 2242 3103 instrum

146 3152 188 3189 et
208 3147 293 3201 ipse
315 3146 392 3187 erit
412 3145 529 3187 vobis
551 3150 680 3198 pater.
734 3147 769 3170 55
790 3145 846 3186 Et
869 3145 993 3186 Iudas
1014 3143 1274 3185 Machabaeus
1296 3140 1411 3182 fortis
1435 3138 1588 3179 viribus
1611 3150 1635 3177 a
1655 3137 1871 3178 iuventute
1894 3147 1977 3179 sua,
2002 3133 2055 3173 sit

146 3206 263 3248 vobis
286 3205 473 3260 princeps
497 3203 665 3253 militiae,
692 3209 733 3245 et
756 3204 841 3258 ipse
866 3209 959 3258 aget
983 3202 1134 3244 bellum
1159 3199 1309 3255 populi.
1366 3200 1399 3223 57
1425 3198 1480 3238 Et
1505 3195 1715 3237 adducetis
1741 3195 1793 3236 ad
1817 3206 1888 3235 vos
1914 3204 2052 3234 omnes

146 3265 321 3306 factores
349 3263 464 3317 legis:
496 3267 537 3303 et
565 3262 771 3304 vindicate
800 3262 1027 3303 Vindictam
1056 3260 1196 3315 populi
1224 3257 1360 3299 vestri.
1420 3258 1456 3280 55
1486 3254 1717 3296 Retribuite
1744 3251 2054 3294 retributionem

147 3322 361 3371 Gentibus,
391 3327 434 3363 et
459 3320 662 3362 intendite
689 3321 730 3362 in
758 3325 1009 3375 praeceptum
1035 3319 1145 3373 legis.

281 3435 323 3468 52
340 3435 413 3469 aen
437 3436 490 3476 22,
515 3438 607 3470 2.-
623 3436 666 3470 53
682 3435 756 3470 ben
780 3436 833 3475 41,
858 3435 910 3469 40.
930 3455 971 3458 -
989 3434 1032 3468 54
1053 3433 1138 3467 eNm
1162 3433 1213 3471 25,
1234 3432 1290 3470 13;
1316 3430 1367 3465 sir
1385 3431 1437 3469 45,
1456 3430 1508 3463 28.
1528 3449 1569 3452 -
1587 3429 1628 3462 55
1646 3427 1721 3460 dlos
1741 3427 1770 3465 1,
1789 3426 1818 3458 2.
1841 3444 1881 3447 -
1899 3422 1940 3455 56
1962 3419 2049 3452 eNm

150 3483 203 3522 14,
227 3482 263 3521 6;
298 3482 352 3515 ios
376 3484 428 3522 14,
454 3484 505 3517 14.
531 3504 573 3508 —-
597 3484 640 3517 57
671 3484 702 3517 12
727 3482 786 3518 Sm
809 3483 841 3522 2,
865 3483 896 3516 4.
928 3502 963 3506 -
987 3482 1029 3515 58
1054 3482 1091 3514 32
1118 3480 1169 3524 Rg
1193 3481 1224 3518 2,
1249 3480 1300 3511 11.
1326 3498 1368 3501 —
1398 3477 1439 3511 59
1462 3476 1539 3510 nnn
1563 3477 1594 3515 3,
1620 3475 1671 3508 16.
1704 3493 1745 3496 —
1776 3472 1818 3505 60
1849 3469 1916 3502 iDn
1941 3468 1970 3506 6,
1997 3467 2048 3499 22-
