2356 3760
135 176 188 216 18,
212 176 332 215 3-18,
357 176 399 209 32
1002 174 1167 208 REGUM
1951 184 2026 225 305

239 272 255 294 3
273 269 529 322 Vocavitque
548 267 689 308 Achab
708 265 886 306 Abdiam
905 266 1227 319 dispensatorem
1246 268 1389 308 domus
1409 281 1508 308 suae:
1528 269 1680 310 Abdias
1701 278 1836 313 autem
1856 275 2029 316 timebat
2071 275 2196 314 Abf¹³³¹¹¹

134 327 358 369 Dominum
392 327 522 368 valde.
584 328 600 350 4
634 325 740 365 Nam
774 337 866 364 cum
900 323 1144 365 interficeret
1180 326 1337 366 Iezabel
1370 327 1589 379 prophetas
1623 328 1798 374 Domini,
1834 333 1928 373 tulit
1962 333 2025 374 1116
2094 316 2174 340 mum

135 392 300 427 centum
329 387 562 440 prophetas,
594 388 636 424 et
665 382 879 423 abscondit
909 396 974 423 eos
1006 382 1311 436 quinquagenos
1342 390 1383 425 et
1413 384 1717 438 quinquagenos
1748 387 1787 427 in
1818 390 2014 441 speluncis

136 451 176 486 et
204 446 321 499 pavit
348 458 413 486 003
441 456 545 497 pane
573 447 614 483 et
642 454 760 494 aqua.
816 443 830 465 ⁵
857 440 974 481 Dixit
1002 454 1093 495 ergo
1121 442 1263 482 Achab
1292 443 1343 483 ad
1370 443 1565 484 Abdiam:
1595 436 1706 484 Vade
1734 445 1775 485 in
1803 451 1950 487 terram
1979 425 2027 489 ad

135 504 343 545 universos
366 503 498 544 fontes
518 513 729 554 aquarum,
745 504 786 540 et
806 499 846 539 in
862 504 1029 540 cunctas
1046 499 1182 547 valles,
1200 500 1232 540 si
1254 501 1358 541 forte
1380 501 1578 554 possimus
1599 502 1777 543 invenire
1794 504 1973 553 herbam,
1991 511 2031 546 et

135 562 291 603 salvare
309 575 432 615 equos
447 565 487 601 et
503 559 646 603 mulos,
663 564 703 599 et
721 571 802 599 non
820 558 981 611 penitus
1001 557 1185 599 iumenta
1199 558 1413 600 intereant.
1452 562 1467 584 ⁶
1482 560 1800 614 Diviseruntque
1816 562 1889 603 sibi
1908 564 2031 613 regio-

135 635 216 670 nes,
229 627 277 662 ut
288 620 504 661 circuirent
517 632 601 660 eas:
616 617 759 658 Achab
772 617 860 658 ibat
872 629 943 670 per
955 616 1064 657 viam
1078 630 1215 664 unam,
1230 618 1433 659 etAbdias
1452 631 1522 671 per
1534 618 1643 658 viam
1658 619 1825 660 alteram
1840 614 2029 663 seorsum.

243 693 256 714 ⁷
286 691 469 744 Cumque
499 693 602 730 esset
630 687 784 728 Abdias
813 686 854 727 in
884 687 962 736 via,
994 686 1103 728 Elias
1133 687 1307 728 occurrit
1337 688 1388 727 ei:
1421 688 1489 741 qui
1518 702 1610 728 cum
1640 690 1894 742 cognovisset
1923 705 2027 741 eum,
2053 689 2089 713 ad
2114 690 2212 730 :4911‘21’

137 750 282 791 cecidit
298 762 418 803 super
432 747 577 789 faciem
594 759 721 793 suam,
741 751 782 787 et
799 746 873 786 ait:
893 746 1002 786 Num
1019 752 1065 786 tu
1082 760 1134 793 es,
1154 746 1315 787 domine
1332 746 1398 791 mi,
1418 745 1552 787 Elias?
1600 748 1615 771 ⁸
1631 747 1703 787 Cui
1720 747 1783 788 ille
1799 750 2028 802 respondit:
2083 726 2187 754 ‘mm’

136 810 235 863 Ego.
256 809 382 857 Vade,
404 812 445 848 et
464 806 528 847 dic
547 805 711 846 domino
730 810 820 846 tuo:
841 804 969 845 Adest
988 804 1108 845 Elias.
1154 806 1169 828 ⁹
1187 804 1243 845 Et
1262 804 1336 851 ille,
1359 805 1465 853 Quid
1484 805 1659 858 peccavi,
1681 806 1826 858 11101111,
1841 808 2031 860 quoniam

136 868 264 909 tradis
285 880 349 908 me
369 878 531 907 servum
551 869 670 905 tuum
690 863 732 904 in
753 876 876 904 manu
897 863 1051 909 Achab,
1074 869 1120 904 ut
1141 863 1359 904 interficiat
1379 863 1466 904 me?
1516 866 1551 887 1⁰
1570 863 1683 904 Vivit
1702 865 1901 906 Dominus
1923 866 2032 907 Deus

136 932 244 973 tuus,
273 926 368 979 quia
391 938 472 966 non
497 928 559 965 est
581 936 677 976 gens
703 927 775 963 aut
798 935 978 975 regnum,
1006 936 1085 975 quo
1110 935 1191 963 non
1215 922 1371 962 miserit
1395 922 1582 963 dominus
1607 936 1719 963 meus
1744 928 1783 963 te
1808 924 2030 977 requirens:

137 990 179 1026 et
199 983 538 1038 respondentibus
561 981 737 1022 cunctis:
762 981 853 1022 Non
877 986 938 1021 est
959 980 1041 1021 hic:
1066 980 1272 1021 adiuravit
1293 994 1416 1034 regna
1438 980 1595 1031 singula
1618 986 1658 1022 et
1679 987 1830 1035 gentes,
1855 996 1900 1023 eo
1924 983 2032 1035 quod

136 1044 302 1084 minime
319 1041 559 1096 reperireris.
608 1042 639 1064 11
658 1040 714 1080 Et
732 1053 839 1080 nunc
858 1045 903 1080 tu
924 1039 1020 1080 dicis
1040 1039 1157 1079 mihi:
1179 1040 1303 1087 Vade,
1325 1045 1366 1080 et
1385 1039 1448 1080 dic
1467 1040 1630 1081 domino
1651 1045 1741 1081 tuo:
1761 1040 1890 1081 Adest
1908 1040 2029 1082 Elias.

138 1104 169 1127 ¹²
188 1103 371 1155 Cumque
390 1113 587 1142 recessero
608 1112 632 1139 a
651 1105 702 1145 te,
725 1098 899 1152 Spiritus
920 1098 1085 1139 Domini
1106 1098 1334 1152 asportabit
1354 1104 1393 1139 te
1412 1098 1453 1138 in
1472 1098 1618 1147 locum,
1641 1112 1761 1152 quem
1782 1113 1852 1150 ego
1873 1099 2030 1153 ignoro:

137 1166 178 1202 et
207 1161 407 1215 ingressus
438 1158 640 1200 nunciabo
671 1158 826 1206 Achab,
860 1163 901 1198 et
930 1171 1011 1198 non
1041 1157 1250 1198 inveniens
1281 1163 1333 1205 te,
1366 1157 1582 1198 interficiet
1610 1170 1692 1198 me:
1725 1150 1862 1198 servus
1894 1164 2032 1199 autem

136 1225 232 1261 tuus
256 1220 375 1261 timet
396 1218 619 1260 Dominum
643 1217 694 1257 ab
717 1216 892 1256 infantia
913 1230 996 1257 sua.
1049 1218 1081 1240 ¹3
1103 1216 1314 1269 Numquid
1336 1229 1417 1257 non
1439 1216 1665 1256 indicatum
1689 1220 1749 1257 est
1771 1216 1845 1256 tibi
1868 1217 2031 1258 domino

136 1293 238 1328 meo,
270 1278 367 1332 quid
394 1277 557 1318 fecerim
585 1289 676 1317 cum
704 1275 948 1316 interficeret
978 1275 1133 1316 Iezabel
1161 1275 1380 1328 prophetas
1407 1273 1585 1322 Domini,
1617 1274 1725 1327 quod
1752 1275 2030 1316 absconderim

136 1338 185 1379 de
216 1337 425 1391 prophetis
456 1335 621 1377 Domini
653 1340 816 1375 centum
848 1334 967 1381 viros,
1002 1334 1307 1387 quinquagenos
1339 1338 1380 1373 et
1411 1332 1716 1386 quinquagenos
1748 1332 1788 1372 in
1820 1333 2030 1386 speluncis,

136 1402 178 1438 61
197 1396 380 1450 paverim
401 1409 467 1437 eos
488 1408 592 1448 pane
613 1398 654 1434 61
674 1393 805 1446 aqua?
854 1395 885 1417 ¹4
906 1393 961 1433 Et
981 1406 1088 1432 nunc
1108 1398 1154 1432 tu
1176 1392 1292 1433 dicis:
1315 1392 1439 1440 Vade,
1463 1396 1503 1432 et
1525 1391 1587 1431 dic
1609 1391 1772 1431 domino
1794 1396 1883 1432 tuo:
1906 1392 2034 1432 Adest

136 1456 265 1496 Elias:
291 1461 337 1496 ut
359 1453 578 1495 interficiat
600 1452 688 1492 nie?
741 1453 771 1475 ¹⁵
794 1451 850 1492 Et
873 1451 977 1491 dixit
1001 1451 1127 1491 Elias:
1154 1450 1267 1491 Vivit
1289 1450 1489 1491 Dominus
1514 1449 1777 1497 exercituum,
1803 1454 1897 1490 ante
1921 1449 2032 1490 cuius

137 1515 300 1556 vultum
330 1519 405 1562 sto,
439 1512 534 1566 quia
561 1510 682 1552 hodie
712 1510 916 1563 apparebo
947 1509 992 1550 ei.

241 1587 276 1609 1⁶
302 1583 417 1625 Abiit
443 1595 534 1636 ergo
561 1581 715 1622 Abdias
742 1580 782 1620 in
811 1593 1022 1621 occursum
1048 1580 1202 1624 Achab,
1232 1585 1273 1620 et
1299 1579 1497 1620 indicavit
1523 1579 1575 1619 ei:
1604 1578 1798 1631 venitque
1824 1578 1967 1619 Achab
1994 1578 2034 1618 in
2056 1577 2224 1642 ngpssffflb

137 1656 349 1685 occursum
375 1641 484 1683 Eliae.
540 1642 573 1665 1⁷
601 1641 656 1680 Et
682 1653 774 1680 cum
800 1639 969 1680 vidisset
996 1653 1100 1683 eum,
1129 1638 1204 1679 ait:
1234 1639 1345 1679 Tune
1372 1652 1411 1679 es
1438 1638 1514 1685 ille,
1544 1637 1611 1691 qui
1639 1637 1857 1678 conturbas
1887 1636 2032 1677 Israel?
2054 1648 2091 1672 ad
2111 1647 2223 1672 camne-

137 1705 172 1728 1⁸
194 1703 250 1743 Et
271 1701 336 1742 ille
359 1701 434 1742 ait:
460 1701 552 1741 Non
575 1713 646 1752 ego
669 1698 834 1739 turbavi
860 1698 994 1746 lsrael,
1019 1698 1088 1739 sed
1110 1703 1169 1746 tu,
1195 1703 1235 1738 et
1258 1698 1401 1738 domus
1425 1696 1552 1750 patris
1575 1696 1647 1744 tui,
1674 1695 1741 1749 qui
1765 1695 2033 1749 dereliquistis
2062 1682 2214 1749 mgssegffin'

136 1761 335 1802 mandata
356 1759 535 1805 Domini,
561 1764 601 1799 et
624 1757 751 1799 secuti
775 1757 869 1798 estis
895 1756 1064 1797 Baalim.
1117 1759 1151 1780 1⁹
1174 1756 1466 1796 Verumtamen
1489 1768 1596 1796 nunc
1619 1755 1748 1801 mitte,
1775 1760 1815 1795 et
1837 1767 2034 1808 congrega

136 1822 188 1862 ad
212 1834 276 1861 me
299 1819 535 1861 universum
561 1816 683 1858 Israel
706 1816 747 1856 in
770 1821 910 1857 monte
934 1815 1116 1863 Carmeli,
1144 1821 1184 1856 et
1207 1815 1427 1868 prophetas
1453 1814 1553 1854 Baal
1577 1813 1893 1867 quadringentos
1919 1812 2033 1866 quin-

137 1879 345 1934 quaginta,
374 1877 676 1932 prophetasque
703 1875 885 1916 lucorum
915 1874 1244 1928 quadringentos,
1276 1873 1341 1927 qui
1372 1873 1591 1914 comedunt
1619 1873 1667 1913 de
1694 1885 1834 1912 mensa
1862 1871 2030 1912 Iezabel.

136 1940 172 1963 2⁰
194 1938 306 1978 Misit
329 1937 470 1978 Achab
496 1936 548 1976 ad
573 1948 711 1976 omnes
736 1934 837 1975 filios
865 1933 998 1981 Israel,
1026 1939 1066 1974 et
1091 1932 1352 1986 congregavit
1376 1932 1594 1985 prophetas
1620 1931 1660 1971 in
1684 1936 1822 1971 monte
1848 1930 2029 1971 Carmeli.

241 2011 271 2033 2¹
302 2008 507 2048 Accedens
539 2011 676 2047 autem
707 2004 816 2045 Elias
848 2004 900 2045 ad
930 2017 1091 2045 omnem
1122 2004 1330 2057 populum,
1364 2003 1438 2043 ait:
1473 2002 1692 2055 Usquequo
1724 2000 1960 2041 claudicatis
1990 1999 2030 2039 in
2041 1995 2124 2054 &51¹ssoe
2135 1994 2230 2054 {tf-affin

137 2069 237 2109 duas
259 2066 419 2121 partes?
443 2066 475 2106 si
496 2064 696 2106 Dominus
719 2068 780 2104 est
800 2063 922 2109 Deus,
947 2062 1161 2115 sequimini
1184 2075 1294 2103 eum:
1318 2061 1349 2101 si
1372 2066 1509 2101 autem
1534 2060 1644 2105 Baal,
1669 2058 1883 2112 sequimini
1903 2057 2028 2098 illum.
2058 2064 2218 2094 promittit:

140 2127 192 2168 Et
220 2139 302 2168 non
331 2124 542 2178 respondit
571 2123 605 2164 61
634 2121 808 2176 populus
838 2122 1020 2162 verbum.
1080 2123 1111 2145 22
1140 2121 1197 2162 Et
1226 2121 1284 2162 ait
1312 2132 1448 2161 rursus
1479 2118 1588 2159 Elias
1619 2118 1670 2159 ad
1699 2117 1914 2171 populum:
1946 2117 2031 2169 Ego

136 2185 311 2226 remansi
327 2184 529 2238 propheta
544 2180 710 2223 Domini
728 2180 853 2221 solus:
872 2180 1082 2233 prophetae
1099 2185 1237 2221 autem
1257 2178 1357 2219 Baal
1375 2176 1660 2231 quadringenti
1678 2182 1718 2217 et
1736 2175 2034 2230 quinquaginta

136 2245 213 2285 viri
234 2249 341 2285 sunt.
393 2245 425 2267 ²³
446 2243 608 2283 Dentur
629 2240 745 2281 nobis
769 2240 849 2280 duo
873 2239 1008 2285 boves,
1033 2243 1074 2279 et
1095 2238 1151 2279 illi
1174 2238 1326 2292 eligant
1347 2237 1422 2278 sibi
1445 2237 1592 2278 bovem
1615 2249 1753 2283 unum,
1778 2240 1819 2275 et
1840 2234 1881 2275 in
1903 2235 2034 2274 frusta

137 2304 335 2345 caedentes
361 2305 520 2356 ponant
544 2312 664 2353 super
688 2299 808 2352 ligna,
836 2298 970 2352 ignem
997 2303 1135 2338 autem
1161 2310 1242 2338 non
1269 2300 1521 2350 supponant:
1549 2300 1590 2336 et
1615 2308 1686 2348 ego
1713 2293 1858 2334 faciam
1885 2293 2033 2334 bovem

137 2363 322 2410 alterum,
343 2366 384 2402 et
401 2360 611 2413 imponam
629 2370 749 2411 super
765 2357 886 2411 ligna,
906 2357 1040 2411 ignem
1060 2361 1197 2397 autem
1217 2369 1298 2397 non
1316 2367 1556 2408 supponam.
1604 2355 1635 2378 ²⁴¹
1656 2353 1849 2393 Invocate
1868 2351 2034 2392 nomina

137 2422 304 2463 deorum
333 2424 574 2466 vestrorum,
606 2422 647 2458 et
675 2430 746 2470 ego
776 2416 975 2457 invocabo
1005 2428 1152 2456 nomen
1181 2414 1347 2455 Domini
1375 2413 1471 2454 mei:
1503 2418 1543 2453 et
1570 2413 1680 2452 Deus
1711 2411 1778 2464 qui
1808 2409 2033 2451 exaudierit

136 2494 206 2534 per
232 2480 377 2534 ignem,
405 2478 489 2532 ipse
516 2477 569 2518 sit
594 2477 716 2517 Deus.
746 2475 1011 2529 Respondens
1038 2474 1168 2515 omnis
1194 2473 1367 2528 populus
1395 2472 1470 2513 ait:
1498 2471 1667 2524 Optima
1691 2469 1925 2523 propositio.

2083 2535 2211 2564 rophetis

240 2552 272 2575 2⁵
294 2548 411 2590 Dixit
432 2561 524 2602 ergo
546 2546 656 2588 Elias
677 2546 887 2600 prophetis
911 2545 1029 2586 Baal:
1054 2544 1202 2599 Eligite
1223 2543 1339 2585 vobis
1361 2544 1509 2584 bovem
1531 2554 1670 2588 unum,
1695 2545 1735 2580 et
1756 2539 1877 2580 facite
1899 2538 2029 2592 primi,
2063 2541 2190 2594 Pffflffla

138 2609 233 2664 quia
257 2622 330 2650 vos
355 2607 489 2662 plures
516 2606 629 2647 estis:
658 2610 698 2646 et
723 2605 912 2646 invocate
938 2603 1104 2645 nomina
1130 2604 1297 2644 deorum
1324 2607 1564 2647 vestrorum,
1592 2599 1806 2653 ignemque
1832 2610 1913 2638 non
1940 2610 2031 2650 sup·
2062 2604 2140 2652 vBaal
2161 2606 2202 2645 ju-

136 2668 310 2722 ponatis.
365 2668 400 2691 ²⁶
426 2665 504 2715 Qui
530 2678 622 2706 cum
648 2664 838 2705 tulissent
864 2664 1023 2712 bovem,
1053 2676 1173 2716 quem
1199 2662 1368 2703 dederat
1394 2660 1460 2709 eis,
1488 2659 1689 2700 fecerunt:
1717 2662 1759 2698 et
1783 2656 2032 2697 invocabant
2051 2640 2222 2666 mamm*

137 2740 285 2769 nomen
310 2725 411 2767 Baal
435 2725 485 2766 de
508 2737 627 2764 mane
652 2736 780 2776 usque
804 2723 857 2763 ad
880 2721 1102 2771 meridiem,
1129 2721 1327 2762 dicentes:
1355 2718 1455 2760 Baal
1480 2717 1626 2759 exaudi
1650 2729 1734 2757 nos.
1761 2715 1817 2756 Et
1841 2728 1921 2755 11011
1946 2719 2033 2755 61111

137 2799 230 2835 vox,
256 2798 328 2826 nec
353 2783 422 2838 qui
444 2783 724 2837 responderet:
749 2781 1115 2834 transiliebantque
1140 2780 1266 2821 altare
1291 2779 1400 2833 quod
1422 2778 1613 2818 fecerant.
1666 2776 1699 2799 2⁷
1723 2774 1905 2826 Cumque
1928 2777 2033 2813 esset

136 2845 217 2886 iam
246 2843 444 2891 meridies,
475 2841 674 2882 illudebat
702 2840 778 2881 illis
807 2840 929 2887 Elias,
961 2839 1115 2881 dicens:
1146 2838 1328 2880 Clamate
1358 2850 1456 2878 voce
1484 2835 1652 2876 maiore:
1683 2833 1792 2873 Deus
1822 2831 1927 2872 enim
1957 2835 2030 2879 est,

137 2909 178 2945 et
191 2903 364 2945 forsitan
376 2901 570 2955 loquitur,
588 2904 660 2941 aut
675 2899 715 2939 in
730 2898 950 2940 diversorio
966 2903 1038 2946 est,
1056 2898 1183 2939 autin
1198 2897 1353 2945 11111616,
1371 2900 1444 2937 aut
1459 2898 1564 2936 certe
1580 2892 1741 2935 dormit,
1759 2896 1806 2932 ut
1820 2890 2030 2931 excitetur.

136 2964 171 2987 2⁸
187 2961 431 3003 Clamabant
447 2973 539 3013 ergo
555 2972 654 3001 voce
670 2971 830 3012 magna,
849 2962 890 2998 et
904 2957 1141 2998 incidebant
1156 2970 1196 2998 se
1211 2956 1329 2997 iuxta
1344 2955 1468 2995 ritum
1485 2965 1602 2993 suum
1619 2949 1757 2992 cultris
1774 2954 1815 2990 61
1829 2947 2030 2997 11111060113,

137 3022 264 3063 (101166
291 3019 632 3073 perfunderentur
659 3016 865 3070 sanguine.

240 3092 275 3115 2⁹
300 3090 526 3142 Postquam
552 3092 691 3128 autem
716 3086 880 3127 transiit
904 3085 1102 3133 meridies,
1130 3090 1171 3126 et
1195 3083 1272 3124 illis
1297 3080 1637 3137 prophetantibus
1664 3082 1833 3119 venerat
1858 3082 2030 3129 tempus,
2058 3075 2215 3136 altfflasm-

137 3163 216 3203 quo
251 3147 492 3190 sacrificium
526 3145 660 3188 offerri
693 3144 806 3194 solet,
842 3158 916 3185 nec
950 3143 1194 3185 audiebatur
1227 3156 1319 3187 vox,
1356 3154 1428 3182 nec
1462 3138 1606 3193 aliquis
1639 3136 1923 3190 respondebat,
1960 3148 2033 3176 nec
2088 3147 2185 3175 struit,

136 3208 381 3250 attendebat
407 3210 586 3247 orantes:
641 3205 677 3228 3⁰
702 3203 808 3244 dixit
833 3203 942 3244 Elias
970 3202 1080 3244 omni
1105 3201 1274 3256 populo:
1303 3199 1447 3241 Venite
1475 3198 1527 3239 ad
1552 3210 1627 3238 me.
1656 3196 1712 3237 Et
1738 3194 1954 3235 accedente
1981 3193 2032 3234 ad

136 3280 176 3308 se
201 3265 366 3320 populo,
395 3263 555 3306 curavit
581 3262 708 3303 altare
733 3262 912 3311 Domini,
942 3261 1051 3315 quod
1077 3261 1332 3302 destructum
1358 3259 1503 3298 fuerat.
1558 3258 1589 3280 ³¹
1616 3255 1672 3295 Et
1697 3253 1793 3295 tulit
1819 3251 2031 3294 duodecim

135 3325 289 3380 lapides
319 3324 438 3365 iuxta
467 3334 681 3363 numerum
713 3320 895 3362 tribuum
926 3319 1100 3361 filiorum
1134 3319 1267 3367 Iacob,
1302 3318 1354 3358 ad
1386 3329 1506 3370 quem
1535 3315 1669 3355 factus
1701 3317 1762 3353 est
1792 3324 1920 3352 sermo
1951 3311 2032 3350 Do-

135 3384 247 3434 mini,
281 3383 434 3425 dicens:
471 3380 617 3422 alsrael
648 3379 724 3420 erit
754 3392 902 3420 nomen
932 3384 1064 3420 tuum.
1123 3379 1156 3402 ³2
1187 3377 1243 3418 Et
1273 3374 1491 3417 aedificavit
1521 3374 1570 3414 de
1600 3371 1803 3426 lapidibus
1835 3369 1960 3410 altare
1990 3367 2031 3406 in

268 3508 321 3551 18,
345 3507 385 3542 31
412 3507 484 3541 aen
508 3507 562 3547 32,
587 3506 638 3540 28.

204 3571 319 3597 Hetze
329 3578 347 3596 n
357 3577 454 3602 auer,
478 3570 606 3602 Vulgata
626 3570 816 3595 clementina.
1775 3553 1825 3592 ‘20
