2356 3760
122 725 209 750 wrbo
231 728 257 749 et

123 761 256 791 exemplo

118 1489 267 1515 ecclesiam

105 1526 143 1551 ad
159 1525 279 1550 offeren-

158 1561 227 1586 (111111

136 1598 249 1626 incitat,

133 1968 258 1994 Domino

119 2004 272 2035 benedicit,

101 3099 292 3118 sut-‹⁴1*s,<or‘=in

121 3136 141 3153 c‹
150 3129 283 3153 >nstituit

289 157 366 199 366
1138 154 1286 188 LIBER
1311 154 1338 188 1.
1918 153 1972 194 28,
1997 154 2138 196 19-29,
2164 155 2206 187 22

291 250 405 291 fieret
425 248 649 290 similitudo
671 248 877 301 quadrigae
897 247 1106 289 cherubim
1127 248 1439 289 extendentium
1459 247 1555 297 alas,
1578 253 1620 289 et
1638 247 1865 289 velantium
1887 260 2022 289 arcam
2042 248 2206 289 foederis

291 308 469 349 Domini.
524 310 558 333 1⁹
583 307 743 349 Omnia.
771 307 916 360 inquit.
944 312 1148 347 venerunt
1171 307 1325 360 scripta
1347 319 1473 348 manu
1498 307 1665 348 Domini
1690 307 1742 348 ad
1766 320 1842 353 me,
1869 312 1918 348 ut
1941 307 2206 360 intelligerem

291 367 483 408 universa
512 379 633 420 opera
664 365 918 418 exemplaris.
979 368 1015 390 2⁰
1044 366 1161 406 Dixit
1194 379 1355 419 quoque
1385 366 1523 407 David
1554 365 1761 408 Salomoni
1792 365 1873 407 filio
1905 378 1996 407 suo:
2028 365 2208 406 Viriliter

293 439 377 480 age,
399 433 441 467 et
460 427 702 469 confortare,
725 431 765 465 et
784 426 867 465 sac:
890 438 938 465 ne
958 425 1116 469 timeas,
1139 430 1181 465 et
1200 438 1248 465 ne
1268 438 1438 478 paveas:
1460 425 1661 465 Dominus
1681 425 1787 466 enim
1807 425 1918 465 Deus
1937 437 2051 465 meus
2070 430 2207 466 tecum

293 486 381 531 erit,
405 490 445 525 et
465 498 545 525 non
566 483 751 524 dimittet
771 489 824 527 te,
848 496 919 524 1100
940 483 1193 537 derelinquet
1214 484 1342 525 donec
1363 484 1546 537 perficias
1567 497 1687 525 omne
1708 497 1809 537 opus
1828 483 2042 525 ministerii
2062 483 2208 524 domus

292 544 469 585 Domini.
521 545 550 567 21
573 542 678 583 Εο00
699 542 917 583 divisiones
939 542 1206 584 Sacerdotum
1228 548 1270 583 et
1290 543 1541 591 Levitarum,
1569 543 1609 583 in
1631 556 1750 584 omne
1771 542 2041 584 ministerium
2063 542 2208 583 domus

293 602 459 644 Domini
491 601 689 642 assistunt
720 601 808 646 tibi.
842 607 883 642 01
914 602 1047 655 parati
1078 608 1187 647 sunt,
1220 606 1262 642 et
1292 607 1496 643 noverunt
1527 606 1614 642 tam
1645 601 1846 656 principes
1879 614 2001 655 quam
2033 601 2208 655 populus

295 662 424 702 facere
455 661 591 702 onmia
620 666 825 714 praeccpta
855 666 939 702 tua.

399 720 464 763 29.
520 722 530 744 1
567 720 830 772 Locutusque
865 726 927 760 est
959 719 1097 760 David
1131 732 1201 760 rex
1236 719 1289 760 ad
1323 732 1485 761 omnem
1521 719 1749 760 ecclesiam:
1785 719 2046 761 Salomonem
2080 718 2208 760 filium

295 792 430 820 meum
462 792 589 819 unum
621 778 740 831 elegit
770 778 893 827 Deus,
927 778 1061 819 adhuc
1090 791 1261 832 puerum
1293 784 1333 819 et
1364 778 1577 819 tenellum:
1611 792 1712 832 opus
1743 791 1920 832 namque
1950 779 2102 832 grande
2133 784 2206 824 est,

293 851 425 891 neque
457 838 565 878 enim
596 837 751 878 homini
784 842 1039 890 praeparatur
1070 837 1287 886 habitatio,
1321 838 1391 878 sed
1423 838 1523 878 Deo.
1584 839 1600 862 2
1631 838 1718 891 Ego
1752 843 1890 878 autem
1923 838 2022 878 totis
2055 837 2208 878 viribus

295 897 394 938 meis
422 896 648 950 praeparavi
675 896 878 950 impensas
906 896 1052 937 domus
1078 896 1154 937 Dei
1182 897 1272 938 mei.
1302 897 1457 937 Aurum
1488 897 1540 938 ad
1567 910 1668 938 vasa
1694 909 1827 940 aurea,
1857 902 1899 938 et
1926 902 2141 951 argentum
2168 897 2209 937 in

296 962 500 1009 argentea.
530 969 584 997 aes
611 956 651 996 in
679 968 803 1003 aenea,
833 956 984 996 ferrum
1013 956 1053 996 in
1082 956 1223 1005 ferrea,
1252 955 1363 1009 ligna
1390 956 1442 997 ad
1469 955 1619 1009 lignea:
1649 961 1691 997 et
1718 955 1872 1009 lapides
1901 956 2138 1010 onychinos,
2169 961 2209 996 et

297 1015 412 1068 quasi
439 1015 622 1059 stibinos.
652 1020 693 1056 et
719 1015 972 1055 diversorum
1001 1014 1193 1064 colorum,
1222 1028 1467 1068 omnemque
1494 1015 1719 1069 pretiosum
1744 1015 1935 1068 lapidem,
1964 1021 2006 1057 et
2031 1010 2210 1056 marmor

295 1074 461 1115 Parium
484 1073 854 1115 abundantissime:
904 1076 920 1098 ³
941 1079 983 1115 et
1003 1087 1124 1128 super
1144 1074 1240 1123 haec,
1266 1087 1356 1128 quae
1378 1074 1508 1116 obtuli
1530 1074 1570 1115 in
1593 1075 1761 1116 domum
1783 1075 1859 1115 Dei
1880 1074 1959 1115 mei
1981 1075 2031 1115 de
2052 1074 2209 1128 peculio

295 1146 385 1174 11100
418 1146 561 1173 311111111
593 1138 635 1174 01
665 1137 893 1186 argentum,
926 1133 978 1174 do
1009 1133 1051 1174 in
1082 1133 1282 1187 templum
1312 1133 1389 1174 Dei
1419 1133 1511 1183 mei,
1545 1133 1725 1187 exceptis
1755 1133 1828 1181 his,
1863 1146 1953 1187 quae
1982 1134 2211 1188 praeparavi

296 1193 336 1233 in
358 1192 485 1233 aedem
507 1198 705 1233 sanctam.
754 1193 770 1217 ⁴¹
791 1192 885 1232 Tria
903 1191 1031 1233 millia
1050 1192 1209 1233 talenta
1229 1192 1316 1233 auri
1337 1193 1386 1233 de
1407 1205 1504 1234 auro
1527 1193 1673 1247 Ophir:
1696 1198 1737 1234 et
1757 1198 1914 1246 septem
1935 1193 2063 1234 millia
2083 1192 2210 1234 talen—

297 1256 433 1293 torum
458 1251 615 1304 argenti
639 1251 916 1305 probatissimi
941 1251 994 1292 ad
1017 1252 1274 1293 deaurandos
1298 1252 1473 1306 parietes
1497 1252 1651 1305 templi.
1704 1254 1719 1276 5
1743 1251 1810 1300 Ε1,
1837 1252 2085 1306 ubicumque
2109 1265 2212 1306 opus

297 1317 359 1351 est
386 1323 530 1351 aurum
558 1311 607 1351 de
635 1324 745 1356 auro,
775 1315 816 1351 et
841 1311 1090 1364 ubicumque
1117 1324 1219 1365 opus
1245 1317 1308 1352 est
1333 1316 1549 1365 argentum
1576 1312 1626 1352 dc
1653 1317 1834 1364 argento,
1863 1324 1988 1366 opera
2012 1311 2116 1352 fiant
2141 1324 2212 1364 per

298 1383 443 1410 manus
472 1370 693 1411 artificum:
722 1376 762 1410 et
790 1370 822 1410 si
850 1370 940 1423 quis
966 1374 1112 1424 sponte
1139 1370 1270 1419 offert,
1300 1370 1470 1424 impleat
1496 1383 1665 1411 manum
1693 1382 1809 1411 suam
1836 1369 1968 1415 hodie,
1997 1375 2040 1411 et
2066 1370 2211 1411 offerat

299 1429 408 1482 quod
438 1428 612 1470 voluerit
641 1429 830 1470 Domino.

405 1490 420 1512 ⁶
440 1487 615 1530 Polliciti
637 1493 733 1529 sunt
753 1488 894 1542 itaque
915 1488 1117 1541 principes
1138 1488 1398 1533 familiarum.
1423 1494 1464 1530 et
1484 1501 1668 1543 proceres
1689 1489 1873 1530 tribuum
1897 1488 2033 1537 Israel,
2056 1489 2211 1530 tribuni

299 1560 473 1601 quoque,
501 1555 541 1588 et
569 1547 837 1595 centuriones,
866 1552 907 1588 et
932 1547 1135 1601 principes
1159 1548 1460 1601 possessionum
1486 1549 1600 1598 regis
1659 1549 1673 1571 ⁷
1698 1548 1995 1602 Dederuntque
2020 1548 2063 1589 in
2089 1560 2213 1601 opera

297 1607 444 1647 domus
473 1607 549 1647 Dei
581 1607 667 1648 auri
698 1606 857 1647 talenta
888 1606 1068 1660 quinque
1098 1606 1236 1651 millia.
1269 1613 1311 1648 01
1341 1607 1489 1648 8011(108
1520 1608 1658 1648 decem
1690 1607 1834 1648 millia:
1867 1607 2025 1661 argenti
2054 1607 2214 1648 talenta

298 1666 437 1706 decem
470 1665 607 1715 millia,
641 1672 683 1707 01
714 1666 800 1706 aeris
833 1665 993 1706 talenta
1023 1666 1162 1707 decem
1194 1671 1236 1707 et
1267 1671 1359 1707 octo
1391 1665 1534 1706 millia:
1568 1666 1662 1707 ferri
1695 1679 1857 1720 quoque
1889 1670 2055 1707 centum
2086 1666 2213 1707 millia

297 1725 561 1767 talentorum.
619 1727 634 1749 s
659 1725 716 1766 Et
741 1725 852 1779 apud
879 1738 1178 1779 quemcumque
1204 1725 1361 1766 inventi
1388 1730 1486 1766 sunt
1510 1725 1676 1778 lapides,
1705 1725 1907 1766 dederunt
1931 1726 1973 1766 in
1999 1725 2212 1767 thesauros

298 1785 445 1825 domus
477 1784 655 1834 Domini,
690 1797 762 1838 per
794 1797 962 1825 manum
998 1784 1124 1825 Iahiel
1157 1785 1392 1826 Gersonitis.
1457 1786 1473 1809 ⁹
1505 1784 1771 1838 Laetatusque
1804 1790 1866 1825 est
1897 1784 2084 1838 populus,
2120 1798 2213 1825 cum

299 1848 399 1885 vota
428 1850 574 1897 sponte
604 1843 912 1897 promitterent:
946 1844 1042 1897 quia
1071 1844 1190 1885 corde
1221 1849 1310 1886 toto
1341 1844 1569 1886 offerebant
1599 1856 1647 1884 ea
1675 1843 1872 1885 Domino:
1904 1843 1975 1884 sed
2005 1848 2047 1884 et
2074 1843 2213 1884 David

299 1915 369 1943 rex
398 1902 562 1944 laetatus
591 1908 653 1944 est
680 1903 829 1957 gaudio
858 1915 1019 1956 magno.

406 1964 441 1986 ¹⁰
472 1962 527 2003 Et
559 1962 768 2003 benedixit
799 1962 976 2003 Domino
1009 1975 1145 2003 coram
1177 1963 1368 2004 universa
1398 1962 1676 2004 multitudine.
1710 1967 1752 2002 et
1782 1962 1859 2002 ait:
1894 1961 2141 2003 Benedictus
2173 1975 2213 2002 es

300 2020 475 2062 Domine
494 2021 605 2062 Deus
627 2021 750 2063 Israel
769 2021 898 2075 patris
916 2022 1045 2063 nostri
1065 2022 1116 2062 ab
1136 2026 1288 2063 aeterno
1306 2022 1348 2063 in
1367 2027 1578 2063 aeternum.
1628 2023 1658 2046 11
1678 2021 1767 2062 Tua
1785 2026 1846 2062 est
1864 2021 2040 2062 Domine
2058 2021 2214 2074 magni-

301 2080 476 2129 ficentia,
508 2086 549 2121 et
578 2081 776 2135 potentia,
809 2086 850 2122 et
878 2080 1016 2134 gloria.
1049 2086 1174 2135 atque
1204 2081 1394 2122 Victoria:
1426 2086 1467 2122 et
1495 2081 1572 2122 tibi
1600 2080 1706 2121 laus:
1739 2084 1888 2121 cuncta
1916 2080 2023 2121 enim
2055 2093 2145 2133 quae
2172 2080 2214 2120 in

301 2139 395 2181 caelo
413 2145 520 2184 sunt,
538 2145 579 2181 et
594 2140 635 2181 in
651 2145 770 2185 terra,
789 2146 863 2181 tua
877 2145 991 2180 sunt:
1009 2146 1127 2181 tuum
1143 2141 1318 2181 Domine
1334 2153 1516 2194 regnum,
1534 2145 1575 2181 et
1590 2144 1637 2181 tu
1652 2152 1693 2181 es
1708 2152 1829 2193 super
1844 2152 1983 2181 omnes
1998 2139 2212 2193 principes.

302 2201 333 2223 12
362 2199 459 2240 Tuae
487 2199 653 2248 divitiae,
685 2205 726 2241 01
754 2206 828 2240 1113
856 2204 917 2240 081
945 2198 1089 2252 gloria:
1120 2204 1166 2240 tu
1195 2199 1418 2241 dominaris
1447 2199 1642 2244 omnium,
1688 2199 1729 2239 in
1757 2211 1884 2239 manu
1912 2203 1987 2239 tua
2014 2199 2146 2240 virtus
2174 2203 2215 2239 et

302 2259 506 2312 potentia:
539 2258 580 2299 in
612 2272 737 2300 manu
769 2264 843 2299 tua
873 2259 1127 2311 magnitudo.
1162 2264 1203 2299 et
1233 2258 1449 2313 imperium
1481 2258 1676 2300 omnium.
1737 2259 1769 2282 ¹3
1801 2258 1920 2298 Nunc
1950 2258 2075 2311 igitur
2104 2258 2216 2298 Deus

302 2323 439 2359 noster
467 2318 709 2359 confitemur
735 2318 822 2363 tibi,
852 2322 894 2359 et
919 2317 1136 2358 l'audamus
1164 2331 1312 2359 nomen
1340 2324 1459 2359 tuum
1486 2317 1700 2371 inclytum.
1758 2318 1789 2341 ¹4
1817 2316 1915 2365 Quis
1942 2329 2027 2370 ego.
2057 2321 2099 2357 et
2127 2316 2216 2370 quis

302 2376 477 2431 populus
501 2390 627 2425 meus,
654 2383 700 2418 ut
724 2378 925 2431 possimus
950 2377 1034 2418 haec
1058 2377 1133 2418 tibi
1158 2377 1349 2418 universa
1371 2376 1635 2431 promittere?
1660 2382 1735 2417 tua
1757 2381 1855 2416 sunt
1879 2375 2033 2417 omnia:
2060 2380 2102 2416 et
2126 2388 2216 2429 quae

303 2436 353 2477 de
369 2449 495 2477 11131111
514 2441 587 2477 1113
605 2437 834 2490 accepimus
853 2436 1038 2478 dedimus
1056 2436 1144 2478 tibi.
1192 2438 1223 2461 ¹⁵
1240 2436 1443 2490 Peregrini
1463 2436 1570 2477 enim
1588 2447 1728 2476 sumus
1747 2447 1883 2476 coram
1901 2440 1953 2482 te,
1974 2440 2015 2475 et
2033 2435 2213 2478 advenae.

304 2496 409 2536 sicut
428 2509 567 2537 omnes
586 2501 724 2550 patres
743 2496 883 2537 nostri.
911 2496 1025 2537 aDies
1044 2495 1174 2537 nostri
1194 2496 1309 2550 quasi
1328 2496 1476 2537 umbra
1494 2508 1615 2548 super
1633 2500 1796 2537 terram.
1819 2499 1859 2534 et
1878 2493 1990 2534 nulla
2008 2499 2070 2535 est
2087 2506 2213 2535 mora.

304 2556 339 2579 1⁶
363 2554 538 2595 Domine
563 2555 673 2596 Deus
698 2562 847 2603 noster,
875 2555 1006 2596 omnis
1030 2555 1115 2596 haec
1140 2555 1268 2609 copia.
1296 2568 1420 2609 quam
1444 2554 1682 2609 paravimus
1706 2559 1753 2595 ut
1777 2553 2047 2594 aedificaretur
2070 2553 2217 2595 domus

304 2613 458 2656 nomini
482 2620 625 2656 sancto
649 2620 734 2663 tuo,
760 2615 809 2655 de
833 2627 958 2655 manu
983 2620 1057 2655 tua
1080 2620 1152 2661 est,
1179 2620 1220 2655 et
1243 2620 1317 2655 tua
1340 2620 1436 2655 sunt
1460 2614 1608 2655 omnia.
1662 2614 1696 2637 1⁷
1720 2612 1809 2654 Scio
1833 2612 1946 2653 Deus
1967 2625 2082 2653 meus
2107 2612 2217 2666 quod

304 2674 450 2727 probes
474 2674 607 2716 corda.
633 2680 674 2715 et
696 2673 1002 2727 simplicitatem
1026 2673 1180 2727 diligas,
1206 2674 1314 2715 unde
1337 2680 1378 2715 01
1400 2687 1472 2727 ego
1494 2673 1535 2713 in
1559 2671 1821 2726 simplicitate
1844 2671 1976 2713 cordis
1997 2671 2077 2712 mei
2098 2670 2216 2712 laetus

305 2732 436 2774 obtuli
455 2733 643 2774 universa
662 2732 765 2774 haec:
786 2739 827 2774 et
844 2732 1043 2787 populum
1061 2738 1193 2779 tuum,
1216 2733 1284 2787 qui
1302 2733 1366 2774 hic
1384 2738 1569 2787 repertus
1586 2737 1659 2775 est.
1681 2731 1765 2772 vidi
1783 2744 1877 2772 cum
1893 2730 2050 2784 ingenti
2066 2730 2215 2784 gaudio

306 2792 380 2833 tibi
404 2792 549 2833 offerre
572 2792 753 2834 donaria.
806 2794 840 2816 18
861 2792 1037 2834 Domine
1060 2792 1172 2833 Deus
1194 2792 1416 2837 Abraham,
1442 2798 1482 2833 01
1507 2792 1633 2839 Isaac,
1659 2796 1700 2831 et
1724 2789 1848 2831 Israel
1869 2794 2036 2844 patrum
2059 2794 2216 2831 nostro-

305 2864 408 2900 rum,
430 2852 589 2893 custodi
610 2852 649 2892 in
669 2857 867 2893 aeternum
886 2851 993 2892 hanc
1012 2851 1271 2893 voluntatem
1291 2852 1421 2893 cordis
1441 2864 1592 2898 eorum,
1614 2855 1656 2891 et
1674 2862 1833 2903 semper
1850 2849 1891 2890 in
1911 2849 2216 2890 venerationem

305 2911 366 2951 tui
394 2924 507 2951 mens
534 2911 613 2952 ista
640 2915 891 2965 permaneat.
948 2912 982 2935 ¹⁹
1010 2910 1217 2952 Salomoni
1263 2923 1424 2965 quoque
1458 2910 1538 2951 filio
1567 2922 1657 2950 meo
1694 2909 1747 2950 da
1783 2921 1850 2950 cor
1884 2907 2124 2961 perfectum,
2170 2913 2217 2948 ut

307 2970 513 3011 custodiat
542 2971 742 3011 mandata
770 2976 855 3016 tua,
896 2969 1132 3011 testimonia
1168 2975 1253 3018 tua,
1297 2976 1339 3011 et
1367 2969 1615 3010 ceremonias
1644 2973 1749 3010 tuas.
1782 2972 1823 3008 et
1851 2967 1978 3008 faciat
2006 2966 2214 3008 universa:

307 3034 348 3070 et
377 3029 549 3070 aedificet
578 3030 718 3075 aedem,
751 3030 864 3070 cuius
892 3029 1098 3082 impensas
1127 3029 1281 3082 paravi.

412 3089 448 3112 ²⁰
473 3088 672 3142 Praecepit
700 3094 839 3129 autem
864 3088 1004 3131 David
1033 3088 1230 3129 universae
1257 3087 1450 3129 ecclesiae:
1481 3086 1715 3129 Benedicite
1742 3085 1920 3127 Domino
1947 3085 2035 3126 Deo
2063 3090 2214 3126 nostro.

308 3147 362 3188 Et
398 3147 606 3189 benedixit
640 3148 770 3189 omnis
804 3147 971 3189 ecclesia
1003 3147 1181 3188 Domino
1214 3147 1301 3189 Deo
1336 3153 1501 3201 patrum
1535 3159 1719 3187 suorum:
1754 3150 1797 3186 et
1828 3144 2130 3185 inclinaverunt
2161 3156 2214 3185 se.

308 3212 349 3248 et
378 3207 655 3248 adoraverunt
681 3207 828 3255 Deum,
859 3213 900 3248 et
928 3206 1074 3247 deinde
1102 3219 1247 3255 regem.
1305 3208 1337 3231 21
1368 3206 1773 3258 immolaveruntque
1802 3203 1991 3244 victimas
2018 3202 2215 3244 Domino:

309 3271 349 3306 et
374 3266 613 3307 obtulerunt
636 3265 877 3308 holocausta
900 3266 963 3307 die
988 3266 1186 3319 sequenti,
1214 3270 1354 3307 tauros
1377 3265 1497 3312 mille,
1525 3264 1670 3306 arietes
1694 3262 1814 3308 mille,
1842 3274 1968 3315 agnos
1991 3261 2100 3302 mille
2124 3274 2217 3302 cum

308 3324 571 3366 libaminibus
582 3325 675 3373 suis,
690 3331 731 3366 01
742 3326 930 3366 11111νο180
946 3325 1027 3366 11111
1043 3324 1394 3366 abundantissime
1408 3325 1449 3366 in
1465 3336 1627 3366 omnem
1644 3322 1778 3363 Israel.
1823 3323 1854 3346 22
1869 3321 1925 3362 Ε1
1938 3321 2215 3369 comederunt,

309 3389 351 3425 et
379 3384 569 3425 biberunt
597 3397 731 3426 coram
760 3385 937 3426 Domino
966 3383 1006 3424 in
1036 3384 1099 3424 die
1127 3383 1193 3424 illo
1222 3397 1314 3425 cum
1342 3385 1485 3438 grandi
1512 3382 1668 3424 laetitia.
1703 3381 1779 3422 ι>Ε1
1805 3385 2013 3422 unxerunt
2040 3378 2217 3421 secundo

443 3510 495 3552 29,
520 3511 559 3544 15
584 3511 670 3554 aSap
693 3511 724 3551 2,
746 3511 777 3544 5.
802 3531 843 3535 —
867 3510 909 3544 22
931 3512 968 3543 bl
996 3510 1047 3555 Rg
1072 3512 1102 3551 1,
1126 3510 1178 3544 34.
