2356 3760
313 161 387 202 762
1127 156 1401 191 PROPHETIA
1983 159 2037 200 40,
2063 160 2182 201 2—41‚
2208 162 2227 194 7

141 253 280 318 mgffigm
422 255 435 277 2
463 252 622 293 'l'ollens
649 265 741 304 ergo
768 251 953 304 princeps
980 250 1136 291 militiae
1164 250 1389 292 Ieremiam.
1418 250 1523 291 dixit
1550 251 1600 290 ad
1628 264 1739 291 eum:
1767 251 1967 293 Dominus
1993 253 2104 295 Deus
2131 260 2226 297 tuus

140 324 278 363 populum
315 313 474 352 locutus
503 317 564 352 est
590 310 743 351 malum
772 310 846 350 hoc
874 322 994 362 super
1020 309 1153 350 locum
1182 309 1318 351 istum.
1373 311 1388 333 ³
1415 315 1456 349 et
1483 309 1675 349 adduxit:
1705 315 1746 350 et
1772 309 1869 350 feeit
1894 311 2094 354 Dominus
2121 314 2227 355 sicut

142 359 272 419 2‘,‘{,¹,‘}},¹,¹s¹,¹.¹
314 371 472 411 locutus
497 376 569 413 est.
597 369 690 422 quia
717 368 912 421 peccastis
936 368 1126 411 Domino,
1153 374 1192 408 et
1216 381 1296 408 non
1323 367 1493 408 audistis
1518 381 1659 409 vocem
1684 368 1779 411 eius,
1806 374 1846 409 et
1869 369 2002 411 factus
2026 377 2087 413 est
2110 373 2225 414 vobis

172 430 242 454 ΜΗ·
315 442 444 469 sermo
469 429 543 469 hic.
598 430 612 452 *¹
639 428 755 467 Nunc
780 440 872 479 ergo
898 440 986 466 ecce
1012 426 1113 467 solvi
1138 432 1178 467 te
1203 426 1322 466 hodie
1347 426 1395 466 de
1421 427 1585 469 catenis,
1614 440 1704 479 quae
1728 432 1822 467 sunt
1848 427 1888 467 in
1912 429 2101 471 manibus
2125 432 2224 473 tuis:

309 488 340 528 si
361 488 493 541 placet
517 487 590 527 tibi
613 492 656 526 ut
678 485 817 525 venias
838 498 996 525 mecum
1018 485 1058 525 in
1080 484 1347 538 Babylonem,
1372 485 1481 525 veni:
1504 491 1544 525 et
1564 498 1715 538 ponam
1736 485 1872 526 oculos
1893 500 2003 528 meos
2024 501 2144 542 super
2164 496 2223 531 te:

309 548 340 587 si
371 553 509 587 autem
540 544 725 598 displicet
756 544 831 584 tibi
861 544 997 584 venire
1026 557 1184 584 mecum
1216 543 1257 584 in
1289 544 1554 596 Babylonem.
1587 544 1733 584 reside:
1765 557 1854 585 ecce
1885 546 2014 586 omnis
2044 552 2152 588 terra
2180 549 2221 589 in

310 611 528 658 conspectu
556 610 626 644 tuo
653 610 730 643 est:
759 603 868 655 quod
893 602 1067 653 elegeris,
1095 608 1136 642 ct
1161 616 1240 655 quo
1267 602 1464 655 placuerit
1491 602 1565 642 tibi
1590 608 1636 642 ut
1660 603 1801 648 vadas,
1829 602 1921 643 illuc
1947 617 2078 658 perge.
2132 609 2147 631 5
2171 607 2227 648 Et

311 677 467 704 mecum
497 663 577 703 noli
607 662 761 702 venire:
791 662 860 702 sed
888 661 1032 702 habita
1060 661 1170 714 apud
1198 661 1413 702 Godoliam
1442 660 1568 701 filium
1597 661 1769 702 Ahicam
1798 661 1864 701 filii
1895 662 2073 715 Saphan,
2105 678 2225 718 quem

311 723 531 775 praeposuit
560 734 630 761 rex
662 720 883 773 Babylonis
914 720 1152 760 civitatibus
1186 720 1305 760 luda:
1338 719 1482 760 habita
1511 732 1603 769 ergo
1634 733 1725 760 cum
1757 734 1801 760 00
1832 721 1873 760 111
1902 722 2035 763 medio
2066 724 2224 777 populi:

309 781 373 821 vel
405 794 663 833 quocumque
695 779 891 832 placuerit
924 779 998 819 tibi
1030 785 1076 819 nt
1107 778 1247 820 vadas.
1282 779 1397 819 vade.
1434 778 1558 818 Dedit
1589 791 1751 831 quoque
1783 779 1816 819 ei
1848 780 2042 832 magister
2071 782 2227 824 militiae

309 840 472 882 cibaria.
497 846 535 879 et
559 837 812 881 munuscula,
837 844 877 878 et
899 838 1052 878 dimisit
1075 850 1179 877 eum.
1233 839 1247 860 ⁶
1270 837 1390 877 Venit
1413 842 1550 877 autem
1575 837 1764 877 lereniias
1787 838 1838 878 ad
1861 838 2076 880 Godoliam
2099 841 2227 882 filium

308 899 478 938 Ahicam
507 898 547 938 111
575 897 808 950 Masphath.
838 902 878 937 et
904 896 1110 936 habitavit
1138 909 1230 936 cum
1258 910 1303 936 eo
1331 896 1371 935 in
1399 895 1531 936 medio
1561 895 1710 948 populi,
1741 897 1808 949 qui
1836 896 1998 938 relictus
2025 898 2160 940 fuerat
2186 900 2226 941 in

308 967 427 997 terra.

567 1031 605 1071 6.
638 1030 861 1070 Godolias
891 1029 1138 1083 praefectus
1168 1029 1306 1070 terrae
1336 1029 1619 1080 interficitur,
1648 1030 1714 1080 40,
1733 1030 1881 1082 7-41,
1901 1031 1966 1071 18.

128 1109 180 1167 BA}
198 1115 267 1167 {pac
421 1105 433 1126 7
452 1103 635 1155 Cumque
654 1101 864 1141 audissent
881 1114 1020 1142 omnes
1037 1100 1239 1154 principes
1257 1100 1470 1143 exercitus.
1492 1099 1559 1153 qui
1578 1100 1745 1153 dispersi
1763 1100 1927 1142 fuerant
1945 1115 2015 1155 per
2030 1103 2224 1156 regiones,

152 1150 284 1208 {¹‚‹.'}‚1li‹¹l¹'
313 1162 387 1215 ipsi
411 1168 449 1202 01
474 1160 568 1202 socii
593 1174 744 1207 eorum,
771 1160 879 1213 quod
903 1159 1148 1213 praefecisset
1170 1172 1241 1200 rex
1265 1159 1488 1213 Babylonis
1511 1159 1725 1200 Godoliam
1750 1159 1877 1200 filium
1900 1160 2072 1201 Ahicam
2096 1167 2224 1208 terrae,

115 1214 292 1280 „nssfijgssssffi
311 1228 349 1262 et
400 1221 507 1274 quod
534 1219 860 1261 commendasset
887 1219 919 1259 ei
946 1219 1065 1266 viros,
1093 1224 1134 1258 et
1158 1218 1356 1260 mulieres,
1385 1222 1426 1258 et
1450 1217 1654 1271 parvulos.
1683 1223 1723 1258 et
1748 1218 1797 1258 de
1822 1220 2070 1272 pauperibus
2095 1226 2224 1268 terrae,

311 1280 378 1333 qui
406 1293 487 1319 11011
515 1279 679 1319 fuera-nt
706 1277 894 1318 translati
922 1278 962 1318 in
991 1276 1257 1331 Babylonem.
1316 1278 1331 1299 ⁸
1359 1277 1567 1317 Venerunt
1596 1277 1647 1317 ad
1674 1277 1887 1318 Godoliam
1917 1278 1957 1319 in
1984 1279 2225 1333 Masphath:

309 1344 350 1379 et
383 1337 558 1379 ‘Ismahel
591 1337 694 1378 filius
729 1336 956 1380 Nathaniae,
991 1342 1032 1377 et
1064 1336 1261 1379 Iohanan.
1296 1341 1335 1376 et
1370 1335 1575 1377 Ionathan
1607 1335 1676 1375 filii
1708 1336 1842 1379 Caree,
1877 1342 1918 1377 et
1948 1337 2090 1378 Sareas
2122 1338 2226 1380 filius

307 1396 635 1442 'l'lianehumeth,
663 1401 704 1436 et
728 1395 797 1436 filii
822 1395 941 1448 Ophi,
970 1395 1038 1448 qui
1063 1401 1179 1436 erant
1204 1395 1252 1435 de
1279 1394 1546 1448 Netophathi,
1574 1399 1615 1435 et
1641 1395 1821 1435 Iezonias
1846 1395 1951 1436 filius
1976 1396 2225 1443 Maachathi,

308 1456 383 1510 ipsi
402 1461 442 1496 et
462 1455 537 1495 viri
556 1468 708 1496 eornm.
759 1456 774 1479 ⁹
797 1454 870 1495 aEt
889 1454 1042 1495 iuravit
1060 1454 1114 1494 eis
1133 1453 1325 1495 Godolias
1345 1453 1449 1494 filius
1468 1453 1640 1494 Ahicam
1660 1453 1729 1493 filii
1749 1453 1927 1506 Saphan,
1949 1461 1990 1495 et
2008 1456 2226 1497 comitibus

307 1528 459 1562 eorum,
494 1515 649 1555 dicens:
684 1513 819 1554 Nolite
852 1513 993 1553 timere
1025 1513 1174 1553 servire
1206 1512 1416 1558 Chaldaeis,
1449 1512 1636 1553 habitate
1668 1512 1708 1552 in
1740 1518 1860 1559 terra,
1895 1518 1936 1553 et
1967 1514 2114 1555 servite
2145 1515 2227 1568 regi

313 1573 544 1627 Babylonis,
579 1578 618 1613 et
651 1573 751 1613 bene
783 1572 859 1612 erit
890 1572 1017 1613 vobis.
1078 1574 1114 1596 ¹⁰
1143 1572 1247 1611 Ecce
1279 1584 1350 1624 ego
1381 1571 1524 1611 habito
1556 1571 1595 1611 in
1627 1571 1849 1624 Masphath
1881 1578 1927 1612 ut
1957 1574 2225 1626 respondeam

307 1638 511 1686 praecepto
549 1631 843 1679 Chaldaeorum,
883 1630 952 1684 qui
987 1630 1213 1670 mittuntur
1248 1630 1299 1670 ad
1336 1643 1426 1670 nos:
1465 1643 1537 1670 vos
1574 1634 1711 1670 autem
1749 1629 1924 1683 colligite
1960 1631 2223 1681 vindemiam,

308 1697 348 1731 et
370 1704 554 1733 messem,
580 1695 621 1730 et
643 1689 788 1738 oleum,
814 1694 855 1729 et
877 1689 1039 1730 condite
1061 1689 1102 1729 in
1125 1688 1232 1729 vasis
1255 1688 1414 1732 vestris.
1439 1693 1479 1728 et
1502 1694 1665 1729 manete
1687 1688 1727 1728 in
1750 1689 1919 1730 urbibus
1942 1691 2099 1737 vestris,
2126 1704 2226 1744 quas

308 1750 468 1791 tenetis.
516 1752 546 1773 ¹¹
565 1749 643 1790 Sed
662 1753 703 1789 et
721 1761 860 1789 omnes
881 1748 1018 1795 Iudaei,
1040 1748 1108 1801 qui
1127 1752 1244 1788 erant
1260 1747 1302 1787 in
1319 1747 1453 1789 Moab.
1475 1752 1514 1788 et
1532 1747 1573 1787 in
1591 1747 1681 1787 filiis
1699 1747 1889 1796 Ammon,
1911 1754 1952 1789 et
1968 1748 2009 1789 in
2029 1749 2224 1794 Idumaea,

308 1815 349 1850 et
374 1809 414 1849 in
441 1808 639 1848 universis
664 1807 908 1860 regionibus,
937 1807 1078 1847 audito
1106 1807 1215 1860 quod
1241 1806 1420 1847 dedisset
1443 1819 1514 1846 rex
1541 1806 1764 1860 Babylonis
1789 1806 1979 1860 reliquias
2004 1808 2046 1848 in
2073 1808 2223 1855 Iudaea,

308 1874 349 1908 et
380 1868 489 1921 quod
518 1866 805 1920 praeposuisset
833 1879 953 1919 snper
981 1879 1047 1907 eos
1076 1865 1292 1906 Godoliam
1322 1864 1449 1905 filium
1478 1865 1649 1905 Ahicam
1679 1864 1748 1905 filii
1776 1865 1961 1918 Saphan:
2019 1868 2050 1891 ¹2
2077 1867 2227 1908 reversi

307 1933 415 1971 sunt,
442 1926 623 1979 inquam,
650 1938 789 1966 omnes
816 1925 942 1966 Iudaei
967 1925 1015 1965 de
1039 1924 1238 1965 universis
1261 1924 1370 1968 locis,
1398 1924 1450 1964 ad
1475 1937 1565 1977 quae
1588 1924 1866 1977 profugerant,
1894 1930 1934 1965 et
1959 1931 2160 1966 venerunt
2183 1926 2225 1967 in

309 1986 474 2025 Terram
501 1985 603 2025 Iuda
628 1984 679 2025 ad
703 1983 919 2025 Godoliam
942 1984 983 2024 in
1006 1983 1247 2037 Masphath:
1273 1988 1314 2023 et
1337 1982 1585 2033 collegerunt
1609 1983 1763 2029 vinum,
1790 1988 1831 2023 et
1854 1996 2025 2025 messem
2049 1984 2225 2025 multam

309 2044 439 2085 nimis.

115 2102 295 2162 Jissiifsslifflss
417 2105 449 2127 ¹³
470 2102 653 2143 Iohanan
674 2107 813 2142 autem
832 2101 937 2142 filius
957 2102 1091 2147 Caree,
1113 2107 1154 2142 et
1173 2114 1312 2142 omnes
1330 2100 1531 2154 principes
1551 2101 1763 2145 exercitus,
1787 2101 1855 2154 qui
1875 2101 2043 2154 dispersi
2062 2101 2227 2143 fuerant

122 2174 209 2197 verba
231 2181 287 2198 non
311 2162 350 2201 in
376 2162 619 2214 regionibus
647 2165 847 2201 venerunt
874 2161 926 2201 ad
951 2160 1165 2201 Godoliam
1190 2160 1231 2200 in
1257 2159 1490 2213 Masphath.
1545 2161 1577 2184 ¹4
1602 2159 1657 2200 Et
1682 2160 1875 2200 dixerunt
1899 2160 1952 2200 ei:
1979 2160 2089 2202 Scito
2117 2161 2227 2214 quod

117 2209 290 2235 ⁶¹⁰‘¹‘'¹¹*⁰¹¹¹·
313 2220 446 2260 Baalis
466 2233 537 2260 rex
556 2219 730 2260 filiorum
751 2219 928 2259 Ammon
948 2219 1060 2259 misit
1081 2218 1257 2259 Ismahel
1276 2218 1404 2258 filium
1426 2218 1644 2259 Nathaniae
1663 2224 1872 2272 percutere
1894 2219 2074 2260 animam
2093 2224 2222 2260 tuam.

309 2279 363 2319 Et
393 2292 473 2320 non
504 2278 676 2319 credidit
705 2278 758 2318 eis
789 2277 980 2319 Godolias
1010 2277 1114 2318 filius
1144 2277 1327 2318 Ahicam.
1387 2279 1417 2301 ¹⁵
1450 2277 1634 2317 Iohanan
1664 2282 1802 2317 autem
1833 2277 1937 2318 filius
1967 2277 2089 2319 Caree
2119 2278 2225 2319 dixit

308 2338 359 2378 ad
393 2337 607 2378 Godoliam
643 2349 824 2377 seorsum
858 2336 898 2376 in
932 2336 1167 2390 Masphath,
1202 2336 1391 2389 loquens:
1429 2336 1514 2380 Ibo,
1551 2341 1592 2376 et
1624 2336 1851 2389 percutiam
1888 2336 2064 2377 Ismahel
2097 2336 2225 2377 filium

309 2396 526 2437 Nathaniae
552 2395 662 2436 nullo
690 2395 854 2443 sciente,
883 2408 933 2435 ne
959 2394 1179 2435 interficiat
1206 2394 1386 2435 animam
1414 2399 1541 2435 tuam.
1572 2400 1613 2435 et
1640 2395 1888 2448 dissipentur
1915 2408 2053 2436 omnes
2083 2395 2222 2445 Iudaei,

307 2455 375 2509 qui
393 2454 626 2508 congregati
643 2459 740 2494 sunt
756 2454 808 2495 ad
824 2459 876 2502 te,
897 2459 938 2494 et
954 2454 1148 2507 peribunt
1163 2453 1343 2507 reliquiae
1361 2453 1475 2494 Iuda.
1523 2455 1558 2477 ¹⁶
1574 2453 1630 2494 Et
1647 2453 1704 2494 ait
1721 2453 1913 2495 Godolias
1930 2453 2035 2494 filius
2051 2454 2224 2495 Ahicam

306 2514 357 2554 ad
392 2514 577 2555 Iohanan
610 2512 736 2553 filium
771 2512 911 2553 caree:
947 2512 1038 2553 Noli
1070 2513 1202 2553 facere
1234 2513 1405 2553 verbum
1438 2512 1532 2553 hoc:
1566 2511 1715 2553 falsum
1748 2512 1855 2553 enim
1889 2517 1934 2553 tu
1966 2512 2142 2566 loqueris
2175 2513 2224 2554 de

316 2572 498 2613 Ismahel.

141 2633 265 2693 {3232211112‘1
415 2631 479 2674 41.
536 2633 548 2654 ¹
580 2631 636 2671 Et
666 2631 821 2671 factum
854 2636 915 2670 est
944 2631 985 2670 in
1016 2644 1154 2671 mense
1184 2630 1370 2684 septimo,
1404 2630 1518 2670 venit
1550 2629 1726 2670 Ismahel
1756 2630 1861 2671 filius
1893 2630 2121 2679 Nathaniae,
2155 2630 2225 2671 filii

186 2692 190 2693 ⁷
254 2689 259 2694 ’
311 2689 492 2730 Elisama
518 2690 566 2730 de
593 2689 744 2730 semine
770 2689 904 2741 regali,
934 2694 975 2729 et
1000 2689 1221 2743 optimates
1247 2689 1361 2742 regis,
1390 2694 1430 2729 et
1457 2689 1595 2729 decem
1621 2689 1697 2729 viri
1724 2702 1816 2729 cum
1844 2702 1901 2733 eo,
1931 2689 1982 2729 ad
2009 2688 2223 2730 Godoliam

306 2748 433 2789 filium
453 2749 624 2789 Ahicam
644 2748 683 2788 in
703 2748 943 2801 Masphath:
964 2752 1005 2788 et
1024 2748 1289 2789 comederunt
1307 2748 1362 2789 ibi
1381 2760 1506 2801 panes
1525 2747 1645 2788 simul
1662 2748 1703 2788 in
1722 2747 1956 2800 Masphath.
2005 2749 2020 2771 '²
2037 2747 2223 2788 Surrexit

305 2813 443 2848 autem
474 2807 650 2847 Ismahel
677 2806 780 2847 filius
810 2806 1039 2850 Nathaniae.
1069 2812 1110 2847 et
1136 2807 1276 2847 decem
1304 2806 1390 2850 viri,
1421 2806 1490 2859 qui
1517 2820 1609 2847 cum
1637 2819 1683 2847 eo
1711 2812 1839 2853 erant,
1870 2812 1910 2847 et
1936 2812 2223 2859 percusserunt

305 2866 520 2907 Godoliam
543 2866 668 2906 filium
692 2865 862 2906 Ahicam
886 2865 955 2905 filii
977 2865 1143 2918 Saphan
1164 2866 1311 2919 gladio.
1336 2871 1378 2906 et
1398 2865 1690 2905 interfecerunt
1712 2878 1817 2909 eum,
1843 2878 1963 2918 quem
1985 2865 2223 2918 praefecerat

305 2938 374 2964 rex
407 2925 629 2978 Babylonis
660 2930 787 2964 terrae.

146 2984 259 3048 qffljjffw
414 2987 429 3008 ³
457 2984 608 3025 Omnes
638 2996 799 3036 quoque
832 2983 1000 3030 ludaeos,
1033 2983 1100 3036 qni
1130 2989 1246 3024 erant
1275 2997 1364 3024 cum
1396 2982 1568 3023 Godolia
1597 2983 1634 3022 in
1664 2982 1897 3035 Masphath.
1929 2987 1969 3023 et
1997 2981 2219 3031 Chaldaeos,

117 3055 288 3093 maman-ns
311 3043 378 3095 qui
407 3043 555 3096 reperti
585 3048 681 3082 sunt
709 3042 775 3086 ibi,
807 3047 848 3082 et
876 3041 983 3082 Viros
1014 3041 1228 3082 bellatores
1257 3041 1456 3095 percussit
1487 3041 1673 3082 Ismahel.
1730 3043 1745 3066 4
1773 3041 1959 3082 Secundo
1989 3045 2128 3081 autem
2157 3041 2221 3081 die

99 3089 288 3151 “'¹,1‘,',³(,¹,s¹„¹]}‘'*
310 3108 527 3154 postquam
560 3101 765 3141 occiderat
795 3100 1023 3147 Godoliam,
1057 3100 1165 3141 nullo
1199 3101 1332 3141 adhuc
1363 3101 1525 3142 sciente.
1585 3103 1600 3124 ⁵
1631 3105 1832 3141 venerunt
1862 3099 1937 3140 viri
1967 3100 2017 3140 de
2047 3099 2218 3142 Sichem.

308 3166 347 3199 01
366 3160 414 3199 (10
432 3161 526 3203 Silo,
547 3166 587 3200 ct
605 3160 654 3200 de
672 3159 857 3201 Samaria
875 3160 1086 3212 octoginta
1102 3159 1195 3200 viri:
1215 3160 1293 3200 rasi
1312 3160 1451 3200 barba.
1472 3165 1513 3200 et
1530 3159 1660 3200 scissis
1679 3159 1873 3204 vestibus,
1894 3164 1934 3198 et
1951 3157 2217 3211 squallentes:

308 3226 346 3258 01
376 3232 553 3263 numera,
584 3224 623 3259 et
652 3218 745 3259 thus
773 3218 983 3259 habebant
1010 3218 1049 3258 in
1076 3231 1213 3267 manu,
1242 3224 1289 3259 ut
1315 3218 1508 3259 offerrent
1532 3217 1573 3258 in
1600 3218 1721 3258 domo
1748 3217 1925 3258 Domini.
1983 3218 1998 3240 θ
2024 3216 2220 3269 Egressus

304 3290 396 3324 ergo
428 3278 594 3317 Ismahel
620 3277 724 3318 filius
753 3277 969 3318 Nathaniae
990 3277 1029 3317 in
1054 3290 1264 3318 occursum
1288 3291 1426 3318 eorum
1451 3277 1499 3317 de
1522 3276 1755 3330 Masphaffl,
1780 3276 1970 3317 incedens
1993 3280 2034 3315 et
2055 3275 2220 3328 plorans

305 3335 409 3375 ibat:
437 3350 526 3375 cnm
554 3343 691 3377 autem
718 3336 957 3377 occurrisset
981 3336 1047 3378 eis.
1074 3336 1179 3377 dixit
1204 3337 1254 3376 ad
1280 3349 1364 3377 eos:
1392 3336 1536 3376 Venite
1562 3336 1613 3376 ad
1638 3335 1853 3376 Godoliam
1878 3334 2005 3374 filium
2030 3333 2215 3375 Ahicam.

306 3395 319 3417 ⁷
350 3395 425 3442 Qui
457 3408 547 3434 cuin
581 3395 785 3436 venissent
814 3395 865 3435 ad
895 3395 1073 3435 medium
1104 3394 1295 3438 civitatis,
1327 3395 1532 3436 interfecit
1560 3408 1626 3436 eos
1658 3393 1833 3435 Ismahel
1862 3392 1966 3434 filius
1996 3391 2216 3434 Nathaniae

437 3497 490 3538 4⁰,
515 3497 535 3530 9
561 3501 597 3530 οε
626 3498 677 3542 Rg
702 3501 754 3538 25,
781 3502 832 3533 24.
