2356 3760
111 850 218 881 reliqua
245 852 272 874 111

131 887 250 910 lii<t=vria

90 929 187 948 regum
202 922 284 945 Iuda.

132 1261 255 1290 Tempus

131 1303 252 1325 imperil.

138 1377 247 1402 malitia

153 1420 232 1439 rems.

137 1497 247 1519 vx'vr‘Slm

141 1531 165 1555 d<
174 1538 244 1555 »nius

114 1566 201 1591 lcrob·
211 1574 273 1595 ram,

114 1973 221 2004 reliqua
247 1975 275 1998 in

106 2009 224 2033 historia
243 2016 282 2034 10-

103 2052 169 2075 gum
187 2044 283 2070 Israel,

134 2267 258 2296 Tempus

133 2309 232 2332 imperi
239 2310 243 2326 1
250 2322 255 2328 .

140 2384 251 2408 mantia

155 2427 236 2446 I‘Osslss,

122 2501 239 2531 prophe—t
247 2503 272 2526 13

159 2538 236 2562 inim.

118 2919 225 2949 reliqua
250 2919 278 2942 in

109 2955 228 2978 historia
246 2961 285 2978 Π·-

107 2989 288 3017 ainohun-12

106 3095 287 3118 additamen—

162 3133 233 3153 tuln.

295 170 372 211 302
1145 166 1291 200 LIBER
1318 167 1343 200 1.
1947 167 1999 206 15,
2026 166 2167 207 19-16,
2193 167 2210 200 7

297 263 527 303 Tabremon
549 260 619 302 filii
643 260 811 306 Hezion,
837 272 970 313 regem
993 259 1131 313 Syriae.
1157 260 1226 313 qui
1248 259 1468 301 habitabat
1489 260 1531 300 in
1553 260 1770 309 Damasco,
1796 259 1951 301 dicens:
2003 262 2038 285 1⁹
2057 260 2211 301 'Foedus

297 327 358 362 est
381 321 488 362 inter
511 334 575 361 me
600 325 640 360 et
665 325 716 363 te,
743 322 785 359 et
808 318 915 358 inter
938 324 1098 371 patrem
1124 331 1259 359 meum
1285 324 1326 359 et
1349 323 1509 372 patrem
1534 324 1672 360 tuum:
1698 319 1788 360 ideo
1813 318 1905 359 misi
1929 318 2005 359 tibi
2028 331 2210 367 munera,

297 384 512 431 argentum
541 385 576 419 et
608 390 772 418 aurum:
801 383 843 418 et
868 382 964 430 peto
992 383 1039 417 ut
1066 377 1217 420 venias.
1247 382 1288 418 et
1314 377 1474 418 irritum
1501 377 1627 418 facias
1654 378 1800 422 foedus,
1831 377 1942 431 quod
1966 377 2092 418 habes
2119 390 2212 418 cum

298 438 431 479 Baasa
448 451 538 487 rege
559 436 693 478 lsrael.
714 442 752 476 et
772 435 933 476 recedat
952 449 975 475 a
992 449 1067 476 me.
1114 438 1149 460 2⁰
1165 436 1436 489 Aequieseens
1456 436 1652 477 Benadad
1669 436 1752 489 regi
1768 437 1863 485 Asa,
1881 435 1995 477 misit
2011 435 2212 489 principes

298 498 497 538 exereitus
530 495 590 536 sui
622 495 662 534 111
694 494 883 535 civitates
917 494 1052 539 Israel,
1086 500 1127 535 et
1158 501 1444 548 percusserunt
1475 494 1622 543 Ahion,
1655 500 1697 536 et
1726 495 1832 543 Dan,
1866 499 1908 536 et
1937 494 2213 535 Abeldomum

297 556 481 599 Maaeha,
519 560 558 594 et
594 553 825 594 universam
863 553 1105 597 Cenneroth,
1143 566 1305 594 omnem
1340 553 1493 594 scilicet
1527 553 1692 593 Terram
1728 552 1964 607 Nephthali.
2027 555 2058 577 ²¹
2094 553 2214 601 Quod

298 627 388 654 011111
415 613 597 654 audisset
620 612 766 654 Baasa.
792 611 1012 652 intermisit
1035 612 1234 653 {edificare
1260 612 1404 660 Rama,
1431 617 1471 652 et
1494 624 1678 653 reversus
1702 616 1764 653 est
1786 611 1827 652 in
1852 612 2015 653 Thersa.
2067 613 2099 636 22
2125 611 2214 652 Rex

298 679 436 713 autem
456 672 540 712 Asa
558 670 753 712 nuncium
774 670 885 710 misit
905 669 945 710 111
966 684 1128 711 0111110111
1150 671 1297 711 111(13111
1317 670 1472 711 (1100113;
1495 670 1624 712 Nemo
1644 670 1698 711 sit
1716 675 1947 712 excusatus.
1969 676 2010 712 et
2029 670 2213 712 tulerunt

298 730 451 784 lapides
479 731 528 771 de
556 731 701 773 Rama,
730 736 771 769 et
796 728 905 782 ligna
931 729 1027 778 eius,
1058 729 1204 783 quibus
1232 729 1507 770 {edificaverat
1534 729 1679 774 Baasa,
1708 734 1749 770 et
1775 728 1960 770 extruxit
1986 730 2035 770 de
2061 729 2116 770 eis
2142 741 2213 769 rex

296 790 376 830 Asa
408 790 551 831 Gabaa
582 787 808 836 Beniamin,
842 794 883 828 et
911 787 1096 841 Maspha.

402 851 434 873 ²³
468 847 641 901 Reliqua
671 851 810 887 autem
842 846 1026 888 omnium
1057 859 1290 888 sermonum
1321 847 1415 896 Asa,
1449 852 1489 887 et
1520 846 1719 887 universa}
1750 846 2013 888 fortitudines
2044 846 2141 895 eius,
2174 851 2216 886 et

298 915 447 948 cuneta
479 919 569 961 quae
599 905 706 947 fecit.
742 911 783 946 et
813 905 1015 955 civitates,
1049 919 1150 959 quas
1182 906 1378 955 extruxit,
1427 919 1562 947 nonne
1592 905 1677 946 haec
1708 906 1861 959 scripta
1891 911 1988 947 sunt
2018 905 2059 946 in
2091 904 2214 946 Libro

298 966 516 1007 verborum
551 965 707 1006 dierum
743 977 883 1017 regum
921 964 1048 1005 Iuda?
1086 964 1380 1006 Verumtamen
1414 964 1456 1005 in
1490 969 1675 1018 tempore
1709 964 1931 1006 senectutis
1967 978 2049 1006 suae
2083 963 2215 1005 doluit

298 1025 432 1078 pedes.
482 1026 514 1049 2⁴
536 1023 590 1064 Et
613 1023 810 1064 dormivit
831 1037 922 1063 011111
945 1023 1132 1077 patribus
1154 1024 1248 1073 suis,
1273 1029 1314 1065 et
1335 1023 1518 1078 sepultus
1541 1030 1602 1064 est
1623 1037 1716 1064 cum
1737 1023 1792 1064 eis
1813 1023 1856 1064 in
1877 1023 2056 1065 Civitate
2076 1021 2214 1064 David

297 1084 425 1137 patris
454 1084 526 1124 sui.
563 1082 871 1135 aRegnavitque
902 1083 1099 1135 Iosaphat
1126 1082 1230 1123 filius
1260 1082 1343 1124 eius
1371 1096 1444 1136 pro
1473 1096 1531 1123 eo.

853 1186 891 1226 3.
922 1185 1077 1226 Nadab
1108 1196 1191 1227 rex
1221 1186 1375 1236 lsrael,
1404 1185 1471 1236 15,
1491 1185 1665 1227 25—32.

402 1259 434 1282 ‘2⁵
464 1258 610 1298 Nadab
640 1271 734 1299 vero
764 1257 868 1298 filius
899 1258 1113 1299 Ieroboam
1141 1257 1330 1311 regnavit
1357 1270 1478 1310 super
1508 1257 1631 1298 Israel
1660 1270 1767 1298 anno
1796 1257 1974 1298 secundo
2002 1257 2086 1298 Asa
2112 1255 2215 1309 regis

305 1317 420 1357 luda:
448 1316 717 1371 regnavitque
743 1330 864 1370 super
892 1316 1015 1357 Israel
1041 1317 1201 1358 duobus
1228 1315 1357 1357 annis.

403 1378 438 1400 '2⁶
464 1376 519 1417 Et
544 1375 640 1416 feeit
667 1376 777 1430 quod
803 1375 957 1416 malum
984 1380 1045 1416 est
1069 1375 1111 1416 in
1137 1380 1358 1429 conspectu
1385 1374 1564 1421 Domini,
1593 1380 1635 1416 et
1659 1375 1891 1416 ambulavit
1916 1375 1957 1415 in
1983 1374 2060 1415 viis
2084 1373 2215 1428 patris

297 1434 369 1477 sui.
401 1441 440 1475 et
468 1435 509 1474 in
536 1434 714 1488 peccatis
743 1434 838 1483 eius,
870 1434 1016 1488 quibus
1044 1447 1211 1488 peccare
1238 1434 1336 1475 fecit
1365 1433 1500 1475 lsrael.

402 1495 436 1517 2⁷
468 1493 689 1534 Insidiatus
719 1498 781 1534 est
810 1499 948 1534 autem
978 1493 1013 1534 ei
1043 1493 1177 1534 Baasa
1206 1492 1310 1533 filius
1339 1492 1454 1534 Ahiae
1483 1493 1532 1534 de
1561 1493 1683 1534 domo
1716 1493 1913 1542 Issachar,
1945 1498 1986 1534 οῖ
2014 1490 2217 1546 percussit

299 1565 391 1593 eum
415 1552 455 1593 in
480 1552 736 1601 Gebbethon,
765 1565 854 1606 quae
879 1558 939 1593 est
964 1552 1059 1593 urbs
1083 1551 1442 1593 Philisthinorum:
1469 1551 1669 1605 siquidem
1696 1551 1843 1593 Nadab
1868 1556 1909 1593 et
1933 1551 2064 1593 omnis
2091 1549 2217 1591 Israel

299 1610 543 1652 obsidebant
574 1611 830 1652 Gebbethon.
891 1612 925 1635 2⁸
958 1611 1170 1652 Interfecit
1200 1623 1292 1664 ergo
1323 1610 1438 1651 illum
1470 1611 1604 1651 Baasa
1634 1610 1675 1651 in
1707 1624 1814 1652 anno
1846 1610 1967 1652 tertio
1998 1611 2082 1651 Asa
2111 1609 2216 1663 regis

300 1670 414 1719 Iuda,
434 1676 473 1711 et
488 1670 676 1723 regnavit
691 1683 763 1724 pro
780 1684 838 1711 eo.
883 1672 918 1694 ‘2⁹
934 1670 1117 1724 Cumque
1133 1674 1352 1723 regnasset,
1375 1669 1595 1723 bpercussit
1610 1683 1773 1711 omnem
1790 1670 1959 1711 domum
1977 1669 2211 1711 Ieroboam:

298 1742 379 1769 non
411 1728 565 1769 dimisit
595 1742 645 1770 ne
676 1742 800 1769 unam
833 1729 997 1783 quidem
1028 1728 1208 1769 animam
1240 1729 1289 1770 de
1319 1728 1471 1769 semine
1502 1728 1598 1778 eius,
1631 1728 1760 1770 donec
1790 1728 1942 1770 deleret
1973 1741 2066 1769 eum
2096 1727 2216 1768 iuxta

300 1788 470 1828 verbum
492 1787 670 1831 Domini.
702 1788 829 1842 equod
850 1787 1010 1829 locutus
1032 1788 1168 1829 fuerat
1188 1787 1230 1829 in
1251 1801 1376 1829 manu
1399 1787 1504 1829 servi
1526 1787 1586 1828 sui
1608 1788 1723 1829 Ahiae
1744 1787 1939 1837 Silonitis,
1990 1789 2027 1812 ³⁰
2047 1791 2217 1841 propter

298 1852 468 1900 peecata
500 1847 725 1896 1010003111,
759 1860 849 1900 quae
879 1852 1132 1901 peccaverat.
1166 1851 1207 1888 et
1238 1847 1385 1900 quibus
1416 1859 1583 1900 peccare
1613 1848 1767 1888 fecerat
1799 1846 1944 1888 Israel:
1978 1851 2019 1887 et
2048 1850 2217 1900 propter

299 1905 506 1947 delictum.
540 1919 619 1959 quo
649 1906 883 1947 irritaverat
912 1906 1137 1948 Dominum
1167 1906 1301 1946 Deum
1333 1905 1468 1947 Israel.

404 1967 435 1989 31
466 1964 640 2018 Reliqua
667 1970 807 2006 autem
835 1978 1069 2007 sermonum
1098 1965 1258 2013 Nadab,
1289 1970 1330 2006 et
1358 1964 1496 2006 omnia
1524 1977 1615 2018 quae
1643 1970 1835 2019 operatus
1864 1969 1937 2013 est,
1968 1977 2103 2005 nonne
2130 1963 2217 2004 haec

299 2023 451 2077 scripta
482 2030 579 2064 sunt
608 2024 649 2064 in
680 2023 802 2065 Libro
834 2024 1052 2066 verborum
1084 2023 1242 2065 dierum
1272 2037 1413 2078 regum
1447 2023 1595 2064 Israel?
1654 2025 1686 2049 ³²
1717 2023 1896 2078 Fuitque
1928 2023 2080 2065 bellum
2110 2022 2218 2063 inter

299 2082 391 2125 Asa.
420 2087 460 2123 et
488 2083 620 2124 Baasa
644 2096 778 2136 regem
806 2083 929 2124 Israel
955 2083 1112 2124 cunetis
1138 2083 1281 2124 diebus
1307 2095 1458 2124 eorum.

832 2187 870 2227 4.
900 2187 1049 2227 Baasa
1079 2197 1162 2227 rex
1192 2186 1346 2238 lsrael,
1375 2186 1442 2237 15,
1462 2186 1636 2238 33-16,
1655 2188 1694 2227 7.

405 2261 438 2283 ³³
460 2259 580 2300 Anno
604 2259 726 2300 tertio
750 2259 833 2299 Asa
855 2259 958 2312 regis
985 2258 1089 2299 Iuda
1111 2258 1299 2313 regnavit
1325 2258 1459 2299 Baasa
1481 2258 1586 2299 filius
1610 2258 1737 2307 Ahiae,
1763 2270 1884 2311 super
1906 2270 2070 2299 omnem
2095 2256 2218 2298 Israel

299 2317 340 2358 in
368 2318 519 2358 Thersa
544 2317 893 2371 vigintiquattuor
919 2318 1047 2359 annis.

405 2379 437 2401 3⁴
456 2377 513 2417 Et
530 2377 627 2417 fecit
646 2376 800 2417 malum
820 2389 957 2417 coram
975 2376 1166 2420 Domino.
1189 2376 1502 2430 ambulavitque
1521 2376 1562 2416 in
1582 2376 1650 2417 via
1671 2376 1896 2421 Ieroboam,
1919 2381 1960 2417 et
1978 2375 2019 2416 in
2038 2375 2217 2429 peccatis

301 2436 397 2478 eius,
429 2435 576 2489 quibus
604 2449 770 2490 peecare
800 2436 896 2476 fecit
927 2435 1061 2477 Israel.

407 2495 470 2538 16.
527 2497 540 2519 1
566 2495 717 2535 Faetus
744 2500 806 2535 est
831 2501 970 2535 autem
997 2507 1127 2536 sermo
1153 2494 1320 2536 Domini
1347 2494 1399 2535 ad
1426 2494 1526 2535 Iehu
1552 2494 1681 2535 filium
1708 2493 1874 2534 Hanani
1900 2498 2044 2535 contra
2070 2493 2215 2541 Baasa,

303 2553 457 2594 dicens:
512 2556 527 2578 2
552 2554 630 2594 Pro
657 2567 703 2594 eo
731 2554 840 2607 quod
867 2553 1047 2594 exaltavi
1074 2558 1114 2594 te
1140 2554 1190 2594 de
1215 2553 1394 2607 pulvere,
1423 2558 1464 2594 et
1489 2553 1607 2607 posui
1633 2558 1673 2594 te
1699 2553 1845 2594 ducem
1871 2565 1993 2606 super
2017 2552 2217 2606 populum

302 2625 437 2653 meum
474 2612 608 2660 Israel,
642 2617 689 2653 tu
722 2620 860 2653 autem
894 2612 1115 2654 ambulasti
1147 2612 1188 2653 in
1221 2612 1288 2653 via
1322 2612 1547 2661 Ieroboam,
1583 2617 1623 2653 et
1655 2624 1821 2666 peccare
1853 2611 1985 2652 fecisti
2017 2611 2217 2665 populum

303 2685 438 2712 meum
468 2671 602 2719 Israel,
633 2676 679 2712 ut
704 2684 768 2711 me
795 2671 972 2712 irritares
999 2672 1040 2712 in
1067 2671 1245 2726 peccatis
1272 2684 1430 2713 eorum:
1485 2673 1501 2696 3
1527 2684 1628 2719 0000,
1658 2684 1730 2725 ego
1758 2671 1964 2711 demetam
1991 2670 2218 2724 posteriora

305 2731 448 2773 Baasa.
477 2736 518 2771 et
543 2730 769 2783 posteriora
794 2730 938 2771 domus
965 2730 1068 2771 eius:
1096 2736 1137 2772 et
1161 2730 1311 2771 faciam
1337 2731 1506 2771 domum
1532 2735 1648 2770 tuam
1675 2730 1781 2770 sicut
1806 2729 1975 2770 domum
2003 2729 2217 2771 Ieroboam

303 2789 373 2829 filii
400 2790 550 2830 Nabat.
605 2791 620 2813 ⁴
647 2789 747 2838 dQui
774 2794 960 2830 mortuus
986 2789 1110 2831 fuerit
1135 2790 1184 2830 de
1211 2789 1345 2830 Baasa
1370 2789 1411 2830 in
1438 2789 1620 2837 civitate,
1649 2789 1864 2830 comedent
1891 2801 1984 2829 eum
2011 2801 2149 2829 canes:
2176 2793 2219 2829 et

305 2848 372 2901 qui
402 2854 587 2889 mortuus
616 2848 739 2889 fuerit
768 2861 817 2888 ex
846 2862 891 2889 eo
922 2848 961 2888 in
991 2848 1163 2902 regione.
1196 2849 1412 2890 comedent
1441 2861 1532 2888 eum
1563 2847 1745 2889 volucres
1776 2847 1871 2888 caeli.

408 2909 422 2930 ⁵
451 2907 643 2960 ‘Reliqua
665 2912 804 2948 autem
827 2920 1059 2948 sermonum
1084 2907 1228 2956 Baasa,
1253 2913 1294 2948 et
1316 2920 1584 2961 quaecumque
1606 2907 1714 2956 fecit,
1739 2911 1781 2948 et
1801 2905 1940 2960 praelia
1961 2905 2058 2955 eius,
2082 2918 2216 2947 nonne

304 2965 387 3006 haee
411 2966 561 3019 scripta
584 2972 679 3007 sunt
702 2965 742 3006 in
766 2966 887 3007 Libro
910 2967 1129 3007 verborum
1152 2966 1309 3008 dierum
1331 2979 1471 3020 regum
1497 2965 1644 3007 Israel?
1697 2967 1713 2990 ⁶
1734 2964 1943 3006 Dormivit
1966 2977 2058 3018 ergo
2084 2965 2218 3005 Baasa

302 3038 392 3065 cum
424 3025 609 3078 patribus
638 3025 731 3073 suis,
763 3024 1028 3079 sepultusque
1057 3031 1117 3066 est
1146 3025 1186 3065 in
1216 3025 1386 3066 Thersa:
1417 3030 1458 3066 et
1485 3024 1672 3079 regnavit
1700 3024 1777 3065 Ela
1805 3023 1909 3064 filius
1939 3023 2023 3064 eius
2052 3036 2125 3078 pro
2155 3036 2214 3064 eo.

411 3085 423 3107 ⁷
455 3084 555 3124 (11111
588 3089 725 3124 autem
757 3084 798 3124 in
829 3097 953 3124 manu
988 3084 1086 3124 Iehu
1118 3084 1187 3124 filii
1220 3084 1383 3125 Hanani
1415 3084 1626 3137 prophetae
1656 3084 1827 3125 verbum
1858 3082 2026 3124 Domini
2056 3082 2216 3123 factum

304 3148 408 3183 esset
436 3148 576 3183 contra
608 3143 750 3188 Baasa,
781 3148 821 3183 et
849 3149 992 3183 0011113
1019 3143 1186 3184 (1011111111
1216 3143 1311 3187 eius,
1342 3148 1382 3184 et
1409 3149 1553 3183 contra
1580 3156 1699 3184 omne
1726 3141 1893 3190 malum,
1925 3142 2036 3195 quod
2062 3141 2217 3182 fecerat

303 3214 438 3242 0013111
468 3201 657 3249 Domino,
689 3202 740 3242 ad
769 3201 1014 3242 irritandum
1044 3215 1136 3243 eum
1165 3202 1205 3242 in
1236 3201 1424 3256 operibus
1453 3215 1652 3242 manuum
1681 3214 1859 3250 suarum,
1891 3205 1938 3241 ut
1966 3199 2082 3241 fieret
2110 3199 2217 3241 sicut

303 3259 447 3300 domus
477 3261 705 3302 Ieroboam:
733 3260 784 3302 ob
809 3261 914 3302 hanc
939 3273 1103 3302 eausam
1130 3261 1277 3302 occidit
1302 3274 1407 3310 cum,
1434 3261 1511 3302 hoc
1535 3265 1608 3309 est,
1637 3260 1737 3301 Iehu
1763 3260 1890 3301 filium
1917 3258 2094 3307 Hanani‚
2122 3271 2214 3313 pro-

302 3318 483 3371 phetam.

306 3509 317 3541 }
398 3461 541 3542 1⁴241³2
568 3462 632 3495 Par
659 3464 710 3503 17,
736 3465 765 3497 1.
799 3484 841 3488 -
876 3464 917 3496 29
942 3463 1019 3497 blnf
1041 3464 1095 3505 21,
1121 3464 1172 3497 22.
1206 3484 1247 3488 -—
1284 3463 1370 3508 cSup
1396 3464 1448 3504 14,
1476 3463 1525 3497 10.
1563 3484 1603 3488 —
1639 3465 1690 3505 16,
1723 3463 1744 3496 4
1766 3462 1859 3506 dSup
1884 3462 1936 3503 14,
1970 3463 2022 3496 11.
2056 3482 2098 3486 —
2132 3462 2152 3495 5
2180 3462 2216 3494 e2

322 3510 372 3541 ’ar
433 3511 450 3545 i,
501 3537 506 3541 .
