2356 3760
156 900 264 923 Titum*

174 936 245 960 luuh

141 1005 277 1034 propin-ta

152 1040 262 1069 pluffluu

119 1076 131 1100 l.
140 1081 294 1099 ..πμ-10111111

147 1111 292 1135 describit.

166 2414 263 2431 ‹nnn-*s

137 2443 172 2467 :id
202 2443 293 2472 plane-

160 2481 222 2501 tum
244 2480 271 2501 vt

149 2514 283 2537 ieiunium

126 2549 304 2573 adlini-tatur.

556 497 1508 585 PROPHETIA
1595 497 1989 586 IOEL.

662 724 701 773 I.
740 724 880 774 Duae
920 738 1109 774 causae
1150 723 1523 788 poenitentiae,
1563 724 1776 785 1‚1-—2,
1807 725 1877 775 17.

714 820 752 858 1.
783 819 927 870 Regio
958 830 1040 870 per
1070 819 1274 860 locustas
1305 819 1599 871 depopulata,
1627 820 1831 870 1,1-—20.

316 899 352 941 1.
410 900 420 921 1
453 897 628 937 Verbum
661 895 837 943 Domini,
871 896 981 949 quod
1012 896 1166 936 facturn
1197 900 1258 936 est
1287 895 1340 936 ad
1371 894 1454 936 loel
1483 895 1611 935 filium
1640 895 1826 938 Phatuel.

332 1006 346 1028 2
367 1003 515 1043 Audite
548 1002 619 1042 hoc
650 1013 774 1045 senes,
860 1007 901 1041 et
930 1000 1095 1041 auribus
1126 1000 1320 1054 percipite
1350 1013 1489 1041 omnes
1520 1000 1773 1042 habitatores
1805 1006 1937 1043 terrae:

365 1063 395 1103 si
427 1064 579 1101 laetum
611 1065 670 1099 est
701 1059 810 1100 istud
840 1059 880 1100 in
911 1059 1052 1101 diebus
1083 1059 1240 1107 vestris,
1325 1064 1398 1100 aut
1426 1059 1467 1100 in
1497 1059 1638 1100 diebus
1668 1066 1834 1113 patrum
1866 1061 2119 1102 vestrorum?

332 1124 346 1145 ³
366 1122 495 1173 Super
512 1120 583 1160 hoc
604 1118 690 1159 liliis
709 1118 852 1159 vestris
870 1124 1044 1161 narrate.
1117 1124 1157 1159 et
1174 1118 1244 1159 filii
1262 1118 1385 1159 vestri
1402 1118 1491 1158 filiis
1509 1119 1602 1164 suis,
1674 1125 1715 1160 et
1731 1118 1800 1159 filii
1817 1132 1957 1160 eorum
1972 1121 2225 1174 generationi

576 1177 723 1218 alterae.

333 1241 346 1263 1
370 1238 591 1279 Residuum
622 1249 750 1277 erucae
780 1236 957 1278 comedit
986 1237 1155 1282 locusta.

368 1305 407 1338 et
438 1297 638 1337 residuum
670 1295 838 1336 locustae
868 1296 1045 1337 comedit
1076 1296 1264 1343 bruchus,

368 1364 409 1397 et
438 1356 641 1396 residuum
673 1354 814 1395 bruchi
845 1355 1021 1396 comedit
1051 1355 1206 1409 rubigo.

333 1418 348 1441 ⁵
369 1413 704 1469 Expergiscimini
734 1414 844 1458 ebrii.
930 1419 970 1454 et
999 1413 1104 1460 flete,

369 1481 410 1515 et
440 1474 590 1514 ululate
621 1486 771 1520 omnes,
805 1473 873 1526 qui
893 1473 1030 1514 bibitis
1049 1473 1190 1514 vinum
1209 1473 1249 1513 in
1268 1472 1498 1514 dulcedine:
1572 1472 1766 1526 quoniam
1784 1472 1904 1526 periit
1922 1473 1973 1514 ab
1992 1486 2058 1515 ore
2076 1477 2224 1515 vestro.

333 1535 349 1558 ⁸
369 1534 475 1575 Gens
506 1532 610 1572 enim
642 1532 825 1573 ascendit
854 1545 974 1585 super
1004 1538 1153 1573 terram
1184 1545 1330 1581 meam,
1414 1531 1530 1572 fortis
1561 1537 1602 1572 et
1630 1531 1955 1573 innumerabilis:

370 1593 510 1633 dentes
540 1591 622 1631 eius
654 1596 700 1632 ut
729 1592 870 1632 dentes
900 1591 1044 1632 leonis:
1129 1596 1170 1631 et
1198 1591 1370 1632 molares
1400 1591 1484 1631 eius
1514 1596 1561 1630 ut
1590 1590 1715 1631 catuli
1744 1590 1881 1632 leonis.

334 1653 347 1675 ⁷
368 1651 509 1692 Posuit
540 1650 701 1691 vineam
731 1663 864 1691 meam
894 1650 935 1691 in
965 1650 1183 1694 desertum,
1269 1654 1310 1690 et
1339 1649 1460 1690 ficum
1490 1661 1623 1689 meam
1654 1649 1940 1690 decorticavit:

369 1711 528 1751 nudans
558 1709 750 1762 spoliavit
780 1722 881 1758 eam,
914 1715 955 1750 et
984 1709 1170 1762 proiecit:
1256 1707 1336 1749 albi
1365 1708 1465 1749 facti
1493 1713 1591 1748 sunt
1619 1707 1721 1748 rami
1751 1708 1846 1749 eius.

333 1771 349 1794 s
369 1769 519 1823 Plange
551 1769 665 1822 quasi
695 1768 807 1822 virgo
838 1768 1022 1809 accincta
1051 1781 1166 1809 sacco
1249 1780 1369 1821 super
1398 1767 1531 1807 virum
1561 1767 1790 1820 pubertatis
1820 1780 1913 1808 suae.

334 1831 351 1853 ⁹
369 1828 492 1869 Periit
523 1827 775 1875 sacrificium,
808 1832 849 1868 et
877 1827 1019 1868 libatio
1103 1827 1152 1868 de
1182 1827 1303 1868 domo
1333 1826 1517 1868 Domini:

369 1887 561 1928 luxerunt
590 1887 819 1928 sacerdotes
901 1886 1076 1927 ministri
1106 1885 1284 1927 Domini.

319 1948 354 1972 ¹⁰
370 1946 632 1999 Depopulata
660 1951 722 1986 est
750 1945 870 1999 regio,
953 1945 1060 1986 luxit
1089 1945 1255 1986 humus:

372 2005 563 2059 quoniam
594 2006 857 2046 devastatum
889 2009 950 2045 est
979 2004 1174 2053 triticum,
1259 2004 1474 2045 confusum
1504 2007 1566 2044 est
1594 2002 1749 2052 vinum,
1781 2002 1962 2057 elanguit
1991 2002 2135 2044 oleum.

319 2067 349 2090 11
371 2064 534 2105 Confusi
565 2069 660 2104 sunt
691 2063 885 2117 agricolae,
970 2063 1233 2104 ululaverunt
1263 2062 1456 2104 vinitores

371 2137 490 2177 super
518 2124 736 2167 frumento,
769 2128 810 2163 et
838 2123 1002 2171 hordeo,
1088 2122 1184 2176 quia
1213 2121 1332 2175 periit
1361 2121 1500 2161 messis
1531 2121 1626 2175 agri.

319 2184 350 2208 1²
372 2182 498 2223 Vinea
528 2182 696 2223 confusa
726 2187 798 2229 est,
884 2187 923 2222 et
953 2181 1051 2221 ficus
1082 2180 1280 2234 elanguit:

370 2241 711 2295 malogranatum,
744 2246 785 2281 et
814 2240 962 2293 palma,
995 2246 1034 2280 et
1064 2239 1230 2285 malum,
1316 2244 1357 2280 et
1386 2239 1523 2280 omnia
1550 2238 1658 2292 ligna
1689 2239 1772 2292 agri
1802 2244 2015 2280 aruerunt:

372 2300 468 2354 quia
497 2301 711 2341 confusum
739 2305 801 2341 est
830 2299 1025 2353 gaudium
1056 2312 1080 2339 a
1108 2298 1197 2339 filiis
1228 2298 1451 2340 hominum.

323 2409 352 2430 ¹³
372 2406 581 2459 Accingite
612 2419 695 2448 vos.
728 2410 768 2445 et
798 2404 978 2458 plangite
1007 2404 1249 2449 sacerdotes,
1335 2402 1488 2444 ululate
1517 2402 1691 2443 ministri
1722 2401 1878 2443 altaris:

373 2464 640 2518 ingredimini.
673 2464 820 2504 cubate
849 2464 890 2504 in
919 2476 1034 2504 sacco
1116 2462 1291 2503 ministri
1320 2462 1396 2503 Dei
1425 2461 1521 2502 mei:

374 2524 567 2577 quoniam
598 2523 750 2563 interiit
781 2523 829 2563 de
860 2523 980 2563 domo
1010 2521 1086 2562 Dei
1116 2521 1241 2562 vestri
1323 2521 1576 2570 sacrificium,
1609 2526 1650 2562 et
1677 2520 1832 2562 libatio.

322 2585 352 2607 11
377 2582 657 2624 ³Sanctificate
689 2582 893 2627 ieiunium,
979 2586 1123 2622 vocate
1154 2586 1319 2629 coetum,

374 2647 614 2695 congregate
645 2654 757 2681 senes
840 2653 978 2681 omnes
1008 2640 1260 2680 habitatores
1292 2645 1408 2680 terrae

374 2701 413 2741 in
445 2701 611 2741 domum
641 2700 717 2740 Dei
748 2699 889 2740 vestri:
974 2705 1013 2740 et
1044 2698 1217 2739 clamate
1247 2699 1299 2739 ad
1329 2698 1571 2740 Dominum:

324 2762 354 2783 15
373 2760 409 2800 Α
439 2773 461 2800 a
491 2773 524 2803 a.
558 2759 647 2800 diei.

378 2819 471 2871 quia
501 2831 624 2871 prope
655 2822 716 2858 est
745 2817 828 2858 dies
858 2816 1036 2861 Domini,
1121 2823 1161 2857 et
1192 2816 1307 2870 quasi
1337 2816 1510 2857 vastitas
1541 2828 1564 2856 a
1593 2819 1761 2869 potente
1791 2814 1938 2856 veniet.

328 2878 359 2899 ¹⁶
380 2877 586 2930 Numquid
618 2890 700 2918 non
732 2889 867 2917 coram
901 2875 1024 2917 oculis
1057 2875 1201 2916 vestris
1233 2875 1428 2916 alimenta
1459 2875 1665 2928 perierunt
1750 2874 1799 2915 de
1830 2874 1951 2916 domo
1982 2872 2059 2914 Dei
2089 2873 2229 2921 nostri,

585 2936 739 2978 lzetitia.
772 2940 811 2976 et
842 2934 1066 2975 exultatio?

330 2994 724 3045 17(’01111)1111110111111
756 2994 938 3035 iumenta
967 2994 1007 3034 in
1037 3000 1210 3034 stercore
1240 3007 1325 3042 suo,
1409 2992 1605 3034 demolita
1633 2996 1729 3033 sunt
1758 2991 1913 3040 horrea,

381 3051 584 3103 dissipata}
614 3060 707 3093 sunt
739 3053 964 3106 apotheeae:
1051 3052 1242 3105 quoniam
1274 3051 1488 3093 confusum
1518 3056 1579 3092 est
1608 3050 1802 3092 triticum.

333 3112 363 3133 ¹³
383 3110 485 3156 Quid
519 3111 710 3155 iiiueuuiit
742 3112 904 3154 animal.
989 3111 1221 3163 mugierunt
1250 3124 1386 3164 greges
1417 3110 1615 3151 armenti?

383 3168 483 3215 Quia
517 3182 593 3208 11011
626 3177 683 3209 est
717 3184 862 3223 pascua
895 3171 967 3211 eis:
1052 3170 1121 3211 sed
1151 3176 1191 3210 et
1220 3183 1357 3223 greges
1388 3182 1579 3223 pecorum
1609 3168 1890 3222 disperierunt.

334 3227 443 3265 ¹¹³.»th
479 3235 514 3265 te
549 3227 716 3267 Doiniue
747 3229 949 3270 clamabo:

385 3285 477 3337 quia
511 3286 607 3331 ienis
638 3288 811 3327 eomedit
842 3289 1022 3341 speciosa
1044 3288 1203 3331 deserti,
1281 3292 1319 3327 et
1342 3287 1509 3328 flamma
1529 3286 1739 3327 succendit
1762 3285 1898 3327 onmia
1918 3285 2028 3339 ligna
2047 3284 2230 3338 regionis.

332 3344 368 3366 ²⁰
383 3344 460 3383 Sed
489 3353 526 3383 et
558 3345 693 3383 bestia*
721 3346 814 3389 aeri.
897 3347 1010 3400 quasi
1039 3360 1132 3387 area
1157 3346 1296 3387 sitiens
1324 3347 1506 3392 imbrem,
1536 3349 1806 3398 suspexerunt
1834 3345 1885 3385 ad
1912 3349 1970 3384 te:

385 3402 575 3455 quoniam
611 3403 777 3443 exim-ati
812 3413 904 3446 sunt
940 3406 1071 3446 fontes
1105 3419 1316 3459 aquarum,
1407 3411 1446 3446 et
1479 3404 1580 3459 ignis
1613 3404 1828 3445 devoravit
1860 3402 2041 3456 speciosa
2072 3402 2232 3444 deserti.

467 3530 495 3571 1,
524 3529 562 3562 14
588 3530 662 3563 alu-f
687 3530 716 3563 ’2,
745 3531 794 3564 15.
