2356 3760
114 82 166 120 14,
191 81 310 121 6815,
337 80 378 113 18
862 80 1266 115 PARALIPOMENON
1935 95 2012 135 379

220 176 235 198 ⁶
253 174 490 215 AEdificavit
509 186 670 228 quoque
689 173 807 213 urbes
826 174 1007 214 munitas
1025 174 1066 213 in
1086 174 1199 215 Iuda.
1223 176 1318 228 quia
1337 177 1498 229 quietus
1517 184 1615 227 erat,
1637 186 1677 220 et
1696 183 1805 224 nulla
1824 187 2014 238 tempori-
2078 187 2161 227 1111395

114 233 188 274 bus
215 233 300 274 eius
327 232 434 274 bella
459 236 729 278 surrexerant,
758 243 900 283 pacem
927 232 1104 273 Domino
1132 232 1338 286 largiente.
1398 236 1411 258 ⁷
1439 235 1555 276 Dixit
1582 243 1719 278 autem
1748 241 1875 282 Iudae:
1906 244 2013 284 AEdi-
2052 222 2184 251 ‘mmm'

113 291 278 332 ficemus
313 292 500 332 civitates
533 290 644 333 istas,
680 293 721 329 et
754 289 952 330 vallemus
986 291 1122 339 muris,
1159 297 1199 331 et
1232 293 1466 334 roboremus
1500 295 1691 345 turribus,
1728 303 1767 338 et
1800 302 1938 351 portis,
1974 308 2012 343 et

114 350 222 399 seris,
257 351 385 392 donec
417 363 441 390 a
473 348 585 389 bellis
619 347 759 400 quieta
789 353 886 388 sunt
918 349 1066 397 omnia,
1102 362 1146 390 eo
1182 351 1290 403 quod
1324 352 1597 404 quaesierimus
1628 354 1851 396 Dominum
1884 358 2013 400 Deum

112 414 279 463 patrum
310 413 554 455 nostrorum,
587 412 629 447 et
659 406 816 447 dederit
847 407 963 448 nobis
994 420 1135 460 pacem
1166 421 1238 460 per
1267 422 1423 462 gyrum.
1458 410 1780 455 AEdificaverunt
1810 415 1943 465 igitur,
1977 424 2016 457 et

114 468 270 509 nullum
298 468 339 507 in
368 465 594 506 extruendo
624 464 964 517 impedimentum
993 466 1083 507 fuit.
1830 466 1841 468 '

220 528 234 550 s
252 524 410 566 Habuit
427 530 565 565 autem
582 523 665 564 Asa
680 524 722 564 in
738 524 919 565 exercitu
936 537 1008 566 suo
1026 525 1281 578 portantium
1300 533 1417 567 scuta
1433 533 1473 567 et
1490 528 1629 569 hastas
1647 530 1695 570 de
1715 530 1817 572 Iuda
1834 537 2017 573 trecenta
2061 538 2183 577 1101ῠίΠο

113 584 248 632 11111110,
281 584 329 624 (10
360 582 574 624 Beniamin
603 594 698 623 vero
729 583 999 624 scutariorum
1030 588 1071 624 et
1099 583 1403 637 sagittariorum
1434 586 1611 627 ducenta
1640 589 1849 642 octoginta
1877 591 2013 634 millia,
2040 573 2202 639 [fgiiiffi‘gse

113 655 252 685 omnes
282 642 350 683 isti
381 642 456 683 viri
486 641 707 682 fortissimi.
771 643 786 666 ⁹
816 641 1011 695 Egressus
1042 648 1103 682 est
1134 647 1272 683 autem
1305 648 1447 684 contra
1477 658 1543 685 eos
1575 645 1677 686 Zara
1707 647 1893 701 AEthiops
1925 663 2016 690 cum
2076 644 2169 673 ⁰²⁸²&

112 701 293 742 exercitu
321 714 406 749 suo,
438 700 567 741 decies
596 705 768 741 centena
794 700 932 749 millia,
963 706 1004 741 et
1032 701 1214 742 curribus
1244 702 1453 742 trecentis:
1484 708 1524 743 et
1552 704 1665 745 venit
1693 718 1819 758 usque
1848 707 2014 749 Maresa.

112 762 149 785 1⁰
173 760 299 802 Porro
327 760 411 801 Asa
436 759 615 812 perrexit
641 759 807 800 obviam
835 759 882 807 ei,
912 767 953 799 et
980 759 1176 801 instruxit
1203 760 1330 801 aciem
1359 761 1409 801 ad
1439 761 1588 802 bellum
1616 763 1656 803 in
1685 763 1796 805 Valle
1824 765 2014 818 Sephata,

114 833 204 873 quae
228 823 290 860 est
313 819 432 859 iuxta
454 817 629 858 Maresa:
684 820 715 841 11
740 823 781 859 01
805 818 1016 859 invocavit
1040 818 1263 860 Dominum
1288 819 1434 865 Deum,
1463 825 1503 860 et
1529 820 1603 861 ait:
1636 822 1827 863 aDomine
1852 837 1932 864 non
1958 830 2017 865 est

113 878 224 932 apud
242 882 283 918 te
302 876 385 918 ulla
403 876 602 918 distantia
620 881 758 917 utrum
777 877 818 917 in
837 877 976 930 paucis
996 877 1210 922 auxilieris,
1232 891 1284 919 an
1303 878 1344 918 in
1363 878 1563 931 pluribus:
1586 880 1737 921 adiuva
1755 894 1827 922 nos
1845 882 2018 923 Domine

112 937 222 978 Deus
246 941 401 978 noster:
425 935 468 976 in
490 941 531 976 te
553 935 673 984 enim,
699 941 741 976 et
763 935 804 976 in
827 940 898 976 tuo
922 936 1085 977 nomine
1108 936 1305 977 habentes
1329 937 1519 978 fiduciam
1542 938 1727 980 venimus
1750 946 1893 981 contra
1914 940 2018 981 hanc

111 994 432 1036 multitudinem.
453 994 640 1038 Domine,
660 994 772 1035 Deus
789 999 928 1036 noster
946 1000 992 1035 tu
1011 1008 1062 1040 es,
1084 1008 1165 1036 non
1184 995 1405 1049 praevaleat
1424 1001 1567 1037 contra
1584 1002 1624 1038 te
1642 998 1775 1040 homo.
1824 1001 1854 1023 12
1873 999 2018 1040 Exter-

112 1054 194 1095 ruit
218 1055 359 1108 itaque
383 1054 584 1094 Dominus
610 1053 822 1107 AEthiopes
848 1066 983 1094 coram
1010 1054 1093 1095 Asa
1116 1060 1157 1095 et
1183 1054 1304 1095 Iuda:
1331 1055 1604 1109 fugeruntque
1629 1056 1852 1110 AEthiopes.
1908 1060 1938 1083 ¹3
1963 1059 2018 1099 Et

111 1118 349 1167 persecutus
378 1118 439 1153 est
468 1125 534 1154 eos
563 1112 657 1158 Asa,
689 1118 730 1153 et
758 1112 945 1165 populus,
978 1113 1047 1166 qui
1077 1126 1168 1153 cum
1198 1127 1243 1155 eo
1274 1120 1372 1159 erat,
1414 1127 1541 1167 usque
1571 1115 1739 1156 Gerara:
1781 1122 1821 1157 et
1849 1123 2018 1159 ruerunt

112 1172 324 1226 AEthiopes
348 1184 476 1225 usque
500 1171 552 1212 ad
574 1171 903 1220 internecionem,
931 1172 1027 1225 quia
1048 1172 1225 1213 Domino
1250 1173 1429 1213 caedente
1453 1173 1617 1213 contriti
1641 1179 1747 1219 sunt,
1775 1180 1815 1215 et
1838 1176 2016 1216 exercitu

112 1231 216 1272 illius
246 1230 467 1285 praeliante.
502 1229 700 1271 Tulerunt
730 1243 822 1284 ergo
852 1230 982 1283 spolia
1010 1230 1153 1277 multa,
1213 1233 1245 1255 14
1276 1236 1316 1272 et
1346 1237 1632 1284 percusserunt
1662 1233 1849 1274 civitates
1879 1247 2017 1275 omnes

112 1303 183 1344 per
216 1290 431 1331 circuitum
466 1289 644 1330 Gerarae:
679 1289 843 1343 grandis
879 1289 1029 1342 quippe
1063 1294 1232 1330 cunctos
1266 1294 1395 1330 terror
1428 1290 1652 1331 invaserat:
1689 1296 1730 1332 et
1764 1292 2018 1345 diripuerunt

111 1349 242 1397 urbes,
278 1354 319 1389 et
350 1347 524 1389 multam
556 1348 736 1400 praedam
770 1352 1098 1400 asportaverunt.
1161 1349 1192 1372 ¹⁵
1224 1348 1303 1389 Sed
1336 1353 1377 1388 et
1409 1348 1545 1389 caulas
1577 1350 1715 1390 ovium
1749 1350 2014 1398 destruentes,

113 1407 296 1449 tulerunt
335 1419 525 1460 pecorum
567 1406 769 1446 infinitam
810 1405 1130 1454 multitudinem,
1173 1411 1214 1447 et
1254 1406 1518 1448 camelorum:
1574 1409 1803 1462 reversique
1843 1414 1939 1450 sunt
1978 1410 2018 1450 in

114 1466 343 1507 Ierusalem.

216 1525 280 1567 15.
336 1526 349 1548 1
378 1524 545 1564 ΑΖο1103
575 1529 713 1564 01110111
743 1522 848 1564 filius
877 1523 1006 1570 Oded,
1037 1524 1148 1565 facto
1177 1525 1218 1565 in
1248 1538 1288 1565 se
1318 1525 1461 1578 spiritu
1492 1526 1579 1571 Dei,
1638 1528 1652 1550 ²
1681 1539 1861 1580 egressus
1890 1533 1950 1568 est
1979 1527 2019 1568 in
2045 1532 2206 1572 absszaffl

111 1596 322 1625 occursum
348 1583 442 1630 Asa,
471 1588 512 1623 et
538 1582 641 1623 dixit
668 1582 721 1623 ei:
749 1582 900 1623 Audite
925 1595 991 1623 me
1014 1583 1110 1629 Asa,
1138 1588 1179 1624 et
1204 1584 1335 1625 01111113
1364 1584 1467 1625 Iuda
1491 1590 1533 1625 et
1559 1585 1790 1626 Beniamin:
1818 1586 2018 1627 Dominus
2036 1568 2216 1593 mmmmm*

111 1642 335 1687 vobiscum,
359 1642 454 1695 quia
472 1641 607 1682 fuistis
626 1654 717 1682 cum
737 1654 795 1682 00.
816 1641 857 1682 Si
878 1641 1116 1695 quaesieritis
1134 1655 1239 1687 eum,
1260 1642 1493 1683 invenietis:
1515 1643 1547 1684 si
1565 1649 1704 1684 autem
1724 1644 2018 1698 dereliqueritis

111 1715 216 1749 eum,
245 1700 500 1754 derelinquet
524 1713 609 1741 vos.
663 1702 678 1725 3
705 1700 956 1741 Transibunt
982 1706 1120 1741 autem
1146 1701 1266 1742 multi
1292 1702 1376 1742 dies
1401 1702 1442 1742 in
1470 1702 1593 1743 Israel
1619 1703 1772 1757 absque
1797 1704 1883 1745 Deo
1910 1717 2017 1752 vero,

112 1766 153 1802 et
175 1760 329 1814 absque
351 1760 561 1801 sacerdote
584 1759 762 1805 doctore,
789 1764 829 1800 et
852 1759 1006 1813 absque
1028 1759 1125 1813 lege.
1177 1762 1192 1784 ⁴
1215 1760 1398 1814 Cumque
1420 1761 1570 1802 reversi
1592 1762 1743 1803 fuerint
1766 1762 1807 1803 in
1831 1763 2020 1816 angustia

111 1832 186 1860 sua
210 1819 264 1860 ad
290 1819 514 1860 Dominum
541 1818 676 1859 Deum
705 1817 840 1865 Israel,
870 1824 911 1859 et
938 1819 1170 1871 quaesierint
1198 1832 1302 1867 eum,
1331 1820 1533 1873 reperient
1560 1834 1664 1862 eum.
1719 1823 1734 1845 5
1763 1821 1810 1862 In
1837 1826 2019 1875 tempore

111 1878 177 1920 illo
200 1892 282 1920 non
305 1878 380 1919 erit
400 1891 482 1931 pax
505 1877 725 1930 egredienti
748 1882 789 1917 et
810 1877 1063 1930 ingredienti,
1088 1878 1157 1918 sed
1179 1883 1351 1919 terrores
1372 1878 1552 1932 undique
1573 1880 1614 1920 in
1636 1880 1792 1920 cunctis
1813 1880 2019 1922 habitato-

110 1937 222 1978 ribus
244 1942 463 1978 terrarum:
518 1938 533 1959 ⁶
555 1936 757 1989 pugnabit
780 1936 886 1976 enim
909 1949 1006 1989 gens
1030 1941 1173 1977 contra
1193 1942 1369 1990 gentem,
1395 1943 1436 1978 et
1459 1938 1603 1978 civitas
1627 1944 1770 1979 contra
1793 1939 2015 1985 civitatem,

112 1996 208 2050 quia
229 1996 431 2037 Dominus
455 1995 718 2036 conturbabit
742 2008 808 2036 eos
832 1995 872 2035 in
897 1995 1007 2036 omni
1031 1996 1232 2048 angustia.
1287 1997 1301 2020 ⁷
1326 1996 1408 2037 Vos
1430 2009 1522 2050 ergo
1547 1997 1846 2042 confortamini,
1873 2003 1913 2038 et
1937 2011 2017 2039 non

110 2054 388 2096 dissolvantur
415 2067 561 2094 manus
591 2058 753 2094 vestrae:
785 2053 859 2094 erit
890 2054 995 2094 enim
1026 2067 1176 2095 merces
1206 2055 1316 2108 operi
1345 2061 1493 2096 vestro.

217 2114 232 2137 ⁸
256 2113 376 2162 Quod
400 2126 493 2153 cum
518 2112 697 2153 audisset
721 2112 804 2152 Asa
826 2112 953 2153 verba
977 2112 1139 2159 30111001,
1167 2118 1207 2153 et
1232 2113 1489 2167 prophetiam
1514 2114 1668 2155 Azariae
1693 2115 1762 2156 filii
1787 2115 1902 2156 Oded
1927 2129 2016 2169 pro—
2069 2115 2188 2176 Pultfflm.

109 2172 255 2226 phetae,
286 2172 543 2214 confortatus
570 2176 643 2217 est,
673 2177 714 2212 et
742 2171 913 2212 abstulit
941 2171 1049 2212 idola
1076 2172 1125 2212 de
1154 2173 1264 2213 omni
1292 2178 1401 2213 terra
1430 2173 1543 2219 Iuda,
1574 2178 1615 2214 et
1642 2174 1691 2214 de
1720 2174 1946 2219 Beniamin,
1977 2180 2018 2215 et
2058 2158 2179 2217 ‘fiiioetff
2181 2158 2190 2177 ¹

110 2245 160 2272 ex
185 2231 366 2279 urbibus,
397 2244 498 2284 quas
525 2236 699 2284 ceperat,
728 2230 880 2271 montis
907 2230 1116 2284 Ephraim,
1147 2236 1187 2272 et
1214 2232 1421 2272 dedicavit
1448 2231 1575 2273 altare
1602 2233 1767 2274 Domini
1795 2233 1904 2286 quod
1931 2238 2017 2274 erat

110 2295 206 2331 ante
242 2290 446 2344 porticum
483 2290 662 2333 Domini.
731 2291 746 2314 ⁹
783 2289 1136 2343 Congregavitque
1174 2290 1407 2331 universum
1450 2291 1593 2332 Iudam
1632 2296 1673 2332 et
1711 2292 1936 2336 Beniamin,
1976 2297 2017 2332 et

111 2350 290 2390 advenas
317 2362 409 2390 cum
436 2349 492 2390 eis
518 2349 567 2390 de
594 2348 803 2402 Ephraim,
833 2355 873 2389 et
900 2349 948 2389 de
974 2349 1173 2393 Manasse.
1203 2354 1243 2390 et
1269 2350 1318 2390 de
1344 2350 1524 2391 Simeon:
1552 2350 1687 2403 plures
1713 2351 1819 2391 enim
1846 2351 1898 2391 ad
1923 2364 2015 2391 eum

111 2408 379 2461 confugerant
398 2421 448 2449 ex
470 2407 604 2455 Israel,
626 2408 813 2448 videntes
834 2408 944 2461 quod
962 2407 1164 2449 Dominus
1183 2409 1294 2449 Deus
1314 2408 1418 2449 illius
1438 2414 1543 2449 esset
1563 2422 1653 2449 cum
1674 2422 1732 2450 eo.
1781 2411 1816 2434 1⁰
1834 2410 2017 2463 Cumque

110 2467 318 2508 venissent
334 2467 375 2507 in
394 2466 612 2507 Ierusalem
630 2479 767 2507 mense
784 2467 918 2515 tertio,
939 2480 1045 2508 anno
1064 2467 1368 2521 decimoquinto
1386 2468 1497 2521 regni
1512 2468 1606 2516 Asa,
1654 2470 1683 2492 11
1701 2468 2017 2510 immolaverunt

110 2526 287 2567 Domino
313 2526 354 2567 in
381 2526 444 2567 die
469 2525 537 2566 illa
562 2526 611 2566 de
637 2525 852 2571 manubiis,
881 2531 922 2566 et
946 2526 1095 2579 praeda,
1126 2539 1249 2580 quam
1276 2527 1546 2570 adduxerant.
1575 2527 1698 2568 boves
1724 2528 2014 2581 septingentos,

111 2590 152 2626 et
183 2585 327 2626 arietes
358 2589 515 2639 septem
546 2584 684 2626 millia.
759 2586 790 2609 1²
836 2584 892 2625 Et
922 2585 1095 2626 intravit
1126 2598 1174 2626 ex
1205 2598 1317 2627 more
1348 2586 1400 2626 ad
1432 2586 1774 2627 corroborandum
1806 2586 1940 2627 foedus
1970 2591 2017 2626 ut

112 2648 338 2697 quaererent
364 2644 587 2685 Dominum
615 2644 749 2684 Deum
776 2648 943 2697 patrum
971 2657 1136 2685 suorum
1164 2644 1206 2685 in
1233 2649 1323 2686 toto
1352 2645 1482 2689 corde,
1513 2650 1554 2686 et
1580 2645 1621 2686 in
1650 2649 1740 2686 tota
1767 2645 1903 2685 anima
1930 2658 2013 2685 sua.

112 2705 143 2727 ¹3
163 2703 205 2744 Si
227 2703 316 2757 quis
338 2708 488 2751 autem,
512 2702 658 2756 inquit,
683 2715 764 2743 non
787 2703 989 2756 quaesierit
1010 2703 1234 2744 Dominum
1255 2704 1388 2744 Deum
1413 2703 1547 2751 Israel,
1571 2704 1779 2751 moriatur,
1804 2717 1827 2743 a
1847 2703 2015 2745 minimo

110 2774 238 2816 usque
266 2762 319 2803 ad
345 2762 585 2806 maximum,
616 2774 640 2802 a
666 2761 753 2803 Viro
782 2775 911 2815 usque
939 2762 991 2802 ad
1019 2761 1239 2803 mulierem.
1298 2764 1330 2787 14
1359 2762 1685 2816 Iuraveruntque
1712 2762 1887 2804 Domino
1917 2775 2016 2803 voce

110 2833 260 2874 magna
282 2821 324 2861 in
347 2820 484 2869 iubilo,
512 2825 553 2861 et
577 2820 618 2861 in
644 2819 829 2874 clangore
853 2821 976 2865 tubae,
1004 2826 1046 2862 et
1069 2821 1110 2861 in
1135 2821 1271 2862 sonitu
1298 2822 1561 2863 buccinarum
1587 2823 1618 2845 ¹5
1643 2834 1781 2862 omnes
1807 2821 1874 2875 qui
1900 2826 2016 2862 erant

109 2880 151 2920 in
175 2879 280 2920 Iuda
302 2892 394 2920 cum
417 2879 691 2920 execratione:
716 2879 757 2920 in
781 2880 891 2920 omni
914 2879 1022 2920 enim
1046 2880 1164 2921 corde
1188 2893 1259 2921 suo
1284 2880 1534 2927 iuraverunt,
1561 2885 1601 2920 et
1622 2880 1664 2920 in
1687 2884 1778 2922 tota
1801 2879 2015 2921 voluntate

111 2938 357 2992 quaesierunt
386 2952 490 2983 eum,
522 2943 563 2979 et
590 2938 854 2979 invenerunt:
884 2938 1138 2992 praesititque
1167 2939 1222 2980 eis
1250 2939 1450 2980 Dominus
1479 2939 1658 2992 requiem
1687 2952 1758 2992 per
1786 2938 2012 2980 circuitum.

110 2999 145 3021 1⁶
172 2997 253 3038 Sed
289 3002 330 3038 et
366 2997 581 3038 Maacham
618 3002 793 3037 matrem
823 2997 903 3037 Asa
941 2998 1044 3051 regis
1081 3011 1131 3038 ex
1168 3003 1341 3052 augusto
1371 2998 1560 3051 deposuit
1596 2997 1782 3051 imperio,
1824 3011 1868 3039 00
1906 2998 2015 3051 quod

109 3056 270 3097 fecisset
298 3056 340 3097 in
368 3056 459 3097 luco
489 3055 750 3096 simulacrum
778 3056 934 3109 Priapi:
974 3057 1083 3110 quod
1121 3070 1240 3098 omne
1278 3056 1484 3100 contrivit,
1525 3061 1565 3097 et
1601 3057 1641 3097 in
1678 3057 1810 3097 frusta
1850 3056 2015 3097 commi-

110 3128 237 3156 nuens
266 3115 490 3157 combussit
519 3115 560 3155 in
587 3115 781 3156 Torrente
808 3115 974 3156 cedron:
1029 3117 1063 3140 ¹⁷
1090 3115 1263 3156 Excelsa
1290 3120 1427 3156 autem
1455 3115 1647 3156 derelicta
1673 3120 1769 3156 sunt
1803 3115 1843 3155 in
1872 3114 2012 3156 Israel:

109 3178 295 3215 attamen
329 3187 397 3216 cor
430 3174 513 3215 Asa
548 3177 635 3214 erat
673 3173 900 3226 perfectum
940 3174 1097 3215 cunctis
1136 3174 1278 3215 diebus
1317 3174 1411 3215 eius.
1472 3176 1506 3198 13
1537 3174 1678 3227 anue
1718 3187 1806 3228 quae
1844 3178 2014 3215 voverat

108 3237 227 3286 pater
256 3245 364 3278 suus,
397 3237 438 3274 et
467 3233 564 3286 ipse,
593 3231 734 3273 intulit
762 3232 803 3273 in
833 3233 1000 3275 domum
1023 3233 1202 3282 Domini,
1228 3237 1454 3288 argentum,
1482 3238 1523 3274 et
1553 3246 1709 3283 aurum,
1743 3244 2013 3286 vasorumque

109 3291 313 3332 diversam
342 3291 645 3345 supellectilem.

242 3418 294 3458 14,
320 3419 358 3452 11
386 3420 423 3452 2²1
448 3418 506 3452 Sm
531 3419 584 3459 14,
609 3418 640 3454 6.
