2356 3760
114 97 145 135 3,
172 97 290 135 14-4,
315 95 356 128 13
952 93 1186 126 NEHEMIAE
1933 104 2009 144 413

116 196 157 230 et
185 197 333 231 vectes.
364 194 406 229 et
433 187 541 228 mille
570 187 727 228 cubitos
757 185 796 224 in
826 198 940 226 muro
971 199 1098 238 usque
1127 187 1178 226 ad
1207 193 1368 239 portam
1398 190 1648 241 sterquilinii.
1706 195 1736 216 1⁴
1765 194 1820 234 Et
1848 201 2008 247 portam

116 247 355 301 sterquilinii
393 246 610 287 aedificavit
646 243 838 285 Melchias
875 243 979 284 filius
1019 244 1195 291 Rechab,
1235 246 1419 299 princeps
1456 247 1534 287 vici
1574 249 1887 292 Bethacharam:
1926 254 2009 306 ipse

116 306 334 347 aedificavit
363 319 464 350 eam,
497 310 537 345 et
566 302 714 343 statuit
743 301 885 342 valvas
915 303 1009 346 eius,
1042 308 1083 343 et
1112 316 1230 347 seras,
1263 310 1303 345 et
1332 310 1479 346 vectes.
1553 308 1584 331 15
1615 307 1669 347 Et
1697 314 1857 360 portam
1886 311 2009 352 fontis

115 365 334 406 aedificavit
362 363 498 405 Sellun
527 361 631 401 filius
661 360 875 409 Cholhoza‚
916 361 1100 414 princeps
1130 362 1222 414 pagi
1252 363 1440 416 Maspha:
1482 364 1564 416 ipse
1594 365 1810 407 aedificavit
1840 381 1939 412 eam,
1971 375 2011 410 et

118 424 233 473 texit,
262 430 302 465 et
327 421 475 463 statuit
499 420 642 460 valvas
667 419 763 462 eius,
791 425 831 460 et
856 432 974 461 seras,
1003 426 1042 460 ct
1068 425 1214 465 vectes,
1243 427 1283 461 et
1308 435 1443 463 muros
1469 423 1630 475 piscina}
1654 424 1758 465 siloe
1783 425 1822 465 in
1847 426 2010 466 hortum

117 484 230 534 regis,
251 489 292 523 et
309 493 435 533 usque
455 479 507 520 ad
523 479 684 529 gradus,
706 478 773 531 qui
792 478 1045 518 descendunt.
1062 479 1111 519 de
1130 478 1305 519 Civitate
1324 481 1471 521 David.
1520 483 1553 505 ¹⁶
1572 482 1666 522 Post
1687 496 1777 523 eum
1796 484 2013 525 aedificavit

120 540 334 583 Nehemias
351 538 456 579 filius
471 538 608 578 Azboc
626 537 810 590 princeps
828 537 1005 577 dimidiae
1022 537 1149 590 partis
1167 537 1243 577 vici
1264 538 1438 578 Bethsui·
1455 553 1582 592 usque
1599 547 1741 581 contra.
1757 542 2011 594 sepulchrum

118 599 252 641 David
274 605 315 639 et
339 610 463 650 usque
487 597 538 637 ad
560 596 768 649 piscinam,
794 609 883 649 quae
903 596 1046 648 grandi
1069 609 1186 649 opere
1209 602 1445 638 constructa
1465 604 1537 643 est,
1562 604 1603 638 et
1625 612 1750 651 usque
1774 601 1825 640 ad
1846 602 2013 642 domum

116 658 296 699 fortium.
342 659 374 681 ¹³
392 657 490 697 Post
506 668 593 695 eum
613 655 916 695 {edificaverunt
934 655 1098 698 Levitae,
1120 655 1279 695 Rehuni
1296 655 1401 695 filius
1418 656 1564 696 Benni:
1582 664 1672 709 post
1690 671 1780 698 eum
1797 660 2015 701 aedificavit

119 716 317 758 Hasebias
336 715 523 769 princeps
543 713 719 754 dimidiae
741 714 867 766 partis
888 713 965 753 vici
986 714 1102 754 (¹011ae
1122 714 1161 754 in
1183 714 1272 754 vico
1293 727 1377 755 suo.
1427 716 1461 738 ¹⁸
1481 716 1579 756 Post
1600 729 1690 755 eum
1712 717 2015 759 aedificave1·11nt

118 779 262 816 tratres
284 787 422 816 eorum
446 773 575 813 Bavai
597 772 701 812 filius
724 772 908 815 Enadad.
934 773 1119 825 princeps
1141 773 1317 813 dimidiae
1340 773 1467 826 partis
1489 773 1615 814 (seila).
1667 776 1701 798 1⁹
1723 775 1778 815 Et
1799 776 2015 817 {edificavit

118 835 235 875 iuxta
251 847 343 875 eum
360 833 463 873 Azer
481 832 585 872 filius
605 832 732 875 losue,
754 832 939 884 princeps
956 832 1129 884 Maspha
1145 845 1376 872 mensuram
1394 833 1625 877 secundam,
1647 839 1790 874 contra
1806 847 2014 875 ascensum

117 893 333 934 firmissimi
355 891 502 945 anguli.
554 893 589 914 ²⁰
610 891 708 931 Post
730 904 821 931 eum
844 890 885 930 in
907 897 1045 931 monte
1068 890 1285 931 aedificavit
1308 891 1468 931 Baruch
1492 891 1594 931 filius
1617 892 1762 932 Zachai
1785 906 2014 934 mensuram

117 952 348 997 secundam,
379 951 429 991 ab
458 949 604 1003 angulo
633 963 759 1003 usque
788 949 839 990 ad
866 955 1027 1002 portam
1056 950 1200 991 domus
1228 949 1381 991 Eliasib
1409 951 1628 992 sacerdotis
1655 952 1803 1001 magni.
1859 954 1890 976 2¹
1918 952 2017 993 Post

116 1025 209 1052 eum
240 1010 458 1052 aedificavit
487 1008 706 1049 Merimuth
739 1008 843 1048 filius
876 1008 981 1049 Uriae
1012 1008 1081 1049 filii
1112 1009 1285 1053 Haccus.
1318 1022 1547 1049 mensuram
1580 1003 1811 1057 secundam,
1845 1024 1869 1051 a
1898 1016 2018 1064 porta

117 1071 262 1112 domus
288 1069 453 1115 Eliasib,
482 1068 609 1109 donec
636 1068 923 1108 extenderetur
949 1068 1093 1108 domus
1119 1068 1284 1108 Eliasib.
1340 1070 1371 1092 ²2
1397 1068 1452 1109 Et
1478 1073 1570 1121 post
1596 1082 1686 1109 eum
1713 1069 2017 1110 aedificaverunt

117 1129 345 1170 sacerdotes
378 1127 453 1168 viri
487 1127 536 1168 de
570 1127 864 1179 campestribus
902 1127 1094 1168 Iordanis.
1157 1129 1189 1151 23
1222 1127 1320 1167 Post
1353 1140 1444 1167 eum
1478 1127 1697 1167 aedificavit
1731 1129 1941 1169 Beniamin
1976 1134 2017 1169 et

119 1189 261 1229 Hasub
296 1192 438 1228 contra
471 1187 638 1227 domum
672 1199 806 1226 suain:
842 1191 882 1226 et
916 1192 1008 1239 post
1041 1199 1133 1226 eum
1167 1186 1385 1226 aedificavit
1417 1185 1582 1225 Azarias
1617 1186 1720 1226 filius
1753 1187 1914 1228 Maasiae
1948 1188 2016 1228 filii

118 1247 286 1288 Ananiae
308 1252 451 1287 contra
473 1246 640 1286 domum
665 1258 791 1286 suam.
844 1247 874 1269 ²⁴
899 1245 995 1286 Post
1019 1258 1108 1285 euin
1133 1244 1352 1285 &edificavit
1376 1244 1532 1284 Bennui
1557 1244 1661 1284 filius
1685 1245 1885 1286 Henadad
1907 1260 2017 1287 men—

118 1320 253 1347 suram
270 1305 502 1353 secundam,
523 1317 546 1344 a
562 1304 682 1345 domo
699 1304 853 1344 Azariae
871 1317 997 1356 usque
1014 1304 1065 1343 ad
1084 1303 1293 1348 flexuram,
1313 1308 1353 1343 et
1369 1316 1496 1356 usque
1514 1303 1563 1343 ad
1582 1303 1786 1353 angulum.
1831 1307 1863 1329 “-5
1879 1305 2017 1345 Phalel

120 1366 222 1406 filius
248 1365 320 1405 Ozi
345 1370 488 1405 contra
514 1363 710 1403 flexuram
736 1369 777 1402 et
802 1362 957 1406 turrim.
986 1375 1074 1415 quae
1099 1362 1250 1402 eminet
1274 1362 1323 1401 de
1348 1362 1468 1402 domo
1494 1362 1594 1413 regis
1620 1362 1786 1410 excelsa,
1814 1363 1853 1404 id
1879 1369 1950 1408 est,
1977 1364 2017 1404 in

119 1425 222 1465 atrio
255 1424 440 1464 carceris:
473 1427 567 1474 post
598 1434 689 1460 eum
723 1420 906 1460 Phadaia
937 1420 1041 1461 filius
1073 1420 1237 1461 Pharos.
1299 1422 1334 1444 2⁶
1367 1421 1570 1461 Nathinaei
1604 1427 1739 1461 autem
1773 1422 2020 1463 habitabant.

118 1484 157 1523 in
183 1481 312 1535 Ophel
337 1493 464 1534 usque
488 1486 632 1521 contra
654 1484 813 1532 portam
841 1492 1039 1532 aquarum
1066 1480 1117 1519 ad
1141 1479 1361 1523 Orientem,
1388 1485 1429 1520 et
1452 1480 1607 1525 turrim,
1636 1494 1724 1534 quae
1749 1481 2017 1534 prominebat.

118 1543 152 1566 ²⁷
174 1541 272 1582 Post
295 1553 387 1581 eum
409 1539 715 1580 aedificaverunt
738 1538 939 1579 'l'hccueni
963 1552 1194 1578 mensuram
1216 1539 1434 1579 secundam
1459 1552 1478 1579 e
1500 1539 1670 1589 regione,
1697 1553 1720 1579 a
1742 1546 1850 1581 turre
1872 1554 2022 1591 magna

118 1606 159 1641 et
189 1600 392 1641 eminente
422 1611 549 1651 usque
581 1598 631 1638 ad
662 1610 823 1637 murum
856 1597 1008 1651 templi.
1068 1600 1102 1622 2⁸
1132 1598 1299 1639 Sursum
1332 1603 1469 1638 autem
1501 1611 1524 1638 a
1554 1604 1673 1651 porta
1702 1612 1897 1652 equorum
1928 1592 2021 1640 aedi-

120 1662 344 1700 ficaverunt
375 1657 614 1703 sacerdotes,
649 1657 927 1710 unusquisque
958 1663 1100 1698 contra
1130 1657 1297 1697 domum
1328 1670 1455 1697 suam.
1515 1659 1550 1681 2⁹
1580 1657 1678 1698 Post
1708 1671 1774 1699 eos
1804 1658 2022 1699 aedificavit

118 1719 249 1760 Sadoc
280 1717 384 1758 filius
415 1717 582 1757 Emmer
612 1723 755 1757 contra
785 1716 951 1757 domum
984 1729 1112 1757 suam.
1146 1716 1201 1756 Et
1232 1721 1325 1769 post
1355 1729 1447 1756 eum
1479 1716 1697 1757 aedificavit
1727 1717 1888 1757 Semaia
1917 1717 2021 1758 filius

119 1777 333 1825 Secheniae‚
360 1782 496 1817 custos
519 1781 647 1829 portae
670 1775 899 1816 Orientalis.
951 1778 987 1799 ³⁰
1010 1776 1108 1816 Post
1130 1788 1221 1815 eum
1246 1774 1464 1815 aedificavit
1488 1775 1679 1815 Hanania
1701 1775 1805 1816 filius
1827 1776 2018 1825 Selemiae,

120 1844 160 1878 et
184 1837 335 1877 Hanun
357 1835 462 1876 filius
483 1834 627 1887 Seleph
650 1839 801 1879 sextus,
825 1848 1055 1875 mensuram
1079 1834 1318 1874 secundam:
1342 1839 1434 1887 post
1457 1847 1547 1874 euin
1570 1834 1787 1875 aedificavit
1809 1835 2019 1876 Mosollam

120 1896 223 1936 filius
253 1894 473 1939 Barachiae.
505 1899 648 1934 contra
674 1893 1010 1946 gazophylacium
1041 1907 1171 1934 suum.
1203 1893 1302 1933 Post
1331 1906 1421 1933 eum
1451 1893 1669 1933 aedificavit
1697 1893 1889 1934 Melchias
1917 1894 2021 1934 filius

121 1954 294 1995 aurificis
328 1966 455 2006 usque
491 1953 542 1993 ad
577 1952 743 1993 domum
782 1952 1102 2001 Nathinaeorum,
1139 1958 1180 1993 et
1214 1958 1351 1992 scruta
1384 1952 1649 1992 vendentium
1685 1958 1827 1993 contra
1860 1958 2021 2006 portam

119 2012 361 2058 iudicialem,
386 2017 427 2052 et
449 2024 576 2064 usque
599 2012 649 2051 ad
673 2011 927 2051 coenaculum
951 2011 1097 2063 anguli.
1149 2013 1179 2035 31
1203 2011 1258 2051 Et
1280 2011 1386 2051 inter
1406 2010 1659 2052 coenaculum
1683 2011 1819 2065 anguli
1840 2012 1880 2052 in
1903 2017 2023 2065 porta

119 2072 248 2126 gregis
273 2071 579 2112 aedificaverunt
606 2070 788 2110 aurifices
815 2076 856 2110 et
882 2070 1165 2123 negotiatores.

538 2170 582 2214 ’2.
612 2175 851 2215 irrisiones
881 2173 924 2214 et
953 2174 1129 2215 insidiae
1159 2173 1376 2225 hostium,
1405 2174 1444 2224 4,
1463 2174 1608 2215 1-23.

224 2248 262 2291 4.
318 2250 329 2272 1
356 2247 528 2287 Factum
555 2252 616 2286 est
640 2251 790 2294 autem,
818 2259 908 2286 cuni
936 2245 1116 2286 audisset
1139 2245 1378 2286 Sanaballat
1399 2246 1508 2299 quod
1533 2246 1822 2286 aedificaremus
1846 2259 2020 2293 murum,
2036 2247 2230 2307 {gssffisaffligff

119 2308 247 2348 iratus
274 2312 336 2347 est
362 2306 499 2347 valde:
528 2310 569 2346 et
595 2310 732 2346 motus
758 2305 877 2345 nimis
904 2305 1175 2345 subsannavit
1203 2304 1371 2352 Iudaeos,
1427 2307 1442 2329 2
1468 2310 1509 2345 et
1536 2304 1641 2345 dixit
1666 2317 1801 2346 coram
1828 2305 2023 2345 fratribus
2060 2300 2208 2347 irrident(

120 2367 213 2413 suis,
239 2373 280 2407 et
302 2364 533 2419 frequentia
555 2364 925 2405 Samaritanorum:
951 2364 1057 2412 Quid
1084 2363 1209 2404 ludaei
1232 2363 1390 2404 faciunt
1412 2363 1654 2404 imbecilles?
1680 2363 1787 2404 Num
1812 2363 2023 2404 dimittent

121 2439 187 2467 eos
219 2424 384 2478 gentes?
420 2424 529 2464 Num
563 2423 862 2470 sacrificabunt,
898 2428 939 2464 et
972 2422 1237 2476 complebunt
1269 2423 1310 2463 in
1344 2436 1426 2463 una
1458 2422 1546 2464 die?
1584 2422 1793 2476 Numquid
1825 2422 2022 2463 aedificare

121 2490 316 2538 poterunt
332 2483 486 2536 lapides
504 2482 552 2523 de
571 2482 724 2523 acervis
740 2482 929 2536 pulveris,
950 2482 1018 2536 qui
1036 2481 1238 2523 combusti
1255 2482 1375 2522 sunt?
1419 2484 1435 2506 ³
1451 2482 1529 2523 Sed
1546 2486 1588 2522 et
1604 2481 1750 2523 Tobias
1767 2481 2022 2522 Ammanites

120 2543 329 2597 proximus
344 2543 439 2591 eius,
457 2542 532 2587 ait:
550 2541 784 2582 AEdificent:
801 2541 833 2582 si
848 2541 1074 2582 ascenderit
1088 2540 1241 2594 vulpes,
1259 2540 1459 2582 transiliet
1473 2553 1635 2581 murum
1650 2553 1787 2582 eorum
1802 2540 2018 2593 lapideum.

121 2606 135 2628 ⁴
159 2602 267 2643 Audi
290 2603 400 2643 Deus
424 2606 572 2649 noster,
599 2600 696 2654 quia
716 2600 815 2641 facti
839 2613 979 2641 sumus
1002 2600 1229 2653 despectui:
1254 2605 1446 2641 converte
1470 2599 1731 2653 opprobrium
1756 2612 1876 2652 super
1898 2605 2023 2652 caput

121 2675 272 2711 eorum,
300 2667 342 2702 et
367 2661 420 2701 da
445 2673 511 2702 eos
536 2660 577 2700 in
604 2659 905 2713 despectionem
931 2659 972 2700 in
998 2664 1107 2700 terra
1131 2659 1398 2713 captivitatis,
1452 2661 1467 2683 5
1494 2659 1554 2700 Ne
1580 2658 1735 2711 operias
1761 2658 2021 2711 iniquitatem

121 2734 272 2766 eorum,
293 2726 334 2761 et
351 2724 566 2773 peccatum
585 2732 724 2760 eorum
742 2732 879 2760 coram
896 2719 998 2759 facie
1016 2724 1091 2759 tua
1107 2731 1189 2760 non
1206 2718 1401 2766 deleatur,
1423 2718 1519 2771 quia
1536 2718 1745 2758 irriserunt
1763 2716 2019 2757 aedificantes.

123 2782 140 2805 ⁶
164 2780 310 2833 Itaque
334 2779 624 2820 aedificavimus
647 2791 822 2827 murum,
848 2783 890 2818 et
913 2777 1197 2819 coniunximus
1220 2782 1355 2819 totum
1380 2790 1508 2831 usque
1532 2777 1583 2817 ad
1608 2780 1766 2829 partem
1790 2775 2019 2816 dimidiam:

121 2846 162 2880 et
190 2844 460 2892 provocatum
489 2844 550 2879 est
578 2850 646 2879 cor
673 2837 811 2891 populi
841 2837 892 2878 ad
922 2836 1185 2890 operandum.

228 2899 242 2922 ⁷
270 2898 443 2938 Factum
470 2902 532 2938 est
558 2902 708 2945 autem,
738 2909 830 2937 cum
858 2896 1037 2937 audisset
1062 2895 1313 2943 Sanaballat,
1343 2900 1384 2936 et
1410 2895 1569 2939 Tobias,
1598 2899 1639 2935 et
1664 2894 1830 2941 Arabes,
1859 2898 1900 2934 et
1925 2893 2021 2933 Am·
2044 2895 2210 2955 diffig‘fagfss

121 2957 298 3005 manitae,
325 2962 367 2997 et
389 2956 535 3003 Azotii,
562 2956 672 3009 quod
696 2955 878 2997 obducta
900 2960 1005 2996 esset
1028 2954 1197 2996 cicatrix
1219 2954 1325 2995 muri
1351 2953 1580 2999 Ierusalem,
1607 2958 1648 2993 et
1672 2953 1781 3006 quod
1805 2952 2023 3005 coepissent
2091 2950 2155 2993 'tun

122 3017 353 3069 interrupta
367 3015 563 3064 concludi,
582 3014 675 3055 irati
691 3020 787 3055 sunt
802 3014 932 3055 nimis.
980 3015 995 3037 ⁸
1010 3014 1067 3054 Et
1081 3013 1313 3067 congregati
1330 3018 1426 3054 sunt
1441 3025 1580 3054 omnes
1596 3011 1747 3065 pariter
1762 3016 1809 3052 ut
1823 3011 2020 3059 venirent,

122 3083 161 3116 et
177 3080 407 3129 pugnarent
421 3079 565 3115 contra
580 3073 810 3121 Ierusalem,
827 3078 867 3114 et
881 3072 1121 3114 molirentur
1134 3072 1310 3113 insidias
1356 3074 1372 3096 ⁹
1386 3072 1441 3112 Et
1455 3071 1660 3112 oravimus
1674 3070 1807 3111 Deum
1822 3076 2019 3118 nostrum,

122 3140 163 3175 et
183 3134 391 3188 posuimus
412 3132 601 3174 custodes
621 3145 741 3185 super
760 3145 922 3173 murum
944 3132 1008 3173 die
1029 3145 1075 3173 ac
1095 3137 1214 3173 nocte
1235 3136 1378 3172 contra
1397 3143 1475 3171 eos
1526 3131 1561 3154 ¹⁰
1581 3129 1698 3170 Dixit
1719 3134 1855 3169 autern
1880 3128 2020 3169 Iudas:

122 3192 350 3234 Debilitata
364 3197 426 3233 est
440 3192 641 3234 fortitudo
657 3191 872 3244 portantis
892 3197 933 3232 et
948 3191 1096 3231 humus
1112 3190 1239 3231 nimia
1253 3195 1325 3235 est,
1344 3194 1385 3229 et
1400 3202 1472 3230 nos
1489 3202 1570 3230 non
1586 3188 1809 3242 poterimus
1825 3187 2022 3228 aedifioare

123 3265 296 3293 murum.
355 3253 385 3276 11
415 3251 471 3292 Et
500 3251 691 3292 dixerunt
720 3250 856 3292 hostes
886 3250 1031 3291 nostri:
1064 3250 1268 3297 Nesciant,
1301 3254 1341 3289 et
1369 3248 1556 3301 ignorent
1585 3248 1712 3289 donec
1742 3246 1952 3286 veniamus
1980 3245 2020 3284 in

123 3311 300 3352 medium
335 3323 486 3359 eorum,
521 3315 563 3351 et
593 3309 885 3350 interficiamus
917 3322 995 3357 eOS,
1031 3313 1072 3349 et
1104 3321 1257 3349 cessare
1289 3307 1485 3348 faciamus
1519 3320 1631 3360 opus.
1694 3308 1724 3329 ¹²
1756 3305 1928 3345 Factum
1960 3308 2021 3343 est

123 3375 261 3410 autem
284 3369 542 3410 venientibus
565 3368 723 3417 Iudaeis‚
748 3368 816 3422 qui
837 3368 1085 3409 habitabant
1106 3368 1222 3408 iuxta
1244 3380 1321 3413 eOS,
1345 3371 1386 3406 et
1407 3365 1635 3406 dicentibus
1657 3364 1771 3406 nobis
1794 3376 1863 3416 per
1882 3362 2017 3402 decem

122 3429 229 3470 vices
254 3441 302 3469 ex
328 3428 516 3469 omnibus
539 3427 635 3469 locis
661 3427 807 3481 quibus
832 3432 1030 3468 venerant
1055 3427 1106 3467 ad
1131 3439 1214 3472 nos,
1269 3427 1300 3450 13
1324 3424 1451 3466 statui
1476 3424 1515 3465 in
1540 3424 1626 3465 loco
1652 3428 1743 3476 post
1766 3433 1925 3461 murum
1950 3428 2019 3469 per
