2356 3760
107 130 138 171 2,
164 130 261 170 6-3,
287 131 329 163 24
975 128 1141 164 ESDRAE
1907 135 2004 175 1211

106 225 157 256 est
179 233 220 255 ex
241 232 361 266 genere
384 230 510 262 vestro,
534 222 692 255 dominus
714 221 818 266 ipsius
841 221 1005 255 ascendat
1027 232 1105 255 cum
1127 232 1165 255 eo
1188 222 1222 255 in
1245 222 1440 258 Ierusalem.
1489 224 1501 242 ⁸
1523 222 1702 267 Quotquot
1727 236 1803 269 ergo
1827 225 1913 259 circa
1934 225 2007 259 loca

105 269 278 309 habitant,
292 269 458 302 adiuvent
470 279 525 302 eos
538 268 597 312 qui
608 272 688 302 sunt
700 269 735 302 in
746 268 819 301 loco
831 267 916 311 ipso,
929 268 963 301 in
977 279 1058 302 auro
1072 272 1106 302 et
1119 272 1270 313 argento.
1308 270 1319 289 ⁷
1332 269 1367 302 in
1379 269 1576 303 dationibus
1589 280 1667 303 011111
1680 272 1773 314 equis
1786 275 1819 305 et
1832 272 2003 306 iumentis.

106 326 252 359 cumque
275 315 348 349 aliis
372 326 447 359 quae
470 315 658 349 secundum
681 318 765 348 vota
787 318 1010 359 apponuntur
1031 315 1067 349 in
1089 315 1197 349 eedem
1220 315 1359 349 Domini
1382 327 1457 360 quae
1481 319 1531 350 est
1554 317 1589 350 in
1613 316 1806 352 Ierusalem.

239 364 251 381 Β
276 362 323 396 Et
346 365 477 396 stantes
501 362 669 406 principes
693 361 858 401 tribuum,
884 372 1060 406 pagorum.
1086 366 1119 395 et
1145 362 1268 396 Iudaeae
1292 373 1334 396 ex
1358 363 1450 396 tribu
1474 363 1665 404 Beniamin,
1691 367 1725 398 et
1748 364 1947 400 Sacerdotes
1972 371 2005 399 et
2037 372 2070 391 ac
2091 373 2184 410 15⁸2ss-

104 408 244 449 Levitae,
269 420 353 453 quos
376 409 542 443 excitavit
562 408 731 442 Dominus
753 407 934 441 ascendere
957 412 990 442 et
1012 409 1178 443 aedificare
1201 409 1342 443 domum
1364 410 1503 443 Domini
1526 421 1601 454 quae
1623 414 1675 444 est-
1696 411 1731 444 in
1754 411 1948 452 Ierusalem,
1972 416 2005 446 et
2021 401 2203 466 γζξέξᾙζῗὼ

105 456 164 499 qui
181 459 279 490 erant
296 456 332 489 in
350 456 494 489 circuitu
511 466 638 495 eorum,
682 457 695 475 ⁹
712 454 920 489 adiuverunt
937 455 972 488 in
990 456 1083 489 omni
1101 467 1183 489 auro
1202 459 1237 489 et
1254 460 1394 501 argento
1413 457 1494 490 eius.
1514 462 1547 490 et
1565 457 1736 498 iumentis,
1756 461 1790 492 et
1808 459 1897 491 votis
1916 469 2004 492 00111-
2041 456 2178 497 [assitme

105 502 258 546 pluribus
282 503 382 536 multi
407 513 554 546 quorum
577 512 693 535 sensus
718 502 889 535 excitatus
914 505 974 536 est.
1023 504 1052 523 ¹⁰
1076 502 1123 536 Et
1147 503 1254 546 Cyrus
1278 514 1337 536 rex
1362 503 1505 547 protulit
1530 514 1611 537 vasa
1636 515 1731 538 sacra
1755 505 1905 538 Domini.
1932 516 2006 548 quae

104 549 284 583 transtulit
300 549 619 583 Nabuchodonosor
633 559 692 582 rex
709 547 897 592 Babylonis
914 560 956 582 ex
973 549 1168 589 Ierusalem,
1187 553 1220 583 et
1238 550 1449 584 consecravit
1466 561 1504 584 ea
1520 550 1611 584 idolo
1628 562 1698 586 suo.
1740 554 1765 571 ¹¹
1783 555 1817 585 et
1834 552 2006 596 proferens

104 607 144 630 ea
169 597 276 639 Cyrus
296 607 357 630 rex
378 596 569 636 Persarum,
592 595 738 629 tradidit
758 595 973 635 Mithridato,
994 596 1053 640 qui
1074 603 1148 630 erat
1169 607 1271 641 super
1291 597 1470 631 thesauros
1492 597 1608 642 ipsius
1647 600 1673 617 12
1694 599 1757 632 Ρ91·
1777 599 1868 632 11009
1890 602 2007 632 autem

103 643 236 677 tradita
255 647 337 677 sunt
356 642 596 676 salmanasaro
618 642 755 686 111-1951111
774 643 908 677 Iudaeae.
931 645 958 663 ¹3
977 643 1111 676 Horum
1133 646 1251 677 autem
1272 643 1326 677 hic
1346 655 1520 678 0011191115.
1543 644 1720 679 Libatoria
1748 648 1910 690 argentea
1939 646 2007 678 duo

104 690 211 724 millia
234 690 497 734 quadringenta,
518 689 657 723 athiscae
681 694 850 734 argenteae
874 690 1031 735 triginta:
1056 690 1179 734 phialae
1203 701 1313 724 aureae
1336 691 1489 735 triginta,
1512 691 1596 725 item
1619 695 1787 736 argenteae
1811 692 1879 726 duo
1902 692 2008 726 millia

104 737 375 782 quadringentae,
391 740 426 770 et
441 736 507 770 alia
523 746 606 770 vasa
621 736 721 770 mille.
762 739 789 756 ¹⁴
804 737 919 770 onmia
934 740 1051 771 autem
1068 748 1151 771 vasa
1166 748 1270 771 aurea
1284 740 1319 771 et
1335 740 1507 782 argentea,
1523 738 1674 782 quinque
1689 739 1793 773 millia
1810 740 2007 783 octingenta

103 784 292 828 sexaginta.
331 785 359 803 ¹⁵
373 783 420 817 Et
435 787 634 817 enumerata
650 787 731 817 sunt
746 783 985 818 Salmanasaro
1001 784 1101 817 simul
1117 795 1194 818 cum
1209 784 1261 817 1115
1277 784 1335 828 qui
1350 795 1392 818 ex
1407 785 1611 829 captivitate
1626 785 1826 829 Babylonia²
1841 791 2007 820 venerant

103 831 138 864 in
164 831 419 866 Ierosolvmam.

433 910 467 946 2.
495 910 600 946 Acta
626 910 742 956 regis
771 909 1035 956 Artaxerxis,
1061 910 1250 957 2,16—31
1284 911 1352 957 (cf.
1381 911 1458 947 Esr
1482 910 1517 957 4,
1536 911 1683 957 7—24).

236 970 266 988 ¹⁶
291 968 332 1002 In
354 968 555 1002 Artaxerxis
581 972 699 1002 autem
724 969 809 1014 regis
836 969 1016 1003 Persarum
1042 970 1254 1015 temporibus
1280 971 1488 1015 scripserunt
1513 971 1543 1005 ei
1568 971 1610 1005 de
1635 972 1686 1005 his
1713 972 1772 1016 qui
1796 972 2004 1006 habitabant
2048 977 2170 1016 Propter

102 1015 138 1050 in
163 1015 280 1050 Iudaea
298 1018 332 1050 et
352 1015 546 1055 Ierusalem,
567 1015 758 1056 Balsamas,
779 1019 813 1050 et
831 1016 1064 1057 Mithridatus,
1085 1020 1119 1051 et
1138 1017 1314 1058 Sabellius,
1335 1021 1369 1052 et
1389 1017 1584 1059 Rathimus,
1604 1019 1817 1059 Balthemus,
1838 1019 2003 1053 Sarnelius
2021 1011 2197 1036 delationem

102 1063 225 1103 scriba,
243 1065 276 1096 et
292 1063 414 1107 reliqui
428 1063 626 1096 habitantes
643 1063 677 1096 in
694 1063 858 1104 Samaria,
877 1067 911 1098 et
928 1064 1046 1098 ceteris
1062 1064 1143 1098 locis
1159 1065 1350 1099 subiectam
1367 1065 1547 1110 epistolam
1564 1066 1633 1110 regi
1648 1066 1841 1100 Artaxerxi.
1882 1068 1910 1086 1⁷
1928 1066 2005 1099 DO-

102 1110 234 1149 MINE,
260 1110 356 1154 pueri
380 1110 431 1143 tui
457 1109 641 1143 Rathimus
666 1110 709 1144 ab
735 1110 979 1145 accidentibus.
1006 1115 1039 1145 et
1063 1111 1229 1146 Sabellius
1254 1112 1375 1152 scriba,
1401 1115 1436 1146 et
1458 1112 1579 1157 reliqui
1604 1112 1702 1146 curiae
1727 1116 1795 1146 tuae
1819 1112 1946 1147 iudices
1971 1113 2006 1146 in

104 1157 297 1200 Coelesyria,
315 1159 350 1190 et
367 1157 538 1191 Phoenice.
578 1158 607 1177 ¹⁸
625 1157 671 1191 Et
688 1168 778 1191 nunc
795 1164 917 1191 notum
934 1158 977 1192 sit
995 1158 1133 1192 domino
1150 1159 1230 1203 regi,
1248 1159 1411 1203 quoniam
1429 1159 1535 1193 Iudaei
1553 1159 1611 1203 qui
1628 1159 1856 1194 ascenderunt
1871 1171 1891 1193 a
1907 1159 2004 1194 vobis

103 1204 148 1237 ad
167 1215 240 1243 nos,
261 1204 436 1237 venientes
457 1204 492 1236 in
514 1204 696 1237 Ierusalem
718 1205 896 1238 civitatem
916 1205 1070 1250 refugam
1090 1210 1124 1239 et
1144 1206 1338 1250 pessimam,
1359 1206 1531 1240 aedificant
1550 1207 1666 1240 furnos
1687 1207 1768 1247 eius,
1790 1210 1824 1241 et
1843 1209 2006 1240 statuunt

103 1261 229 1290 muros,
254 1254 288 1284 et
310 1250 479 1295 templum
501 1251 680 1285 suscitant.
727 1253 755 1271 ¹⁹
780 1252 878 1294 Quod
901 1252 928 1285 si
951 1252 1071 1286 civitas
1094 1253 1171 1287 ista.
1195 1259 1229 1286 et
1251 1253 1340 1286 muri
1362 1254 1591 1287 consummati
1613 1254 1751 1293 fuerint,
1774 1264 1843 1287 non
1866 1256 2005 1287 tantum

103 1298 236 1332 tributa
255 1308 324 1331 non
341 1297 562 1331 sustinebunt
580 1298 737 1342 pendere,
757 1299 816 1332 sed
835 1299 938 1332 etiam
959 1300 1092 1344 regibus
1112 1300 1280 1333 resistent.
1323 1302 1352 1320 ²⁰
1371 1300 1417 1333 Et
1436 1300 1516 1344 quia
1534 1300 1569 1333 id
1588 1301 1701 1345 agitur
1719 1301 1806 1334 circa
1825 1300 2004 1345 ternplum,

104 1347 194 1379 recte
210 1344 329 1378 haberi
346 1344 504 1378 arbitrati
521 1355 637 1378 sumus
656 1356 724 1379 non
741 1345 910 1390 despicere
926 1346 990 1379 hoc
1007 1347 1135 1390 ipsum:
1177 1348 1201 1366 21
1219 1347 1278 1380 sed
1294 1351 1417 1380 notum
1433 1347 1543 1380 facere
1561 1347 1698 1381 domino
1716 1347 1795 1392 regi,
1813 1350 1853 1381 ut
1868 1348 1896 1381 si
1914 1347 2005 1381 vide-

103 1392 206 1431 bitur,
228 1403 298 1426 rex,
321 1397 494 1435 quaeratur
514 1392 547 1424 in
567 1392 660 1425 libris
682 1396 820 1436 patrum
842 1396 991 1433 tuorum,
1036 1395 1062 1412 22
1083 1400 1117 1426 91
1137 1393 1288 1426 invenies
1309 1394 1343 1427 in
1364 1393 1657 1428 admonitionibus
1677 1394 1803 1439 scripta
1826 1394 1867 1428 de
1887 1394 1950 1433 his,
1972 1399 2005 1428 et

103 1439 186 1473 scies
203 1438 365 1482 quoniam
383 1439 503 1472 civitas
520 1439 586 1472 ista
601 1439 667 1472 fuit
683 1439 811 1483 refuga,
829 1443 862 1472 et
879 1450 982 1484 reges,
1000 1443 1033 1473 et
1050 1440 1207 1473 civitates
1225 1440 1432 1474 concutiens.
1473 1442 1499 1460 23
1515 1444 1548 1474 91
1567 1441 1672 1474 Iudaei
1688 1442 1823 1485 refugae,
1841 1444 1875 1475 et
1891 1441 2006 1485 praelia

104 1486 359 1519 committentes
373 1485 407 1518 in
420 1496 459 1518 ea
472 1485 515 1518 ab
528 1488 667 1523 aeterno.
682 1485 724 1519 ob
739 1496 843 1529 quam
857 1496 996 1520 causam
1010 1486 1131 1520 civitas
1144 1487 1210 1520 ista
1224 1487 1357 1520 deserta
1372 1490 1432 1520 est.
1472 1489 1497 1507 ²¹
1510 1487 1609 1521 Nunc
1624 1499 1701 1532 ergo
1714 1492 1836 1521 notum
1850 1488 2006 1522 facimus.

103 1533 240 1566 domine
262 1543 332 1572 rex,
357 1532 519 1576 quoniam
543 1532 570 1565 si
593 1532 715 1566 civitas
738 1533 808 1566 haec
832 1533 1002 1567 aedificata
1025 1534 1138 1574 fuerit,
1160 1537 1195 1567 et
1216 1533 1317 1567 huius
1340 1534 1429 1567 muri
1452 1535 1555 1568 erecti
1578 1534 1716 1574 fuerint,
1738 1534 1919 1568 descensus
1942 1534 2007 1568 tibi

103 1590 172 1614 non
197 1579 261 1613 erit
284 1579 319 1613 in
345 1579 575 1622 Coelesyriam.
602 1583 636 1613 et
662 1580 862 1614 Phoenicen:

236 1628 262 1646 2⁵
287 1626 382 1660 Tunc
407 1626 542 1670 scripsit
567 1637 626 1660 rex
654 1626 828 1662 Rathimo.
856 1627 914 1671 qui
940 1628 1111 1661 scribebat
1137 1628 1338 1668 accidentia,
1365 1631 1398 1661 et
1424 1628 1617 1664 Balthemo,
1643 1632 1678 1662 et
1702 1628 1849 1662 Sabellio
1875 1628 2002 1662 seribae.
2048 1631 2170 1670 aefliflffl·

103 1676 138 1708 et
151 1673 270 1708 ceteris
286 1673 493 1707 constitutis.
509 1678 543 1707 et
556 1673 797 1707 habitantibus
812 1674 845 1707 in
860 1674 968 1717 Syria.
985 1678 1018 1708 et
1034 1675 1205 1714 Phoenice,
1221 1686 1259 1708 ea
1275 1686 1349 1719 quae
1364 1675 1517 1708 subiecta
1531 1678 1622 1710 sunt.
1658 1677 1686 1695 ²⁶
1701 1675 1810 1709 LEGI
1824 1675 2003 1720 epistolam
2054 1667 2165 1726 *ffrfffi'f‘

103 1731 208 1765 quam
226 1720 365 1754 misistis
384 1720 476 1754 mihi.
499 1721 647 1765 Praecepi
665 1732 742 1764 ergo
761 1721 896 1765 inquiri.
917 1728 951 1755 et
969 1722 1149 1755 inventum
1169 1725 1231 1761 est,
1251 1722 1414 1766 quoniam
1433 1722 1554 1756 civitas
1572 1722 1627 1755 illa
1647 1729 1698 1756 est
1717 1722 1760 1757 ab
1778 1733 1852 1756 aevo
1870 1722 2004 1767 regibus
2037 1736 2182 1766 prohibt—t.

103 1768 273 1807 resistens,
318 1769 345 1786 2⁷
368 1771 402 1801 et
422 1767 576 1801 homines
598 1768 732 1811 refugae.
756 1772 790 1801 et
812 1768 925 1812 praelia
946 1769 981 1802 in
1002 1780 1039 1802 ea
1062 1769 1258 1808 efficientes,
1281 1772 1315 1802 et
1336 1780 1428 1814 reges
1450 1769 1625 1803 fortissimi
1646 1772 1743 1803 erant
1764 1769 1799 1802 in
1822 1769 2004 1803 Ierusalem

104 1814 331 1853 dominantes,
349 1816 383 1848 et
399 1814 529 1847 tributa
547 1814 719 1858 exigentes
736 1826 754 1848 a
771 1815 964 1858 Coelesyria.
982 1820 1015 1849 et
1034 1816 1204 1851 Phoenice.
1244 1818 1272 1836 ²³
1287 1816 1388 1849 Nunc
1404 1827 1481 1860 ergo
1498 1816 1642 1860 praecepi
1658 1816 1836 1860 prohibere.
1851 1816 2005 1849 homines

102 1861 176 1895 illos
196 1861 362 1895 aedjficare
384 1861 571 1901 civitatem,
594 1866 627 1895 et
648 1861 826 1905 prohibere
846 1873 887 1895 ne
909 1862 992 1907 quid
1012 1863 1101 1896 ultra
1122 1863 1193 1896 haec
1213 1863 1314 1896 fiant:
1338 1865 1366 1882 ²⁹
1386 1863 1445 1896 sed
1465 1874 1526 1897 nec
1547 1863 1735 1907 procedant
1754 1863 1789 1897 in
1809 1863 2006 1907 plurimum.

103 1919 147 1942 ex
163 1918 231 1952 quo
248 1913 329 1942 sunt
346 1908 495 1943 malitiae.
515 1908 562 1942 ita
580 1911 618 1942 ut
637 1908 769 1953 regibus
787 1909 942 1943 molestia
961 1910 1175 1954 importetur.

236 1957 265 1976 ³⁰
287 1955 383 1988 Tunc
404 1955 555 1988 recitatis
577 1955 628 1988 his
651 1966 726 1999 quae
749 1967 768 1989 a
790 1967 865 2000 rege
888 1958 1077 1990 Artaxerxe
1100 1957 1226 2001 scripta
1248 1957 1396 1990 fuerant.
1421 1957 1616 1997 Rathimus,
1640 1964 1674 1990 et
1695 1957 1861 1991 Sabellius
1883 1957 2004 1996 scriba,
2040 1992 2044 1996 ,
2078 1963 2153 1995 (μὴν,

104 2005 139 2036 et
156 2002 213 2046 qui
232 2012 309 2036 cum
325 2002 377 2035 his
395 2002 575 2036 constituti
591 2009 688 2036 erant
705 2003 883 2047 iungentes
900 2004 1104 2037 festinanter
1120 2007 1288 2037 venerunt
1304 2004 1338 2037 in
1357 2004 1539 2037 Ierusalem
1558 2014 1635 2037 cum
1652 2004 1821 2048 equitatu.
1839 2007 1874 2037 et
1890 2003 2003 2037 turba.
2038 1993 2183 2051 uffffifffft'

104 2051 139 2084 et
155 2049 304 2094 agmine:
345 2051 370 2069 ³¹
388 2053 634 2093 eoeperuntque
650 2049 857 2083 aedificantes
874 2051 1063 2094 prohibere.
1081 2055 1114 2084 et
1131 2050 1304 2084 vacabant
1321 2051 1364 2084 ab
1380 2051 1605 2084 aedificatione
1621 2051 1741 2095 templi
1756 2051 1792 2085 in
1809 2050 2003 2084 Ierusalem.
2131 2046 2138 2051 ⁴

104 2107 212 2141 usque
234 2095 382 2137 secundo
406 2107 495 2129 anno
517 2096 611 2141 regni
633 2097 728 2130 Darii
750 2097 835 2141 regis
859 2098 1048 2132 Persarum.

670 2211 676 2213 ,
699 2176 734 2212 3.
762 2176 868 2213 Acta
893 2177 1010 2223 regis
1039 2176 1168 2222 Darii,
1194 2177 1229 2222 3,
1250 2176 1355 2223 1—5‚
1375 2177 1410 2213 ὁ.

235 2235 267 2270 3.
315 2237 325 2255 ¹
352 2234 427 2268 Rex
445 2234 569 2268 Darius
588 2235 669 2269 fecit
690 2246 824 2269 coenam
842 2246 1005 2280 magnam
1025 2236 1182 2269 omnibus
1202 2236 1392 2270 vernaculis
1411 2236 1491 2275 suis,
1518 2239 1552 2270 et
1572 2236 1729 2270 omnibus
1749 2235 2007 2280 magistratibus
2031 2241 2109 2280 Rege
2131 2241 2194 2266 dor-

103 2282 223 2316 Mediae
247 2286 282 2316 et
307 2281 463 2321 Persidis,
511 2284 523 2301 2
546 2285 581 2315 et
605 2282 763 2316 omnibus
788 2283 996 2327 purpuratis,
1021 2285 1056 2316 et
1080 2282 1293 2327 praetoribus,
1319 2286 1353 2316 et
1377 2282 1583 2322 consulibus.
1614 2285 1648 2316 et
1672 2283 1839 2327 praefectis
1863 2282 1927 2316 sub
1951 2282 2007 2315 1110
2058 2277 2167 2302 1111211112

105 2329 148 2364 ab
175 2329 275 2363 India
298 2339 406 2373 usque
429 2328 654 2373 AEthiopiam,
680 2333 819 2363 centum
844 2329 966 2374 viginti
990 2332 1122 2374 septem
1147 2329 1340 2374 provinciis.
1389 2332 1401 2349 ⁸
1425 2329 1472 2363 Et
1497 2340 1574 2363 00111
1598 2329 1875 2368 manducassent,
1901 2333 1936 2362 et
1960 2329 2009 2362 bi-

103 2376 244 2416 bissent,
271 2379 306 2409 et
329 2375 447 2410 satiati
471 2379 733 2411 reverterentur.
764 2380 848 2410 tunc
873 2376 997 2410 Darius
1021 2388 1081 2410 rex
1105 2376 1259 2410 ascendit
1282 2376 1318 2409 in
1346 2376 1541 2410 cubiculum
1569 2386 1680 2416 suum,
1710 2378 1744 2410 et
1773 2375 1946 2411 domrivit.
1974 2384 2008 2409 91

104 2423 363 2468 expergefactus
388 2425 449 2456 est.

236 2471 249 2490 ⁴
273 2470 368 2503 Tunc
394 2469 442 2503 1111
467 2472 536 2503 tres
563 2470 702 2504 iuvenes
730 2470 878 2515 corporis
906 2470 1075 2510 custodes,
1104 2470 1163 2515 qui
1190 2470 1430 2504 custodiebant
1458 2480 1579 2514 corpus
1606 2470 1702 2514 regis,
1731 2469 1892 2503 dixerunt
1919 2469 2006 2503 alter
2080 2482 2139 2502 tres

104 2517 216 2551 alteri:
267 2518 279 2536 ⁵
305 2516 468 2550 Dicamus
495 2517 730 2562 unusquisque
755 2522 913 2551 nostrum
938 2528 1130 2551 sermonem
1157 2517 1216 2561 qui
1241 2517 1427 2562 praecellat:
1478 2520 1511 2550 et
1539 2516 1782 2560 cuiuscumque
1808 2516 2005 2560 apparuerit
2043 2512 2178 2568 custode?

103 2574 214 2597 sermo
230 2563 418 2608 sapientior
434 2563 584 2603 alterius,
602 2563 701 2598 dabit
716 2563 764 2597 illi
781 2575 840 2598 rex
857 2564 981 2598 Darius
999 2564 1088 2598 dona
1106 2575 1242 2609 magna,
1286 2566 1298 2583 ὃ
1315 2575 1465 2609 purpura
1484 2563 1657 2608 cooperiri,
1676 2566 1710 2597 et
1726 2563 1762 2597 in
1779 2574 1861 2597 auro
1878 2563 2004 2597 bibere.
2039 2554 2180 2607 pcjffip‘ssgss,

104 2614 139 2645 et
159 2621 261 2655 super
281 2621 403 2644 aurum
424 2610 582 2650 dormire,
604 2613 638 2644 et
660 2622 796 2645 currum
818 2622 920 2645 aureo
941 2612 1057 2647 fraeno.
1081 2614 1115 2645 et
1136 2611 1290 2654 cydarim
1311 2611 1498 2654 byssinam,
1520 2614 1554 2644 et
1575 2614 1734 2654 torquem
1755 2610 1844 2643 circa
1865 2609 2002 2644 collum:
2035 2618 2185 2657 fortior-eur

107 2659 118 2677 ⁷
144 2660 179 2691 et
197 2657 346 2691 secundo
365 2657 439 2691 loco
459 2657 591 2691 sedebit
610 2668 631 2691 a
650 2658 754 2692 Dario
774 2661 915 2703 propter
933 2658 1139 2702 sapientiam
1157 2668 1267 2698 suam,
1288 2660 1323 2692 et
1342 2661 1507 2702 cognatus
1527 2657 1623 2691 Darii
1641 2656 1832 2690 vocabitur.
1878 2658 1890 2676 Β
1910 2656 2004 2689 Το110
2057 2653 2162 2707 111Ῐξξ113
2177 2691 2201 2709 ,.

104 2704 290 2738 scribentes
308 2703 432 2748 singuli
445 2715 546 2738 suum
560 2704 705 2738 verbum
719 2705 952 2750 signaverunt.
964 2708 998 2739 et
1012 2708 1201 2750 posuerunt
1214 2705 1336 2738 subtus
1352 2704 1495 2738 cervical
1510 2704 1605 2737 Darii
1619 2704 1715 2748 regis,
1756 2705 1768 2723 ⁹
1782 2706 1817 2737 et
1831 2703 2004 2743 dixerunt,
2015 2695 2173 2720 ⁶⁰¹¹S¹0¹¹³¹¹
2197 2709 2201 2713 ’

106 2751 191 2785 Cum
206 2751 389 2784 surrexerit
403 2762 473 2791 rex,
490 2751 648 2785 dabimus
663 2752 710 2785 illi
724 2752 851 2797 scripta
865 2756 998 2786 nostra:
1015 2756 1049 2786 et
1065 2752 1307 2796 quodcumque
1321 2751 1524 2785 iudicaverit
1538 2761 1598 2785 rex
1612 2761 1629 2784 e
1643 2750 1764 2789 tribus.
1780 2752 1815 2784 et
1828 2749 2007 2794 magistra-

105 2801 161 2831 tus
179 2797 336 2838 Persidis,
355 2798 519 2842 quoniam
536 2798 680 2832 verbum
697 2798 768 2832 eius
785 2799 974 2844 sapientius
992 2802 1053 2834 est.
1072 2799 1137 2843 ipsi
1153 2798 1295 2833 dabit-ur
1310 2798 1453 2832 victoria
1471 2797 1560 2831 sicut
1576 2797 1741 2841 scriptum
1759 2800 1820 2831 est.
1862 2798 1891 2817 ¹⁰
1910 2796 2006 2830 Unus

105 2844 241 2887 scripsit
265 2844 368 2878 Forte
392 2847 444 2878 est
467 2845 597 2879 vinum.
645 2847 671 2865 11
696 2846 792 2879 Alius
816 2846 962 2890 scripsit,
987 2845 1123 2879 Fortior·
1147 2848 1198 2879 est
1222 2856 1291 2879 reX.
1352 2847 1379 2864 12
1403 2844 1536 2878 Tertius
1560 2843 1705 2888 scripsit.
1731 2843 1900 2877 Fortiores
1925 2848 2007 2877 sunt

105 2890 276 2924 mulieres:
300 2902 402 2935 super
424 2891 538 2925 omnia
560 2896 677 2926 autem
700 2892 808 2927 vincit
829 2893 967 2927 veritas.

193 2939 222 2957 ¹³
235 2937 282 2971 Et
295 2948 373 2971 cum
386 2939 586 2972 surrexisset
599 2950 669 2974 reX.
685 2942 890 2984 acceperunt
903 2940 1029 2984 scripta
1044 2950 1116 2979 sua,
1131 2942 1165 2973 et
1179 2939 1348 2973 dederunt
1360 2938 1418 2978 illi,
1433 2940 1467 2972 et
1480 2937 1571 2982 legit.
1609 2939 1636 2957 ¹⁴
1650 2937 1696 2971 Et
1709 2937 1850 2971 mittens
1865 2937 2004 2970 vocavit
2024 2941 2053 2966 in
2074 2941 2193 2980 consili-³

106 2994 223 3018 omnes
243 2984 465 3028 magistratus
487 2985 678 3026 Persarum,
700 2989 734 3020 et
754 2986 883 3026 Medos,
905 2989 940 3020 et
960 2989 1178 3031 purpuratos,
1201 2989 1235 3019 et
1256 2989 1427 3030 praetoreS,
1449 2988 1484 3018 et
1504 2984 1696 3028 praefectos:
1740 2985 1768 3003 ¹⁵
1789 2987 1822 3017 et
1843 2984 2003 3017 sederunt
2051 2976 2167 3006 PUb¹¹⁰⁰

105 3031 141 3064 in
161 3030 317 3064 concilio:
339 3033 374 3064 et
392 3031 482 3065 lecta
500 3036 582 3066 sunt
601 3033 729 3077 scripta
748 3044 863 3067 coram
882 3033 973 3078 ipsis.
1017 3035 1048 3053 ¹⁵
1067 3033 1114 3066 Et
1133 3033 1232 3073 dim't,
1254 3033 1382 3066 Vocate
1403 3031 1644 3066 adolescentes.
1666 3034 1700 3065 et
1718 3030 1783 3075 ipsi
1801 3030 2005 3064 indicabunt

106 3077 212 3111 verba
229 3087 301 3111 sua.
321 3077 368 3111 Et
381 3078 501 3112 ¹vocati
518 3081 611 3118 sunt,
630 3082 665 3113 et
682 3079 898 3114 introierunt.
940 3082 969 3100 1⁷
988 3080 1036 3114 Et
1054 3079 1142 3113 dixit
1159 3079 1234 3113 illis.
1255 3078 1410 3112 Indicate
1427 3078 1526 3112 nobis
1545 3078 1586 3111 de
1604 3077 1656 3111 his
1675 3088 1750 3122 quae
1768 3078 1894 3121 scripta
1912 3083 2004 3111 sunt.

194 3123 242 3157 Et
257 3124 361 3168 coepit
376 3124 476 3168 prior,
493 3125 552 3168 qui
565 3125 700 3160 d'nrerat
715 3126 756 3160 de
770 3126 973 3160 fortitudine
988 3126 1070 3162 vini.
1108 3128 1137 3146 ¹⁸
1152 3129 1186 3160 et
1201 3125 1299 3166 dixit,
1315 3125 1396 3165 Viri,
1413 3136 1518 3169 quam
1533 3124 1696 3170 praevalet
1710 3124 1830 3158 vinum
1845 3123 2002 3157 omnibus
2039 3126 2167 3165 *pri-mus,

105 3170 301 3204 hominibus
323 3171 382 3214 qui
403 3171 529 3205 bibunt
548 3171 646 3206 illud!
669 3172 802 3206 seducit
823 3176 985 3207 mentem.
1030 3175 1060 3193 ¹⁹
1083 3173 1239 3217 Itemque
1260 3172 1345 3216 regis
1367 3176 1402 3205 et
1423 3171 1567 3216 orphani
1587 3171 1671 3205 facit
1692 3175 1843 3205 mentem
1864 3181 2001 3204 vanarn.
2031 3161 2184 3221 Jssssnssffil

108 3217 197 3250 Item
216 3217 305 3251 servi
325 3228 364 3251 ac
382 3217 489 3258 liberi,
510 3219 668 3262 pauperis
689 3229 728 3253 ac
748 3219 875 3259 divitis,
920 3222 948 3241 20
968 3222 1002 3254 et
1023 3230 1159 3254 omnem
1178 3222 1330 3253 mentem
1351 3218 1521 3253 convertit
1539 3219 1575 3252 in
1593 3219 1812 3252 securitatem
1832 3220 1867 3250 et
1886 3217 2002 3250 iucun-

107 3263 264 3304 ditatem,
288 3267 323 3297 et
344 3275 413 3297 non
434 3265 591 3299 meminit
613 3276 749 3299 omnem
770 3266 949 3300 tristitiam
971 3269 1007 3301 et
1027 3266 1195 3304 debitum,
1241 3268 1266 3286 ²¹
1289 3268 1323 3299 et
1345 3265 1459 3299 omnia
1482 3265 1665 3310 praecordia
1688 3265 1771 3298 facit
1792 3264 1947 3298 honesta.
1971 3273 2005 3297 et

107 3320 177 3343 non
198 3311 354 3344 meminit
377 3321 489 3355 regem
511 3322 572 3345 nec
594 3312 847 3357 magistratum.
871 3316 906 3347 et
928 3314 1043 3347 omnia
1065 3324 1125 3358 per
1145 3313 1277 3346 talenta
1299 3312 1393 3356 loqui
1414 3312 1508 3346 iacit.
1555 3314 1582 3332 22
1604 3312 1650 3345 Et
1672 3322 1741 3345 non
1762 3310 2002 3344 meminerunt.

108 3367 186 3390 cum
209 3356 381 3397 biberunt,
407 3357 605 3398 amicitiam,
629 3369 691 3393 nec
713 3360 982 3394 fraternitatem:
1007 3360 1067 3394 sed
1090 3370 1159 3393 non
1181 3359 1330 3393 multum
1354 3362 1433 3403 post
1455 3362 1598 3393 sumunt·
1620 3358 1759 3403 gladios.
1807 3359 1834 3377 2³
1857 3357 1903 3390 Et
1927 3367 2003 3389 00111

109 3414 130 3436 a
153 3402 234 3437 vino
252 3404 430 3438 merserint
449 3407 483 3438 et
501 3405 718 3446 surrexerint,
738 3417 808 3440 non
825 3406 1055 3441 meminerunt
1074 3417 1149 3451 quae
1168 3410 1353 3451 gesserunt.
1397 3408 1423 3426 ²¹
1442 3405 1470 3441 O
1490 3406 1563 3446 1111,
1582 3416 1665 3438 num
1685 3404 1845 3449 pnecellit
1864 3402 2001 3436 vinum?

109 3449 184 3493 quis
207 3449 254 3483 sic
277 3451 405 3496 cogitat
428 3451 557 3486 iacere?
582 3452 629 3486 Et
652 3453 762 3487 tacuit-
782 3453 847 3487 hoc
870 3453 973 3489 dicto.
