2356 3760
152 76 205 109 12.
232 75 373 108 25—13.
400 76 441 108 19
972 76 1237 111 SAPIENTJAE
1966 92 2042 133 613

151 169 183 191 2⁵
204 168 375 221 Propter
402 168 479 209 hoc
507 175 719 221 tamquam
747 168 881 220 pueris
909 168 1122 210 insensatis
1202 171 1394 212 iudicium
1422 173 1463 214 in
1491 174 1665 215 derisum
1693 178 1848 221 dedisti.

151 227 186 249 ‘2⁶
204 225 282 273 Qui
304 233 442 266 autem
462 227 645 267 ludibriis
666 232 706 266 et
729 226 1073 278 increpat-ionibus
1094 241 1175 269 non
1196 235 1291 269 sunt
1313 232 1490 280 correcti,
1567 233 1731 287 dignum
1752 237 1827 277 Dei
1851 239 2040 281 iudicium

412 285 569 338 experti
597 289 704 324 sunt.

150 344 183 366 ²⁷
205 342 250 383 In
275 343 421 396 quibus
444 343 551 383 enim
572 342 776 395 patientes
804 341 1134 395 indignabantur,
1212 359 1281 398 per
1303 347 1386 387 haec
1409 361 1509 401 quos
1531 351 1736 402 putabant
1758 352 1862 394 deos.
1888 355 1927 393 in
1950 356 2042 408 ipsis

412 414 503 441 cum
529 400 898 441 exterminarentur
975 402 1171 444 videntes.
1200 403 1323 449 11111111,
1354 418 1472 458 quem
1500 407 1593 448 olim
1620 410 1824 462 negabant.
1850 425 1888 451 se
1915 425 2040 455 nosse.

411 471 553 499 verum
581 459 715 498 Deum
745 466 1018 511 agnoverunt:
1687 456 1690 459 ⁴

201 525 368 572 propter
397 518 506 571 quod
535 522 576 557 et
604 516 693 557 finis
724 518 1072 560 condemnationis
1102 532 1239 560 eorum
1322 522 1434 562 venit
1463 537 1581 576 super
1608 524 1705 566 illos.

317 634 355 673 3.
385 632 605 685 Populum
637 631 716 672 Dei
747 632 805 672 ab
835 643 993 674 errore
1021 633 1292 675 idololatriae
1322 638 1537 689 servavit,
1564 639 1630 689 13,
1649 640 1794 691 1-15,
1813 643 1878 682 19.

150 712 213 758 13,
269 717 281 739 1
309 714 412 755 Vani
443 718 599 754 aautem
626 720 721 755 sunt
748 727 885 755 omnes
910 715 1105 763 homines,
1133 716 1174 756 in
1201 717 1346 769 quibus
1373 731 1452 758 non
1479 719 1618 760 subest
1642 720 1809 761 scientia
1832 723 1924 763 Dei:
2004 731 2045 765 et
2091 725 2202 749 ³⁰¹¹¹¹⁰

410 773 459 813 de
483 772 556 813 his.
595 785 684 826 quae
718 773 910 814 videntur
944 774 1062 817 bona.
1098 788 1180 815 non
1214 780 1440 828 potuerunt
1472 777 1692 831 intelligere
1726 792 1828 823 eum.
1867 781 1934 833 qui
1969 788 2040 826 est,
2063 762 2230 821 raffii'stffiei

409 845 540 885 neque
570 832 757 885 operibus
787 833 1047 873 attendentes
1077 840 1333 886 agnoverunt
1362 835 1450 888 quis
1479 841 1584 876 esset
1613 836 1777 877 artifex:

169 892 289 932 21).εθ(1
320 900 392 932 aut
421 891 566 944 ignem,
600 896 671 931 aut
701 891 901 945 spiritum,
927 897 999 932 aut
1029 891 1201 932 citatum
1233 906 1376 936 aerem.
1455 901 1527 934 aut
1555 890 1699 948 gyruni
1730 895 1948 945 stellarum,
1975 904 2047 939 aut

408 950 576 990 nimiam
610 963 771 1003 aquam,
859 956 932 991 aut
963 950 1087 991 solem
1120 957 1161 991 et
1191 950 1342 996 lunam,
1377 946 1688 994 rectores'orbis
1722 960 1919 995 terrarum
1952 956 2046 997 deos

409 1013 673 1062 putaverunt.

167 1068 382 1116 ³Quorum
416 1067 448 1108 si
482 1068 612 1121 specie
647 1067 848 1116 delectati,
886 1068 979 1109 deos
1014 1073 1284 1121 putaverunt:
1370 1069 1499 1110 sciant
1534 1075 1687 1123 quanto
1721 1071 1782 1111 his
1816 1072 2047 1114 dominator

410 1139 549 1167 eorum
580 1126 795 1179 speciosior
826 1132 897 1167 est.
983 1127 1127 1180 speciei
1159 1127 1265 1167 enim
1294 1133 1508 1180 generator
1536 1128 1622 1169 haec
1653 1129 1787 1170 omnia
1819 1131 2042 1172 constituit.

168 1187 182 1208 ⁴
199 1185 283 1225 Aut
309 1185 341 1225 si
366 1184 575 1230 virtutem,
603 1190 643 1225 et
669 1197 791 1238 opera
815 1198 953 1226 eorum
979 1185 1115 1225 mirati
1140 1191 1246 1229 sunt,
1314 1185 1544 1238 intelligant
1569 1187 1619 1227 ab
1645 1186 1730 1229 illis.
1760 1189 1949 1240 quoniam
1977 1190 2044 1243 qui

408 1243 495 1284 haec
523 1243 630 1286 fecit.
662 1244 806 1285 fortior
834 1248 896 1284 est
923 1243 1017 1284 illis:

167 1303 182 1326 5
200 1316 224 1342 a
249 1302 530 1356 magnitudine
556 1302 662 1342 enim
687 1302 843 1355 speciei.
867 1308 909 1342 et
934 1308 1128 1342 creatura»
1206 1302 1527 1355 cognoscibiliter
1551 1303 1702 1355 poterit
1722 1309 1878 1345 creator
1901 1305 2044 1346 horum

411 1361 549 1402 videri.

168 1421 183 1443 θ
200 1420 270 1461 sed
292 1425 430 1460 tamen
453 1419 587 1459 adhuc
608 1419 649 1458 in
668 1419 728 1459 his
750 1418 882 1459 minor
904 1424 964 1459 est
983 1418 1154 1471 querela.
1232 1419 1288 1459 Et
1309 1418 1349 1459 hi
1372 1418 1478 1459 enim
1499 1420 1669 1460 fortasse
1692 1426 1838 1469 errant,
1914 1422 2047 1462 Deum

410 1484 647 1531 quaerenteS.
679 1482 721 1517 et
749 1476 932 1518 volentes
960 1477 1152 1518 invenire.

167 1538 181 1559 ⁷
204 1536 385 1578 “Etenim
412 1549 503 1576 cum
528 1536 570 1576 in
595 1536 783 1589 operibus
807 1535 911 1576 illius
937 1542 1238 1585 conversentur,
1260 1536 1490 1589 inquirunt:
1569 1542 1611 1577 et
1633 1550 1869 1590 persuasum
1894 1538 2049 1579 habent

409 1594 602 1648 quoniam
633 1595 741 1635 bona
769 1600 865 1635 sunt
895 1607 985 1647 quae
1014 1594 1216 1635 videntur.

167 1658 182 1677 ⁵
201 1654 355 1695 Iterum
386 1659 524 1694 autem
554 1667 626 1694 nec
655 1652 716 1693 his
746 1653 868 1694 debet
896 1653 1059 1706 ignosci.

167 1713 239 1753 ⁹Si
270 1712 376 1753 enim
408 1718 573 1753 tantum
604 1717 828 1765 potuerunt
858 1712 967 1752 scire.
1053 1717 1098 1751 ut
1130 1720 1295 1764 possent
1319 1712 1518 1752 &estimare
1549 1713 1757 1753 saeculum:
1843 1714 2045 1766 quomodo

407 1771 527 1812 huius
555 1771 779 1812 Dominum
810 1784 890 1811 non
919 1769 1075 1811 facilius
1104 1770 1372 1811 invenerunt?

148 1871 182 1901 ¹⁰
203 1876 386 1917 Infelices
419 1880 557 1916 autem
589 1880 696 1916 sunt.
732 1881 772 1915 et
804 1874 908 1915 inter
938 1881 1121 1916 mortuos
1162 1888 1251 1928 spes
1288 1874 1446 1916 illorum
1479 1879 1550 1921 est,
1638 1876 1706 1929 qui
1738 1875 2046 1929 appellaverunt
2065 1877 2094 1935 5⁸
2113 1882 2232 1915 Operum

408 1935 504 1975 deos
533 1946 655 1986 opera
682 1946 880 1973 manuum
909 1933 1133 1981 hominum,
2078 1918 2226 1941 munuum’

199 2006 343 2034 aurum
357 1999 397 2034 et
411 1998 637 2046 argentum.
653 1992 751 2032 artis
769 1992 1059 2034 inventionem,
1118 1998 1157 2032 et
1176 1991 1458 2032 similitudines
1478 1991 1726 2036 animalium,
1785 1992 2044 2045 autlapidem

406 2050 592 2092 inutilem
623 2063 723 2103 opus
752 2063 897 2090 manus
928 2050 1118 2103 antiquae.

148 2114 176 2136 ¹¹
193 2111 299 2152 dAut
319 2110 444 2165 siquis
464 2109 613 2150 artifex
632 2109 746 2149 faber
766 2109 814 2149 de
835 2107 935 2149 silva
956 2108 1110 2162 lignum
1135 2114 1292 2149 rectum
1312 2109 1494 2152 secuerit,
1569 2114 1610 2149 et
1628 2109 1746 2150 huius
1767 2109 1884 2150 docte
1904 2109 2046 2150 eradat

407 2181 568 2210 omnem
599 2167 801 2210 corticem.

197 2235 239 2271 et
269 2234 356 2270 arte
386 2241 461 2269 sua
489 2240 596 2268 usus.
631 2226 843 2280 diligenter
923 2226 1096 2267 fabricet
1125 2239 1197 2266 vas
1228 2225 1325 2266 utile
1356 2225 1396 2266 in
1427 2226 1775 2267 conversationem
1806 2226 1912 2273 vitae,

146 2290 177 2312 ¹²
196 2287 373 2341 reliquiis
403 2291 542 2327 autem
570 2285 653 2326 eius
683 2285 824 2339 operiS.
908 2285 960 2326 ad
988 2284 1326 2338 praeparationem
1355 2297 1454 2324 escae
1482 2285 1696 2325 abutatur:

147 2350 178 2371 ¹³
198 2355 240 2388 et
264 2346 464 2399 reliquum
490 2345 647 2393 horum,
677 2343 787 2398 quod
813 2344 864 2385 ad
890 2342 1021 2384 nullos
1057 2356 1151 2384 usus
1177 2342 1287 2391 facit,
1367 2342 1520 2396 lignum
1547 2355 1727 2391 curvum,
1757 2348 1797 2383 et
1823 2343 2044 2384 vorticibus

408 2404 584 2457 plenum,

199 2463 360 2518 sculpat
388 2462 601 2517 diligent-er
630 2474 702 2516 per
732 2461 985 2502 vacuitatem
1014 2474 1142 2509 suam,
1231 2466 1271 2501 et
1310 2473 1380 2513 per
1409 2459 1618 2500 scientiam
1659 2472 1740 2500 suae
1774 2459 1871 2500 artis
1899 2459 2044 2513 figuret

407 2521 518 2569 illud,
550 2526 592 2562 et
620 2519 814 2561 assimilet
841 2519 940 2560 illud
968 2519 1134 2573 imagini
1163 2518 1348 2563 hominis.

147 2584 178 2606 ¹⁴
199 2587 273 2622 aut
303 2581 422 2622 alicui
453 2593 502 2621 ex
534 2579 776 2620 animalibus
806 2578 907 2620 illud
947 2582 1167 2632 comparet,
1253 2576 1466 2631 perliniens
1498 2577 1667 2617 rubrica.
1702 2582 1743 2616 et
1772 2576 2041 2616 rubicundum

407 2639 558 2680 faciens
593 2638 685 2679 fuco
721 2637 895 2680 colorem
928 2636 1044 2680 illius,
1149 2641 1188 2676 et
1224 2649 1386 2677 omnem
1419 2635 1634 2680 maculam,
1671 2648 1760 2688 quae
1793 2634 1833 2674 in
1868 2633 1933 2674 illo
1968 2639 2039 2682 est,

407 2697 621 2752 perliniens
632 2711 640 2737 :

147 2760 179 2782 ¹5
199 2764 242 2799 et
257 2758 384 2799 faciat
400 2757 436 2798 ei
453 2757 618 2810 dignam
640 2755 951 2801 habitationem,
1019 2761 1060 2795 et
1076 2754 1117 2794 in
1135 2753 1289 2807 pariete
1306 2766 1460 2806 ponens
1477 2751 1586 2794 illud.
1607 2756 1648 2792 et
1665 2750 1906 2791 confirmans
1924 2750 2039 2798 ferro,

148 2819 182 2841 ¹⁴⁵
199 2830 250 2857 ne
267 2817 373 2858 forte
392 2815 526 2865 cadat,
547 2814 794 2869 prospiciens
812 2813 880 2862 illi,
953 2813 1080 2854 sciens
1101 2812 1294 2866 quoniam
1313 2825 1393 2852 non
1413 2815 1549 2864 potest
1567 2810 1760 2850 adiuvare
1779 2822 1836 2850 se:
1909 2808 2041 2862 imago

408 2874 514 2915 enim
544 2879 616 2922 est,
648 2878 690 2914 et
718 2885 820 2927 opus
848 2877 911 2913 est
937 2872 993 2913 illi
1023 2871 1282 2912 adiutorium.

149 2937 181 2959 ¹⁷
199 2935 256 2976 Et
275 2934 324 2975 de
344 2933 579 2975 substantia
596 2945 680 2979 sua,
703 2936 746 2973 et
764 2931 814 2972 de
834 2931 924 2972 filiis
944 2931 1036 2979 suis,
1060 2935 1101 2970 et
1120 2930 1169 2970 de
1189 2929 1342 2982 nuptiis
1363 2933 1506 2969 votum
1526 2927 1675 2967 faciens
1695 2925 1875 2979 inquirit.
1951 2925 2042 2966 Non

408 2991 609 3033 erubescit
635 2990 747 3044 loqui
776 3003 868 3031 cum
896 2989 976 3037 1110,
1008 2989 1077 3042 qui
1106 2987 1190 3029 sine
1220 2988 1355 3028 anima
1383 2992 1461 3026 est:

148 3054 181 3076 ¹⁸
199 3057 241 3093 et
271 3065 345 3105 pro
378 3050 555 3092 sanitate
589 3050 753 3104 quidem
794 3048 1001 3089 infirmum
1035 3047 1287 3100 deprecatur.
1375 3050 1414 3085 et
1447 3057 1519 3097 pro
1553 3043 1641 3084 vita
1671 3050 1789 3096 rogat.
1820 3048 2039 3084 mortuum.

408 3114 449 3150 et
474 3109 515 3149 in
541 3108 789 3149 adiutorium
815 3106 1000 3148 inutilem
1026 3106 1209 3147 invocat:
1291 3105 1323 3128 ¹⁹
1349 3110 1390 3143 et
1415 3115 1486 3155 pro
1511 3101 1654 3142 itinere
1680 3101 1784 3155 petit
1810 3101 1861 3141 ab
1887 3114 1946 3143 eo,
1974 3099 2042 3153 qui

408 3167 616 3209 ambulare
645 3180 727 3208 non
755 3171 911 3220 potest:

200 3237 239 3269 et
265 3228 314 3268 de
340 3226 597 3280 acquirendo.
633 3231 674 3266 et
705 3225 754 3266 de
784 3224 1001 3279 operando,
1033 3229 1075 3264 et
1106 3223 1156 3263 de
1185 3221 1363 3262 omnium
1394 3232 1527 3260 rerum
1551 3226 1702 3260 eventu
1781 3217 1880 3271 petit
1907 3217 1957 3257 ab
1982 3229 2038 3262 eo,

409 3285 477 3339 qui
505 3285 547 3325 in
577 3284 764 3326 omnibus
794 3288 855 3324 est-
883 3282 1049 3324 inutilis.

280 3411 332 3452 13,
358 3414 374 3445 1
402 3411 511 3445 ⁸Rom
536 3413 566 3451 1,
592 3411 643 3445 18.
673 3432 714 3434 -
740 3412 761 3444 2
787 3410 854 3443 th
882 3411 912 3449 4,
941 3409 996 3449 193
1024 3409 1076 3447 1ῖ,
1101 3408 1130 3440 3.
1149 3428 1189 3429 j
1208 3408 1225 3439 7
1255 3405 1360 3438 cRom
1386 3406 1416 3444 1,
1441 3405 1492 3437 21.
1513 3425 1553 3427 —
1571 3405 1610 3437 11
1635 3403 1689 3435 dls
1714 3403 1766 3440 44,
1792 3401 1847 3438 12;
1875 3399 1906 3430 Ir
1930 3396 1981 3434 10,
2005 3394 2035 3427 3.
