2356 3760
141 509 225 533 israel
247 510 283 534 ab

141 545 283 574 etv-ptris

129 579 291 610 =›xpel¹itur‚

139 1169 220 1194 audit
241 1171 275 1194 tls·

141 1205 273 1234 religione

164 1240 252 1266 l’lrase

116 1834 141 1855 et
157 1833 273 1861 1111111991
287 1845 295 1848 -

143 1869 268 1891 ultorum

157 1910 253 1927 conse-

136 1944 159 1961 Cl
168 1940 272 1964 alione,

316 97 366 137 56
1204 96 1349 129 LIBER
1938 100 1991 141 12,
2017 100 2162 142 36—13‚
2189 101 2230 135 16

317 192 351 214 ³¹³
384 189 584 230 Dominus
619 196 756 229 autem
791 189 905 229 dedit
937 189 1110 242 gratiam
1146 189 1296 242 populo
1331 201 1465 230 coram
1500 190 1702 243 AEgyptiis
1736 196 1782 231 ut
1816 194 2123 235 commodarent
2155 195 2228 235 eis:

317 254 357 289 et
387 248 665 301 spoliaverunt
695 248 922 302 AEgyptiOS.

608 353 711 404 ΙΙΙ.
753 354 988 403 Exodus
1028 353 1455 416 Israelitarum,
1494 354 1570 415 12,
1598 353 1829 409 37—15.
1856 356 1937 408 21.

775 445 813 483 1.
844 444 1062 495 Egressio
1091 445 1249 497 populi
1281 444 1422 496 electi,
1451 445 1517 495 12,
1537 445 1710 496 37—14,
1731 447 1769 486 4.

421 512 455 534 3⁷
491 510 748 563 Prol'eetisme
783 515 879 549 sunt
915 509 984 549 filii
1022 509 1143 549 lsrael
1178 510 1226 550 de
1263 511 1455 551 Ramesse
1492 510 1529 549 in
1564 511 1726 552 Soeotlr.
1764 517 1955 552 sexcenta
1988 513 2068 553 fere
2105 512 2229 553 millia

319 569 502 621 peditum
537 569 727 611 virorum,
763 569 915 621 absque
949 568 1140 621 parvulis.
1201 570 1236 593 ³⁸
1267 569 1345 610 Sed
1378 574 1419 608 et
1451 568 1594 620 vulgus
1628 570 1903 622 promiscuum
1935 571 2227 612 innumerabile

314 627 496 667 aseendit
518 641 609 667 eum
633 628 699 670 eis.
725 641 819 668 oves
841 633 883 667 et
904 633 1090 668 armenta.
1111 632 1151 668 et
1172 628 1400 668 animantia
1421 627 1568 667 diversi
1589 629 1744 677 generis
1767 629 1897 670 multa
1918 630 2049 670 11111119.
2099 632 2134 655 3⁹
2155 631 2228 671 Co-

315 692 543 740 xeruntque
577 686 762 730 farinam,
800 699 923 740 quam
958 686 1112 727 dudum
1149 687 1198 726 de
1232 686 1411 740 „Egypto
1446 700 1700 740 conspersam
1738 687 1934 729 tulerant:
1971 693 2012 729 et
2045 688 2225 730 fecerunt

314 745 594 785 subcineritios
634 758 758 799 panes
798 758 981 799 azymos:
1023 759 1153 799 neque
1193 746 1297 785 enim
1338 751 1531 798 poterant
1569 746 1802 787 fermentari
1844 748 2080 800 cogentibus
2121 748 2227 788 ordre

314 804 528 857 gEgyptiis,
558 809 598 845 et
626 804 777 845 nullam
805 804 934 845 facere
961 804 1187 845 sinentibus
1215 817 1389 845 moram:
1418 818 1490 845 nec
1517 804 1716 858 pulmenti
1746 806 1969 859 quidquam
1998 812 2225 847 occurrerat

314 876 550 916 prwparare.
611 866 647 887 ⁴⁰
683 863 895 904 I-labitatio
928 868 1066 904 autem
1104 863 1274 903 filiorum
1312 863 1433 903 lsrael
1467 877 1548 917 qua
1580 870 1818 904 manserunt
1850 865 1889 904 in
1923 865 2113 918 AEgypto,
2148 865 2225 906 fuit

313 922 702 975 quadringentorum
738 923 906 977 triginta
939 936 1150 963 annorum.
1211 925 1240 946 ⁴¹
1276 922 1432 971 Quibus
1465 922 1648 977 expletis,
1684 924 1822 963 eadem
1858 924 1921 964 die
1954 937 2132 978 egressus
2166 929 2226 965 est

312 982 442 1021 omnis
474 982 672 1022 exercitus
704 982 869 1022 Domini
902 982 950 1022 de
983 987 1086 1022 terra
1122 981 1301 1035 Egypti.
1361 984 1393 1005 ¹2
1426 981 1516 1022 Nox
1548 982 1628 1022 ista
1659 987 1720 1022 est
1751 983 2014 1023 observabilis
2046 983 2224 1031 Domini,

313 1040 476 1093 quando
506 1041 648 1081 eduxit
676 1054 741 1081 eos
769 1041 818 1081 de
847 1041 969 1080 Terra
997 1040 1182 1094 AEgypti:
1212 1041 1317 1081 hanc
1346 1041 1559 1081 observare
1588 1041 1739 1082 debent
1767 1055 1904 1082 omnes
1937 1041 2005 1082 filii
2036 1041 2159 1082 Israel
2186 1042 2225 1082 in

310 1099 641 1145 generationibus
672 1100 766 1140 suis.

418 1161 450 1182 ⁴³³
487 1159 680 1212 Dixitque
714 1159 914 1199 Dominus
950 1158 1001 1199 ad
1034 1158 1203 1212 Moysen
1238 1163 1279 1199 et
1312 1159 1466 1200 Aaron:
1506 1159 1600 1200 Haec
1636 1164 1697 1200 est
1730 1159 1865 1214 religio
1900 1160 2048 1201 Phase:
2085 1160 2226 1202 Omnis

313 1217 537 1271 alienigena
560 1231 639 1258 non
664 1218 850 1258 comedet
873 1231 922 1258 ex
945 1231 1002 1259 eo.
1054 1220 1087 1242 44
1110 1217 1252 1258 Omnis
1277 1223 1415 1258 antem
1439 1231 1577 1258 servus
1602 1219 1812 1272 emptitius
1837 1218 2160 1267 circumcidetur,
2186 1224 2227 1259 et

312 1277 368 1317 sie
385 1277 582 1318 comedet.
628 1280 660 1301 ⁴⁵
676 1277 850 1318 Advena
867 1282 907 1317 et
923 1277 1193 1317 mercenarius
1212 1290 1292 1317 non
1310 1277 1433 1317 edent
1450 1290 1498 1317 ex
1516 1290 1573 1317 eo.
1619 1279 1655 1301 46
1674 1278 1720 1317 111
1738 1291 1819 1318 una
1836 1279 1957 1319 domo
1975 1278 2223 1325 comedetur,

310 1349 383 1376 1199
414 1336 588 1377 efferetis
620 1337 668 1377 de
700 1336 887 1377 carnibus
919 1336 1002 1376 eius
1033 1336 1153 1379 foras,
1191 1349 1283 1376 anee
1314 1349 1356 1376 os
1388 1335 1492 1376 illius
1524 1336 1796 1390 confringetis.
1856 1339 1889 1361 ⁴⁷
1922 1337 2064 1378 Omnis
2096 1341 2226 1378 coetus

316 1395 487 1435 filiorum
523 1395 645 1436 lsrael
678 1395 800 1436 faciet
832 1395 943 1436 illud.
1005 1397 1040 1419 4⁸
1073 1395 1193 1444 Quod
1225 1395 1257 1435 si
1292 1395 1380 1448 quis
1424 1395 1723 1449 peregrinorum
1767 1396 1807 1436 in
1841 1401 2020 1436 vestram
2054 1396 2228 1437 voluerit

312 1454 482 1495 transire
509 1454 719 1500 coloniam,
749 1460 790 1495 et
814 1455 945 1495 facere
971 1454 1102 1494 Phase
1128 1454 1306 1496 Domini.
1336 1454 1648 1495 circumcidetur
1672 1454 1783 1508 prius
1810 1468 1929 1495 omne
1955 1454 2226 1495 masculinum

311 1513 406 1557 eius,
431 1519 472 1554 et
492 1519 590 1554 tunc
612 1514 686 1555 rite
708 1513 946 1554 celebrabit:
971 1513 1127 1567 eritque
1149 1513 1254 1553 sicut
1275 1513 1465 1567 indigena
1486 1518 1619 1554 terrae:
1642 1513 1672 1553 si
1697 1514 1785 1567 quis
1808 1519 1946 1554 autem
1968 1514 2226 1554 circumcisus

312 1586 392 1613 11011
416 1573 550 1622 fuerit,
579 1587 658 1614 non
684 1578 870 1613 vescetur
894 1586 943 1613 ex
967 1586 1025 1613 eo.
1078 1574 1113 1596 49
1138 1572 1295 1613 Eadem
1318 1572 1383 1612 lex
1408 1572 1484 1613 erit
1508 1572 1707 1626 indigenae
1731 1578 1771 1613 et
1796 1572 1937 1613 colono
1963 1573 2032 1626 qui
2055 1572 2227 1626 peregri-

311 1638 434 1673 natur
455 1632 563 1686 apud
586 1646 670 1673 vos.
719 1634 755 1656 ⁵0
775 1632 808 1672 F
811 1636 1057 1685 eoeruntque
1079 1644 1218 1672 omnes
1243 1631 1313 1671 filii
1336 1631 1459 1672 Israel
1480 1631 1585 1672 910111
1606 1637 1853 1685 praeceperat
1874 1632 2074 1673 Dominus
2096 1632 2227 1685 Moysi

312 1696 351 1731 et
382 1692 530 1732 Aaron.
589 1693 620 1716 5¹
652 1692 707 1732 Et
737 1691 878 1732 eadem
910 1691 973 1731 die
1005 1691 1148 1731 eduxit
1177 1690 1378 1731 Dominus
1413 1690 1514 1731 filios
1547 1690 1670 1731 Israel
1700 1691 1749 1731 de
1794 1696 1902 1731 terra
1946 1691 2113 1744 AEgypti
2158 1703 2229 1745 per

316 1757 473 1791 turmas
503 1764 607 1791 suas.

419 1808 480 1852 13.
538 1812 549 1833 ¹
577 1810 837 1863 Locutusque
864 1814 925 1850 est
950 1809 1152 1850 Dominus
1179 1809 1231 1849 ad
1256 1809 1436 1862 Moysen,
1466 1809 1619 1850 dicens:
1673 1811 1688 1833 2
1718 1809 1959 1850 bSanetifiea
1984 1809 2083 1850 mihi
2109 1822 2227 1850 omne

315 1869 628 1922 primogenitum
664 1869 771 1922 quod
808 1868 938 1922 aperit
971 1868 1137 1909 vulvam
1174 1868 1214 1908 in
1251 1868 1340 1908 filiis
1379 1867 1512 1917 Israel,
1548 1873 1634 1909 tam
1670 1868 1719 1909 de
1752 1869 1984 1909 hominibus
2021 1881 2145 1922 quam
2179 1868 2227 1909 de

313 1928 522 1968 iumentis:
553 1941 644 1968 mea
672 1933 769 1968 sunt
797 1928 903 1968 enim
934 1927 1080 1968 omnia.
1138 1929 1153 1951 3
1182 1927 1238 1967 Et
1266 1927 1324 1967 ait
1352 1927 1512 1980 Moyses
1542 1927 1595 1968 ad
1623 1927 1838 1981 populum:
1869 1928 2120 1968 Mementote
2149 1927 2227 1968 diei

311 1987 428 2027 liuius
452 1987 491 2027 in
515 2001 596 2040 qua
618 1987 763 2040 egressi
786 1987 881 2027 estis
905 1986 953 2027 de
977 1986 1155 2039 AEgypto
1179 1991 1220 2026 91
1242 1986 1291 2027 (19
1314 1986 1434 2027 (101110
1457 1986 1679 2035 servitutis,
1706 1987 1900 2040 quoniam
1922 1987 1963 2027 in
1984 2000 2110 2027 manu
2131 1986 2226 2027 forti

311 2046 455 2086 eduxit
477 2059 549 2087 vos
574 2046 773 2086 Dominus
798 2046 846 2086 de
869 2045 956 2086 1000
980 2045 1076 2085 191οῑ
1104 2050 1149 2085 111
1172 2058 1253 2085 11011
1278 2045 1501 2085 comedatis
1524 2046 1818 2086 fermentatum
1842 2059 2002 2099 panem.
2054 2047 2069 2069 4
2094 2044 2227 2085 Hodie

311 2105 544 2158 egredimini
568 2119 703 2145 mense
726 2118 924 2145 novarum
948 2104 1122 2154 frugum.
1173 2106 1188 2128 5
1209 2104 1392 2158 Cumque
1416 2104 1689 2145 introduxerit
1712 2109 1752 2145 te
1774 2104 1975 2145 Dominus
1998 2104 2038 2144 in
2061 2104 2226 2144 Terram

310 2165 529 2205 (fliananzei
553 2169 593 2205 et
617 2164 777 2205 Hethaei
802 2169 842 2204 et
864 2163 1087 2204 Amorrhaei
1112 2168 1153 2204 et
1176 2162 1316 2204 Hevaei
1341 2168 1381 2203 et
1406 2163 1586 2209 Iebusaei,
1614 2177 1737 2217 quam
1761 2163 1913 2204 iuravit
1935 2163 2121 2217 patribus
2145 2163 2226 2203 tuis

310 2230 356 2263 111
389 2224 505 2264 daret
536 2223 622 2269 tibi,
657 2228 807 2264 terram
843 2223 1037 2263 fluentem
1069 2222 1173 2263 lacte
1205 2228 1246 2263 et
1277 2222 1405 2271 melle,
1441 2222 1662 2263 celebrabis
1694 2223 1802 2263 hunc
1834 2235 1987 2263 morem
2020 2234 2226 2263 sacrorum

311 2296 447 2323 mense
475 2283 565 2323 isto.
626 2285 641 2306 6
669 2283 834 2336 Septem
864 2282 1004 2323 diebus
1034 2281 1205 2322 vesceris
1235 2281 1407 2335 azymis:
1439 2286 1479 2322 et
1507 2281 1548 2322 in
1577 2281 1641 2323 die
1670 2282 1843 2335 septimo
1873 2281 1949 2322 erit
1977 2281 2226 2322 sollemnitas

310 2341 488 2383 Domini.
540 2344 553 2365 ⁷
574 2342 732 2395 Azyma
752 2342 972 2382 comedetis
993 2346 1150 2394 septem
1171 2340 1330 2381 diebus:
1353 2354 1434 2381 non
1454 2340 1670 2394 apparebit
1690 2341 1800 2394 apud
1820 2346 1860 2382 te
1881 2340 2035 2394 aliquid
2053 2340 2225 2381 fermen-

312 2407 459 2445 tatum,
487 2414 559 2442 1199
584 2402 623 2441 111
648 2401 803 2442 eunetis
832 2401 979 2441 finibus
1005 2400 1097 2441 tuis.
1153 2401 1168 2423 ⁸
1193 2400 1468 2454 Narrabisque
1496 2399 1576 2441 filio
1601 2405 1673 2440 tuo
1698 2400 1739 2440 in
1763 2400 1826 2441 die
1851 2399 1930 2448 illo,
1957 2399 2111 2440 dicens:
2139 2398 2228 2439 Hoc

312 2466 372 2501 est
403 2461 512 2514 quod
542 2460 638 2500 fecit
666 2460 764 2500 mihi
794 2460 994 2500 Dominus
1026 2459 1189 2513 quando
1220 2472 1398 2512 egressus
1428 2472 1518 2500 sum
1548 2459 1596 2500 de
1626 2459 1818 2513 AEgypto.
1879 2461 1894 2483 ⁹
1922 2459 1978 2500 Et
2007 2458 2083 2499 erit
2113 2457 2227 2512 quasi

311 2520 470 2573 signum
503 2520 541 2559 in
572 2533 695 2560 manu
726 2526 809 2565 tua,
843 2524 883 2559 et
913 2518 1027 2572 quasi
1058 2518 1357 2559 monimentum
1388 2523 1483 2559 ante
1514 2518 1649 2559 0011109
1679 2523 1790 2558 11109;
1823 2522 1863 2558 91
1892 2522 1939 2559 111
1967 2517 2032 2558 lex
2061 2516 2226 2558 Domini

313 2592 470 2632 semper
486 2578 538 2620 sit
554 2579 594 2619 in
612 2591 676 2619 ore
694 2584 777 2627 tuo,
797 2579 836 2618 in
854 2592 977 2618 manu
995 2577 1101 2618 enim
1117 2577 1213 2618 forti
1230 2577 1373 2618 eduxit
1388 2582 1429 2618 te
1444 2577 1646 2618 Dominus
1663 2577 1712 2618 de
1728 2577 1919 2631 AEgypto.
1967 2578 2001 2600 ¹⁰
2016 2575 2227 2617 Custodies

314 2638 591 2679 huiuscemodi
624 2637 778 2678 cultum
812 2642 970 2677 statuto
1002 2642 1185 2690 tempore
1218 2650 1241 2676 a
1273 2636 1414 2677 diebus
1447 2636 1487 2677 in
1519 2637 1613 2678 dies.
1675 2638 1706 2660 ¹¹
1738 2636 1921 2690 Cumque
1953 2634 2228 2676 introduxerit

314 2706 353 2738 te
386 2698 584 2738 Dominus
619 2697 657 2737 in
691 2697 855 2737 Terram
887 2696 1116 2744 Chananaei,
1152 2695 1257 2736 sicut
1288 2695 1440 2736 iuravit
1472 2695 1546 2736 tibi
1579 2700 1620 2736 et
1651 2695 1836 2749 patribus
1869 2695 1962 2743 tuis,
1997 2699 2038 2735 et
2070 2693 2229 2735 dederit

314 2757 387 2797 tibi
418 2770 525 2797 eam:
583 2758 613 2780 ¹2
649 2755 870 2809 Cseparabis
901 2768 1019 2795 omne
1050 2755 1159 2808 quod
1187 2754 1319 2807 aperit
1347 2754 1515 2795 vulvam
1543 2755 1732 2803 Domino,
1764 2759 1806 2795 et
1834 2754 1944 2808 quod
1972 2753 2227 2807 primitivum

315 2821 373 2855 est
410 2816 449 2855 in
485 2815 697 2868 pecoribus
733 2815 832 2855 tuis:
872 2814 1070 2867 quidquid
1105 2813 1294 2854 habueris
1332 2813 1544 2854 masculini
1580 2827 1710 2856 sexus.
1749 2813 2001 2854 consecrabis
2036 2812 2225 2853 Domino.

318 2877 346 2898 ¹²³
369 2874 687 2922 primogenitum
711 2873 810 2914 asini
832 2873 1011 2913 mutabis
1033 2886 1125 2913 ove:
1150 2873 1258 2926 quod
1279 2873 1310 2912 si
1332 2886 1412 2914 non
1432 2873 1661 2920 redemeris,
1686 2872 1914 2913 interficies.
1938 2872 2068 2913 Omne
2089 2875 2228 2912 autem

317 2933 629 2986 primogenitum
666 2932 840 2973 hominis
876 2933 924 2972 de
963 2931 1053 2972 filiis
1090 2931 1183 2979 tuis,
1221 2932 1350 2985 pretio
1386 2932 1569 2972 redimes.
1633 2934 1664 2956 ¹4
1700 2932 1883 2985 Cumque
1918 2929 2229 2984 interrogaverit

317 2998 355 3032 te
385 2992 487 3032 filius
513 2998 607 3032 tuus
633 3004 731 3034 cras.
759 2992 912 3032 dicens:
940 2990 1046 3039 Quid
1072 2996 1133 3031 est
1156 2990 1256 3030 hoc?
1282 2991 1543 3044 respondebis
1569 2991 1620 3031 ei:
1650 2991 1697 3030 ln
1721 3004 1845 3031 manu
1870 2990 1966 3030 forti
1990 2989 2132 3030 eduxit
2155 3001 2227 3029 nos

317 3052 516 3091 Dominus·
537 3051 584 3091 de
605 3055 710 3090 terra
730 3050 909 3104 *Egypti
932 3049 981 3089 de
1000 3050 1120 3090 domo
1141 3050 1362 3090 servitutis.
1411 3052 1441 3073 ¹5
1462 3050 1566 3090 Nam
1587 3063 1678 3090 cum
1698 3050 1912 3090 induratus
1932 3053 2037 3089 esset
2054 3048 2225 3090 Pharao,

317 3116 356 3150 91
394 3109 514 3151 1101191
550 3123 621 3149 nos
657 3109 872 3158 dimittere,
910 3108 1058 3149 occidit
1092 3108 1291 3148 Dominus
1327 3121 1444 3149 omne
1478 3109 1794 3161 primogenitum
1828 3108 1869 3148 in
1904 3108 2026 3148 Terra
2060 3105 2227 3160 AEgypti

318 3183 339 3209 a
358 3168 626 3222 primogenito
646 3168 818 3208 hominis
839 3181 965 3221 usque
984 3167 1035 3208 ad
1054 3167 1370 3220 primogenitum
1388 3167 1681 3208 iumentorum:
1702 3167 1849 3208 idcirco
1868 3165 2032 3207 immolo
2050 3165 2227 3207 Domino

318 3241 436 3269 omne
461 3228 569 3281 quod
593 3227 722 3279 aperit
747 3226 910 3267 vulvam
937 3226 1149 3266 masculini
1173 3239 1303 3268 sexus,
1329 3231 1370 3266 et
1393 3227 1529 3266 onmia
1552 3226 1823 3279 primogenita
1848 3225 2020 3266 filiorum
2044 3237 2227 3265 meorum

317 3288 482 3328 redimo.
544 3288 577 3310 ¹⁶
608 3285 697 3326 Erit
728 3285 850 3334 igitur
881 3285 993 3338 quasi
1026 3285 1184 3334 signum
1217 3285 1255 3324 in
1289 3298 1410 3325 manu
1443 3290 1526 3333 tua,
1560 3290 1600 3325 et
1632 3285 1745 3339 quasi
1777 3296 2000 3338 appensum
2034 3283 2143 3337 quid,
2176 3282 2227 3324 ob

451 3391 491 3423 46
510 3390 595 3423 aNm
616 3392 646 3429 9,
667 3391 721 3429 123
750 3390 786 3423 10
806 3391 856 3430 19,
876 3390 926 3423 36.
982 3411 994 3413 -
1022 3390 1072 3431 123,
1093 3390 1111 3422 *3
1129 3389 1205 3422 blnf
1223 3390 1275 3429 34,
1296 3391 1352 3429 193
1380 3389 1428 3422 Lv
1448 3390 1500 3429 27,
1521 3390 1577 3430 263
1611 3390 1677 3423 Nm
1697 3389 1727 3429 8,
1748 3390 1804 3429 1<3;
1836 3389 1876 3421 Le
1895 3389 1924 3429 2,
1945 3388 1994 3421 23.
2024 3408 2066 3412 —
2089 3387 2132 3422 12
2153 3387 2226 3420 ο1111

319 3439 370 3478 22,
396 3438 452 3478 293
479 3438 531 3478 34,
558 3440 613 3477 133
645 3438 688 3470 ΕΖ
712 3438 764 3477 44,
789 3437 839 3470 230,
