2356 3760
153 138 183 177 1,
208 136 327 175 27—2,
354 135 395 168 10
686 132 998 167 EVANGELIUM
1023 130 1279 166 SECUNDUM
1311 130 1528 164 IOANNEM
1931 134 2045 180 ο1041

151 228 192 268 111
221 241 345 281 aqua:
375 227 532 267 medius
560 231 698 267 autem
727 230 909 266 vestrum
937 224 1064 271 stetit,
1095 237 1215 277 quem
1244 237 1316 265 vos
1344 223 1518 264 nescitis.
1575 225 1608 247 ²⁷
1639 224 1729 276 Ipse
1757 230 1828 273 est,
1860 226 1928 279 qui
1956 232 2049 280 post

152 299 216 326 me
238 290 435 326 venturus
458 290 530 334 est,
556 284 624 338 qui
647 289 741 325 ante
763 296 827 323 me
849 282 982 323 factus
1005 288 1083 323 est:
1108 282 1220 323 cuius
1243 296 1314 336 ego
1337 295 1418 323 non
1440 295 1530 323 sum
1552 282 1696 335 dignus
1719 288 1766 322 ut
1787 283 1941 324 solvam
1965 285 2048 325 eius

152 344 343 398 corigiam
373 343 647 384 calceamenti.
705 343 740 366 ²⁸
770 341 867 382 Haec
896 341 936 381 in
968 341 1170 382 Bethania
1198 341 1309 381 facta
1337 345 1434 381 sunt
1462 346 1574 381 trans
1607 340 1832 389 Iordanem,
1864 342 1932 382 ubi
1963 348 2050 383 erat

153 403 324 444 Ioannes
354 402 579 456 baptizans.

257 463 291 485 2⁹
319 461 460 502 Altera
487 460 550 500 die
579 458 683 499 vidit
713 458 884 499 Ioannes
915 457 1049 498 Iesum
1078 458 1309 498 venientem
1339 458 1390 498 ad
1418 471 1470 505 se,
1501 463 1542 498 et
1570 458 1645 498 ait:
1676 458 1780 498 Ecce
1809 471 1934 511 agnus
1962 459 2255 519 Βο1ἔζέζ1ἆζο111ῐζζω

152 533 241 560 ecce
269 520 338 573 qui
365 519 472 560 tollit
498 522 711 572 peccatum
738 516 892 557 mundi.
946 518 983 540 3⁰
1010 516 1087 556 Hic
1113 521 1185 564 est,
1215 516 1264 557 de
1291 529 1370 569 quo
1398 516 1499 556 dixi:
1527 516 1627 557 Post
1652 529 1716 556 me
1743 516 1856 557 venit
1882 517 1954 565 vir,
1984 518 2052 570 qui

152 583 247 618 ante
263 591 328 617 me
345 577 479 618 factus
496 581 574 617 est:
594 575 690 628 quia
705 575 814 628 prior
829 587 893 615 me
910 579 1009 615 erat.
1054 576 1085 598 ³¹
1103 579 1144 614 et
1160 587 1232 627 ego
1249 574 1477 615 nesciebam
1495 587 1599 623 eum,
1618 575 1688 615 sed
1705 580 1751 615 ut
1768 575 2053 616 manifestetur

151 636 192 676 in
227 635 361 684 Israel,
398 639 613 689 propterea
645 633 738 674 veni
772 646 843 687 ego
876 632 917 673 in
951 645 1060 686 aqua
1092 633 1318 686 baptizans.
1380 635 1412 657 ³2
1446 633 1501 673 Et
1534 633 1814 674 testimonium
1848 634 2055 686 perhibuit

153 694 336 740 Ioannes,
376 694 529 735 dicens:
573 692 698 740 aQuia
733 691 817 732 vidi
853 691 1051 745 Spiritum
1088 691 1401 732 descendentem
1439 691 1553 744 quasi
1591 691 1821 732 columbam
1859 692 1907 733 de
1945 692 2052 737 caelo,

151 758 193 793 et
220 752 372 793 mansit
399 764 519 805 super
546 763 650 791 eum.
707 752 739 775 ³³
768 750 823 791 Et
851 763 923 803 ego
951 749 1181 791 nesciebam
1209 763 1320 790 eum:
1351 749 1420 790 sed
1450 749 1519 803 qui
1546 749 1657 790 misit
1684 763 1748 790 me
1777 750 1985 803 baptizare
2014 751 2054 791 in

152 824 271 865 aqua,
302 811 367 851 ille
396 809 495 850 mihi
524 809 646 850 dixit:
678 810 807 862 Super
837 821 957 862 quem
988 808 1135 849 videris
1165 808 1362 861 Spiritum
1393 808 1718 856 descendentem,
1751 813 1791 848 et
1820 814 2054 849 manentem

151 883 271 923 super
295 882 398 917 eum,
424 868 490 909 hic
514 873 586 915 est,
614 867 683 921 qui
708 867 894 921 baptizat
917 867 958 907 in
983 867 1137 920 Spiritu
1162 872 1315 908 sancto.
1347 868 1379 891 34
1404 866 1460 907 Et
1484 879 1555 920 ego
1581 866 1682 907 vidi:
1709 871 1751 907 et
1774 866 2054 908 testimonium

151 928 336 982 perhibui
364 927 460 981 quia
485 926 549 967 hic
576 931 638 967 est
664 926 788 967 Filius
815 926 902 967 Dei.

2160 495 2198 519 du

255 989 287 1012 ³⁵
309 986 450 1027 Altera
470 985 534 1026 die
555 985 703 1026 iterum
725 985 866 1025 stabat
890 984 1072 1033 Ioannes,
1097 990 1138 1024 et
1159 997 1208 1024 ex
1230 983 1435 1037 discipulis
1458 983 1541 1024 eius
1563 983 1656 1025 duo.
1706 985 1742 1008 ³⁶
1763 983 1819 1024 Et
1839 984 2259 1044 respicienstesstgpr>mum

154 1045 287 1086 Iesum
317 1044 609 1089 ambulantem,
641 1043 757 1084 dicit:
788 1043 892 1084 Ecce
922 1056 1048 1097 agnus
1076 1042 1164 1083 Dei.

551 1148 590 1188 2.
621 1146 807 1187 Vocatio
838 1147 1036 1197 quinque
1067 1146 1409 1197 discipulorum,
1436 1147 1475 1196 1,
1495 1146 1667 1186 37—51.

256 1221 290 1244 ³⁷
317 1219 372 1260 Et
398 1218 616 1259 audierunt
641 1231 733 1258 eum
759 1218 839 1258 duo
866 1217 1051 1270 discipuli
1076 1217 1323 1270 loquentem,
1352 1222 1393 1257 et
1417 1215 1545 1256 secuti
1570 1220 1667 1256 sunt
1693 1215 1839 1257 Iesum.
1893 1217 1928 1240 ³⁸
1953 1216 2055 1257 Con-

152 1291 291 1319 versus
309 1283 447 1319 autem
466 1277 589 1326 Iesus,
609 1281 650 1317 et
666 1276 808 1316 videns
825 1289 891 1317 eos
908 1280 1122 1329 sequentes
1140 1288 1192 1323 se,
1212 1275 1311 1315 dicit
1328 1275 1400 1315 eis:
1422 1274 1528 1323 Quid
1546 1273 1748 1327 quaeritis?
1769 1274 1845 1322 Qui
1863 1274 2055 1315 dixerunt

152 1337 205 1378 ei:
230 1336 376 1385 Rabbi,
402 1336 528 1390 (quod
549 1335 698 1376 dicitur
718 1335 1034 1388 interpretatum
1056 1333 1263 1386 Magister)
1286 1333 1355 1373 ubi
1376 1332 1563 1373 habitas?
1612 1334 1647 1356 ³⁹
1667 1332 1779 1372 Dicit
1799 1332 1871 1372 eis:
1895 1332 2052 1381 Venite,

152 1401 194 1437 et
222 1395 370 1436 videte.
403 1395 624 1443 Venerunt,
657 1399 697 1434 et
727 1393 919 1434 viderunt
948 1392 1017 1432 ubi
1047 1397 1241 1439 maneret,
1275 1397 1316 1432 et
1345 1392 1455 1444 apud
1485 1404 1576 1431 eum
1608 1395 1845 1431 manserunt
1875 1391 1938 1431 die
1968 1390 2053 1432 illo:

151 1455 252 1496 hora
276 1458 414 1495 autem
439 1458 527 1493 erat
551 1452 665 1506 quasi
691 1451 858 1492 decima.
912 1452 948 1475 ‘¹⁰
972 1450 1073 1491 Erat
1098 1455 1236 1491 autem
1261 1450 1443 1490 Andreas
1469 1450 1594 1490 frater
1617 1449 1791 1490 Simonis
1816 1449 1925 1489 Petri
1951 1462 2055 1489 unus

152 1526 201 1554 ex
228 1513 399 1559 duobus,
430 1511 498 1565 qui
526 1510 742 1551 audierant
769 1523 792 1550 a
820 1510 983 1555 Ioanne,
1014 1514 1055 1549 et
1081 1508 1207 1549 secuti
1236 1508 1399 1549 fuerant
1426 1521 1530 1549 eum.

257 1573 288 1595 ⁴¹
312 1570 476 1611 Invenit
494 1570 558 1610 hic
578 1569 754 1623 primum
775 1568 943 1608 fratrem
963 1581 1082 1608 suum
1102 1567 1320 1612 Simonem,
1343 1572 1383 1608 et
1402 1567 1502 1608 dicit
1520 1567 1573 1607 ei:
1598 1566 1832 1606 Invenimus
1852 1566 2052 1607 Messiam.

155 1630 281 1684 (quod
306 1634 367 1670 est
391 1629 708 1682 interpretatum
733 1627 947 1677 Christus.)
999 1628 1031 1650 ‘¹2
1057 1626 1113 1667 Et
1137 1626 1312 1667 adduxit
1337 1639 1429 1666 eum
1455 1625 1507 1666 ad
1534 1625 1679 1666 Iesum.
1710 1625 1890 1665 Intuitus
1916 1629 2054 1665 autem

153 1702 245 1730 eum
269 1688 392 1737 Iesus,
416 1687 538 1728 dixit:
564 1687 623 1727 Tu
645 1699 685 1726 es
707 1686 846 1727 Simon
868 1685 972 1725 filius
997 1685 1114 1726 Iona:
1139 1690 1184 1725 tu
1207 1684 1415 1725 vocaberis
1438 1684 1605 1737 Cephas.
1631 1684 1740 1737 quod
1762 1683 2056 1736 interpretatur

152 1748 310 1789 Petrus,

257 1808 290 1830 ⁴¹³
322 1806 369 1846 In
399 1804 622 1845 crastinum
652 1803 783 1845 voluit
812 1803 919 1843 exire
949 1803 989 1842 in
1019 1802 1240 1847 Galilaeam,
1273 1807 1314 1842 et
1343 1802 1501 1842 invenit
1530 1801 1776 1854 Philippum.
1810 1801 1865 1841 Et
1894 1800 1992 1841 dicit
2022 1800 2056 1841 ei

155 1865 284 1906 Iesus:
305 1864 480 1917 Sequere
498 1876 574 1904 me.
622 1864 654 1886 44
673 1862 776 1902 Erat
794 1866 932 1902 autem
951 1861 1163 1914 Philippus
1184 1874 1207 1901 a
1227 1861 1460 1909 Bethsaida,
1482 1860 1650 1901 civitate
1669 1859 1851 1907 Andreae,
1873 1864 1914 1900 et
1931 1859 2054 1899 Petri.

257 1925 289 1948 45
322 1922 487 1963 Invenit
516 1921 728 1975 Philippus
761 1919 1003 1967 Nathanael,
1037 1925 1078 1960 et
1108 1919 1207 1960 dicit
1237 1919 1289 1960 ei:
1324 1919 1453 1967 Quem
1484 1918 1644 1972 scripsit
1679 1919 1856 1971 bMoyses
1887 1918 1927 1958 in
1958 1918 2054 1971 lege.

154 1987 196 2025 et
220 1982 462 2035 cProphetae,
483 1980 712 2021 invenimus
733 1979 867 2020 Iesum
885 1978 1013 2019 filium
1034 1978 1179 2032 Ioseph
1198 1991 1221 2018 a
1240 1978 1455 2018 Nazareth.
1502 1979 1538 2001 4⁶
1556 1977 1612 2018 Et
1629 1977 1734 2017 dixit
1751 1977 1786 2017 ei
1805 1976 2054 2017 Nathanael:

154 2041 190 2082 A
217 2040 423 2081 Nazareth
449 2044 587 2093 potest
614 2038 767 2092 aliquid
795 2037 890 2078 boni
917 2036 1025 2078 esse?
1053 2036 1166 2077 Dicit
1191 2037 1225 2077 ei
1252 2036 1482 2090 Philippus:
1513 2036 1625 2082 Veni,
1655 2041 1696 2076 et
1723 2035 1826 2076 vide.
1882 2037 1915 2059 4⁷
1944 2034 2059 2075 Vidit

156 2100 267 2141 Iesus
293 2097 524 2139 Nathanael
547 2097 779 2137 venientem
804 2096 855 2136 ad
879 2109 931 2142 se,
958 2100 999 2136 et
1021 2095 1121 2136 dicit
1143 2095 1193 2136 de
1216 2108 1280 2136 eo:
1307 2095 1411 2135 Ecce
1434 2107 1527 2135 vere
1552 2094 1748 2139 Israelita,
1773 2095 1813 2134 in
1839 2107 1918 2147 quo
1943 2093 2058 2134 dolus

154 2171 236 2199 non
256 2162 328 2199 est.
377 2158 413 2181 ⁴²⁸
432 2156 544 2198 Dicit
563 2156 598 2196 ei
619 2154 869 2196 Nathanael:
893 2154 1011 2195 Unde
1030 2167 1094 2194 me
1114 2153 1246 2195 nosti?
1271 2154 1498 2207 Respondit
1520 2153 1643 2201 Iesus,
1667 2159 1706 2193 et
1727 2152 1832 2193 dixit
1851 2152 1903 2192 ei:
1926 2152 2060 2192 Prius-

156 2230 279 2271 quam
300 2221 341 2257 te
361 2215 574 2269 Philippus
595 2220 772 2262 vocaret,
796 2226 889 2254 cum
910 2226 1014 2253 esses
1035 2213 1110 2253 sub
1132 2212 1221 2257 ficu,
1245 2212 1329 2253 vidi
1350 2218 1402 2254 te.
1451 2214 1487 2236 ‘¹⁹
1510 2211 1738 2265 Respondit
1758 2211 1793 2252 ei
1814 2210 2057 2255 Nathanael,

156 2281 197 2317 et
222 2275 297 2316 ait:
326 2273 473 2323 Rabbi,
501 2278 547 2314 tu
572 2286 612 2314 es
637 2272 762 2313 Filius
786 2271 874 2317 Dei,
902 2276 948 2312 tu
974 2284 1013 2311 es
1041 2272 1129 2312 Rex
1156 2270 1290 2312 Israel.
1343 2273 1380 2295 5⁰
1406 2271 1634 2323 Respondit
1661 2270 1783 2318 Iesus,
1811 2274 1852 2310 et
1876 2269 1982 2310 dixit
2006 2269 2058 2309 ei:

157 2334 262 2383 Quia
287 2333 371 2374 dixi
398 2332 491 2373 tibi:
519 2332 613 2373 Vidi
639 2336 679 2372 te
706 2331 781 2371 sub
808 2330 898 2377 ficu,
928 2330 1073 2370 credis:
1101 2329 1232 2370 maius
1258 2329 1319 2369 his
1346 2329 1514 2369 videbis.
1569 2331 1599 2353 5¹
1628 2329 1684 2369 Et
1709 2328 1809 2369 dicit
1834 2328 1886 2368 ei:
1915 2328 2058 2376 Amen,

157 2405 275 2434 amen
307 2391 396 2432 dico
429 2390 557 2439 vobis,
592 2389 783 2430 videbitis
816 2388 957 2429 caelum
991 2394 1191 2442 apertum,
1226 2394 1267 2428 et
1298 2387 1472 2441 Angelos
1503 2387 1579 2427 Dei
1612 2387 1887 2435 ascendentes
1922 2390 1963 2427 et
1994 2386 2062 2426 de-

157 2451 394 2493 scendentes
423 2462 547 2503 supra
573 2448 722 2489 Filium
750 2447 936 2489 hominis

337 2555 408 2605 II.
448 2555 498 2605 A
537 2554 723 2620 primo
762 2568 949 2617 usque
988 2553 1062 2603 ad
1101 2552 1418 2603 secundum
1458 2566 1787 2616 regressum
1827 2550 1887 2600 in

771 2633 1090 2693 Galilaeam,
1130 2633 1178 2693 2,
1199 2631 1346 2688 1—3,
1373 2631 1458 2682 36.

441 2725 480 2764 1.
510 2724 636 2765 lesus
667 2735 767 2763 cum
800 2723 898 2763 suis
928 2725 971 2763 in
1004 2722 1195 2763 Galilaea
1225 2722 1548 2771 commoratur,
1576 2722 1614 2771 2,
1634 2720 1778 2759 1—12.

263 2796 302 2839 2.
358 2798 371 2820 1
401 2795 457 2836 Et
478 2795 542 2836 die
564 2795 687 2835 tertia
708 2794 862 2847 nuptiae
884 2794 1003 2834 factae
1025 2799 1122 2834 sunt
1142 2793 1183 2834 in
1206 2793 1318 2834 Cana
1339 2792 1530 2834 Galilaeae:
1555 2796 1595 2830 et
1617 2795 1704 2830 erat
1726 2793 1857 2829 mater
1880 2788 1970 2829 Iesu
1992 2789 2058 2830 ibi.

160 2857 174 2879 2
202 2855 380 2896 Vocatus
408 2859 470 2894 est
497 2858 635 2894 autem
663 2858 704 2893 et
733 2853 855 2901 Iesus,
885 2858 927 2893 et
953 2852 1138 2905 discipuli
1166 2852 1249 2893 eius
1277 2852 1328 2892 ad
1356 2851 1532 2904 nuptias.
1588 2851 1603 2873 3
1630 2848 1685 2888 Et
1712 2847 1923 2888 deficiente
1951 2847 2058 2893 vino,

161 2913 260 2954 dicit
284 2918 416 2953 mater
443 2912 533 2952 Iesu
560 2912 612 2952 ad
638 2925 748 2952 eum:
777 2911 927 2952 Vinum
954 2924 1035 2952 non
1061 2911 1227 2952 habent.
1282 2912 1297 2934 4
1323 2910 1378 2950 Et
1404 2909 1502 2949 dicit
1528 2908 1562 2948 ei
1591 2907 1718 2946 Iesus:
1749 2905 1856 2954 Quid
1881 2905 1992 2954 mihi,
2021 2910 2062 2946 et

161 2971 237 3013 tibi
255 2975 317 3012 est
334 2970 500 3011 mulier?
520 2970 704 3014 nondum
723 2970 837 3010 venit
856 2970 955 3011 hora
972 2983 1074 3010 mea.
1117 2971 1131 2993 ⁵
1150 2969 1262 3009 Dicit
1280 2973 1411 3008 mater
1429 2967 1512 3007 eius
1531 2965 1743 3006 ministris:
1766 2964 2061 3017 Quodcumque

161 3029 310 3071 dixerit
341 3029 469 3077 vobis,
504 3028 637 3069 facite.
702 3030 716 3053 ⁶
750 3029 881 3069 Erant
914 3034 1051 3068 autem
1084 3028 1141 3068 ibi
1172 3027 1341 3081 lapideae
1374 3025 1528 3079 hydriae
1560 3037 1629 3065 sex
1662 3023 1805 3076 positae
1838 3023 2061 3063 secundum

161 3087 486 3142 purificationem
519 3087 760 3135 Iudaeorum,
795 3087 1000 3140 capientes
1032 3086 1198 3140 singulae
1228 3090 1422 3126 metretas
1454 3083 1569 3124 binas
1601 3082 1665 3122 vel
1696 3087 1843 3122 ternas.
1907 3083 1920 3105 ⁷
1952 3081 2063 3121 Dicit

162 3147 216 3188 eis
248 3146 377 3187 Iesus:
411 3145 583 3198 Implete
612 3145 777 3198 hydrias
808 3158 927 3199 aqua.
960 3145 1015 3185 Et
1044 3144 1318 3198 impleverunt
1348 3156 1413 3183 eas
1444 3155 1571 3195 usque
1602 3141 1653 3181 ad
1683 3153 1900 3181 summum.
1962 3141 1977 3163 ⁸
2007 3139 2063 3179 Et

163 3205 262 3246 dicit
278 3205 331 3245 eis
351 3204 480 3244 Iesus:
500 3203 672 3244 Haurite
688 3216 807 3251 nunc,
827 3209 868 3244 et
883 3203 985 3244 ferte
1002 3202 1285 3244 architriclino.
1305 3201 1361 3242 Et
1376 3201 1570 3242 tulerunt.
1618 3201 1633 3223 ⁹
1650 3199 1708 3240 Ut
1725 3203 1862 3239 autem
1878 3197 2063 3251 gustavit

163 3263 457 3304 architriclinus
492 3275 641 3315 aquam
674 3262 816 3302 vinum
850 3261 1014 3307 factam,
1051 3267 1092 3302 et
1124 3274 1205 3302 non
1238 3260 1392 3301 sciebat
1425 3259 1532 3299 unde
1565 3263 1680 3306 esset,
1716 3256 1890 3297 ministri
1924 3261 2061 3296 autern

163 3322 357 3371 sciebant,
381 3321 449 3375 qui
469 3321 690 3361 hauserant
710 3333 878 3373 aquam:
900 3325 1023 3361 vocat
1042 3333 1237 3373 sponsum
1257 3317 1563 3365 architriclinus,
1614 3319 1648 3341 ¹⁰
1667 3321 1708 3356 et
1728 3315 1826 3356 dicit
1846 3315 1898 3354 ei:
1921 3313 2061 3354 Omnis

296 3412 337 3445 32
362 3391 566 3452 athal&
593 3412 647 3444 Mc
672 3413 701 3451 1,
733 3412 788 3452 1ο;
821 3412 866 3445 Le
890 3412 921 3451 3,
947 3412 998 3445 22.
1025 3432 1066 3435 -
1091 3413 1132 3445 45
1157 3412 1230 3445 ben
1254 3411 1306 3451 49,
1332 3410 1389 3450 1o;
1415 3409 1464 3442 Dt
1488 3409 1540 3449 18,
1566 3408 1616 3442 18.
1645 3429 1684 3431 —
1713 3407 1762 3440 cls
1787 3406 1839 3445 40,
1866 3408 1920 3444 1();
1947 3405 1998 3442 45,
2023 3402 2058 3441 8;

167 3459 201 3493 Ir
223 3459 276 3498 23,
299 3459 334 3498 5;
361 3459 410 3492 Ez
433 3459 485 3499 34,
510 3459 566 3498 23;
592 3458 645 3498 37,
669 3459 726 3498 24;
751 3458 807 3491 Dn
829 3459 860 3497 9,
884 3459 927 3491 24
949 3469 973 3491 s.

235 3521 448 3547 Hetzenaue
457 3528 482 3551 r,
505 3521 631 3552 Vulgata
653 3521 844 3546 Clementina.
1802 3510 1851 3549 66

2140 1021 2222 1043 tium.

2076 1215 2196 1239 Andreae
2215 1216 2241 1239 et

2096 1250 2211 1275 Ioannis

2139 1570 2221 1589 nonis

2116 1600 2166 1624 Pet
2172 1599 2202 1629 ri,

2100 1796 2222 1825 Philippi

2077 1920 2106 1942 et
2136 1917 2244 1942 Natha—

2097 1960 2113 1977 a
2127 1972 2129 1975 .
2143 1953 2165 1977 is
2197 1959 2208 1977 s

2086 1988 2236 2013 Bartholo-

2126 2024 2196 2048 maei.
