2356 3760
120 492 277 517 {vilificath

158 528 238 552 urbis

139 564 258 588 10110110.

147 784 249 808 Roreni

109 820 135 843 01
156 819 284 848 pluviam

127 855 270 883 probibet,

118 953 245 982 pascitur
266 961 280 977 :i

121 989 214 1013 eni-vis
241 989 276 1013 :id

119 1024 278 1049 torrentem

114 1316 140 1339 et
161 1322 175 1338 0
198 1313 285 1338 vidua

98 1351 125 1375 in
140 1349 291 1380 5010111110.

107 2321 187 2345 cuius
204 2320 294 2345 iilinni

119 2357 280 2381 resuscitat.

128 3264 169 3287 Pr<
177 3264 271 3294 »pheta

143 3299 256 3325 Domini

299 166 378 206 304
1154 161 1300 194 LIBER
1326 161 1351 195 Ι.
1949 163 2002 204 16,
2026 163 2170 205 32—18,
2195 164 2215 197 2

303 258 468 311 insuper
489 256 608 297 duxit
631 269 798 297 uxorein
823 254 981 295 lezabel
1002 254 1126 294 filiam
1149 254 1330 295 Ethbaal
1351 254 1454 308 regis
1475 254 1747 296 Sidoniorum.
1772 255 1827 296 Et
1848 256 1962 306 abiit,
1986 262 2027 299 et
2047 257 2218 300 servivit

306 316 418 364 Baal,
444 323 483 357 01
507 315 696 357 adoravit
719 327 823 355 eum.
875 315 907 337 ³²
930 313 985 353 Et
1009 313 1145 366 posuit
1167 326 1280 354 aram
1305 312 1406 353 Baal
1428 312 1468 353 in
1493 313 1645 367 templo
1670 314 1782 361 Baal,
1809 315 1918 368 quod
1940 316 2217 358 aedificaverat

302 375 343 416 in
361 375 557 419 Samaria,
604 376 636 399 ³³
653 378 694 414 et
712 372 919 426 plautavit
938 372 1092 412 lucum:
1113 377 1153 413 et.
1171 371 1332 413 addidit
1348 371 1491 412 Achab
1510 371 1550 412 in
1569 386 1687 425 opere
1705 387 1789 421 suo,
1811 373 1973 414 irritans
1991 375 2217 416 Dominum

305 434 437 475 Deum
469 433 589 473 lsrael
616 444 736 486 super
762 444 901 472 01111105
926 444 1037 484 reges
1067 430 1201 477 lsrael,
1231 431 1298 484 qui
1326 430 1492 471 fuerunt
1518 436 1613 471 ante
1640 444 1744 473 eum.

410 495 441 517 ²³⁴
479 492 547 531 aln
580 491 721 532 diebus
755 490 838 531 01115
871 489 1091 530 {edificavit
1124 489 1215 530 Hiel
1248 490 1297 530 (10
1331 489 1487 537 Bethel,
1524 489 1697 530 iericho:
1732 490 1773 530 in
1805 491 1973 532 Abiram
2007 491 2216 546 primitivo

304 565 375 592 5110
406 550 599 591 fundavit
629 563 730 595 eam,
763 554 805 590 et
834 548 874 589 in
905 549 1039 600 Segub
1070 548 1291 590 novissimo
1323 562 1394 589 suo
1425 547 1563 601 posuit
1592 554 1732 601 portas
1763 548 1865 590 eius:
1898 549 2015 591 iuxta
2046 551 2218 592 verbum

304 609 480 655 Domini,
514 609 622 662 quod
650 608 811 650 1000105
841 608 973 648 fuerat
1004 607 1044 647 in
1075 620 1199 648 manu
1231 607 1348 648 losue
1377 606 1446 647 filii
1477 607 1584 648 Nun.

686 713 724 752 2.
756 711 875 752 Elias
905 711 963 752 ad
995 710 1152 751 Carith
1184 710 1228 751 et
1257 712 1300 750 in
1334 709 1576 762 Sarephta,
1604 711 1671 762 17,
1689 712 1836 752 1-24.

409 783 471 826 17.
528 785 541 807 ¹
575 783 630 824 Et
667 783 791 824 bdixit
825 782 934 823 Elias
968 782 1180 823 Tliesbites
1213 782 1262 823 (10
1295 782 1598 824 habitatoribus
1632 782 1790 824 Galaad
1823 783 1875 824 ad
1907 783 2068 825 Achab:
2105 785 2219 826 Vivit

305 842 504 883 Dominus
531 843 642 883 Deus
673 841 807 888 Israel,
838 841 878 882 in
907 841 1019 882 cuius
1048 846 1268 895 0005110010
1297 846 1372 887 510,
1403 841 1435 881 51
1463 841 1539 882 0111
1566 841 1682 882 annis
1709 841 1771 882 his
1799 855 1863 883 ros
1891 848 1932 883 ct
1958 843 2111 897 pluvia,
2142 844 2219 885 nisi

305 901 421 942 iuxta
451 901 528 941 oris
559 901 637 941 mei
667 901 804 942 verba.

410 962 423 984 ‘2
448 961 498 1001 iit
517 960 673 1001 1001010
693 965 754 1000 051
774 960 944 1000 verbum
964 958 1130 1000 Domini
1150 960 1203 1000 ad
1221 973 1326 1007 00111,
1348 959 1502 1000 (1100115;
1550 961 1565 983 ³
1586 960 1744 1001 Recede
1762 959 1868 1008 hine,
1890 965 1931 1001 et
1950 961 2055 1003 vade
2075 967 2220 1003 contra

305 1019 526 1065 Orientem,
560 1024 601 1059 et
631 1019 878 1060 abscondere
910 1018 950 1059 in
983 1019 1177 1059 Torrente
1209 1018 1352 1066 carith,
1387 1018 1455 1071 qui
1487 1024 1549 1059 est
1580 1024 1723 1060 contra
1756 1019 1984 1069 Iordanem,
2044 1022 2059 1044 4
2090 1025 2132 1061 01
2162 1021 2218 1062 1111

305 1078 354 1119 (10
378 1084 557 1119 torrente
581 1077 712 1118 bibes:
737 1077 950 1130 corvisque
973 1077 1145 1130 praecepi
1168 1082 1215 1118 ut
1238 1082 1410 1130 pascant
1432 1082 1471 1118 te
1496 1077 1561 1118 ibi.
1613 1079 1628 1101 ⁵
1650 1077 1766 1118 Abiit
1788 1090 1892 1131 ergo,
1918 1083 1959 1119 et
1981 1079 2079 1120 fecit
2101 1079 2220 1120 iuxta

305 1137 474 1177 verbum
495 1136 679 1178 Domini:
700 1149 874 1189 cumque
894 1135 1072 1185 abiisset,
1094 1136 1199 1177 sedit
1216 1136 1257 1176 in
1277 1137 1308 1176 T
1312 1141 1472 1177 orrente
1491 1136 1634 1185 carith,
1656 1136 1725 1190 qui
1744 1141 1805 1177 est
1823 1142 1966 1178 contra
1986 1137 2216 1180 Iordanem.

309 1198 322 1218 ⁶
353 1196 471 1237 (Jorvi
503 1209 665 1249 quoque
695 1196 935 1236 deferebant
965 1195 999 1235 ei
1029 1208 1177 1248 panem
1209 1200 1248 1236 01
1280 1208 1419 1236 carnes
1450 1209 1581 1242 mane,
1614 1195 1799 1237 similiter
1828 1208 1977 1249 panem
2008 1202 2049 1238 et
2079 1210 2219 1238 carnes

307 1254 474 1307 vesperi,
506 1260 546 1295 et
575 1254 743 1295 bibebat
771 1255 819 1295 (10
847 1259 1040 1295 torrente.

416 1316 428 1337 ⁷
446 1314 546 1355 Post
563 1314 646 1354 (1105
664 1318 803 1355 0010111
821 1313 995 1355 51000105
1013 1318 1074 1354 051
1091 1318 1267 1355 torrens:
1287 1327 1367 1354 non
1385 1313 1492 1354 0111111
1510 1313 1671 1367 11100101
1687 1319 1987 1367 superterram.
2036 1316 2051 1338 8
2068 1315 2219 1356 Factus

307 1379 367 1413 est
390 1386 480 1426 ergo
503 1386 633 1413 sermo
654 1372 821 1414 Domini
843 1373 895 1413 ad
916 1386 1020 1419 eum,
1045 1372 1199 1413 dicens:
1251 1374 1266 1396 ⁹
1294 1372 1448 1426 ⁰Surge,
1471 1378 1513 1413 et
1533 1373 1637 1413 vade
1659 1372 1700 1413 in
1721 1372 1923 1426 Sarephta
1943 1373 2216 1423 Sidoniorum,

306 1438 345 1472 01
371 1432 554 1472 manebis
578 1432 652 1472 ibi:
678 1432 850 1485 praecepi
875 1431 982 1472 0111111
1007 1431 1062 1472 1111
1086 1431 1244 1472 mulieri
1269 1432 1403 1472 viduae
1426 1437 1473 1472 ut
1497 1437 1641 1485 pascat
1664 1437 1716 1473 te.
1770 1434 1806 1456 ¹⁰
1828 1432 2025 1481 Surrexit,
2052 1438 2093 1474 et
2117 1432 2220 1474 abiit

305 1490 345 1530 in
364 1490 576 1544 Sarephta.
598 1490 781 1544 Cumque
800 1490 979 1532 venisset
997 1490 1049 1530 ad
1065 1496 1230 1543 portam
1248 1489 1441 1539 civitatis,
1462 1491 1655 1544 apparuit
1673 1491 1707 1531 ei
1725 1491 1869 1531 mulier
1886 1491 2012 1532 vidua
2030 1491 2219 1546 colligens

304 1549 424 1601 ligna,
458 1556 497 1590 et
528 1549 695 1591 vocavit
724 1562 825 1595 eam,
860 1548 1046 1603 dixitque
1076 1549 1128 1590 ei:
1160 1549 1226 1590 Da
1255 1549 1354 1589 mihi
1384 1549 1597 1603 paululum
1628 1563 1745 1603 aquae
1774 1550 1815 1590 in
1846 1564 1954 1599 vase,
1986 1555 2034 1591 ut
2064 1551 2216 1592 bibam.

306 1611 335 1633 ¹¹
361 1609 544 1662 (sumque
568 1608 636 1649 illa
659 1614 844 1662 pergeret
868 1613 915 1649 ut
939 1609 1114 1656 afferret,
1142 1608 1337 1649 clamavit
1360 1613 1455 1662 post
1478 1614 1638 1662 tergum
1664 1608 1759 1657 01115,
1787 1609 1942 1650 (110005;
1968 1609 2081 1651 After
2103 1610 2216 1659 mihi,

306 1668 483 1710 obsecro.
510 1673 550 1708 et
575 1667 796 1708 buccellam
822 1667 937 1721 panis
961 1667 1002 1707 in
1026 1681 1151 1708 manu
1175 1673 1259 1708 tua.
1312 1669 1343 1692 ¹²
1367 1668 1467 1716 Quae
1489 1667 1718 1721 respondit:
1744 1668 1858 1709 Vivit
1880 1668 2082 1710 Dominus
2106 1669 2218 1710 Deus

304 1732 413 1771 tuus,
439 1727 534 1780 quia
554 1740 634 1768 non
656 1727 786 1768 habeo
808 1740 969 1780 panem,
993 1726 1069 1767 nisi
1091 1732 1293 1780 quantum
1315 1726 1490 1781 pugillus
1513 1740 1655 1781 capere
1675 1732 1814 1781 potest
1833 1727 1976 1769 farinae
1995 1727 2036 1768 in
2057 1728 2216 1782 hydria,

306 1792 345 1827 et
369 1785 581 1839 paululum
606 1785 681 1827 olei
704 1786 744 1826 in
767 1786 949 1839 lecytho:
975 1799 1024 1827 en
1048 1785 1190 1840 colligo
1215 1786 1295 1827 duo
1318 1786 1428 1840 ligna
1451 1792 1498 1827 ut
1520 1786 1724 1840 ingrediar
1746 1791 1787 1827 et
1809 1786 1958 1827 faciam
1981 1786 2095 1828 illum
2118 1787 2218 1827 mihi

306 1850 346 1885 et
371 1845 450 1886 filio
475 1859 576 1892 meo,
602 1851 649 1886 ut
672 1846 946 1891 comedamus,
973 1850 1013 1886 et
1036 1845 1270 1887 moriamur.
1323 1847 1355 1869 ¹³
1377 1845 1442 1886 Ad
1466 1859 1590 1899 quam
1614 1845 1724 1886 Elias
1749 1845 1825 1886 ait:
1851 1845 1944 1887 Noli
1967 1845 2122 1893 timere,
2148 1846 2219 1887 sed

306 1905 422 1949 vade.
441 1909 481 1945 et
494 1904 558 1945 fac
573 1904 678 1945 51001.
692 1904 850 1945 dixisti:
867 1909 1153 1945 verumtamen
1167 1904 1267 1945 mihi
1280 1904 1460 1958 primum
1474 1905 1538 1945 fae
1553 1905 1602 1945 de
1617 1904 1705 1958 ipsa
1718 1904 1895 1946 farinula
1908 1904 2218 1946 subcineritium

306 1976 454 2017 panem
484 1963 714 2017 parvulum,
746 1968 787 2004 et
816 1963 916 2004 affer
944 1964 996 2004 ad
1025 1977 1107 2004 me:
1138 1963 1215 2004 tibi
1243 1969 1382 2004 autem
1412 1969 1453 2005 et
1482 1963 1562 2005 filio
1592 1970 1664 2005 tuo
1693 1963 1815 2005 100105
1844 1969 2000 2018 postea.
2058 1966 2090 1989 ¹4
2120 1964 2219 2005 Haec

307 2028 444 2063 autem
475 2022 574 2063 dicit
602 2022 803 2063 Dominus
833 2023 944 2063 Deus
977 2022 1117 2063 lsrael:
1151 2022 1310 2076 Hydria
1339 2022 1480 2064 farinae
1510 2036 1591 2064 11011
1621 2022 1792 2072 deficiet,
1824 2036 1897 2064 1100
1925 2022 2113 2076 lecythus
2143 2023 2219 2065 olei

306 2081 514 2122 minuetur
535 2095 662 2136 usque
685 2082 737 2123 ad
759 2082 878 2127 diem,
903 2081 944 2122 in
968 2094 1049 2135 qua
1070 2081 1271 2123 Dominus
1295 2082 1465 2122 daturus
1489 2087 1549 2123 est
1571 2082 1754 2135 pluviam
1777 2095 1898 2136 super
1919 2082 2065 2123 faciem
2087 2087 2216 2123 terrae.

307 2142 337 2164 ¹⁵
364 2141 462 2189 Quae
489 2141 602 2187 abiit,
631 2146 672 2182 et
695 2140 793 2181 feeit
818 2141 936 2182 iuxta
961 2141 1133 2181 verbum
1159 2140 1277 2181 Eh'ae:
1305 2146 1346 2182 et
1371 2141 1550 2182 comedit
1575 2141 1671 2194 ipse,
1700 2147 1741 2182 et
1766 2141 1845 2189 illa,
1874 2146 1915 2182 et
1941 2142 2086 2182 domus
2113 2141 2216 2182 eius:

306 2206 347 2240 et
375 2213 423 2240 ex
451 2200 518 2240 illa
548 2200 611 2240 die
667 2202 701 2224 ¹⁶
728 2200 876 2253 hydria
903 2199 1044 2240 farinae
1072 2213 1154 2241 non
1183 2200 1343 2246 defecit,
1374 2205 1415 2241 et
1442 2199 1629 2253 lecythus
1658 2199 1733 2241 olei
1762 2213 1843 2242 non
1872 2205 1933 2241 est
1961 2199 2216 2249 imminutus,

305 2258 423 2299 iuxta
452 2260 622 2300 verbum
652 2259 830 2303 Domini,
863 2260 973 2312 quod
1001 2258 1162 2300 1000105
1191 2259 1326 2299 fuerat
1354 2258 1394 2299 in
1425 2272 1549 2300 manu
1579 2258 1690 2300 Eliae.

413 2320 446 2342 ¹⁷
476 2318 651 2359 Factum
682 2324 744 2359 est
773 2323 912 2359 autem
942 2323 1037 2371 post
1066 2318 1162 2366 haec,
1195 2318 1411 2371 {egrotavit
1442 2317 1545 2359 filius
1576 2318 1754 2359 mulieris
1785 2318 1928 2359 matris
1957 2317 2146 2367 familias,
2179 2323 2220 2359 et

306 2383 392 2418 erat
410 2377 581 2430 languor
599 2377 844 2418 fortissimus
864 2377 923 2418 ita
942 2382 989 2418 ut
1007 2390 1089 2418 non
1107 2382 1336 2418 remaneret
1354 2376 1395 2417 in
1415 2391 1460 2419 eo
1479 2377 1643 2419 halitus.
1692 2379 1727 2401 ¹⁸
1744 2377 1863 2419 Dixit
1881 2390 1973 2431 ergo
1993 2377 2047 2418 ad
2063 2377 2216 2418 Eliam:

304 2436 411 2485 Quid
434 2436 531 2476 mihi
555 2442 595 2477 et
618 2436 692 2477 tibi
714 2436 776 2477 vir
797 2436 897 2477 Dei?
921 2436 1123 2490 ingressus
1147 2450 1186 2477 es
1209 2437 1261 2477 ad
1284 2450 1359 2483 1110,
1383 2442 1431 2477 ut
1451 2442 1822 2477 rememorarentur
1842 2436 2082 2490 iniquitates
2104 2449 2216 2485 meae,

304 2500 345 2536 et
364 2495 608 2536 interficeres
628 2495 756 2536 filium
776 2495 938 2536 meum?
986 2497 1020 2520 ¹⁹
1038 2495 1095 2536 Et
1114 2495 1172 2536 ait
1192 2495 1243 2536 ad
1263 2508 1352 2536 eam
1372 2495 1501 2536 Elias:
1522 2496 1588 2536 Da
1606 2495 1706 2536 mihi
1724 2495 1853 2537 filium
1872 2501 2003 2537 tuum.
2026 2494 2218 2549 Tulitque

305 2568 397 2595 eum
413 2555 461 2594 de
477 2554 566 2595 sinu
582 2554 678 2599 eius,
696 2559 737 2595 et
750 2554 935 2608 portavit
951 2554 991 2595 in
1006 2553 1257 2595 caenaculum
1271 2554 1341 2596 ubi
1356 2554 1440 2608 ipse
1455 2555 1663 2604 manebat,
1681 2560 1722 2596 et
1736 2554 1874 2608 posuit
1888 2567 2008 2608 super
2021 2553 2217 2595 lectulum

305 2626 436 2654 suum.
484 2615 519 2637 ²0
537 2613 592 2654 Et
610 2613 805 2654 clamavit
824 2614 876 2654 ad
893 2613 1131 2663 Dominum,
1152 2619 1193 2654 et
1211 2613 1333 2654 dixit:
1353 2613 1529 2655 Domine
1546 2614 1657 2654 Deus
1676 2627 1802 2662 meus,
1823 2613 1947 2655 etiam
1967 2626 2015 2654 ne
2034 2613 2216 2662 viduam,

304 2672 415 2726 apud
446 2685 570 2726 quam
601 2686 672 2725 ego
703 2680 927 2726 utcumque
957 2678 1176 2717 sustentor,
1209 2672 1392 2713 afflixisti
1423 2678 1470 2714 ut
1499 2672 1744 2714 interficeres
1775 2672 1902 2714 filium
1934 2672 2042 2713 eius?
2100 2673 2132 2696 2¹
2162 2672 2218 2713 Et

304 2731 502 2785 expandit
518 2745 570 2777 50,
589 2736 714 2785 atque
730 2745 893 2773 mensus
909 2736 971 2773 est
985 2745 1106 2785 super
1120 2744 1293 2785 puerum
1308 2731 1439 2773 tribus
1455 2731 1624 2779 vicibus,
1643 2736 1683 2773 et
1699 2731 1895 2772 clamavit
1910 2732 1962 2772 ad
1977 2730 2215 2775 Dominum.

304 2796 344 2831 et
371 2790 447 2831 ait:
475 2790 651 2831 Domine
677 2791 788 2832 Deus
815 2804 940 2839 meus,
968 2796 1201 2832 revertatur
1227 2791 1392 2832 obsecro
1420 2790 1557 2831 anima
1582 2791 1696 2845 pueri
1722 2790 1842 2831 huius
1868 2790 1910 2831 in
1937 2790 2093 2831 viscera
2118 2789 2215 2831 eius.

304 2851 336 2873 ²2
366 2849 421 2890 Et
450 2849 664 2890 exaudivit
692 2849 893 2891 Dominus
923 2863 1065 2891 vocem
1096 2849 1212 2891 Eliae:
1244 2855 1285 2891 et
1312 2863 1475 2891 reversa
1503 2855 1565 2891 est
1594 2850 1731 2890 anima
1760 2849 1874 2903 pueri
1902 2849 2012 2890 intra
2040 2862 2145 2897 eum,
2177 2854 2218 2889 et

306 2908 463 2949 revixit.
525 2910 557 2933 2³
590 2908 781 2962 Tulitque
814 2908 924 2950 Elias
956 2921 1140 2962 puerum,
1176 2914 1216 2950 et
1248 2909 1438 2962 deposuit
1470 2922 1563 2950 eum
1595 2909 1644 2950 de
1677 2908 1880 2950 caenaculo
1912 2908 1953 2948 in
1985 2908 2217 2949 inferiorem

305 2967 485 3015 (10111010,
512 2972 554 3008 01
578 2967 749 3009 tradidit
773 2968 895 3008 matri
919 2981 1012 3016 suae,
1040 2973 1081 3009 et
1105 2968 1163 3008 ait
1185 2967 1260 3008 illi:
1288 2968 1351 3008 En
1376 2967 1481 3009 vivit
1505 2967 1609 3009 filius
1635 2974 1742 3009 tuus.
1795 2969 1827 2992 2⁴
1850 2967 2050 3021 Dixitque
2074 2966 2219 3007 mulier

305 3026 355 3065 ad
382 3025 531 3066 Eliam:
560 3026 689 3075 Nunc,
715 3026 756 3067 in
781 3027 859 3068 isto
884 3026 1055 3080 cognovi
1081 3026 1274 3080 quoniam
1299 3027 1361 3067 vir
1384 3027 1459 3068 Dei
1484 3041 1524 3068 es
1549 3033 1606 3076 tu,
1633 3032 1674 3068 et
1698 3027 1868 3068 verbum
1893 3025 2060 3067 Domini
2084 3025 2126 3066 in
2150 3038 2217 3067 ore

305 3091 376 3125 tuo
403 3098 543 3125 verum
570 3091 642 3126 est.

595 3190 633 3229 3.
664 3189 782 3231 Elias
812 3190 1033 3242 populum
1064 3191 1123 3231 ad
1153 3190 1395 3231 Dominum
1427 3189 1665 3240 convertit,
1693 3190 1760 3240 18,
1779 3189 1925 3230 1—46.

412 3260 472 3302 18.
531 3262 538 3283 ¹
568 3260 662 3301 Post
693 3261 775 3301 (1105
802 3261 953 3302 multos
980 3261 1136 3302 factum
1163 3266 1224 3301 est
1251 3262 1420 3302 verbum
1448 3260 1614 3302 Domini
1641 3261 1692 3301 ad
1718 3261 1865 3310 Eliam,
1894 3260 1935 3300 in
1962 3273 2068 3302 anno
2095 3259 2216 3301 tertio

304 3318 458 3358 dicens:
491 3318 615 3361 Vade.
646 3326 687 3359 et
716 3320 884 3360 ostende
915 3325 953 3360 te.
982 3320 1137 3365 Achab,
1170 3324 1215 3360 ut
1244 3320 1336 3360 dem
1366 3319 1550 3373 pluviam
1580 3332 1700 3372 super
1727 3319 1871 3360 faciem
1901 3324 2029 3360 terrae.
2088 3320 2103 3342 2
2134 3318 2217 3359 Ivit

304 3389 396 3429 ergo
422 3376 543 3426 Elias,
571 3384 617 3418 ut
641 3379 875 3419 ostenderet
899 3392 939 3419 se
964 3379 1125 3419 Achab:
1152 3384 1239 3419 erat
1265 3384 1403 3420 autem
1429 3379 1557 3420 fames
1584 3379 1801 3420 vehemens
1826 3378 1867 3418 in
1892 3377 2087 3419 Samaria.

435 3510 476 3543 31
501 3510 575 3543 aros
601 3512 631 3550 0,
657 3510 707 3544 26.
743 3532 775 3534 νὴ
805 3512 854 3553 17,
881 3514 898 3545 1
924 3512 995 3545 bSir
1020 3512 1072 3552 48,
1101 3515 1133 3553 1;
1162 3512 1218 3546 lac
1242 3512 1274 3552 5,
1300 3512 1350 3544 17.
1379 3532 1420 3536 -
1443 3512 1464 3545 9
1492 3512 1555 3545 ch
1579 3512 1610 3552 4,
1636 3512 1689 3547 26.
