2356 3760
310 87 360 126 30
1201 85 1347 119 LIBER
1959 91 2014 131 33,
2041 91 2183 131 17—35,
2208 92 2229 126 3

781 179 846 218 10.
877 178 985 220 Fata
1014 178 1159 219 lacobi
1189 179 1385 229 reducis,
1414 180 1480 230 33,
1499 180 1672 231 17-35,
1692 181 1757 221 26.

418 243 449 265 ¹³
479 242 535 283 Et.
568 243 685 284 lacob
714 244 827 284 venit
855 244 894 284 in
922 245 1092 285 Socoth:
1121 244 1190 284 ubi
1217 244 1423 285 aedificata
1449 245 1569 286 domo
1598 251 1639 285 et
1668 245 1757 286 fixis
1787 247 1972 287 tentoriis
2002 249 2226 302 appellavit

281 302 284 305 ’
313 314 458 342 nomen
490 301 563 342 loci
594 301 697 342 illius
728 303 891 351 Socoth,
924 303 963 343 id
993 308 1065 345 est.
1098 303 1374 344 tabernacula.

152 406 253 424 “.1,’“ιλ.

160 598 238 624 ί,ιιιίιῐ

121 633 287 658 ,nimime-w

156 669 244 694 Dum.

132 962 263 985 rubam:

148 997 244 1020 «tthHl

133 1038 264 1057 13111111..

140 3083 266 3106 'nsi-»ndu

148 3118 257 3142 bethel.

418 363 451 384 ¹³
476 361 763 414 'l'ransivitque
786 362 827 401 in
850 361 984 402 Salem
1008 362 1149 402 urbem
1175 361 1458 406 Sichimorum.
1486 376 1575 417 (111εο
1599 368 1661 404 est
1683 363 1723 403 in
1749 371 1852 404 terra
1879 368 1888 398 ί
1901 365 2086 409 ’.113-113311.
2113 373 2225 419 post-

311 433 434 472 quam
455 433 638 460 reversus
658 425 720 461 est
739 420 787 460 de
808 420 1105 473 Mesopotamia
1124 420 1267 473 Syriae:
1289 429 1331 461 et
1350 421 1558 462 habitavit
1576 422 1695 462 iuxta
1714 422 1925 475 oppidum.
1975 426 2009 448 ¹⁹
2028 424 2224 479 Emitque

310 485 470 531 partem
492 479 575 532 agri
599 479 638 518 in
661 492 738 532 qua
767 479 913 519 fixerat>
935 479 1210 523 tabernacula.
1236 494 1259 520 a
1282 479 1373 520 filiis
1397 480 1551 521 Hemor
1571 481 1701 533 patris
1724 480 1884 521 Sichem
1907 489 2072 523 centum
2095 484 2222 534 agnis.

309 538 345 561 ²⁰
368 537 425 578 Et
448 544 580 578 erecto
606 538 661 578 ibi
686 537 815 580 altari.
842 538 1053 578 invocavit
1077 551 1198 591 super
1221 538 1321 579 illud
1344 539 1614 580 fortissimum
1638 540 1774 580 Deum
1801 539 1935 580 Israel.

414 595 476 639 34.
535 599 544 619 1
579 596 751 650 Egressa
781 603 843 637 est
874 601 1012 637 autem
1043 596 1154 637 Dina
1188 597 1270 638 filia
1300 598 1382 639 Liae
1413 602 1461 638 ut
1490 598 1649 638 videret
1680 598 1865 639 mulieres
1896 599 2069 652 regionis
2101 601 2217 643 illius.

309 657 322 678 ²
350 656 482 703 Quam
509 669 600 696 cum
628 655 797 695 udisset
822 655 982 696 Sichem
1012 655 1116 696 filius
1141 655 1298 697 Hemor
1325 656 1478 699 Hevaei.
1507 657 1694 711 princeps
1720 661 1838 699 terrae
1862 657 1980 707 illius,
2009 658 2224 701 adamavit

308 727 416 754 eam:
447 720 488 754 et
514 715 662 768 rapuit,
694 720 731 753 et
762 714 958 754 dormivit
985 727 1077 755 cum
1105 714 1183 759 illa.
1214 716 1255 755 vi
1284 715 1516 769 opprimens
1545 716 1754 769 virginem.
1811 720 1826 740 ³
1855 716 1911 757 Et
1937 717 2223 769 conglutinata

308 779 368 813 est
399 773 536 814 anima
564 773 646 813 eius
677 786 769 813 cum
799 786 857 820 ea.
890 773 1130 827 tristemque
1161 774 1348 815 delinivit
1377 774 1598 816 blanditiis.
1656 777 1671 799 ¹
1700 775 1756 816 Et
1785 788 1954 830 pergens
1984 770 2037 817 ad
2068 776 2223 818 Hcmor

308 839 468 885 patrem
493 845 623 874 suum.
649 831 810 885 Accipe,
836 832 982 886 inquit,
1008 833 1107 873 mihi
1131 833 1309 886 puellam
1333 833 1438 874 hanc
1462 834 1686 887 coniugem.
1739 836 1754 858 ⁵
1779 834 1899 883 Quod
1922 848 2016 875 cum
2040 836 2223 877 audisset

315 891 444 932 lai-ob.
473 891 710 932 absentibus
738 890 840 933 filiis.
868 897 910 932 et
933 892 974 932 in
999 896 1121 946 pastu
1146 905 1338 947 pecorum
1364 893 1586 946 occupatis,
1613 893 1726 934 siluit
1750 894 1879 935 donec
1903 893 2092 935 redirent.

416 952 430 973 ⁶
461 950 631 1004 Egresso
664 955 803 991 autem
838 950 990 992 Hemor
1019 956 1136 1005 patre
1166 952 1327 993 Sichem
1358 958 1404 993 ut
1434 952 1670 1006 loqueretur
1700 953 1753 993 ad
1785 952 1920 1002 Iacob,
1983 953 1996 976 ⁷
2028 966 2117 994 ecce
2152 954 2221 994 filii

307 1009 391 1049 eius
412 1009 633 1049 veniebant
654 1009 703 1049 de
725 1022 838 1063 agro:
862 1010 1086 1064 auditoque
1108 1011 1219 1064 quod
1240 1011 1455 1053 acciderat.
1479 1011 1569 1051 irati
1594 1016 1691 1051 sunt
1710 1011 1842 1059 valde,
1866 1025 1911 1052 eo
1934 1012 2045 1065 quod
2064 1012 2220 1053 foedam

306 1081 389 1108 rem
425 1074 614 1121 operatus
649 1073 754 1109 esset
785 1068 826 1108 in
862 1068 996 1110 Israel.
1040 1074 1082 1110 et
1118 1069 1274 1111 violata
1309 1070 1392 1111 filia
1426 1070 1560 1114 Iacob.
1597 1083 1680 1110 rem
1714 1070 1898 1111 illicitam
1933 1076 2219 1124 perpetrasset.

310 1130 324 1149 ⁸
351 1127 530 1167 Locutus
557 1132 618 1167 est
643 1127 783 1181 itaque
811 1127 964 1169 Hemor
991 1128 1043 1169 ad
1069 1141 1153 1169 eos:
1182 1129 1343 1170 Sichem
1372 1129 1441 1169 filii
1467 1130 1546 1170 mei
1573 1130 1745 1171 adhaesit
1771 1130 1910 1170 anima
1938 1129 2029 1171 ffliae
2054 1135 2218 1171 vestrae:

306 1186 402 1226 date
422 1199 511 1226 eam
531 1185 587 1227 1111
606 1199 793 1227 11Χο10111;
844 1190 859 1210 ⁹
878 1194 919 1228 et
938 1187 1154 1237 iungamus
1174 1187 1352 1229 vicissim
1372 1189 1594 1229 connubia:
1619 1188 1720 1229 filias
1740 1194 1898 1229 vestras
1918 1188 2069 1230 tradite
2090 1189 2220 1232 nobis.

306 1250 347 1285 et
377 1244 477 1285 filias
504 1251 663 1286 nostras
691 1246 874 1299 accipite.
930 1248 965 1270 ¹⁰
992 1246 1047 1287 Et
1072 1247 1259 1288 habitate
1286 1247 1517 1288 nobiscum:
1546 1252 1655 1287 terra
1679 1248 1721 1287 in
1747 1252 1954 1301 potestate
1981 1253 2119 1289 vestra-
2145 1252 2218 1297 est,

306 1313 501 1346 exercete.
529 1305 803 1359 negotiamini,
829 1311 871 1346 et
892 1305 1096 1359 possidete
1119 1319 1220 1347 eam.
1274 1308 1304 1330 ¹¹
1327 1306 1407 1347 Sed
1429 1311 1471 1347 et
1492 1306 1653 1347 Sichem
1676 1306 1730 1347 ad
1751 1312 1911 1359 patrem
1934 1312 1976 1347 et
1998 1307 2051 1348 ad
2072 1307 2219 1348 fratres

306 1363 389 1404 eius
410 1363 484 1404 ait:
510 1364 722 1404 Inveniam
740 1364 915 1418 gratiam
935 1378 1071 1405 coram
1090 1365 1225 1406 vobis:
1247 1371 1289 1406 et
1307 1378 1576 1419 quaecumque
1594 1365 1834 1413 statueritis
1863 1365 1987 1406 dabo:
2026 1367 2057 1390 12
2077 1371 2222 1420 augete

305 1422 458 1466 dotem.
497 1429 539 1463 et
574 1436 743 1464 munera
778 1423 997 1477 postulate,
1035 1431 1078 1465 et
1110 1424 1286 1465 libenter
1320 1424 1502 1465 tribuam
1539 1425 1650 1478 quod
1678 1424 1896 1478 petieritis:
1934 1429 2101 1465 tantum
2125 1425 2221 1465 date

305 1482 404 1522 mihi
432 1481 610 1536 puellam
637 1482 742 1523 hanc
771 1496 950 1524 uxorem.
1009 1485 1040 1507 ¹³
1069 1483 1385 1537 Responderunt
1415 1483 1486 1524 filii
1515 1483 1638 1525 Iacob
1667 1483 1827 1525 Sichem
1856 1488 1896 1524 et
1926 1483 2038 1537 patri
2067 1483 2150 1524 eius
2178 1483 2220 1524 in

305 1541 409 1589 dolo,
433 1541 645 1582 saevientes
667 1542 718 1583 ob
739 1546 930 1595 stuprum
949 1543 1113 1583 sororis:
1163 1544 1194 1567 ¹¹
1216 1543 1308 1583 Non
1328 1555 1544 1596 possumus
1565 1543 1697 1583 facere
1719 1543 1830 1596 quod
1849 1542 2008 1596 petitis,
2032 1556 2105 1583 1100
2125 1543 2221 1583 (1310

306 1613 483 1641 sororem
513 1605 697 1641 nostram
726 1601 882 1642 homini
910 1601 1208 1642 incircumciso:
1243 1601 1353 1655 quod
1380 1601 1569 1642 illicitum
1598 1607 1639 1642 et
1669 1601 1871 1642 nefarium
1901 1606 1964 1642 est
1993 1601 2105 1655 apud
2133 1614 2218 1642 1105.

307 1662 337 1684 15
361 1659 441 1700 Sed
462 1660 504 1700 in
526 1660 601 1701 hoc
626 1659 852 1701 valebimus
876 1660 1077 1708 foederari,
1104 1661 1134 1701 si
1159 1660 1368 1702 volueritis
1392 1674 1477 1701 esse
1500 1660 1649 1701 similes
1674 1661 1814 1710 nostri,
1840 1666 1882 1702 et
1905 1660 2221 1701 circumcidatur

307 1719 346 1759 111
375 1719 490 1760 vobis
519 1732 638 1760 omne
665 1719 878 1760 masculini
905 1733 1043 1762 sexus:
1100 1721 1134 1743 ¹⁶
1162 1714 1259 1761 tunc
1287 1720 1475 1761 dabimus
1504 1724 1546 1761 et
1572 1720 1816 1773 accipiemus
1844 1724 1990 1761 mutuo
2022 1719 2124 1760 filia-s
2151 1732 2219 1760 ve—

306 1787 422 1820 stras.
449 1792 494 1819 ac
518 1785 696 1819 nostras:
722 1785 761 1819 et
784 1778 1064 1820 habitabimus
1089 1779 1313 1829 vobiscum,
1340 1779 1569 1832 erimusque
1592 1792 1697 1820 unus
1719 1779 1913 1833 populus:
1966 1780 1999 1803 ¹⁷
2023 1778 2055 1819 si
2078 1783 2218 1819 autem

307 1837 541 1878 eircumcidi
572 1837 793 1887 nolueritis,
827 1837 1015 1879 tollemus
1049 1837 1175 1879 filiam
1205 1844 1400 1887 nostram,
1434 1844 1475 1878 et
1504 1838 1749 1879 recedemus.
1810 1839 1845 1862 ¹3
1874 1837 2037 1878 Placuit
2065 1837 2219 1878 oblatio

308 1909 448 1937 eorum
476 1896 641 1940 Hemor.
672 1903 713 1937 et
740 1897 901 1938 Sichem
931 1897 1011 1937 filio
1041 1897 1142 1938 eius:
1200 1899 1234 1921 ¹9
1262 1911 1334 1938 nec
1363 1897 1524 1938 distulit
1551 1896 1782 1938 adolescens
1812 1896 1911 1951 quin
1938 1896 2081 1938 statim
2110 1897 2220 1950 quod

308 1956 527 2008 petebatur
559 1955 756 2010 expleret:
793 1956 961 1997 amabat
995 1956 1102 1997 enim
1135 1956 1313 2010 puellam
1347 1955 1477 2005 valde,
1513 1961 1556 1997 et
1586 1956 1671 2010 ipse
1705 1961 1794 1997 erat
1824 1955 2001 2009 inclytus
2034 1955 2076 1996 in
2109 1955 2219 1996 omni

307 2015 428 2055 domo
458 2015 586 2068 patris
615 2015 687 2055 sui.
746 2017 782 2038 ‘¹¹'
812 2015 1065 2069 Ingressique
1093 2020 1257 2069 portam
1285 2015 1408 2059 urbis,
1438 2015 1565 2055 locuti
1593 2020 1691 2055 sunt
1719 2015 1771 2055 ad
1799 2014 2016 2068 populum:
2072 2015 2105 2039 ‘-'1
2133 2014 2218 2054 Viri

307 2073 375 2114 isti
401 2074 561 2128 pacifici
588 2081 695 2116 sunt.
725 2080 764 2115 et
791 2074 937 2115 volunt
962 2074 1150 2115 habitare
1175 2074 1406 2115 nobiscum:
1436 2073 1696 2128 negotientur
1720 2073 1761 2114 in
1787 2079 1906 2118 terra,
1935 2079 1977 2113 et
2002 2081 2220 2114 exerceant

308 2146 409 2174 eam.
444 2146 534 2187 quae
562 2133 743 2187 spatiosa
771 2137 813 2174 et
839 2133 926 2173 lata
954 2132 1177 2174 cultoribus
1205 2133 1378 2187 indiget:
1413 2132 1515 2174 filias
1545 2146 1684 2174 eorum
1715 2132 1958 2186 accipiemus
1988 2145 2145 2176 uxores
2178 2138 2218 2173 et

309 2198 468 2233 nostras
489 2192 565 2233 illis
587 2192 787 2233 dabimus.
836 2194 868 2216 ‘22
890 2192 1029 2233 Unum
1049 2198 1111 2234 est
1132 2206 1211 2246 quo
1233 2192 1419 2233 differtur
1438 2196 1605 2233 tantum
1625 2192 1798 2232 bonum:
1820 2191 1862 2233 Si
1881 2191 2218 2232 circumcidamus

310 2251 509 2292 masculos
538 2256 710 2294 nostros.
740 2251 866 2292 ritum
894 2252 1026 2305 gentis
1055 2251 1276 2292 imitantes.
1334 2253 1366 2275 23
1393 2251 1450 2291 Et
1477 2251 1709 2292 substantia
1739 2263 1891 2301 eorum,
1921 2255 1964 2291 et
1991 2263 2147 2304 pecora,
2179 2256 2221 2291 et

309 2316 454 2351 cuncta
488 2324 578 2364 quae
605 2311 827 2364 possident.
859 2316 1000 2351 nostra
1028 2315 1164 2351 erunt:
1196 2315 1363 2351 tantum
1389 2310 1431 2351 in
1459 2310 1536 2351 hoc
1566 2310 1883 2363 acquiescamus.
1915 2314 1956 2350 et
1982 2309 2219 2350 habitantes

308 2369 438 2410 simul.
471 2383 598 2410 unum
627 2369 850 2411 efficiemus
879 2370 1088 2424 populum.
1147 2372 1178 2394 ²⁴
1206 2370 1452 2423 Assensique
1481 2374 1578 2410 sunt
1606 2382 1757 2418 omnes,
1788 2368 2033 2409 circumcisis
2062 2369 2219 2409 cunctis

309 2429 500 2469 maribus.
555 2431 589 2453 '2⁵
616 2429 671 2470 Et
697 2442 798 2471 ecce.
827 2429 891 2470 die
917 2429 1037 2470 tertio
1066 2429 1230 2483 quando
1255 2429 1518 2483 gravissimus
1544 2428 1761 2468 vulnerum
1787 2427 1901 2468 dolor
1926 2432 2005 2468 est:
2034 2427 2217 2481 arreptis.

309 2488 390 2528 (1110
415 2488 485 2529 filii
511 2488 644 2531 Iacob.
669 2489 833 2529 Simeon
855 2492 896 2529 et
917 2488 1016 2529 Levi
1038 2488 1183 2529 fratres
1206 2488 1334 2534 Dinae,
1359 2487 1515 2541 gladiis,
1539 2487 1706 2541 ingressi
1728 2492 1825 2527 sunt
1846 2487 1990 2527 urbem
2012 2486 2220 2528 confiden—

309 2556 387 2587 ter:
425 2547 749 2601 ³interfeetisque
780 2547 968 2589 omnibus
1000 2547 1201 2590 masculis.
1260 2548 1296 2571 2⁶
1327 2546 1481 2587 Hemor
1510 2551 1552 2587 et
1581 2546 1742 2587 Sichem
1770 2546 1924 2600 pariter
1953 2551 2215 2588 necaverunt.

308 2606 497 2647 tollentes
515 2606 669 2647 Dinam
687 2607 736 2647 de
756 2607 877 2647 domo
896 2606 1057 2647 Sichem
1075 2619 1253 2647 sororem
1271 2619 1399 2646 suam.
1447 2607 1481 2629 '²⁷
1501 2605 1657 2654 Quibus
1677 2605 1854 2659 egressis.
1875 2605 2081 2645 irruerunt
2100 2616 2219 2658 super

309 2666 459 2707 occisos
489 2666 611 2707 ceteri
642 2665 713 2706 filij
744 2665 885 2706 Iacob:
916 2672 957 2706 et
986 2664 1224 2720 depopulati
1253 2670 1350 2706 sunt
1377 2665 1521 2706 urbem
1550 2665 1591 2704 in
1619 2664 1814 2705 ultionem
1846 2663 1989 2717 stupri.
2046 2664 2082 2687 ²⁸
2112 2663 2219 2704 Oves

309 2738 459 2766 eorum.
494 2731 532 2765 et
566 2729 764 2774 armenta,
798 2730 837 2765 et
870 2725 1014 2767 asinos
1050 2730 1279 2778 cunctaque
1310 2728 1524 2764 vastantes
1557 2736 1647 2777 quae
1676 2723 1718 2763 in
1750 2722 1939 2764 domibus
1970 2727 2012 2763 et
2041 2722 2083 2762 in
2115 2722 2219 2776 agris

310 2790 436 2825 erant.
487 2786 522 2808 2⁹
542 2783 734 2837 parvulos
758 2797 920 2838 quoque
941 2796 1081 2824 eorum
1102 2788 1144 2824 et
1163 2796 1310 2824 uxores
1332 2783 1539 2824 duxerunt
1560 2782 1757 2836 captivas.
1807 2783 1845 2806 3⁰
1864 2781 2022 2830 Quibus
2042 2781 2220 2835 patratis

310 2843 515 2885 audacter.
550 2842 672 2884 Iacob
703 2842 808 2884 djxit
839 2843 891 2883 ad
921 2843 1083 2883 Simeon
1114 2850 1155 2883 et
1185 2842 1301 2883 Levi:
1335 2842 1547 2882 Turbastis
1577 2855 1653 2890 me,
1686 2846 1727 2881 et
1757 2840 1944 2882 odiosum
1972 2840 2126 2881 fecistis
2156 2853 2220 2880 me

309 2901 558 2951 (Yhananaeis,
582 2908 622 2942 et
642 2901 862 2943 Pherezaeis
883 2901 1186 2942 habitatoribus
1206 2907 1324 2942 terrae
1342 2901 1473 2942 huius.
1498 2914 1571 2941 nos
1590 2900 1710 2954 pauci
1730 2913 1888 2940 sumus:
1909 2898 1968 2940 1111
1988 2898 2219 2953 congregati

311 2961 538 3015 percutient
571 2974 647 3010 me,
683 2967 724 3001 et
757 2960 920 3002 delebor
952 2974 1035 3014 ego.
1072 2966 1113 3001 et
1147 2961 1290 3001 domus
1326 2973 1426 3000 mea.
1488 2962 1520 2984 ³¹
1556 2959 1890 3012 Responderunt:
1929 2957 2140 3011 Numquid
2172 2962 2218 2997 ut

309 3025 442 3061 scorto
469 3019 583 3060 abuti
611 3020 783 3060 debuere.
809 3033 942 3061 sorore
968 3019 1132 3060 nostra?

417 3077 480 3121 35.
538 3081 548 3102 1
576 3078 735 3119 Interea
759 3078 918 3120 locutus
943 3083 1003 3119 est
1026 3079 1136 3119 Deus
1161 3078 1213 3118 ad
1239 3078 1379 3118 Iacob:
1405 3079 1542 3131 Surge,
1569 3084 1609 3118 et
1633 3077 1804 3117 ascende
1830 3076 1984 3125 Bethel,
2011 3081 2052 3116 et
2075 3074 2216 3115 habita

310 3138 376 3181 ibi.
412 3140 557 3192 facque
590 3137 716 3177 altare
749 3138 835 3178 Deo
870 3137 938 3191 qui
974 3137 1187 3192 bappamit
1219 3136 1295 3177 tibi
1329 3137 1492 3190 quando
1525 3136 1708 3190 fugiebas
1742 3135 1852 3176 Esau
1884 3136 2053 3175 fratrem
2086 3138 2216 3174 tuum.

311 3199 324 3220 ²
359 3197 479 3238 Iacob
510 3210 606 3237 vero
637 3202 862 3237 convocata
887 3196 996 3237 omni
1028 3197 1148 3237 domo
1179 3209 1264 3239 sua.
1298 3195 1373 3236 ait:
1404 3194 1578 3235 Abiicite
1609 3195 1705 3235 deos
1737 3193 1886 3235 alienos
1919 3192 1987 3246 qui
2014 3192 2055 3232 in
2086 3192 2219 3233 medio

313 3256 437 3296 vestri
458 3264 565 3303 sunt,
590 3261 631 3296 et
652 3255 919 3298 mundamini.
944 3270 990 3296 ac
1011 3261 1170 3296 mutate
1193 3254 1437 3294 vestimenta
1461 3260 1608 3294 vestra.
1659 3256 1675 3277 3
1695 3252 1866 3306 Surgite,
1890 3257 1931 3292 et
1952 3251 2219 3292 ascendamus

310 3315 351 3355 in
380 3314 533 3359 Bethel.
562 3321 609 3355 ut
634 3313 830 3354 faciamus
857 3314 909 3354 ibi
938 3314 1065 3355 altare
1092 3315 1196 3355 Deo:
1225 3313 1292 3366 qui
1319 3312 1531 3353 exaudivit
1558 3326 1621 3353 me
1647 3312 1686 3352 111
1713 3311 1777 3352 (110
1803 3309 2080 3351 tribulationis
2106 3323 2216 3352 rneae.

444 3419 498 3459 34,
518 3418 560 3452 25
580 3393 656 3452 21}st
676 3419 729 3459 49,
751 3420 779 3451 6.
808 3438 848 3441 ἢ
873 3418 926 3460 35,
948 3420 964 3451 1
988 3420 1078 3463 osup
1098 3418 1151 3458 28,
1174 3419 1224 3451 13.
