2356 3760
180 133 235 175 13,
258 133 400 176 48-11,
426 133 469 166 46
1045 133 1213 168 ESDRAE
1982 141 2080 182 1231

178 229 318 270 propter
338 226 410 260 haec
431 226 549 260 vidisti
570 226 830 260 multitudinem
852 236 929 260 cum
951 237 1044 270 pace.
1090 228 1119 246 ⁴⁸
1143 226 1210 260 Sed
1232 229 1266 260 et
1287 227 1347 271 qui
1367 227 1519 261 derelicti
1540 231 1622 262 sunt
1643 229 1684 262 de
1706 231 1831 274 populo
1853 234 1925 272 tuo,
1947 232 1982 265 hi
2003 235 2085 266 sunt

178 273 237 317 qui
260 273 485 307 inveniuntur
508 273 600 307 intra
622 273 808 307 terminum
833 283 958 307 meum.
1008 275 1036 292 ⁴⁹
1062 274 1208 307 Factum
1233 274 1298 308 en't
1321 285 1410 319 ergo,
1436 275 1575 319 quando
1600 275 1740 320 incipiet
1765 278 1902 322 perdere
1926 279 2083 313 multitu-

177 320 293 353 dinem
318 331 446 360 earum,
473 331 549 364 quae
575 320 723 354 collectae
749 322 830 353 sunt
854 323 982 364 gentes,
1023 324 1179 365 proteget
1204 332 1260 354 eos
1286 321 1345 365 qui
1369 326 1620 366 superaverunt
1646 323 1825 368 populum:
1888 327 1916 346 ⁵⁰
1942 328 1976 359 et
2000 330 2084 360 tunc

177 367 337 401 ostendet
361 368 407 401 eis
432 367 544 401 multa
568 367 715 411 plurima
739 369 910 411 portenta.

288 422 312 439 ‘³¹
339 420 386 454 Et
410 419 481 453 dixi
505 430 576 464 ego,
602 419 809 452 Dominator
826 418 983 459 Domine,
1001 419 1066 453 hoc
1082 420 1165 453 mihi
1183 420 1336 461 ostende,
1355 423 1495 465 propter
1512 421 1604 465 quod
1622 421 1694 455 vidi
1710 422 1822 456 virum
1840 425 2081 459 ascendentem
2121 433 2252 462 tempore

177 467 218 500 de
236 467 336 500 corde
353 467 468 501 maris.
488 466 534 500 Et
551 466 640 500 dixit
657 465 755 499 mihi:
797 467 824 484 5²
848 465 944 499 Sicut
961 477 1030 500 non
1048 470 1144 511 potes
1162 467 1234 501 haec
1251 467 1306 501 vel
1322 468 1478 508 scrutari,
1497 468 1551 502 vel
1568 469 1651 502 scire
1669 479 1744 513 quae
1762 473 1844 503 sunt
1860 470 1895 503 in
1913 472 2082 514 profundo
2154 474 2219 497 211οἱ

176 514 294 547 maris:
316 514 453 593 sicinon
473 513 601 558 poterit
621 513 765 556 quisque
785 523 887 557 super
906 516 1033 547 terram
1055 514 1169 548 videre
1190 514 1297 548 filium
1318 525 1445 555 meum,
1466 515 1521 549 vel
1540 526 1596 549 eos
1617 516 1676 560 qui
1696 527 1774 550 cum
1795 527 1833 550 eo
1853 521 1946 557 sunt,
1967 519 2031 552 nisi
2050 519 2085 552 in

175 563 247 594 tem
274 572 330 594 ore
379 560 431 594 iei.

250 572 313 626 p⁵³
339 607 421 641 Haec
445 610 496 641 est
520 606 759 651 interpretatio
789 606 912 640 somnii
942 607 1034 651 quod
1065 607 1193 646 vidisti,
1236 611 1271 641 et
1300 611 1440 652 propter
1469 609 1562 653 quod
1592 609 1805 644 illuminatus
1835 622 1868 644 es
1898 611 1953 645 hic
1981 612 2083 646 solus.
2106 617 2214 641 Esdras
2235 618 2273 641 ab

176 656 202 673 ⁵⁴
226 654 448 698 Dereliquisti
471 654 561 688 enim
584 656 694 693 tuam,
719 656 754 687 et
777 653 865 687 circa
888 664 1001 688 meam
1025 654 1157 688 vocasti
1180 654 1298 699 legem,
1324 658 1358 688 et
1382 656 1544 699 quaesisti.
1592 658 1619 676 ⁵⁵
1643 657 1759 690 Vitam
1784 658 1874 691 enim
1897 661 1995 692 tuam
2019 658 2085 692 dis·
2116 652 2264 711 .l⁴1tissimsf

175 701 321 745 posuisti
337 701 373 735 in
390 701 570 745 sapientia,
589 703 624 734 et
641 711 779 734 sensum
796 703 898 734 tuum
917 702 1049 735 vocasti
1067 704 1230 735 matrem:
1273 703 1302 720 ⁵⁶
1320 705 1353 735 et
1373 705 1513 746 propter
1530 703 1594 737 hoc
1612 704 1746 737 ostendi
1764 704 1828 738 tibi
1846 715 1973 739 merces
1992 705 2085 750 apud
2131 688 2253 712 audatux

174 748 401 782 Altissimum.
424 748 488 782 erit
508 747 598 781 enim
619 750 698 792 post
719 747 802 781 ahos
822 750 891 781 tres
913 748 994 788 dies,
1017 749 1061 782 ad
1081 751 1116 782 te
1137 749 1204 782 alia
1224 748 1355 792 loquar,
1378 752 1412 782 et
1434 760 1605 793 exponam
1626 750 1690 784 tibi
1710 751 1829 795 gravia
1849 755 1882 785 et
1903 752 2084 787 mirabilia.

285 802 313 820 ⁵⁷
339 801 386 834 Et
410 800 582 845 profectus
607 810 695 840 sum,
721 802 755 834 et
779 800 899 834 transii
924 801 959 834 in
984 811 1156 845 campum,
1182 801 1333 835 multum
1358 801 1549 846 glorificans
1574 805 1608 835 et
1632 802 1776 836 laudans
1801 803 2017 837 Altissimum
2043 804 2084 838 de
2130 810 2158 833 et
2177 815 2247 847 ‚eum

174 847 387 882 mirabilibus
410 857 487 891 quae
509 858 569 892 per
590 849 728 891 tempus
752 847 917 881 faciebat:
965 849 994 867 ⁵⁸
1017 850 1052 882 et
1075 848 1240 892 quoniam
1262 848 1434 893 gubemat
1456 848 1581 893 ipsum,
1605 851 1640 883 et
1662 860 1738 893 quae
1761 853 1843 884 sunt
1865 851 1900 884 in
1922 851 2084 896 tempori·
2113 843 2264 874 glorificat..

174 895 237 929 bus
261 895 370 935 illata,
395 897 430 929 et
453 893 526 928 sedi
549 894 597 929 ibi
620 894 731 928 tribus
756 894 886 929 diebus.

541 998 640 1040 III.
673 997 853 1039 Esdras
886 998 1140 1050 praeceptis
1173 997 1439 1050 perficitur,
1473 999 1543 1051 14,
1567 1000 1722 1042 1—47.

284 1074 335 1108 14.
383 1075 394 1092 ¹
420 1073 467 1107 Et
490 1072 623 1106 factum
646 1075 697 1105 est
719 1073 822 1106 tertio
845 1072 909 1111 die,
933 1077 968 1106 et
990 1084 1050 1117 ego
1073 1073 1235 1107 sedebam
1257 1074 1320 1107 sub
1344 1085 1481 1118 quercu.
1529 1077 1540 1094 ²
1563 1075 1609 1109 Et
1631 1086 1717 1115 0000,
1742 1087 1810 1110 vox
1832 1077 1941 1110 exivit
1963 1080 2084 1111 contra
2125 1086 2252 1110 Domum

172 1131 225 1154 me
247 1120 289 1155 de
310 1120 407 1160 rubo,
430 1122 465 1153 et
486 1119 589 1153 dixit:
614 1119 724 1153 Esdra
746 1119 866 1154 Esdra.
890 1120 936 1153 Et
958 1120 1044 1153 dixi:
1069 1121 1156 1154 Ecce
1178 1131 1239 1165 ego
1262 1121 1419 1155 Domine.
1444 1121 1490 1155 Et
1512 1123 1641 1155 surrexi
1663 1133 1764 1167 super
1786 1123 1887 1167 pedes
1910 1134 2013 1159 meos.
2037 1125 2083 1158 Et
2137 1128 2229 1160 .·“¹¹“¹¹¹¹

171 1167 261 1201 dixit
278 1168 322 1201 ad
340 1178 408 1201 me:
451 1169 463 1186 ³
482 1166 652 1200 Revelans
669 1167 841 1200 revelatus
859 1178 936 1201 sum
953 1178 1055 1212 super
1071 1168 1207 1208 rubum,
1227 1171 1261 1202 et
1279 1168 1413 1202 locutus
1431 1179 1507 1202 sum
1526 1169 1646 1212 Moysi,
1666 1170 1805 1213 quando
1823 1171 1969 1215 populus
1988 1183 2083 1205 meus
2114 1157 2261 1221 (ἐξξξῖζζξζ

170 1215 344 1249 serviebat
364 1214 399 1248 in
419 1214 583 1258 AEgypto,
627 1215 640 1233 ⁴
661 1217 695 1247 et
716 1214 792 1247 misi
813 1225 902 1254 eum,
925 1217 960 1248 et
980 1215 1083 1248 eduxi
1104 1215 1270 1259 populum
1292 1226 1407 1250 meum
1429 1216 1470 1249 de
1491 1216 1654 1261 AEgypto,
1677 1220 1712 1250 et
1732 1217 1863 1251 adduxi
1883 1229 1961 1251 eum
1982 1229 2084 1263 super
2145 1234 2229 1251 suum

170 1265 325 1296 montem
349 1261 441 1301 Sina,
466 1264 500 1294 et
524 1260 722 1295 detinebam
746 1272 824 1295 eum
849 1261 941 1306 apud
965 1272 1019 1295 me
1043 1262 1163 1296 diebus
1187 1263 1321 1296 multis:
1370 1264 1381 1281 ⁵
1405 1265 1440 1296 et
1463 1264 1620 1297 enarravi
1644 1264 1673 1297 ei
1696 1264 1866 1298 mirabilia
1888 1265 2011 1305 multa,
2048 1269 2083 1299 et
2102 1262 2271 1309 ”¹¹¹¹¹0¹¹⁹³‘⁶³

170 1309 306 1343 ostendi
324 1308 354 1342 ei
371 1311 567 1352 temporum
587 1311 718 1342 secreta
736 1312 770 1342 et
789 1308 906 1342 finem:
928 1312 962 1342 et
981 1310 1125 1353 praecepi
1144 1309 1184 1349 ei,
1205 1309 1335 1343 dicens:
1381 1312 1393 1329 ⁶
1413 1310 1495 1344 Haec
1513 1310 1548 1343 in
1567 1311 1681 1355 palam
1700 1311 1803 1344 facies
1823 1312 1938 1351 verba,
1959 1315 1993 1345 et
2011 1313 2082 1346 haec
2094 1298 2277 1363 ζζᾰᾯῗξῇζῖἓζ

171 1355 370 1390 abscondes.
417 1357 427 1374 ⁷
450 1355 497 1389 Et
515 1366 607 1389 nunc
627 1355 691 1388 tibi
712 1355 802 1389 dico:
849 1357 861 1375 ⁸
882 1355 986 1400 Signa
1006 1366 1082 1399 quae
1102 1356 1348 1396 demonstravi,
1370 1360 1405 1390 et
1424 1358 1558 1391 somnia
1578 1368 1654 1402 quae
1675 1358 1803 1398 vidisti,
1825 1362 1859 1392 et
1879 1359 2082 1404 interpreta—
2099 1356 2103 1357 ⁷
2282 1352 2289 1362 ’

170 1403 281 1437 1101105
298 1413 383 1446 (11135
399 1405 438 1436 111
455 1402 583 1441 vidisti,
600 1403 635 1435 in
651 1402 750 1436 corde
767 1406 828 1436 tuo
843 1413 969 1447 repone
985 1414 1038 1436 ea:
1082 1405 1093 1422 ⁹
1109 1406 1148 1436 tu
1165 1404 1255 1436 enim
1272 1403 1440 1447 recipieris
1457 1405 1500 1438 ab
1517 1405 1686 1443 omnibus,
1705 1406 1911 1439 converteris
1928 1407 2082 1440 residuus

170 1460 249 1484 011111
272 1449 410 1484 consilio
433 1459 508 1483 meo
531 1452 565 1482 et
588 1460 665 1482 cum
688 1449 854 1482 similibus
877 1450 956 1488 tuis,
981 1460 1159 1493 usquequo
1182 1450 1348 1483 finiantur
1370 1454 1536 1495 tempora.
1585 1453 1615 1472 ¹⁰
1640 1453 1803 1495 quoniam
1826 1453 1987 1487 saeculuni
2011 1465 2083 1498 per·

170 1497 260 1531 didit
276 1497 495 1530 iuventutem
513 1506 623 1536 5113111,
642 1499 676 1529 01
694 1499 851 1540 tempora
870 1496 1153 1541 appropinquant
1170 1508 1352 1531 senescere.
1395 1499 1420 1517 ¹¹
1440 1497 1630 1531 Duodecim
1649 1499 1739 1531 enim
1759 1500 1914 1543 partibus
1933 1500 2083 1533 divisum

169 1547 221 1578 est
245 1544 419 1583 saeculum‚
445 1546 480 1576 et
503 1543 713 1577 transierunt
741 1543 811 1576 eius
838 1543 971 1577 decima
997 1547 1031 1577 et
1057 1543 1239 1577 dimidium
1265 1544 1405 1578 decimae
1432 1545 1554 1589 partis:
1606 1547 1632 1564 ¹²
1658 1550 1842 1590 supersunt
1868 1550 1985 1580 autem
2012 1547 2082 1580 eius

170 1594 249 1635 post
272 1591 424 1624 medium
452 1590 592 1624 decimae
620 1591 738 1634 partis.
791 1592 817 1609 ¹³
841 1590 942 1624 Nunc
970 1602 1048 1635 ergo
1076 1591 1219 1635 dispone
1247 1591 1389 1625 domum
1417 1595 1527 1632 tuam,
1556 1597 1591 1626 et
1619 1593 1748 1637 corripe
1776 1594 1941 1637 populum
1970 1596 2082 1634 tuum,

171 1641 205 1672 et
230 1637 404 1672 consolare
420 1637 564 1671 humiles
581 1648 710 1677 eorum,
727 1640 762 1671 et
777 1638 937 1671 renuntia
953 1638 1022 1671 iam
1039 1638 1251 1682 corruptelae,
1291 1640 1318 1658 ¹⁴
1334 1642 1367 1672 et
1385 1639 1521 1673 dimitte
1538 1639 1599 1673 abs
1615 1643 1649 1673 te
1666 1641 1827 1674 mortales
1845 1641 2082 1685 cogitationes,

168 1688 203 1719 et
228 1685 352 1730 proiice
378 1685 438 1718 abs
463 1688 498 1718 te
522 1684 674 1729 pondera
695 1684 857 1725 humana,
879 1688 913 1718 et
933 1696 1018 1718 exue
1039 1688 1073 1719 te
1093 1686 1161 1719 13111
1182 1686 1353 1719 1111111113111
1374 1689 1547 1727 naturam,
1569 1690 1603 1720 et
1623 1698 1748 1731 repone
1767 1687 1803 1721 in
1822 1698 1927 1721 unam
1948 1692 2082 1732 partem

170 1732 411 1766 molestissima
437 1731 502 1766 tibi
529 1732 773 1776 cogitamenta,
802 1734 837 1765 et
863 1732 990 1766 festina
1016 1733 1259 1776 transmigrare
1287 1744 1307 1766 a
1333 1734 1546 1778 temporibus
1573 1734 1640 1767 his:
1692 1736 1719 1754 ¹⁵
1744 1745 1819 1778 quae
1847 1735 1937 1768 enim
1965 1735 2082 1769 vidisti

168 1790 260 1813 1111110
280 1779 462 1823 contigisse
482 1778 584 1818 mala,
606 1778 732 1812 iterum
753 1779 876 1812 horum
897 1779 1063 1813 deteriora
1086 1780 1229 1814 facient:
1275 1782 1303 1800 ¹⁶
1324 1784 1495 1824 quantum
1517 1781 1608 1814 enim
1628 1781 1819 1815 invalidum
1841 1782 1899 1815 fiet
1920 1782 2081 1816 saeculum

168 1838 188 1860 a
212 1829 400 1866 senectute,
427 1828 568 1859 1311111111
594 1825 920 1870 multiplicabuntur
946 1838 1048 1871 super
1073 1827 1309 1861 inhabitantes
1337 1828 1438 1861 mala.
1490 1829 1516 1847 ¹⁷
1548 1828 1769 1872 Prolongavit
1796 1829 1885 1862 0111111
1913 1840 1947 1862 50
1974 1830 2081 1874 magis

169 1873 306 1914 veritas,
332 1876 367 1907 et
390 1872 686 1917 appropinquavit
709 1873 938 1907 mendacium.
966 1874 1040 1907 Iam
1065 1874 1155 1907 enim
1179 1874 1323 1908 festinat
1348 1875 1473 1915 venire,
1498 1886 1603 1919 quam
1629 1876 1745 1909 vidisti
1770 1876 1969 1921 visionem,

279 1933 307 1950 ¹⁸
333 1931 379 1964 Et
404 1930 574 1975 respondi,
600 1933 635 1964 et
659 1931 731 1964 dixi
756 1942 870 1965 coram
895 1935 929 1965 te
954 1932 1112 1966 Domine.
1162 1934 1190 1951 12
1215 1932 1303 1966 Εο00
1328 1933 1417 1966 0111111
1444 1944 1504 1977 ego
1525 1932 1639 1973 abibo,
1665 1934 1754 1967 sicut
1774 1934 1965 1977 praecepisti
1985 1934 2080 1974 mihi,
2132 1932 2240 1971 multos

168 1982 202 2012 et
227 1978 407 2022 corripiam
429 1982 631 2022 praesentem
654 1979 830 2022 populum.
854 1978 919 2022 Qui
940 1982 1057 2013 autem
1078 1979 1203 2013 iterum
1224 1980 1298 2013 nati
1319 1980 1457 2019 fuerint,
1480 1981 1555 2023 quis
1577 1981 1828 2014 commonebit?
1875 1982 1903 2000 ²⁰
1925 1981 2080 2014 Positum
2095 1968 2276 2028 ωῐξὲξξξῖῗρῃ,

167 2028 219 2059 051
242 2036 320 2070 ergo
343 2025 505 2059 saeculum
528 2025 564 2058 in
586 2025 747 2065 tenebris,
772 2029 807 2059 et
830 2026 888 2070 qui
912 2026 1111 2060 inhabitant
1134 2027 1169 2060 in
1193 2037 1231 2060 eo
1255 2027 1326 2060 51110
1350 2027 1487 2061 lumine.
1537 2029 1561 2047 ²¹
1586 2027 1757 2070 Quoniam
1780 2028 1834 2061 lex
1857 2031 1920 2061 tua
1942 2028 2080 2061 incensa
2100 2038 2152 2063 dos
2173 2040 2268 2068 curem

168 2076 229 2112 est,
251 2075 392 2116 propter
410 2072 502 2116 quod
522 2082 623 2105 nemo
642 2072 707 2106 scit
727 2083 802 2116 quae
822 2084 842 2106 a
860 2076 895 2106 te
914 2074 1008 2106 13013
1027 2076 1119 2113 511111,
1140 2073 1194 2106 vel
1213 2084 1289 2117 quae
1309 2073 1473 2118 incipient
1493 2085 1605 2118 opera.
1650 2076 1676 2094 22
1695 2075 1729 2108 Si
1749 2075 1839 2108 enim
1859 2075 1974 2108 inveni
1993 2075 2028 2108 in
2047 2078 2082 2109 te

167 2120 326 2163 gratiam,
350 2119 501 2153 immitte
524 2120 560 2153 in
582 2130 637 2153 me
660 2120 827 2163 Spiritum
851 2124 1022 2159 sanctum,
1047 2124 1081 2154 et
1105 2121 1252 2154 scribam
1276 2131 1376 2154 omne
1401 2122 1493 2165 quod
1518 2122 1649 2155 factum
1674 2125 1726 2156 est
1748 2122 1782 2155 in
1806 2122 1928 2156 saeculo
1953 2122 1996 2155 ab
2020 2122 2081 2155 ini-

167 2167 228 2207 tio,
253 2177 328 2211 quae
353 2169 451 2200 erant
473 2167 509 2200 in
531 2166 603 2211 lege
626 2169 689 2200 tua
711 2167 840 2211 scripta
862 2170 902 2200 ut
926 2167 1058 2211 possint
1081 2168 1235 2201 homines
1260 2168 1411 2201 invenire
1435 2169 1606 2205 semitam.
1631 2172 1665 2202 et
1688 2169 1747 2213 qui
1772 2169 1943 2203 voluerint
1967 2169 2082 2202 vivere

166 2214 202 2247 in
226 2213 430 2253 novissimis,
456 2213 589 2247 vivant.
639 2215 665 2233 ²³
690 2214 736 2247 Et
759 2213 937 2258 respondit
962 2214 1006 2247 ad
1030 2225 1094 2251 1110,
1121 2217 1155 2248 01
1179 2215 1283 2248 dixit:
1310 2215 1446 2248 Vadens
1471 2226 1638 2260 congrega
1662 2216 1839 2260 populum⁷
1865 2219 1900 2250 et
1923 2216 2013 2249 dices
2038 2216 2082 2250 ad

166 2271 234 2301 eos,
258 2263 298 2294 ut
320 2271 390 2294 non
413 2264 570 2304 quaerant
593 2264 627 2293 te
650 2260 770 2294 diebus
794 2261 1034 2304 quadraginta.
1083 2263 1109 2280 ²⁴
1132 2261 1182 2294 Tu
1207 2265 1324 2294 autem
1349 2273 1503 2306 111-1011313
1526 2262 1590 2296 11111
1614 2263 1722 2296 buxos
1746 2263 1885 2302 multos,
1910 2266 1944 2296 et
1967 2263 2082 2307 accipe

166 2310 282 2341 tecum
299 2307 449 2347 Saream,
467 2307 646 2347 Dabriam,
663 2307 858 2347 Salemiam‚
876 2308 1068 2347 Echanum,
1086 2310 1120 2341 et
1137 2308 1237 2348 Asiel,
1256 2308 1407 2352 quinque
1423 2309 1484 2342 hos
1502 2309 1560 2352 qui
1576 2310 1690 2353 parati
1705 2312 1787 2343 sunt
1803 2310 1847 2343 ad
1862 2309 2080 2342 scribendum

169 2354 340 2388 velociter.
379 2356 405 2374 ²⁵
430 2354 477 2388 Et
491 2355 608 2388 venias
622 2355 700 2394 huc,
716 2358 750 2388 et
764 2365 825 2398 ego
840 2355 1025 2388 accendam
1040 2355 1074 2388 in
1089 2355 1188 2388 corde
1202 2358 1263 2388 tuo
1278 2355 1452 2389 lucernam
1466 2355 1672 2396 intellectus,
1688 2367 1763 2400 quae
1777 2367 1846 2390 non
1860 2356 2082 2400 extinguetur

166 2401 392 2445 quoadusque
414 2402 579 2435 finiantur
601 2412 676 2445 quae
698 2402 837 2446 incipies
859 2402 1014 2436 scribere.
1061 2404 1090 2421 ²⁶
1112 2402 1158 2435 Et
1179 2405 1263 2436 tunc
1286 2403 1443 2447 perfectis
1467 2403 1625 2446 quaedam
1648 2404 1763 2447 palam
1784 2404 1898 2444 facies,
1921 2403 2080 2447 quaedam

166 2449 380 2493 sapientibus
406 2449 570 2482 absconse
595 2449 721 2483 trades.
748 2449 784 2482 in
809 2449 998 2482 crastinum
1024 2450 1115 2482 enim
1140 2450 1204 2483 hac
1229 2450 1312 2483 hora
1339 2450 1477 2494 incipies
1503 2450 1658 2485 scribere.

279 2508 305 2526 ²⁷
331 2507 379 2540 Et
404 2507 577 2551 profectus
598 2517 686 2546 sum,
707 2507 796 2540 sicut
817 2507 900 2540 mihi
922 2507 1094 2551 praecepit,
1116 2510 1150 2540 et
1172 2507 1375 2552 congregavi
1396 2518 1532 2541 omnem
1554 2509 1731 2553 populum,
1753 2512 1787 2543 et
1808 2508 1893 2542 dixi:
1939 2510 1967 2528 2⁸
1988 2508 2078 2542 Audi
2113 2509 2255 2539 populum

167 2554 271 2588 Israel
294 2554 401 2587 verba
423 2554 510 2588 haec:
559 2555 587 2573 ²⁹
613 2554 823 2598 Peregrinati
847 2557 929 2588 sunt
952 2557 1067 2598 patres
1091 2554 1199 2588 nostri
1224 2555 1267 2588 ab
1291 2554 1390 2588 initio
1414 2554 1449 2588 in
1472 2554 1635 2600 AEgypto,
1661 2558 1695 2590 et
1718 2556 1855 2590 liberati
1878 2558 1959 2589 sunt
1983 2555 2076 2589 inde:
2108 2545 2259 2576 admonet,

166 2604 195 2621 ³0
219 2605 254 2635 et
278 2604 485 2645 acceperunt
510 2601 619 2646 legem
646 2602 738 2640 vitae,
767 2611 872 2645 quam
899 2612 968 2634 non
995 2601 1244 2642 custodierunt,
1285 2612 1390 2646 quam
1418 2605 1452 2635 et
1479 2613 1540 2636 vos
1567 2606 1646 2647 post
1672 2614 1728 2637 eos
1754 2603 1956 2647 transgressi
1982 2603 2078 2636 estis:

167 2649 191 2667 ³¹
217 2651 252 2682 et
277 2648 361 2682 data
385 2650 437 2681 est
462 2648 560 2682 vobis
583 2650 676 2682 terra
699 2648 734 2681 in
757 2651 896 2688 sortem,
922 2651 957 2682 et
979 2651 1072 2682 terra
1095 2648 1187 2689 Sion,
1213 2652 1248 2683 et
1272 2652 1386 2693 patres
1412 2649 1527 2689 vestri,
1553 2654 1587 2683 et
1612 2661 1672 2684 vos
1696 2650 1917 2694 iniquitatem
1941 2649 2081 2689 fecistis,

165 2698 200 2728 et
223 2705 293 2728 non
317 2695 480 2729 servastis
506 2695 578 2728 vias
604 2705 690 2738 quas
708 2696 871 2740 praecepit
890 2696 987 2729 vobis
1006 2696 1218 2729 Altissimus:
1263 2698 1289 2715 ³²
1307 2699 1341 2729 et
1359 2696 1469 2730 iustus
1488 2696 1591 2730 iudex
1610 2708 1687 2730 curn
1706 2698 1761 2737 sit,
1781 2696 1927 2731 abstulit
1946 2707 1966 2729 a
1986 2696 2082 2730 vobis

164 2742 200 2775 in
220 2746 375 2786 tempore
396 2741 489 2785 quod
510 2741 713 2776 donaverat.
758 2744 784 2761 ³³
809 2742 856 2776 Et
880 2753 972 2776 nunc
996 2753 1057 2775 vos
1081 2743 1136 2776 hic
1161 2743 1252 2783 estis,
1279 2748 1313 2777 et
1337 2744 1460 2776 fratres
1482 2744 1587 2777 vestri
1606 2744 1792 2778 introrsum
1813 2746 1967 2776 vestrum
1987 2746 2080 2777 sunt.

166 2790 193 2808 ³4
217 2788 252 2822 Si
277 2800 355 2833 ergo
380 2788 632 2833 imperaveritis
658 2789 771 2822 sensui
796 2792 922 2829 vestro,
948 2793 983 2823 et
1007 2789 1198 2823 erudieritis
1224 2801 1281 2823 cor
1305 2793 1470 2830 vestrum,
1498 2791 1569 2824 vivi
1594 2791 1788 2824 conservati
1813 2790 1917 2830 011115,
1944 2793 1978 2823 et
2003 2792 2083 2834 post

164 2839 312 2869 mortem
343 2835 611 2869 misericordiam
643 2836 908 2880 consequemini.
964 2838 990 2856 ³⁵
1017 2836 1187 2870 Iudicium
1218 2837 1309 2870 enim
1340 2840 1418 2881 post
1448 2840 1596 2871 mortem
1627 2838 1752 2878 veniet,
1785 2836 1924 2882 quando
1955 2837 2082 2870 iterum

167 2882 422 2917 reviviscemus:
452 2886 486 2916 et
512 2885 596 2916 tunc
622 2882 792 2916 iustorum
818 2883 960 2916 nomina
986 2883 1176 2927 parebunt,
1205 2886 1239 2918 et
1265 2884 1449 2928 impiorum
1475 2884 1570 2918 facta
1596 2884 1831 2919 ostendentur.
1882 2885 1911 2903 ³⁶
1937 2883 1992 2917 Ad
2026 2894 2080 2917 me

164 2929 269 2973 igitur
296 2940 397 2963 nemo
427 2929 569 2964 accedat
598 2940 700 2970 nunc,
730 2940 841 2973 neque
870 2930 1023 2974 requirat
1052 2941 1106 2964 me
1135 2941 1243 2974 usque
1272 2931 1342 2964 dies
1373 2931 1613 2975 quadraginta.

276 2989 304 3006 ³⁷
329 2987 377 3021 Et
400 2988 516 3032 accepi
540 2988 693 3032 quinque
709 2988 801 3022 viros
819 2988 908 3022 sicut
926 2989 1109 3023 mandavit
1126 2989 1221 3029 mihi,
1241 2991 1275 3022 et
1292 2988 1437 3033 profecti
1455 2999 1572 3022 sumus
1591 2988 1625 3020 in
1644 2998 1816 3032 campum,
1836 2992 1870 3022 et
1888 2988 2076 3022 mansimus
2113 2988 2251 3035 vfioeitpr

164 3034 223 3069 ibi.
274 3035 302 3053 ³⁸
328 3034 374 3068 Et
398 3035 511 3068 factus
536 3045 612 3068 sum
636 3035 671 3069 in
696 3035 896 3075 crastinum,
924 3038 958 3069 et
984 3047 1059 3069 ecce
1086 3047 1155 3070 vox
1182 3036 1322 3069 vocavit
1347 3046 1401 3068 me
1428 3035 1558 3069 dicens:
1586 3035 1697 3068 Esdra
1723 3035 1816 3079 aperi
1842 3046 1878 3069 os
1905 3038 2015 3075 tuum,
2043 3023 2285 3083 01501ιῇξᾶιὸωὸ

165 3081 243 3114 111110
276 3091 344 3124 (1110
377 3084 412 3115 10
445 3084 622 3126 potavero.
671 3084 700 3102 ³⁹
726 3082 773 3115 Et
804 3082 921 3127 aperui
953 3093 989 3116 os
1022 3093 1149 3123 meum,
1182 3086 1217 3116 et
1242 3093 1318 3116 0000
1343 3082 1431 3116 calix
1456 3082 1575 3126 plenus
1601 3082 1840 3126 porrigebatur
1864 3081 1956 3114 mihi.
2003 3081 2078 3115 Hoc
2139 3094 2226 3119 libros

164 3131 239 3162 erat
271 3128 410 3172 plenum
441 3129 531 3162 sicut
552 3139 657 3173 aqua:
692 3129 783 3162 color
803 3132 921 3163 autem
947 3129 1017 3163 eius
1042 3133 1082 3163 ut
1106 3130 1192 3174 ignis
1213 3129 1341 3164 similis.
1392 3131 1420 3149 ‘¹⁰
1445 3129 1492 3162 Et
1517 3129 1642 3173 accepi,
1664 3131 1699 3162 et
1719 3129 1805 3162 bibi:
1828 3131 1862 3161 et
1883 3128 1917 3161 in
1937 3138 1976 3161 eo
1998 3138 2075 3161 cum
2129 3129 2231 3158 dictat,

165 3174 338 3214 bibissem,
372 3185 429 3208 cor
466 3186 583 3209 meum
619 3176 840 3210 cruciabatur
877 3176 1066 3217 intellectu,
1101 3180 1135 3210 et
1160 3177 1194 3210 in
1220 3178 1340 3220 pectus
1365 3186 1480 3209 meum
1511 3176 1723 3209 increscebat
1757 3175 1936 3219 sapientia.
1987 3174 2079 3208 Nam

164 3221 304 3266 spiritus
323 3232 418 3255 meus
440 3222 713 3256 conservabatur
732 3223 908 3258 memoria.
962 3225 987 3243 ⁴¹
1011 3224 1058 3258 Et
1074 3226 1233 3267 apertum
1251 3226 1303 3256 est
1321 3233 1357 3256 os
1378 3233 1504 3263 meum,
1530 3225 1565 3257 et
1582 3233 1651 3256 non
1672 3226 1724 3256 est
1744 3222 1897 3255 clausum
1920 3220 2078 3265 amplius.

165 3269 192 3288 ⁴²
211 3268 408 3303 Altissimus
429 3268 526 3302 dedit
549 3269 764 3303 intellectum
785 3270 937 3314 quinque
960 3270 1052 3311 viris,
1086 3273 1121 3304 et
1150 3270 1360 3314 scripserunt
1392 3280 1467 3313 quae
1500 3269 1704 3304 dicebantur
1726 3268 1934 3302 excessiones
1957 3268 2078 3307 noctis,

165 3326 250 3358 quas
280 3326 350 3349 non
385 3315 550 3350 sciebant.
597 3317 624 3335 ⁴³
646 3316 756 3350 Nocte
780 3320 897 3350 autem
922 3317 1183 3351 manducabant
1203 3327 1340 3361 panem,
1361 3327 1421 3361 ego
1442 3319 1560 3351 autem
1580 3327 1640 3361 per
1660 3316 1748 3349 diem
1769 3314 1944 3359 loquebar,
1966 3318 2002 3348 et
2021 3325 2080 3358 per

166 3365 305 3396 noctem
326 3373 395 3396 11011
415 3362 585 3397 tacebam.
630 3365 656 3382 ‘¹⁴
676 3363 801 3407 Scripti
821 3367 903 3397 sunt
926 3367 1043 3398 autem
1069 3375 1129 3408 per
1154 3363 1385 3408 quadraginta
1409 3363 1480 3397 dies
1504 3363 1582 3397 libri
1607 3362 1745 3396 ducenti
1771 3364 1947 3406 quattuor.

276 3421 302 3438 ⁴¹⁵
328 3420 375 3454 Et
398 3420 531 3454 factum
556 3423 609 3454 est
633 3431 711 3454 cum
736 3421 1002 3466 complevissent
1041 3422 1272 3466 quadraginta
1310 3421 1392 3461 dies,
1432 3421 1567 3456 locutus
1606 3424 1658 3454 est
1696 3420 1904 3459 Altissimus‚
1945 3418 2076 3452 dicens:
2147 3419 2218 3444 alios

167 3466 286 3500 Priora
305 3476 381 3510 quae
400 3466 577 3512 scripsisti,
596 3467 632 3501 in
651 3467 766 3512 palam
786 3479 885 3512 pone,
906 3472 941 3503 et
959 3469 1075 3513 legant
1094 3469 1188 3514 digni
1207 3471 1242 3502 et
1259 3468 1405 3513 indigni:
1450 3470 1479 3488 ⁴⁶
1497 3468 1700 3503 novissimos
1721 3469 1837 3500 autem
1857 3466 2079 3510 septuaginta
2109 3455 2255 3484 omnibus,
