2356 3760
111 114 142 152 3,
169 115 264 153 1—4‚
287 113 307 145 4
967 107 1162 142 BARUCH
1932 111 2004 152 737

113 212 202 247 tum
231 205 404 246 alterum
432 204 737 258 sempiternum,
767 206 812 242 ut
841 201 915 241 sim
943 200 1019 241 illis
1046 200 1087 241 in
1114 201 1260 247 Deum,
1291 206 1331 241 et
1358 199 1433 254 ipsi
1461 204 1580 240 erunt
1607 200 1704 240 mihi
1731 202 1771 242 in
1798 203 2013 256 populum:

113 271 154 306 et
181 277 262 305 non
290 263 463 305 movebo
493 262 665 315 amplius
692 259 890 313 populum
917 272 1065 307 meum,
1095 259 1196 300 filios
1227 259 1349 299 Israel
1377 272 1401 299 a
1426 263 1545 305 terra,
1577 271 1700 312 quam
1728 260 1819 300 dedi
1846 261 1932 302 illis.

218 322 255 366 3.
311 326 323 347 ¹
347 322 403 363 Et
422 334 530 362 nunc
551 319 726 361 Domine
747 317 1017 370 omnipotens,
1041 318 1151 358 Deus
1176 317 1309 362 Israel,
1335 317 1472 357 anima
1492 317 1532 357 in
1555 317 1762 370 angustiis,
1788 324 1828 359 et
1849 320 2012 371 spiritus
2024 318 2052 341 21
2066 316 2220 376 ”5}{‘³1}'}⁰¹³¹·

114 381 258 422 anxius
275 381 426 422 clamat
441 379 494 420 ad
508 383 567 419 te:
611 379 625 401 2
641 376 736 417 audi
751 375 938 423 Domine,
957 382 998 416 et
1012 376 1209 425 miserere,
1230 376 1325 429 quia
1339 376 1449 416 Deus
1466 388 1505 415 es
1521 375 1755 423 misericors,
1775 382 1815 416 et
1830 378 2013 418 miserere
2039 387 2182 425 ⁴divinam

114 440 259 481 nostri:
283 439 378 493 quia
397 437 654 492 peccavimus
677 440 772 475 ante
792 440 844 475 te.
893 436 908 459 3
929 434 1035 483 Quia
1053 440 1099 475 tu
1120 435 1232 475 sedes
1253 434 1293 474 in
1315 434 1619 487 sempiternum,
1642 439 1682 474 et
1703 447 1775 475 nos
1795 435 2014 488 peribimus
2038 422 2200 451 ¹¹¹¹¹'¹⁰“³¹³t'

113 500 154 540 in
182 497 341 540 aevum?
397 499 412 521 ⁴¹
440 494 614 537 Domine
643 494 913 547 omnipotens,
943 493 1054 533 Deus
1085 492 1219 537 Israel,
1251 493 1346 533 audi
1374 506 1481 533 nunc
1510 492 1735 533 orationem
1763 498 2018 535 mortuorum

116 556 250 605 Israel,
272 560 311 597 et
331 555 504 596 filiorum
521 553 714 606 ipsorum.
736 552 805 606 qui
822 557 1097 606 peccaverunt
1115 556 1210 592 ante
1228 555 1280 596 te,
1302 556 1341 591 et
1360 564 1440 592 non
1460 551 1677 591 audierunt
1694 564 1836 593 vocem
1854 552 2020 593 Domini

113 615 190 657 Dei
219 614 292 663 sui,
325 619 366 654 et
396 611 653 666 agglutinata
681 616 777 651 sunt
806 610 922 651 nobis
953 609 1072 651 mala.
1131 612 1146 634 5
1178 609 1269 650 Noli
1299 610 1527 650 meminisse
1557 609 1824 663 iniquitatum
1853 616 2020 664 patrum

113 679 358 721 nostrorum,
389 672 459 712 sed
484 676 691 711 memento
719 682 865 710 manus
893 675 986 717 tuae,
1017 674 1057 709 et
1084 668 1258 709 nominis
1287 668 1348 708 tui
1375 668 1415 708 in
1444 674 1626 721 tempore
1654 668 1749 708 isto:
1809 670 1824 692 3
1852 669 1948 722 quia
1973 673 2019 709 tu

114 746 154 773 es
182 731 383 773 Dominus
412 730 522 770 Deus
551 734 699 770 noster.
731 733 772 769 et.
798 727 1059 768 laudabimus
1087 733 1127 768 te
1156 726 1349 768 Domine:
1409 728 1422 749 ⁷
1453 726 1549 780 quia
1575 731 1742 779 propter
1769 727 1845 767 hoc
1873 727 2021 768 dedisti

114 791 303 832 timorem
329 794 448 830 tuum
472 788 514 828 in
541 787 729 828 cordibus
755 786 915 835 nostris,
944 791 985 827 et
1010 791 1057 827 ut
1081 786 1318 827 invocemus
1344 797 1492 826 nomen
1519 790 1649 829 tuum,
1678 789 1718 825 et
1743 784 1955 826 laudemus
1981 790 2021 826 te

113 850 155 890 in
181 847 424 903 captivitate
449 851 600 889 nostra,
630 845 726 899 quia
751 845 1028 886 convertimur
1053 845 1104 885 ab
1129 844 1348 898 iniquitate
1373 848 1539 897 patrum
1565 848 1809 891 nostrorum,
1839 843 1907 897 qui
1932 856 2022 896 pec-

115 912 313 949 caverunt
334 910 430 946 ante
450 910 502 946 te.
556 905 571 928 3
592 904 648 945 Et
668 917 757 945 ecce
779 917 851 945 nos
872 904 913 944 in
935 903 1179 957 captivitate
1200 907 1341 944 nostra
1361 915 1499 943 sumus
1521 901 1652 949 hodie,
1677 914 1759 955 qua
1778 914 1850 943 nos
1872 901 2022 955 disper-

114 966 202 1008 sisti
219 966 262 1007 in
278 963 582 1019 improperium.
603 969 644 1004 et
661 963 702 1003 in
720 962 998 1011 maledictum,
1020 968 1061 1003 et
1078 962 1119 1002 in
1137 966 1364 1016 peccatum,
1385 961 1609 1002 secundum
1628 973 1766 1001 omnes
1785 960 2023 1014 iniquitates

114 1031 280 1079 patrum
309 1028 554 1066 nostrorum,
587 1021 655 1075 qui
683 1026 935 1062 recesserunt
964 1034 987 1061 a
1015 1027 1055 1061 te
1083 1020 1259 1062 Domine
1287 1020 1398 1060 Deus
1427 1024 1574 1061 noster.

229 1130 267 1169 2.
299 1126 581 1180 Sapientiam
612 1136 770 1166 veram
801 1125 965 1166 iterum
997 1124 1346 1176 apprehendant
1375 1134 1427 1163 ac
1455 1123 1654 1172 teneant,
1681 1124 1721 1174 3,
1740 1123 1860 1173 9—4,
1880 1124 1917 1163 4.

223 1193 238 1216 ⁹
265 1196 374 1238 Audi
403 1195 527 1237 Israel
554 1196 754 1236 mandata
781 1195 894 1236 vitae:
926 1195 1089 1235 auribus
1118 1195 1289 1248 percipe,
1320 1199 1367 1234 ut
1394 1193 1494 1234 scias
1522 1192 1795 1246 prudentiam.
1852 1194 1888 1217 ¹⁰
1915 1193 2022 1242 Quid
2056 1192 2198 1258 fflssffiia

115 1263 177 1299 est
199 1255 324 1297 Israel
346 1255 456 1309 quod
477 1254 518 1295 in
540 1260 649 1295 terra
669 1254 925 1295 inimicorum
948 1253 1012 1294 es?
1062 1255 1093 1277 ¹¹
1115 1252 1354 1293 inveterasti
1375 1252 1416 1292 in
1438 1257 1547 1292 terra
1568 1250 1710 1294 aliena,
1735 1251 2022 1305 coinquinatus
2168 1245 2169 1248 ¹

115 1330 156 1357 es
187 1328 280 1357 cum
310 1313 500 1356 mortuis:
534 1314 757 1366 deputatus
789 1326 829 1353 es
860 1325 952 1353 cum
984 1311 1324 1352 descendentibus
1355 1310 1396 1351 in
1427 1310 1642 1350 infernum.
1703 1311 1734 1333 12
1764 1309 2026 1363 Dereliquisti

114 1375 273 1417 fontem
305 1372 525 1427 sapientiae.
587 1374 618 1396 ¹³
648 1384 744 1411 nam
776 1371 808 1411 si
838 1371 879 1411 in
910 1370 978 1410 via
1007 1369 1084 1410 Dei
1115 1369 1376 1413 ambulasses,
1425 1368 1651 1409 habitasses
1683 1368 1825 1422 utique
1856 1368 1897 1409 in
1927 1381 2027 1422 pace

115 1432 376 1487 sempiterna.
431 1432 463 1455 ¹4
487 1430 606 1471 Disce
631 1429 702 1470 ubi
727 1429 779 1470 sit
804 1429 1034 1483 prudentia,
1062 1428 1133 1469 ubi
1158 1428 1210 1468 sit
1236 1428 1378 1472 virtus,
1406 1427 1476 1468 ubi
1501 1427 1554 1467 sit
1578 1426 1827 1467 intellectus:
1854 1432 1901 1467 ut
1926 1426 2027 1467 scias

115 1490 235 1533 simul
261 1489 332 1532 ubi
358 1489 411 1530 sit
436 1488 725 1542 longiturnitas
752 1487 849 1529 vitae
875 1493 916 1528 et
943 1487 1088 1533 victus,
1118 1486 1188 1528 ubi
1215 1486 1268 1528 sit
1293 1486 1432 1527 lumen
1459 1485 1680 1533 oculorum,
1710 1490 1750 1526 et
1776 1498 1870 1539 pax.

220 1551 252 1574 ¹⁵
281 1547 379 1598 Quis
406 1547 565 1588 invenit
591 1546 726 1588 locum
754 1546 863 1588 eius?
893 1552 934 1587 et
963 1546 1051 1599 quis
1080 1545 1252 1586 intravit
1279 1545 1321 1586 in
1350 1544 1561 1586 thesauros
1590 1543 1699 1584 eius?
1755 1546 1790 1568 ¹¹⁵
1819 1544 1900 1585 Ubi
1928 1549 2025 1585 sunt
2050 1560 2106 1578 uon
2131 1554 2210 1593 32qu

115 1609 316 1664 principes
350 1606 556 1654 Gentium,
602 1610 641 1647 et
677 1606 746 1660 qui
780 1605 1046 1646 dominantur
1079 1617 1199 1659 super
1233 1603 1394 1651 bestias,
1442 1616 1531 1657 quae
1565 1608 1661 1644 sunt
1694 1616 1815 1656 super
1848 1602 2023 1644 terram?
2052 1589 2208 1655 ῑὲιῖἑᾞῖῧῗ,

118 1669 150 1693 ¹⁷
175 1667 244 1722 qui
266 1667 307 1707 in
330 1665 476 1707 avibus
499 1664 583 1706 caeli
604 1664 765 1711 ludunt,
818 1666 852 1688 13
876 1664 944 1718 qui
968 1668 1182 1717 argentum
1206 1662 1497 1711 thesaurizant,
1522 1667 1564 1703 et
1586 1674 1743 1711 aurum,
1767 1662 1808 1702 in
1832 1675 1911 1715 quo
1935 1674 2028 1703 con-

116 1727 252 1768 fidunt
280 1724 476 1773 homines,
509 1729 550 1765 et
579 1737 661 1765 non
691 1728 753 1764 est
782 1722 872 1764 finis
903 1722 1181 1777 acquisitionis
1212 1721 1376 1763 eorum?
1409 1720 1478 1775 qui
1509 1725 1723 1774 argentum
1753 1720 1959 1761 fabricant
1988 1725 2030 1761 et

116 1784 265 1828 soliciti
290 1788 398 1832 sunt,
425 1795 499 1824 nec
524 1788 586 1824 est
610 1782 793 1823 inventio
820 1794 988 1836 operum
1014 1780 1199 1822 illorum?
1253 1782 1288 1805 ¹⁹
1314 1779 1576 1821 exterminati
1601 1784 1708 1827 sunt,
1737 1784 1778 1820 et
1803 1779 1856 1820 ad
1880 1779 2029 1820 inferos

117 1844 427 1891 descenderunt,
453 1847 494 1883 et
517 1841 584 1882 alii
606 1841 693 1883 loco
718 1853 857 1882 eorum
881 1844 1154 1882 surrexerunt.
1207 1842 1243 1864 2⁰
1267 1840 1439 1880 Iuvenes
1462 1839 1655 1879 viderunt
1676 1838 1826 1887 lumen,
1852 1843 1893 1879 et
1914 1837 2030 1878 habi-

117 1907 314 1944 taverunt
332 1913 453 1955 super
471 1906 640 1942 terram:
661 1901 772 1941 viam
792 1904 931 1940 autem
950 1898 1172 1953 disciplinae
1189 1899 1493 1952 ignoraverunt,
1541 1899 1572 1921 21
1591 1910 1722 1950 neque
1740 1896 2031 1937 intellexerunt

118 1961 285 2003 semitas
312 1960 408 2005 eius,
437 1972 568 2013 neque
594 1958 665 1999 filii
691 1971 831 2000 eorum
858 1964 1124 2012 susceperunt
1150 1970 1252 2006 eam,
1283 1970 1306 1997 a
1332 1956 1433 1997 facie
1460 1956 1641 2010 ipsorum
1666 1955 1784 2009 longe
1810 1956 1923 1996 facta
1948 1959 2028 1996 est:

117 2022 150 2045 22
178 2033 260 2062 non
288 2024 350 2060 est
377 2018 521 2059 audita
546 2018 588 2058 in
617 2018 740 2058 Terra
767 2017 974 2065 Chanaan,
1004 2029 1136 2070 neque
1164 2016 1253 2057 visa
1280 2020 1341 2056 est
1367 2015 1409 2056 in
1438 2015 1632 2056 Theman.
1689 2016 1721 2039 23
1748 2013 1839 2054 Filii
1868 2026 2030 2067 quoque

118 2079 238 2133 Agar,
260 2078 330 2132 qui
347 2077 570 2130 exquirunt
587 2076 862 2130 prudentiam,
884 2088 974 2129 quae
992 2076 1041 2116 de
1060 2081 1169 2116 terra
1186 2080 1258 2123 est,
1279 2074 1553 2128 negotiatores
1571 2073 1752 2118 Merrhae,
1774 2079 1815 2113 et
1833 2072 2029 2120 Theman,

118 2142 159 2179 et
188 2136 451 2183 fabulatores
484 2140 526 2176 et
555 2134 822 2189 exquisitores
853 2133 1081 2188 prudentiae
1111 2138 1151 2174 et
1182 2132 1477 2187 intelligentiae:
1510 2132 1618 2172 viam
1651 2136 1789 2172 autem
1820 2130 2031 2184 sapientiae

119 2196 362 2244 nescierunt,
392 2207 524 2248 neque
552 2193 861 2235 commemorati
889 2198 986 2233 sunt
1014 2192 1180 2233 semitas
1209 2192 1305 2233 eius.
1363 2193 1394 2216 2⁴
1423 2191 1457 2232 O
1488 2190 1611 2231 Israel
1641 2203 1765 2244 quam
1793 2202 1943 2243 magna
1971 2194 2033 2230 est

120 2256 266 2297 domus
290 2253 378 2302 Dei,
405 2258 447 2294 et
470 2253 611 2306 ingens
634 2252 747 2294 locus
771 2251 1034 2306 possessionis
1059 2251 1160 2291 eius!
1214 2252 1246 2274 25
1270 2251 1442 2303 Magnus
1468 2255 1540 2295 est,
1568 2255 1608 2290 et
1632 2262 1714 2290 non
1738 2248 1865 2289 habet
1888 2247 2030 2288 finem:

120 2313 300 2355 excelsus
325 2317 367 2353 et
388 2312 622 2352 immensus.
676 2313 711 2335 '2⁶
737 2310 799 2352 Ibi
822 2311 989 2351 fuerunt
1012 2309 1196 2364 gigantes
1220 2308 1423 2350 nominati
1446 2308 1513 2357 illi,
1541 2307 1611 2361 qui
1634 2308 1686 2348 ab
1710 2307 1826 2348 initio
1849 2307 2029 2355 fuerunt,

119 2377 282 2414 statura
300 2383 462 2424 magna,
484 2370 656 2411 scientes
678 2369 841 2411 bellum.
890 2370 924 2393 27
946 2369 1039 2410 Non
1058 2368 1132 2410 hos
1153 2367 1273 2422 elegit
1292 2367 1505 2415 Dominus,
1528 2379 1659 2420 neque
1680 2365 1790 2406 viam
1811 2364 2032 2418 disciplinae

119 2431 383 2472 invenerunt:
403 2434 621 2483 propterea
637 2428 855 2483 perierunt.
902 2429 937 2452 23
956 2427 1012 2468 Et
1030 2427 1225 2481 quoniam
1242 2439 1325 2468 non
1342 2426 1577 2467 habuerunt
1595 2424 1851 2478 sapientiam,
1871 2423 2032 2464 interie-

119 2494 218 2530 runt
246 2493 413 2543 propter
441 2500 558 2528 suam
586 2487 875 2541 insipientiam.

225 2549 261 2573 ²⁹
282 2547 380 2596 Quis
402 2546 585 2588 ascendit
605 2546 646 2587 in
668 2545 821 2593 caelum,
846 2551 887 2586 et
909 2545 1066 2599 accepit
1086 2557 1188 2593 eam,
1213 2549 1252 2585 et
1275 2544 1417 2585 eduxit
1439 2556 1528 2584 eam
1550 2543 1599 2584 de
1620 2541 1822 2583 nubibus?
1872 2543 1908 2566 ³⁰
1929 2540 2027 2590 Quis
2055 2547 2108 2607 seg
2133 2546 2210 2578 apud

120 2606 406 2648 transfretavit
425 2618 549 2654 mare,
572 2610 614 2646 et
633 2605 792 2646 invenit
811 2604 946 2645 illam?
970 2609 1011 2645 et
1032 2603 1175 2645 attulit
1194 2603 1305 2644 illam
1327 2615 1448 2656 super
1468 2614 1613 2642 aurum
1635 2600 1833 2641 electum?
1881 2601 1913 2624 31
1936 2599 2028 2640 Non
2110 2590 2186 2614 ‘³³⁰¹'

121 2671 183 2707 est
199 2665 268 2719 qui
281 2664 411 2719 possit
426 2664 525 2705 scire
539 2664 626 2705 vias
642 2664 738 2713 eius,
755 2676 886 2717 neque
903 2663 972 2717 qui
988 2663 1179 2716 exquirat
1193 2661 1359 2703 semitas
1375 2661 1477 2702 eius:
1520 2662 1552 2685 32
1568 2660 1638 2701 sed
1654 2659 1723 2713 qui
1738 2658 1813 2700 scit
1829 2658 2030 2705 universa,

121 2724 240 2765 novit
271 2736 373 2770 eam,
408 2728 449 2764 et
481 2722 694 2764 adinvenit
726 2735 815 2763 eam
848 2722 1069 2776 prudentia
1100 2734 1191 2762 sua:
1242 2720 1311 2775 qui
1343 2718 1592 2774 praeparavit
1624 2723 1775 2759 terram
1807 2717 1849 2757 in
1881 2722 2033 2758 aeterno

121 2788 317 2836 tempore,
354 2787 395 2823 et
427 2781 601 2835 replevit
635 2794 724 2822 eam
757 2781 995 2835 pecudibus,
1032 2785 1074 2821 et
1108 2779 1460 2834 quadrupedibus:
1523 2779 1555 2802 33
1590 2776 1660 2830 qui
1693 2775 1848 2817 emittit
1879 2774 2030 2823 lumen,

122 2846 164 2882 et
182 2840 317 2882 vadit:
339 2846 380 2881 et
399 2840 566 2881 vocavit
584 2840 696 2885 illud,
719 2845 760 2881 et
780 2840 920 2881 obedit
938 2839 995 2880 illi
1014 2839 1056 2879 in
1074 2843 1261 2880 tremore.
1310 2839 1343 2863 3⁴
1363 2836 1497 2879 Stellae
1517 2841 1656 2877 autern
1676 2834 1878 2876 dederunt
1894 2833 2034 2875 lumen

122 2900 163 2940 in
189 2899 383 2940 custodiis
407 2899 500 2948 suis,
527 2903 569 2940 et
590 2898 742 2940 laetatae
765 2903 879 2939 sunt:
931 2900 963 2923 ³5
988 2902 1147 2939 vocatae
1170 2902 1278 2945 sunt,
1305 2902 1346 2937 et
1370 2895 1580 2937 dixerunt:
1606 2893 1832 2934 Adsumus:
1859 2897 1900 2933 et
1922 2892 2034 2933 luxe-

123 2963 220 2999 runt
240 2957 275 2998 ei
297 2970 389 2998 cum
409 2957 678 3005 iucunditate,
703 2957 773 3010 qui
792 2956 890 2998 fecit
909 2956 1009 2998 illas.
1058 2957 1095 2981 ³⁶
1116 2956 1193 2997 Hic
1215 2960 1276 2996 est
1295 2955 1406 2996 Deus
1427 2958 1575 3000 noster,
1599 2957 1641 2993 et
1660 2964 1743 2993 non
1763 2951 2035 2992 aestimabitur

124 3016 225 3057 alius
255 3016 449 3057 adversus
478 3028 583 3057 eum.
640 3017 674 3041 ³⁷
707 3015 784 3057 Hic
813 3015 1026 3056 adinvenit
1055 3027 1218 3056 omnem
1247 3014 1360 3055 viam
1389 3011 1622 3066 disciplinae,
1653 3015 1695 3052 et
1723 3009 1896 3051 tradidit
1924 3009 2035 3050 illam

125 3075 249 3116 Iacob
266 3087 391 3128 puero
409 3087 493 3123 suo,
513 3079 555 3114 et
574 3074 698 3115 Israel
714 3073 862 3115 dilecto
881 3087 966 3115 suo.
1011 3074 1048 3098 ³⁸
1063 3073 1164 3115 Post
1180 3073 1265 3114 haec
1281 3072 1323 3113 in
1340 3071 1456 3112 terris
1473 3070 1584 3111 visus
1602 3074 1675 3119 est,
1695 3074 1737 3110 et
1752 3081 1847 3110 cum
1862 3068 2036 3110 homini-

123 3133 199 3174 bus
225 3138 490 3175 conversatus
517 3137 589 3174 est.

227 3192 266 3235 4.
321 3194 335 3216 1
355 3191 432 3232 Hic
450 3191 551 3232 liber
567 3191 859 3232 mandatorum
877 3190 965 3239 Dei,
986 3195 1028 3232 et
1044 3191 1121 3239 lex,
1144 3203 1234 3244 quae
1252 3195 1313 3230 est
1330 3189 1372 3229 in
1390 3193 1606 3229 aeternum:
1627 3199 1778 3235 omneS,
1801 3185 1871 3239 qui
1889 3189 2031 3226 tenent
2048 3190 2097 3250 5111
2114 3188 2225 3247 &3¹13le

125 3263 227 3299 eam,
249 3250 489 3303 pervenient
510 3249 563 3290 ad
582 3249 732 3290 vitam:
756 3249 825 3303 qui
846 3254 984 3290 autem
1006 3248 1309 3302 dereliquerunt
1329 3260 1431 3295 eam,
1453 3246 1495 3287 in
1516 3250 1703 3288 mortem.
1752 3246 1767 3268 2
1788 3243 2030 3285 Convertere
2067 3232 2198 3284 ἶὲἑῖωη.

127 3308 262 3357 Iacob,
286 3313 327 3349 et
347 3307 606 3362 apprehende
626 3320 728 3357 eam,
752 3308 918 3349 ambula
937 3321 1008 3361 per
1027 3308 1138 3348 viam
1159 3307 1212 3347 ad
1232 3305 1487 3359 splendorem
1508 3305 1592 3346 eius
1613 3308 1757 3345 contra
1774 3302 1913 3343 lumen
1934 3301 2029 3341 eius

124 3368 140 3391 3
165 3366 225 3407 Ne
248 3367 388 3407 tradas
412 3366 529 3408 alteri
551 3365 721 3420 gloriam
744 3371 873 3415 tuam,
900 3371 941 3407 et
964 3366 1208 3420 dignitatem
1232 3369 1349 3405 tuam
1372 3363 1484 3417 genti
1508 3363 1659 3404 alienae.
1711 3364 1727 3386 4
1752 3361 1870 3401 Beati
1894 3369 2031 3399 sumus

127 3424 267 3465 Israel:
298 3425 394 3478 quia
421 3437 511 3478 quae
537 3425 624 3466 Deo
651 3424 826 3478 placent,
855 3425 1076 3465 manifesta
1102 3429 1199 3464 sunt
1224 3422 1353 3464 nobis.

1753 3485 1827 3527 50*
