2356 3760
289 139 388 180 1094
978 135 1123 170 ACTUS
1149 135 1497 170 APOSTOLORUM
1912 137 1965 178 25,
1993 136 2138 188 20—26,
2163 138 2205 171 26

280 230 570 284 superstitione
588 229 800 270 habebant
818 229 1013 269 adversus
1032 242 1137 275 eum,
1158 234 1199 269 et
1217 229 1265 269 de
1286 229 1465 282 quodam
1488 229 1577 269 lesu
1596 228 1804 279 defuneto,
1827 242 1948 283 quem
1967 230 2206 272 affirmabat

280 290 432 331 Paulus
459 289 606 330 vivere..
660 290 696 312 2⁰
727 288 927 328 Haesitans
953 293 1091 328 autem
1117 301 1189 341 ego
1215 288 1264 328 de
1289 287 1523 329 huiusmodi
1550 287 1786 340 quaestione,
1814 287 2001 329 dicebam
2025 289 2058 330 si
2082 289 2207 330 vellet

281 349 336 389 ire
369 347 668 401 lerosolymam,
697 353 735 387 et
762 346 817 386 ibi
842 346 1012 386 iudicari
1037 346 1086 387 de
1112 346 1211 387 istis.
1265 348 1295 370 21
1323 346 1451 388 Paulo
1477 352 1615 387 autem
1642 345 1876 399 appellante
1901 352 1950 389 ut
1973 354 2207 389 servaretur

281 408 333 449 ad
344 407 519 460 Augusti
537 405 823 459 cognitionem,
839 405 933 445 iussi
951 405 1103 445 servari
1120 418 1225 453 eum,
1239 405 1368 447 donec
1384 405 1550 446 mittam
1565 418 1657 446 eum
1675 405 1728 446 ad
1739 405 1949 446 Caesarem.
1978 407 2010 430 22
2020 405 2206 461 Agrippa

282 472 420 507 autem
442 465 546 507 dixit
566 465 619 505 ad
638 463 824 505 Festum:
848 463 1046 505 Volebam
1067 470 1109 505 et
1128 464 1212 517 ipse
1233 464 1439 505 hominem
1460 464 1612 505 audire.
1635 463 1743 513 Cras,
1766 464 1913 518 inquit,
1936 464 2076 506 audies
2096 478 2202 507 eum.

112 529 242 578 ‚¹³¹¹f·‘¹¹¹,¹¹
388 527 419 548 ²²³
449 524 587 564 Altera
614 528 752 564 autem
781 522 844 563 die
872 536 963 563 curn
993 523 1171 564 venisset
1197 523 1391 577 Agrippa,
1422 528 1463 563 et
1492 523 1659 563 Bernice
1687 536 1778 563 cum
1806 522 1940 564 multa
1966 523 2204 572 ambitione,

112 565 241 624 'latim‘
283 590 323 625 et
353 583 587 624 introissent
616 582 656 622 in
685 582 935 622 auditorium
965 595 1056 622 cum
1086 582 1273 629 tribunis,
1304 587 1345 622 et
1373 581 1468 621 viris
1496 581 1789 635 principalibus
1817 581 2010 632 civitatis,
2041 582 2208 624 iubente

106 636 248 695 ,5};}⁴,{}3{;{{;,
288 643 417 689 Festo,
446 641 650 682 adductus
675 646 736 681 est
761 640 925 681 Paulus.
979 642 1011 665 ²⁴
1036 640 1092 682 Et
1116 641 1216 682 dicit
1240 641 1404 682 Festus:
1431 639 1614 694 Agrippa
1637 654 1719 687 rex,
1747 645 1789 681 et
1813 654 1965 690 omnes,
1994 641 2063 694 qui
2087 641 2207 682 simul

105 706 247 732 ”ufir-*1¹¹⁹
284 700 434 742 adestis
455 699 666 742 nobiscum
688 699 774 744 viri,
798 699 946 740 videtis
966 700 1086 749 hunc,
1109 700 1157 740 de
1179 713 1259 753 quo
1279 699 1410 740 omnis
1429 699 1655 741 multitudo
1677 699 1908 741 Iudaeorum
1928 699 2209 753 interpellavit

283 774 346 801 me
373 758 641 812 ierosolymis,
666 764 853 812 petentes
876 764 918 800 et
940 758 1214 800 acclamantes
1237 771 1318 799 non
1342 764 1529 811 oportere
1552 772 1644 799 eum
1667 758 1804 799 vivere
1828 758 2014 812 amplius.
2065 761 2097 784 2⁵
2121 759 2208 813 Ego

283 832 378 860 vero
409 818 586 872 comperi
617 817 716 858 nihil
747 818 916 870 dignum
947 823 1078 859 morte
1109 831 1201 858 eum
1233 817 1454 858 admisisse.
1490 817 1583 871 Ipso
1614 822 1754 858 autem
1783 817 1860 859 hoc
1891 817 2125 871 appellante
2156 818 2208 859 ad

281 878 527 931 Augustum.
563 877 741 918 iudicavi
773 876 948 917 mittere.
1009 878 1044 901 ²⁶
1075 877 1136 917 De
1169 889 1250 930 quo
1283 876 1381 930 quid
1413 881 1569 917 certum
1603 876 1778 917 scribam
1811 876 1989 926 domino,
2023 890 2106 918 non
2137 877 2208 917 ha-

283 937 369 978 beo.
400 937 574 989 Propter
603 936 712 989 quod
741 935 916 988 produxi
945 949 1037 976 eum
1067 936 1117 976 ad
1148 949 1231 985 vos,
1263 940 1304 976 et
1332 935 1510 976 maxime
1539 935 1591 976 ad
1619 940 1659 976 te
1687 948 1758 976 rex
1786 934 1980 990 Agrippa,
2010 940 2058 977 ut
2084 936 2208 977 inter-

281 995 492 1046 rogatione
518 995 631 1035 facta
656 995 830 1035 habeam
860 994 957 1048 quid
984 994 1172 1036 scribam.
1227 996 1260 1018 ²7
1288 994 1382 1035 Sine
1408 994 1567 1036 ratione
1593 994 1700 1035 enim
1727 993 1827 1035 mihi
1854 994 2020 1036 videtur
2043 994 2208 1036 mittere

283 1055 481 1099 vinctum,
514 1060 556 1094 et
586 1066 728 1094 causas
760 1053 844 1094 eius
875 1066 957 1094 non
988 1053 1225 1106 significare.

95 1121 256 1151 aposolus»
389 1113 453 1156 26.
511 1115 522 1136 ¹
554 1112 737 1166 Agrippa
771 1125 866 1153 vero
902 1112 953 1153 ad
988 1105 1163 1153 Paulum
1200 1112 1275 1153 ait:
1312 1111 1575 1154 Permittitur
1608 1112 1685 1153 tibi
1718 1111 1831 1166 loqui
1864 1125 1938 1166 pro
1973 1112 2206 1166 temetipso.

281 1172 394 1213 Tunc
426 1171 578 1212 Paulus
611 1177 782 1212 extenta
812 1184 937 1212 manu
970 1171 1097 1224 coepit
1127 1172 1330 1213 rationem
1362 1172 1542 1212 reddere.

90 1237 260 1297 ,dfflfisjt'f'ffib
386 1233 400 1254 2
433 1231 494 1272 De
529 1229 729 1279 omnibus,
766 1230 914 1283 quibus
948 1243 1116 1272 accusor
1148 1244 1171 1271 a
1206 1230 1364 1279 Iudaeis,
1400 1244 1470 1271 rex
1502 1230 1697 1284 Agrippa,
1732 1230 1890 1272 aestimo
1922 1243 1987 1271 me
2020 1230 2202 1276 beatum,

139 1312 210 1331 mm
283 1290 393 1343 apud
419 1295 458 1330 te
485 1303 577 1330 cum
603 1289 679 1330 sim
705 1289 945 1330 defensurus
970 1303 1034 1330 me
1060 1290 1193 1339 hodie,
1246 1291 1262 1314 ³
1286 1289 1465 1330 maxime
1491 1295 1532 1331 te
1557 1289 1710 1331 sciente
1737 1289 1886 1338 omnia,
1914 1294 1955 1330 et
1981 1302 2071 1343 quae
2096 1289 2207 1343 apud

108 1346 239 1372 ‘'²¹¹'¹²¹¹¹⁵·
284 1349 441 1390 Iudaeos
477 1355 573 1390 sunt
608 1348 937 1396 consuetudines,
975 1353 1016 1389 et
1051 1348 1315 1402 quaestiones:
1351 1353 1520 1402 propter
1555 1349 1666 1402 quod
1702 1349 1868 1389 obsecro
1903 1348 2110 1402 patienter
2142 1361 2208 1388 me

89 1413 236 1466 grief-[¹¹¹
281 1408 435 1449 audias.
487 1410 502 1432 ‘¹
526 1408 582 1449 Et
606 1407 771 1461 quidem
795 1407 927 1448 vitam
950 1421 1083 1448 meam
1109 1421 1133 1448 a
1154 1408 1384 1456 iuventute,
1412 1421 1502 1461 quae
1526 1408 1577 1449 ab
1601 1406 1717 1448 initio
1742 1407 1821 1448 fuit
1844 1407 1885 1448 in
1909 1412 2029 1461 gente
2052 1420 2145 1448 mea
2166 1407 2207 1447 in

73 1454 268 1509 v'e¹,-¹-'.-¹.l¹1¹1.ss1'12'·¹111
283 1467 554 1521 ierosolymis,
586 1472 792 1508 noverunt
823 1480 962 1508 omnes
995 1466 1139 1507 Iud-eei:
1197 1469 1212 1491 ⁵
1242 1467 1500 1520 p1·aescientes
1530 1480 1594 1507 me
1625 1467 1676 1507 ab
1707 1466 1824 1507 initio
1855 1466 1903 1517 (si
1934 1465 2064 1507 velint
2093 1466 2207 1507 testi-

278 1526 461 1567 monium
492 1526 720 1579 perhibere)
750 1525 943 1579 quoniam
974 1526 1198 1566 secundum
1229 1526 1498 1567 certissimam
1528 1530 1681 1566 sectam
1712 1530 1862 1567 nostrae
1890 1524 2093 1578 religionis
2123 1524 2208 1565 vixi

278 1585 518 1626 Pharisaeus.
571 1586 586 1608 ⁶
606 1584 662 1625 Et
682 1597 790 1625 nunc
810 1584 850 1624 in
873 1597 954 1637 spe,
979 1597 1069 1638 quae
1089 1585 1141 1625 ad
1161 1589 1299 1638 patres
1320 1589 1482 1625 nostros
1502 1583 1826 1637 repromissionis
1846 1583 1960 1625 facta
1979 1588 2042 1625 est
2061 1597 2086 1624 a
2103 1583 2205 1632 Deo,

276 1650 342 1686 sto
364 1644 512 1685 iudicio
535 1643 760 1685 subiectus:
813 1645 826 1666 ⁷
848 1643 891 1683 in
914 1656 1038 1697 quam
1060 1643 1276 1684 duodecim
1298 1642 1430 1684 tribus
1450 1648 1601 1684 nostrae
1621 1647 1742 1684 nocte
1764 1656 1811 1684 ac
1832 1643 1895 1683 die
1917 1642 2205 1691 deservientes,

277 1710 445 1757 sperant
471 1703 673 1744 devenire.
702 1702 763 1743 De
790 1716 872 1756 qua
897 1716 967 1756 spe
993 1715 1161 1744 accusor
1186 1716 1210 1743 a
1238 1702 1395 1751 ludfeis,
1424 1715 1506 1743 rex.
1564 1704 1578 1726 ⁸
1605 1701 1713 1751 Quid
1738 1701 1974 1743 incredibile
2000 1701 2208 1742 iudicatur

277 1763 389 1816 apud
411 1776 495 1812 vos,
518 1762 551 1803 si
570 1762 682 1803 Deus
703 1767 888 1803 mortuos
910 1761 1107 1803 suscitat?
1159 1764 1173 1785 ⁹
1194 1761 1250 1803 Et
1271 1775 1343 1815 ego
1366 1761 1531 1815 quidem
1553 1761 1901 1809 existimaveram,
1923 1773 1989 1801 me
2010 1761 2206 1801 adversus

278 1835 427 1863 nomen
456 1821 547 1863 Iesu
574 1820 774 1862 Nazareni
799 1821 946 1861 debere
971 1820 1103 1862 multa
1128 1821 1335 1862 contraria
1360 1833 1488 1873 agere.
1542 1822 1579 1844 1⁰
1607 1820 1738 1874 aquod
1763 1825 1804 1860 et
1828 1819 1905 1861 feci
1932 1818 2205 1873 lerosolymis,

279 1886 320 1923 et
345 1880 497 1922 multos
522 1886 759 1922 sanctorum
785 1893 857 1931 ego
882 1880 923 1920 in
950 1879 1176 1921 carceribus
1203 1879 1360 1927 inclusi,
1387 1893 1411 1920 a
1433 1879 1687 1933 principibus
1713 1879 1973 1920 sacerdotum
1998 1883 2207 1931 potestate

280 1946 467 1993 accepta:
506 1945 547 1980 et
583 1953 675 1980 cum
713 1939 1005 1987 occiderentur,
1045 1938 1173 1980 detuli
1209 1939 1469 1980 sententiam.
1535 1940 1565 1963 ¹¹
1602 1938 1659 1979 Et
1694 1951 1765 1991 per
1801 1950 1940 1979 omnes
1977 1950 2206 1991 synagogas

279 2000 515 2053 frequenter
546 1998 719 2052 puniens
752 2011 831 2043 eos,
867 1997 1161 2051 compellebam
1196 1997 1498 2051 blasphemare:
1533 2003 1574 2038 et
1607 1996 1781 2050 amplius
1814 1996 2019 2037 insaniens
2051 1996 2092 2036 in
2125 2009 2205 2045 eos,

115 2066 218 2103 &01¹¹ss
281 2059 555 2113 persequebar
581 2070 709 2111 usque
735 2057 775 2097 in
803 2064 963 2098 exteras
991 2056 1193 2098 civitates.
1250 2059 1281 2081 12
1310 2057 1356 2097 In
1385 2056 1533 2110 quibus
1563 2057 1682 2097 bdum
1708 2055 1808 2096 irem
1835 2056 2086 2096 Damascum
2114 2068 2206 2096 cum

81 2106 265 2161 ‘iffssss‘sslsslss‘ssss
284 2123 504 2171 potestate,
534 2122 576 2158 et
604 2115 802 2169 permissu
830 2116 1063 2169 principum
1091 2116 1364 2164 sacerdotum,
1422 2118 1453 2140 ¹3
1482 2115 1545 2156 die
1573 2115 1710 2156 media
1736 2115 1777 2155 in
1806 2114 1885 2164 via,
1916 2114 2013 2164 vidi,
2043 2127 2126 2163 rex,
2157 2114 2207 2154 de

281 2177 376 2218 caelo
408 2189 532 2229 supra
563 2175 820 2229 splendorem
853 2174 946 2215 solis
979 2174 1292 2215 circumfulsisse
1323 2187 1388 2215 me
1419 2173 1569 2223 lumen,
1604 2179 1646 2214 et
1677 2187 1756 2223 eos,
1793 2173 1862 2227 qui
1893 2186 2054 2214 mecum
2086 2172 2207 2214 simul

280 2241 408 2277 erant.
470 2236 501 2258 ¹4
534 2234 767 2287 Omnesque
798 2246 872 2274 nos
904 2247 997 2274 cum
1029 2233 1319 2274 decidissemus
1350 2233 1391 2273 in
1423 2239 1588 2281 terram,
1623 2232 1763 2273 audivi
1794 2245 1937 2274 vocem
1968 2231 2205 2285 loquentem

279 2294 379 2335 mihi
410 2293 614 2334 Hebraica
641 2292 798 2346 lingua:
829 2292 962 2341 Saule,
993 2292 1125 2341 Saule,
1159 2291 1257 2346 quid
1286 2305 1350 2332 me
1378 2291 1656 2345 persequeris?
1688 2292 1835 2332 durum
1866 2296 1928 2332 est
1956 2290 2030 2332 tibi
2062 2295 2208 2332 contra

280 2352 493 2394 stimulum
520 2351 741 2393 calcitrare.
796 2353 828 2376 ¹⁵
854 2351 942 2405 Ego
968 2356 1107 2392 autem
1134 2350 1237 2392 dixi:
1266 2350 1364 2400 Quis
1391 2364 1430 2391 es
1456 2350 1657 2392 Domine?
1684 2349 1887 2391 Dominus
1913 2355 2053 2391 autem
2081 2348 2204 2390 dixit:

280 2413 368 2466 Ego
394 2425 484 2453 sum
513 2412 636 2459 Iesus,
666 2424 787 2464 quem
814 2416 860 2451 tu
886 2410 1150 2463 persequeris.
1206 2411 1241 2434 ¹⁶
1266 2410 1345 2450 Sed
1372 2423 1533 2463 exurge,
1562 2415 1603 2450 et
1628 2414 1694 2450 sta
1718 2421 1840 2462 super
1864 2408 1988 2462 pedes
2014 2413 2125 2450 tuos:
2154 2408 2206 2449 ad

280 2472 357 2512 hoc
382 2470 489 2511 enim
515 2469 687 2523 appa-rui
712 2469 799 2517 tibi,
827 2474 874 2510 ut
900 2469 1150 2510 constituam
1177 2475 1217 2510 te
1241 2468 1488 2517 ministrum,
1517 2474 1558 2509 et
1582 2474 1730 2509 testem
1756 2481 1908 2516 eorum,
1938 2480 2027 2521 quae
2052 2466 2204 2513 vidisti,

281 2536 323 2571 et
353 2543 505 2578 eorum,
539 2528 687 2582 quibus
719 2529 926 2581 apparebo
958 2527 1045 2575 tibi,
1105 2530 1138 2552 ¹⁷
1171 2527 1343 2581 eripiens
1375 2533 1414 2568 te
1446 2528 1495 2568 de
1526 2526 1690 2581 populo,
1725 2532 1766 2567 et
1795 2526 1998 2580 gentibus,
2031 2526 2073 2567 in
2105 2539 2206 2580 quas

280 2602 389 2629 nnnc
413 2602 485 2640 ego
510 2588 632 2629 mitto
658 2594 709 2636 te,
763 2589 797 2611 ¹⁸
822 2586 976 2640 aperire
1002 2586 1138 2628 oculos
1163 2600 1316 2636 eorum,
1342 2592 1390 2627 ut
1413 2591 1711 2628 convertantur
1735 2599 1758 2626 a
1781 2585 1958 2627 tenebris
1984 2585 2037 2626 ad
2059 2584 2203 2634 lucem,

281 2654 322 2689 et
347 2648 395 2688 de
421 2652 627 2700 potestate
653 2652 808 2687 satanae
832 2647 884 2686 ad
908 2646 1054 2692 Deum,
1083 2651 1129 2686 ut
1153 2645 1358 2699 accipiant
1381 2645 1659 2686 remissionem
1684 2650 1961 2698 peccatorum,
1988 2648 2030 2685 et
2053 2648 2205 2685 sortem

117 2721 234 2753 cauam
282 2707 388 2747 inter
413 2711 576 2747 sanctos
601 2718 673 2758 per
697 2705 832 2753 fidem,
862 2718 951 2758 quae
977 2710 1038 2745 est
1062 2704 1103 2746 in
1129 2718 1204 2746 me.
1260 2706 1294 2728 ¹⁹
1321 2704 1439 2745 Unde
1465 2718 1536 2744 rex
1560 2703 1754 2757 Agrippa
1782 2716 1864 2744 non
1890 2703 1948 2744 fui
1974 2701 2206 2744 incredulus

92 2750 258 2809 1·1‹1‘2'1‘›isi-1111,
283 2765 430 2806 caelesti
452 2764 616 2805 visioni:
665 2765 701 2788 ²⁰
727 2763 814 2804 Csed
833 2763 907 2809 his,
931 2763 1000 2817 qui
1021 2768 1118 2804 sunt
1135 2763 1330 2804 Damasci
1351 2763 1541 2816 primum,
1564 2768 1605 2803 et
1627 2761 1898 2815 Ierosolymis,
1921 2767 1962 2803 et
1980 2761 2021 2802 in
2044 2774 2204 2802 omnem

112 2822 238 2846 ‘'¹¹³¹‘sffi'
284 2824 485 2873 regionem
516 2824 673 2871 Iudaeae,
701 2828 742 2863 et
766 2822 967 2863 Gentibus
994 2823 1309 2871 annunciabam,
1337 2827 1384 2863 ut
1408 2821 1697 2875 poenitentiam
1724 2826 1902 2875 agerent,
1929 2825 1971 2861 et
1995 2826 2206 2861 converte-

283 2890 424 2923 rentur
453 2883 504 2923 ad
532 2883 679 2930 Deum,
710 2881 834 2934 digna
862 2881 1117 2934 poenitentiae
1145 2894 1269 2935 opera
1296 2881 1503 2921 facientes.
1562 2883 1591 2905 21
1624 2880 1712 2921 Hac
1741 2893 1790 2921 ex
1819 2892 1942 2920 causa
1968 2892 2033 2920 me
2064 2878 2202 2927 Iudaei,

282 2955 374 2982 cum
410 2955 536 2981 essem
572 2941 611 2981 in
647 2940 812 2994 templo,
851 2940 1211 2993 dcomprehensum
1248 2941 1469 2981 tentabant
1502 2938 1739 2980 interficere.
1802 2940 1834 2963 22
1867 2937 2031 2979 Auxilio
2066 2942 2202 2978 autem

283 3000 449 3041 adiutus
477 3000 552 3039 Dei
581 3013 709 3053 usque
738 2999 776 3039 in
808 2999 1049 3039 hodiernum
1079 2998 1185 3039 diem
1215 3005 1291 3048 sto,
1324 2998 1547 3039 testificans
1576 2997 1734 3045 minori,
1766 3002 1891 3051 atque
1918 2995 2074 3046 maiori,
2105 2995 2204 3036 nihil

283 3064 401 3099 extra
431 3058 566 3099 dicens
598 3071 720 3111 quam
753 3071 812 3106 ea,
845 3071 935 3111 quae
965 3057 1181 3110 Prophetae
1212 3057 1336 3098 locuti
1367 3062 1463 3098 sunt
1493 3056 1634 3097 futura
1664 3069 1761 3105 esse,
1793 3061 1834 3097 et
1863 3055 2038 3108 Moyses,
2110 3057 2142 3079 23
2172 3054 2203 3095 si

283 3117 485 3170 passibilis
519 3116 715 3165 Christus,
749 3116 781 3157 si
813 3116 967 3169 primus
1000 3129 1050 3157 ex
1080 3116 1374 3157 resurrectione
1406 3121 1677 3163 mortuorum,
1711 3114 1847 3155 lumen
1881 3113 2204 3155 annunciaturus

284 3182 345 3217 est
376 3175 539 3229 populo,
572 3180 613 3215 et
642 3175 855 3216 Gentibus.

115 3240 240 3278 ³¹³·ffil'·
389 3237 420 3258 '2²
450 3235 546 3275 'Haee
573 3233 765 3286 loquente
793 3248 850 3277 eo.
881 3240 922 3274 et
949 3234 1149 3275 rationem
1178 3234 1385 3280 reddente,
1416 3233 1561 3274 Festus
1588 3245 1739 3285 magna
1765 3245 1864 3273 voce
1891 3231 2014 3272 dixit:
2046 3229 2204 3271 Insanis

113 3281 244 3339 pJ-li'aili..
289 3293 428 3333 Paule:
451 3293 589 3333 multae
608 3298 647 3333 te
666 3292 812 3333 litterae
832 3293 883 3333 ad
902 3292 1102 3333 insaniam
1123 3297 1383 3333 convertunt.
1432 3293 1463 3316 '2⁵
1483 3291 1538 3332 Et
1556 3290 1726 3331 Paulus:
1750 3291 1841 3331 Non
1859 3289 2016 3331 insanio
2036 3288 2204 3343 (inquit)

286 3352 439 3406 optime
468 3352 499 3391 F
502 3358 598 3401 este,
628 3352 697 3392 sed
726 3351 923 3400 veritatis,
953 3357 994 3391 et
1021 3351 1254 3393 sobrietatis
1282 3351 1408 3391 verba
1434 3350 1589 3404 loquor.
1645 3351 1681 3374 2⁶
1707 3349 1793 3391 Scit
1819 3348 1926 3390 enim
1954 3348 2003 3389 de
2030 3347 2092 3389 his
2120 3360 2202 3396 rex,

426 3476 479 3518 26,
506 3478 546 3510 10
573 3478 661 3521 ³Sup
687 3477 718 3518 8,
744 3478 773 3511 3.
868 3478 909 3511 12
934 3478 1023 3521 bSup
1048 3478 1079 3517 9,
1106 3478 1135 3510 2.
1163 3498 1203 3500 —
1228 3477 1270 3510 :20
1298 3476 1384 3520 cSup
1412 3477 1461 3511 13.
1490 3477 1540 3510 14.
1569 3497 1609 3500 Α
1634 3475 1674 3510 21
1699 3476 1791 3519 dSup
1816 3475 1868 3515 21,
1894 3474 1946 3509 31.
