2356 3760
120 161 173 194 24.
200 160 343 193 iis-24.
370 158 411 191 33
999 154 1137 187 iosUE
1946 161 2017 201 197

122 252 208 296 diis,
244 251 389 304 quibus
421 250 646 290 servierunt
680 252 814 299 patres
848 247 972 287 vestri
1004 246 1045 286 in
1075 246 1384 298 Mesopotamia.
1419 259 1470 285 an
1502 246 1576 286 diis
1609 248 1944 295 Amorrhteorum.
1979 253 2017 291 in

123 324 295 364 quorum
326 310 446 349 Terra
474 305 690 347 habitatis:
721 318 791 357 ego
822 310 959 345 autem
989 310 1029 345 et
1058 305 1202 345 domus
1231 318 1317 344 mea
1349 305 1569 345 serviemus
1598 306 1785 348 Domino.

228 370 261 392 ¹⁶
296 365 602 420 Responditque
635 362 820 417 populus,
856 370 897 403 et
930 364 1005 404 ait:
1040 363 1159 403 Absit
1193 376 1213 402 a
1247 362 1363 403 nobis
1397 368 1443 403 ut
1475 363 1749 416 relinquamus
1783 366 2014 409 Dominum.
2046 404 2069 428 D
2098 369 2145 408 ‘1¹3³

123 436 164 468 et
182 428 404 468 serviamus
424 423 498 464 diis
519 422 669 464 alienis.
720 424 751 446 ¹⁷
772 421 971 463 Dominus
990 422 1100 475 Deus
1120 427 1257 461 noster
1275 421 1360 474 ipse
1379 422 1521 462 eduxit
1541 435 1624 463 nos
1647 428 1687 463 et
1705 430 1841 475 patres
1860 434 2017 466 nostros
2033 411 2224 470 De‘iiissugffgit,

123 487 171 527 de
204 487 322 528 Terra
354 481 534 536 ,EgyptL
568 482 617 522 de
649 481 769 522 domo
802 480 1029 521 servitutis:
1061 480 1240 532 fecitque
1271 479 1505 521 videntibus
1538 480 1653 521 nobis
1684 481 1795 534 signa
1828 482 2018 535 ingentia.

123 554 162 586 et
190 542 412 585 custodivit
437 554 509 581 nos
534 540 576 580 in
603 539 713 581 omni
739 538 817 583 via.
848 552 917 593 per
944 551 1067 592 quam
1095 537 1407 583 ambulavimus,
1438 544 1478 579 et
1503 537 1544 578 in
1571 539 1726 580 eunctis
1753 541 1925 593 populis,
1953 554 2024 594 per

124 616 222 657 quos
248 600 524 641 transivimus.
579 600 613 622 1⁸
639 599 694 639 Et
718 598 834 639 eiecit
858 598 1068 638 universas
1093 602 1245 650 gentes,
1272 597 1553 637 Amorrhaeum
1579 597 1853 639 habitatorem
1879 600 2020 643 Terrae,

124 673 246 714 quam
262 673 335 700 nos
353 658 609 699 intravimus.
629 656 858 697 Serviemus
876 657 1000 707 igitur
1016 655 1205 698 Domino.
1228 655 1321 708 quia
1340 655 1423 708 ipse
1441 662 1502 696 est
1519 656 1627 696 Deus
1646 662 1793 697 noster.
1840 660 1874 682 ¹9
1891 658 2023 698 Dixit-

123 732 200 772 que
224 718 341 759 Iosue
363 717 415 758 ad
436 717 652 770 populum:
678 716 769 756 Non
791 716 976 769 poteritis
998 715 1146 755 servire
1167 714 1363 755 Domino:
1387 715 1496 754 Deus
1519 715 1625 754 enim
1647 721 1823 758 sanetus.
1848 722 1889 757 et
1907 717 2023 757 fortis

121 776 334 818 aemulator
359 781 431 818 est,
458 789 531 816 nec
554 775 735 829 ignoscet
761 773 975 815 sceleribus
1000 773 1145 814 vestris
1172 778 1296 826 atque
1321 773 1509 826 peccatis.
1563 775 1599 797 '2⁰
1622 773 1663 813 Si
1688 773 1918 815 dimiseritis
1943 775 2024 815 Do-

123 837 289 881 minum,
325 841 366 875 et
398 833 616 875 serxu'eritis
649 833 724 873 diis
759 832 909 876 alienis,
945 837 1157 874 convertet
1189 846 1241 878 se.v
1277 836 1317 872 et
1350 831 1504 884 affliget
1538 845 1621 875 vos.
1658 837 1782 885 atque
1814 833 2026 873 subvertet

122 900 343 948 postquam
378 893 494 934 vobis
529 892 766 946 praestiterit
801 892 919 933 bona.
984 894 1014 915 '2¹
1049 891 1248 944 Dixitque
1284 890 1457 944 populus
1493 891 1545 931 ad
1582 890 1716 931 Iosue:
1755 892 2026 945 Nequaquam

121 955 178 994 ita
198 958 245 994 ut
262 952 450 1006 loqueris,
473 952 559 998 erit,
581 952 651 993 sed
668 950 845 992 Domino
864 950 1097 992 serviemus.
1145 952 1176 974 '2²
1196 950 1251 990 Et
1271 949 1387 990 Iosue
1407 949 1457 989 ad
1477 948 1685 1003 populum,
1707 950 1856 996 Testes,
1877 950 2023 1003 inquit.

122 1026 195 1053 vos
226 1011 333 1054 estis.
369 1010 465 1064 quia
494 1010 571 1064 ipsi
603 1009 800 1063 elegeritis
831 1009 947 1051 vobis
978 1009 1201 1050 Dominum
1234 1014 1281 1049 ut
1312 1008 1497 1049 serviatis
1529 1008 1574 1050 ei.
1611 1009 2024 1062 Responderuntque:

123 1072 274 1112 Testes.
328 1072 360 1094 '23
386 1070 503 1110 Nunc
528 1082 632 1123 ergo,
659 1069 728 1113 ait,
756 1069 911 1109 auferte
936 1069 1031 1109 deos
1056 1068 1206 1108 alienos
1231 1067 1280 1108 de
1303 1067 1436 1108 medio
1462 1067 1597 1115 vestri,
1625 1074 1665 1108 et
1688 1067 1880 1108 inclinate
1904 1067 2024 1108 corda

123 1135 258 1170 vestra
293 1129 345 1170 ad
377 1128 600 1170 Dominum
634 1129 766 1168 Deum
803 1128 937 1169 Israel.
999 1130 1031 1152 2⁴
1052 1127 1250 1180 Dixitque
1280 1126 1454 1180 populus
1483 1126 1535 1166 ad
1560 1127 1694 1167 losue:
1732 1127 1908 1168 Domino
1940 1127 2025 1167 Deo

122 1196 260 1229 nostro
292 1188 524 1237 serviemus,
557 1193 598 1228 et
628 1187 862 1228 obedientes
893 1186 1040 1227 erimus
1072 1186 1283 1240 praeeeptis
1314 1186 1407 1227 eius.

227 1249 259 1271 ²⁵
283 1247 487 1287 Percussit
512 1259 603 1299 ergo
632 1246 749 1287 Iosue
773 1245 815 1286 in
840 1245 903 1286 die
927 1245 994 1286 illo
1020 1246 1165 1288 foedus.
1194 1252 1235 1285 et
1258 1244 1471 1298 proposuit
1496 1244 1645 1297 populo
1673 1250 1876 1298 praecepta
1900 1250 2024 1297 atque
2070 1244 2189 1304 i‘ssffiffie

123 1305 271 1347 iudicia
293 1305 333 1346 in
356 1306 527 1347 Sichem.
580 1307 615 1329 2⁶
637 1304 805 1359 Scripsit
830 1318 991 1358 quoque
1015 1304 1149 1345 omnia
1174 1304 1299 1344 verba
1322 1303 1406 1343 haec
1428 1302 1469 1342 in
1492 1302 1698 1344 volumine
1720 1303 1816 1357 legis
1838 1303 2023 1344 Domini:
2046 1299 2214 1345 perentam.

123 1371 163 1405 et
180 1364 277 1405 tulit
292 1364 469 1418 lapidem
487 1364 768 1418 pergrandem,
788 1364 1005 1417 posuitque
1023 1376 1115 1403 eum
1133 1362 1274 1402 subter
1291 1375 1496 1415 quereum,
1518 1375 1607 1415 quae
1624 1367 1711 1402 erat
1727 1362 1767 1402 in
1786 1361 2025 1402 Sanctuario

123 1423 306 1465 Domini:
359 1425 393 1448 ‘2⁷
419 1429 460 1464 et
485 1423 589 1463 dixit
615 1423 666 1463 ad
691 1435 850 1463 omnem
878 1421 1094 1475 populum:
1123 1421 1186 1461 En
1209 1421 1312 1475 lapis
1336 1421 1412 1461 iste
1439 1421 1513 1461 erit
1539 1421 1654 1461 vobis
1680 1421 1721 1461 in
1746 1420 2026 1461 testimonium

124 1483 233 1536 quod
258 1483 431 1523 audierit
455 1482 590 1523 omnia
616 1482 739 1522 verba
765 1480 943 1524 Domini.
971 1494 1060 1534 qua)
1084 1480 1243 1521 loeutus
1269 1486 1329 1520 est
1354 1480 1488 1520 vobis:
1514 1493 1563 1520 ne
1587 1481 1692 1520 forte
1716 1485 1857 1533 postea
1882 1492 2027 1532 negare

123 1541 268 1584 velitis
299 1547 339 1582 et
367 1540 529 1581 mentiri
557 1540 734 1581 Domino
762 1540 849 1581 Deo
879 1545 1026 1580 vestro.
1084 1541 1119 1563 ‘2⁸
1147 1538 1394 1592 Dimisitque
1422 1539 1632 1592 populum.
1663 1538 1840 1592 singulos
1869 1538 1909 1578 in
1938 1552 2028 1591 pos-

123 1613 338 1641 sessionem
371 1614 498 1640 suam.

597 1670 635 1709 3.
666 1669 790 1709 Mors
821 1669 864 1709 et
894 1669 1132 1721 sepultura
1161 1669 1275 1719 eius,
1303 1669 1368 1719 24,
1388 1668 1560 1708 29—33.

228 1742 263 1764 ²⁹
286 1740 340 1781 Et
364 1747 458 1792 post
482 1741 562 1780 haec
588 1744 773 1780 mortuus
797 1744 858 1779 est
887 1739 999 1779 losue
1028 1738 1130 1778 lilius
1157 1739 1249 1778 Nun
1273 1751 1412 1779 servus
1436 1738 1613 1783 Domini,
1639 1745 1803 1779 centum
1828 1744 1869 1780 et
1891 1739 2029 1779 decem
2067 1737 2204 1797 Efflfflffa

124 1812 342 1840 annorum:
403 1801 439 1823 ³⁰
470 1798 796 1852 sepelieruntqiw
830 1811 920 1839 eum
954 1797 994 1838 in
1030 1797 1178 1837 finibus
1211 1797 1471 1850 possessionis
1505 1810 1586 1838 suae
1618 1797 1658 1838 in
1691 1797 2027 1838 Thamnathsare.
2176 1791 2182 1798 ³

126 1872 215 1911 quae
239 1864 300 1898 est
324 1858 404 1898 sita*
427 1858 468 1898 in
492 1862 631 1899 monte
656 1857 866 1910 Ephraim.
894 1870 918 1896 a
941 1856 1258 1909 Septentrionali
1283 1862 1399 1910 parte
1424 1857 1574 1897 montis
1600 1857 1719 1897 Gaas.

227 1919 258 1942 ³¹
294 1916 553 1970 Servivitque
590 1917 711 1957 Israel
748 1915 923 1957 Domino
959 1915 1115 1956 eunetis
1151 1915 1292 1956 diebus
1330 1915 1446 1955 losue
1481 1920 1521 1955 et
1555 1915 1770 1961 seniorum,
1809 1916 1877 1968 qui
1910 1915 2028 1968 longo
2079 1911 2192 1976 ¹1³)ssssssssss

125 1976 317 2016 vixerunt
346 1983 528 2029 tempore
559 1982 653 2028 post
685 1975 812 2017 losue.
846 1982 884 2014 et
917 1975 983 2027 qui
1016 1980 1217 2015 noverunt
1248 1973 1381 2015 omnia
1413 1987 1535 2027 opera
1565 1974 1730 2015 Domini
1762 1987 1851 2027 quae
1880 1975 2031 2014 fecerat
2181 1965 2188 1975 ’

123 2034 163 2074 in
196 2035 330 2075 lsrael.

230 2096 263 2117 ³2
295 2094 417 2133 aOssa
447 2106 609 2146 quoque.
642 2092 798 2145 ]oseph.
832 2105 921 2145 quae
951 2091 1131 2132 tulerant
1163 2091 1232 2131 tilii
1264 2092 1385 2132 lsrael
1416 2092 1465 2131 de
1496 2092 1686 2145 AEgypto,
1718 2092 1964 2145 sepelierunt
1991 2091 2030 2130 in
2080 2098 2181 2156 133¹,

123 2151 295 2201 Sicheni,
324 2151 364 2192 in
392 2157 506 2204 parte
534 2151 630 2204 agri.
664 2157 804 2204 bquem
831 2156 986 2191 emerat
1014 2151 1136 2191 Iacob
1163 2163 1184 2189 a
1214 2150 1305 2191 filiis
1334 2150 1486 2190 Hemor
1511 2151 1639 2203 patris
1666 2150 1837 2192 Siehem.
1867 2155 2030 2191 centum
2186 2146 2191 2155 '

124 2210 292 2251 novellis
320 2210 477 2257 ovibus,
507 2217 547 2251 et
574 2210 653 2250 fuit
679 2209 720 2250 in
749 2209 1041 2263 possessionem
1072 2209 1246 2250 filiorum
1278 2209 1434 2262 Ioseph.

228 2272 261 2294 ³³
289 2269 459 2310 Eleazar
488 2282 649 2322 quoque
682 2268 785 2309 filius
815 2269 950 2309 Aaron
980 2273 1165 2308 mortuus
1196 2274 1274 2308 est:
1306 2274 1346 2308 et
1375 2268 1620 2322 sepelierunt
1649 2281 1740 2308 euin
1769 2269 1810 2309 in
1839 2267 2030 2308 (jabaath
2047 2271 2122 2290 ¹¹¹⁰sS
2144 2264 2224 2289 111113·

124 2328 296 2369 l’hinees
328 2327 397 2368 filii
427 2328 521 2373 eius,
555 2341 644 2381 quae
673 2328 770 2369 data
801 2334 861 2368 est
890 2327 923 2367 ei
953 2327 993 2367 in
1022 2333 1161 2368 monte
1192 2327 1400 2379 Ephraim.
2103 2306 2168 2324 ω’

257 2431 299 2465 32
324 2407 474 2472 acuto,
499 2432 556 2472 24;
584 2432 637 2465 Ex
663 2432 714 2471 13,
741 2433 790 2465 19.
819 2452 860 2455 -
885 2433 957 2465 bun
981 2431 1034 2472 33,
1060 2431 1111 2465 19.
