<?xml version="1.0" encoding="UTF-8"?>
<!DOCTYPE html PUBLIC "-//W3C//DTD XHTML 1.0 Transitional//EN"
    "http://www.w3.org/TR/xhtml1/DTD/xhtml1-transitional.dtd">
<html xmlns="http://www.w3.org/1999/xhtml" xml:lang="en" lang="en">
 <head>
  <title>
</title>
<meta http-equiv="Content-Type" content="text/html;charset=utf-8" />
  <meta name='ocr-system' content='tesseract 3.04.00' />
  <meta name='ocr-capabilities' content='ocr_page ocr_carea ocr_par ocr_line ocrx_word'/>
</head>
<body>
  <div class='ocr_page' id='page_1' title='image "./bibliasacravulga00helzuoft_0557.png"; bbox 0 0 2356 3760; ppageno 0'>
   <div class='ocr_carea' id='block_1_1' title="bbox 120 80 2014 135">
    <p class='ocr_par' dir='ltr' id='par_1_1' title="bbox 120 80 2014 135">
     <span class='ocr_line' id='line_1_1' title="bbox 120 80 2014 135; baseline 0.003 -21"><span class='ocrx_word' id='word_1_1' title='bbox 120 80 175 120; x_wconf 75' lang='lat'>87,</span> <span class='ocrx_word' id='word_1_2' title='bbox 203 80 342 121; x_wconf 33' lang='lat' dir='ltr'>10j88‚</span> <span class='ocrx_word' id='word_1_3' title='bbox 370 81 412 115; x_wconf 79' lang='lat'>24</span> <span class='ocrx_word' id='word_1_4' title='bbox 934 82 1222 117; x_wconf 71' lang='lat' dir='ltr'><strong>PSALMORUM</strong></span> <span class='ocrx_word' id='word_1_5' title='bbox 1939 93 2014 135; x_wconf 79' lang='lat'>533</span> 
     </span>
    </p>
   </div>
   <div class='ocr_carea' id='block_1_2' title="bbox 124 173 2015 274">
    <p class='ocr_par' dir='ltr' id='par_1_2' title="bbox 124 173 2015 274">
     <span class='ocr_line' id='line_1_2' title="bbox 124 173 2015 238; baseline 0.006 -24"><span class='ocrx_word' id='word_1_6' title='bbox 124 175 158 197; x_wconf 91' lang='lat'>¹⁰</span> <span class='ocrx_word' id='word_1_7' title='bbox 175 173 278 214; x_wconf 91' lang='lat' dir='ltr'>oculi</span> <span class='ocrx_word' id='word_1_8' title='bbox 303 174 381 214; x_wconf 89' lang='lat' dir='ltr'>mei</span> <span class='ocrx_word' id='word_1_9' title='bbox 407 174 652 228; x_wconf 88' lang='lat' dir='ltr'>languerunt</span> <span class='ocrx_word' id='word_1_10' title='bbox 676 187 759 228; x_wconf 69' lang='lat' dir='ltr'>prae</span> <span class='ocrx_word' id='word_1_11' title='bbox 784 174 932 227; x_wconf 86' lang='lat' dir='ltr'>inopia.</span> <span class='ocrx_word' id='word_1_12' title='bbox 1012 175 1195 216; x_wconf 90' lang='lat' dir='ltr'>Clamavi</span> <span class='ocrx_word' id='word_1_13' title='bbox 1221 177 1273 217; x_wconf 82' lang='lat' dir='ltr'>ad</span> <span class='ocrx_word' id='word_1_14' title='bbox 1299 182 1338 217; x_wconf 90' lang='lat' dir='ltr'>te</span> <span class='ocrx_word' id='word_1_15' title='bbox 1363 178 1537 219; x_wconf 82' lang='lat' dir='ltr'>Domine</span> <span class='ocrx_word' id='word_1_16' title='bbox 1564 185 1653 220; x_wconf 85' lang='lat' dir='ltr'>tota</span> <span class='ocrx_word' id='word_1_17' title='bbox 1680 182 1760 222; x_wconf 84' lang='lat' dir='ltr'>die:</span> <span class='ocrx_word' id='word_1_18' title='bbox 1840 186 2015 238; x_wconf 82' lang='lat' dir='ltr'>expandi</span> 
     </span>
     <span class='ocr_line' id='line_1_3' title="bbox 384 233 830 274; baseline -0.004 0"><span class='ocrx_word' id='word_1_19' title='bbox 384 233 436 274; x_wconf 88' lang='lat' dir='ltr'>ad</span> <span class='ocrx_word' id='word_1_20' title='bbox 465 238 505 274; x_wconf 88' lang='lat' dir='ltr'>te</span> <span class='ocrx_word' id='word_1_21' title='bbox 534 246 678 273; x_wconf 89' lang='lat' dir='ltr'>manus</span> <span class='ocrx_word' id='word_1_22' title='bbox 708 245 830 273; x_wconf 90' lang='lat' dir='ltr'>meas.</span> 
     </span>
    </p>
   </div>
   <div class='ocr_carea' id='block_1_3' title="bbox 123 336 2207 685">
    <p class='ocr_par' dir='ltr' id='par_1_3' title="bbox 123 336 2207 685">
     <span class='ocr_line' id='line_1_4' title="bbox 123 336 2207 403; baseline 0.006 -28"><span class='ocrx_word' id='word_1_23' title='bbox 123 337 151 359; x_wconf 93' lang='lat'>¹¹</span> <span class='ocrx_word' id='word_1_24' title='bbox 175 336 387 390; x_wconf 88' lang='lat' dir='ltr'>Numquid</span> <span class='ocrx_word' id='word_1_25' title='bbox 402 337 573 378; x_wconf 81' lang='lat' dir='ltr'>mortuis</span> <span class='ocrx_word' id='word_1_26' title='bbox 589 336 710 377; x_wconf 83' lang='lat' dir='ltr'>facies</span> <span class='ocrx_word' id='word_1_27' title='bbox 726 336 945 377; x_wconf 89' lang='lat' dir='ltr'>mirabilia:</span> <span class='ocrx_word' id='word_1_28' title='bbox 1009 343 1080 378; x_wconf 85' lang='lat' dir='ltr'>aut</span> <span class='ocrx_word' id='word_1_29' title='bbox 1096 338 1241 378; x_wconf 86' lang='lat' dir='ltr'>medici</span> <span class='ocrx_word' id='word_1_30' title='bbox 1257 339 1525 385; x_wconf 79' lang='lat' dir='ltr'>suscitabunt.</span> <span class='ocrx_word' id='word_1_31' title='bbox 1542 346 1582 382; x_wconf 92' lang='lat' dir='ltr'>et</span> <span class='ocrx_word' id='word_1_32' title='bbox 1598 342 1900 384; x_wconf 85' lang='lat' dir='ltr'>confitebuntur</span> <span class='ocrx_word' id='word_1_33' title='bbox 1916 346 2012 386; x_wconf 74' lang='lat' dir='ltr'>tibi?</span> <span class='ocrx_word' id='word_1_34' title='bbox 2031 345 2173 403; x_wconf 50' lang='lat' dir='ltr'>mflssssfflm</span> <span class='ocrx_word' id='word_1_35' title='bbox 2199 386 2207 403; x_wconf 47' lang='lat'>1</span> 
     </span>
     <span class='ocr_line' id='line_1_5' title="bbox 123 387 2203 449; baseline 0.004 -14"><span class='ocrx_word' id='word_1_36' title='bbox 123 396 153 418; x_wconf 78' lang='lat'>¹²</span> <span class='ocrx_word' id='word_1_37' title='bbox 177 395 388 449; x_wconf 86' lang='lat' dir='ltr'>Numquid</span> <span class='ocrx_word' id='word_1_38' title='bbox 423 395 607 436; x_wconf 82' lang='lat' dir='ltr'>narrabit</span> <span class='ocrx_word' id='word_1_39' title='bbox 643 394 787 448; x_wconf 88' lang='lat' dir='ltr'>aliquis</span> <span class='ocrx_word' id='word_1_40' title='bbox 824 395 864 436; x_wconf 91' lang='lat' dir='ltr'>in</span> <span class='ocrx_word' id='word_1_41' title='bbox 900 395 1111 449; x_wconf 88' lang='lat' dir='ltr'>sepulchro</span> <span class='ocrx_word' id='word_1_42' title='bbox 1148 397 1463 439; x_wconf 88' lang='lat' dir='ltr'>misericordiam</span> <span class='ocrx_word' id='word_1_43' title='bbox 1499 404 1634 449; x_wconf 85' lang='lat' dir='ltr'>tuam,</span> <span class='ocrx_word' id='word_1_44' title='bbox 1726 406 1765 441; x_wconf 87' lang='lat' dir='ltr'>et</span> <span class='ocrx_word' id='word_1_45' title='bbox 1802 403 2013 443; x_wconf 84' lang='lat' dir='ltr'>veritatem</span> <span class='ocrx_word' id='word_1_46' title='bbox 2035 387 2203 443; x_wconf 41' lang='grc' dir='ltr'>οἷὐεῐῗιῖῖτῗιῗ,</span> 
     </span>
     <span class='ocr_line' id='line_1_6' title="bbox 383 453 848 507; baseline 0.002 -14"><span class='ocrx_word' id='word_1_47' title='bbox 383 458 498 494; x_wconf 88' lang='lat' dir='ltr'>tuam</span> <span class='ocrx_word' id='word_1_48' title='bbox 528 453 569 494; x_wconf 87' lang='lat' dir='ltr'>in</span> <span class='ocrx_word' id='word_1_49' title='bbox 598 453 848 507; x_wconf 80' lang='lat' dir='ltr'>perditione?</span> 
     </span>
     <span class='ocr_line' id='line_1_7' title="bbox 123 512 2018 565; baseline 0.004 -13"><span class='ocrx_word' id='word_1_50' title='bbox 123 513 154 536; x_wconf 79' lang='lat'>¹3</span> <span class='ocrx_word' id='word_1_51' title='bbox 176 512 387 565; x_wconf 76' lang='lat' dir='ltr'>Numquid</span> <span class='ocrx_word' id='word_1_52' title='bbox 411 517 704 565; x_wconf 77' lang='lat' dir='ltr'>cognoscentur</span> <span class='ocrx_word' id='word_1_53' title='bbox 727 512 768 553; x_wconf 89' lang='lat' dir='ltr'>in</span> <span class='ocrx_word' id='word_1_54' title='bbox 794 512 969 554; x_wconf 87' lang='lat' dir='ltr'>tenebris</span> <span class='ocrx_word' id='word_1_55' title='bbox 994 513 1196 554; x_wconf 90' lang='lat' dir='ltr'>mirabilia</span> <span class='ocrx_word' id='word_1_56' title='bbox 1218 518 1309 554; x_wconf 88' lang='lat' dir='ltr'>tna:</span> <span class='ocrx_word' id='word_1_57' title='bbox 1384 520 1422 555; x_wconf 86' lang='lat' dir='ltr'>et</span> <span class='ocrx_word' id='word_1_58' title='bbox 1448 516 1605 557; x_wconf 85' lang='lat' dir='ltr'>iustitia</span> <span class='ocrx_word' id='word_1_59' title='bbox 1629 522 1701 557; x_wconf 91' lang='lat' dir='ltr'>tua</span> <span class='ocrx_word' id='word_1_60' title='bbox 1726 518 1764 558; x_wconf 89' lang='lat' dir='ltr'>in</span> <span class='ocrx_word' id='word_1_61' title='bbox 1790 524 1896 559; x_wconf 88' lang='lat' dir='ltr'>terra</span> <span class='ocrx_word' id='word_1_62' title='bbox 1921 518 2018 559; x_wconf 85' lang='lat' dir='ltr'>obli-</span> 
     </span>
     <span class='ocr_line' id='line_1_8' title="bbox 384 570 538 611; baseline 0 0"><span class='ocrx_word' id='word_1_63' title='bbox 384 570 538 611; x_wconf 82' lang='lat' dir='ltr'>vionis?</span> 
     </span>
     <span class='ocr_line' id='line_1_9' title="bbox 123 629 1754 685; baseline 0.003 -16"><span class='ocrx_word' id='word_1_64' title='bbox 123 630 153 653; x_wconf 71' lang='lat'>¹⁴</span> <span class='ocrx_word' id='word_1_65' title='bbox 174 629 229 669; x_wconf 91' lang='lat' dir='ltr'>Et</span> <span class='ocrx_word' id='word_1_66' title='bbox 255 641 326 682; x_wconf 89' lang='lat' dir='ltr'>ego</span> <span class='ocrx_word' id='word_1_67' title='bbox 353 629 406 670; x_wconf 92' lang='lat' dir='ltr'>ad</span> <span class='ocrx_word' id='word_1_68' title='bbox 431 634 472 669; x_wconf 88' lang='lat' dir='ltr'>te</span> <span class='ocrx_word' id='word_1_69' title='bbox 498 629 671 670; x_wconf 87' lang='lat' dir='ltr'>Domine</span> <span class='ocrx_word' id='word_1_70' title='bbox 698 629 890 670; x_wconf 90' lang='lat' dir='ltr'>clamavi:</span> <span class='ocrx_word' id='word_1_71' title='bbox 971 635 1012 671; x_wconf 88' lang='lat' dir='ltr'>et</span> <span class='ocrx_word' id='word_1_72' title='bbox 1038 643 1156 671; x_wconf 89' lang='lat' dir='ltr'>mane</span> <span class='ocrx_word' id='word_1_73' title='bbox 1183 631 1312 671; x_wconf 86' lang='lat' dir='ltr'>oratio</span> <span class='ocrx_word' id='word_1_74' title='bbox 1340 645 1430 672; x_wconf 89' lang='lat' dir='ltr'>mea</span> <span class='ocrx_word' id='word_1_75' title='bbox 1456 633 1674 685; x_wconf 81' lang='lat' dir='ltr'>praeveiiiet</span> <span class='ocrx_word' id='word_1_76' title='bbox 1703 639 1754 675; x_wconf 87' lang='lat' dir='ltr'>te.</span> 
     </span>
    </p>
   </div>
   <div class='ocr_carea' id='block_1_4' title="bbox 123 732 2222 1023">
    <p class='ocr_par' dir='ltr' id='par_1_4' title="bbox 123 732 2222 791">
     <span class='ocr_line' id='line_1_10' title="bbox 123 732 2222 791; baseline 0.003 -18"><span class='ocrx_word' id='word_1_77' title='bbox 123 734 153 757; x_wconf 79' lang='lat'>¹5</span> <span class='ocrx_word' id='word_1_78' title='bbox 175 733 232 773; x_wconf 88' lang='lat' dir='ltr'>Ut</span> <span class='ocrx_word' id='word_1_79' title='bbox 260 732 358 786; x_wconf 90' lang='lat' dir='ltr'>quid</span> <span class='ocrx_word' id='word_1_80' title='bbox 383 733 558 774; x_wconf 91' lang='lat' dir='ltr'>Domine</span> <span class='ocrx_word' id='word_1_81' title='bbox 584 733 740 787; x_wconf 83' lang='lat' dir='ltr'>repellis</span> <span class='ocrx_word' id='word_1_82' title='bbox 769 734 994 775; x_wconf 90' lang='lat' dir='ltr'>orationem</span> <span class='ocrx_word' id='word_1_83' title='bbox 1022 748 1174 775; x_wconf 87' lang='lat' dir='ltr'>meam:</span> <span class='ocrx_word' id='word_1_84' title='bbox 1256 736 1406 775; x_wconf 88' lang='lat' dir='ltr'>avertis</span> <span class='ocrx_word' id='word_1_85' title='bbox 1434 736 1577 776; x_wconf 81' lang='lat' dir='ltr'>faciem</span> <span class='ocrx_word' id='word_1_86' title='bbox 1606 742 1720 777; x_wconf 85' lang='lat' dir='ltr'>tuam</span> <span class='ocrx_word' id='word_1_87' title='bbox 1748 751 1771 777; x_wconf 83' lang='lat' dir='ltr'>a</span> <span class='ocrx_word' id='word_1_88' title='bbox 1798 738 1884 778; x_wconf 77' lang='lat' dir='ltr'>me?</span> <span class='ocrx_word' id='word_1_89' title='bbox 2028 744 2222 791; x_wconf 50' lang='lat' dir='ltr'>[mss-srmo-</span> 
     </span>
    </p>

    <p class='ocr_par' dir='ltr' id='par_1_5' title="bbox 123 780 2201 893">
     <span class='ocr_line' id='line_1_11' title="bbox 123 780 2201 845; baseline 0.003 -14"><span class='ocrx_word' id='word_1_90' title='bbox 123 792 157 815; x_wconf 78' lang='lat'>¹⁶</span> <span class='ocrx_word' id='word_1_91' title='bbox 175 791 336 845; x_wconf 81' lang='lat' dir='ltr'>Pauper</span> <span class='ocrx_word' id='word_1_92' title='bbox 356 804 445 832; x_wconf 92' lang='lat' dir='ltr'>sum</span> <span class='ocrx_word' id='word_1_93' title='bbox 467 805 550 845; x_wconf 71' lang='lat' dir='ltr'>ego,</span> <span class='ocrx_word' id='word_1_94' title='bbox 567 797 607 833; x_wconf 88' lang='lat' dir='ltr'>et</span> <span class='ocrx_word' id='word_1_95' title='bbox 628 793 668 833; x_wconf 91' lang='lat' dir='ltr'>in</span> <span class='ocrx_word' id='word_1_96' title='bbox 688 793 894 834; x_wconf 85' lang='lat' dir='ltr'>laboribus</span> <span class='ocrx_word' id='word_1_97' title='bbox 916 806 940 833; x_wconf 92' lang='lat' dir='ltr'>a</span> <span class='ocrx_word' id='word_1_98' title='bbox 960 794 1174 834; x_wconf 84' lang='lat' dir='ltr'>iuventute</span> <span class='ocrx_word' id='word_1_99' title='bbox 1195 807 1303 834; x_wconf 84' lang='lat' dir='ltr'>mea:</span> <span class='ocrx_word' id='word_1_100' title='bbox 1379 794 1584 835; x_wconf 85' lang='lat' dir='ltr'>exaltatus</span> <span class='ocrx_word' id='word_1_101' title='bbox 1607 802 1756 844; x_wconf 80' lang='lat' dir='ltr'>autem,</span> <span class='ocrx_word' id='word_1_102' title='bbox 1780 796 2016 837; x_wconf 88' lang='lat' dir='ltr'>humiliatus</span> <span class='ocrx_word' id='word_1_103' title='bbox 2040 780 2201 839; x_wconf 38' lang='lat' dir='ltr'>*iiiiiifn‘</span> 
     </span>
     <span class='ocr_line' id='line_1_12' title="bbox 384 852 855 893; baseline 0.002 -2"><span class='ocrx_word' id='word_1_104' title='bbox 384 863 473 891; x_wconf 91' lang='lat' dir='ltr'>sum</span> <span class='ocrx_word' id='word_1_105' title='bbox 504 856 543 892; x_wconf 91' lang='lat' dir='ltr'>et</span> <span class='ocrx_word' id='word_1_106' title='bbox 573 852 855 893; x_wconf 79' lang='lat' dir='ltr'>conturbatus,</span> 
     </span>
    </p>

    <p class='ocr_par' dir='ltr' id='par_1_6' title="bbox 123 908 1725 954">
     <span class='ocr_line' id='line_1_13' title="bbox 123 908 1725 954; baseline 0.004 -6"><span class='ocrx_word' id='word_1_107' title='bbox 123 910 155 932; x_wconf 79' lang='lat'>¹⁷</span> <span class='ocrx_word' id='word_1_108' title='bbox 177 908 223 948; x_wconf 94' lang='lat' dir='ltr'>In</span> <span class='ocrx_word' id='word_1_109' title='bbox 253 921 317 949; x_wconf 92' lang='lat' dir='ltr'>me</span> <span class='ocrx_word' id='word_1_110' title='bbox 347 909 597 950; x_wconf 87' lang='lat' dir='ltr'>transierunt</span> <span class='ocrx_word' id='word_1_111' title='bbox 627 910 694 951; x_wconf 78' lang='lat' dir='ltr'>irae</span> <span class='ocrx_word' id='word_1_112' title='bbox 724 916 823 951; x_wconf 81' lang='lat' dir='ltr'>tuae:</span> <span class='ocrx_word' id='word_1_113' title='bbox 907 916 948 951; x_wconf 91' lang='lat' dir='ltr'>et</span> <span class='ocrx_word' id='word_1_114' title='bbox 978 916 1148 951; x_wconf 84' lang='lat' dir='ltr'>terrores</span> <span class='ocrx_word' id='word_1_115' title='bbox 1179 911 1240 951; x_wconf 87' lang='lat' dir='ltr'>tui</span> <span class='ocrx_word' id='word_1_116' title='bbox 1270 912 1620 953; x_wconf 86' lang='lat' dir='ltr'>conturbaverunt</span> <span class='ocrx_word' id='word_1_117' title='bbox 1651 926 1725 954; x_wconf 90' lang='lat' dir='ltr'>me.</span> 
     </span>
    </p>

    <p class='ocr_par' dir='ltr' id='par_1_7' title="bbox 126 967 1836 1023">
     <span class='ocr_line' id='line_1_14' title="bbox 126 967 1836 1023; baseline 0.003 -16"><span class='ocrx_word' id='word_1_118' title='bbox 126 968 159 991; x_wconf 70' lang='lat'>¹⁸</span> <span class='ocrx_word' id='word_1_119' title='bbox 178 967 542 1009; x_wconf 72' lang='lat' dir='ltr'>Circumdederunt</span> <span class='ocrx_word' id='word_1_120' title='bbox 573 982 637 1009; x_wconf 90' lang='lat' dir='ltr'>me</span> <span class='ocrx_word' id='word_1_121' title='bbox 667 969 773 1010; x_wconf 90' lang='lat' dir='ltr'>sicut</span> <span class='ocrx_word' id='word_1_122' title='bbox 803 982 911 1023; x_wconf 88' lang='lat' dir='ltr'>aqua</span> <span class='ocrx_word' id='word_1_123' title='bbox 941 974 1031 1010; x_wconf 87' lang='lat' dir='ltr'>tota</span> <span class='ocrx_word' id='word_1_124' title='bbox 1061 970 1142 1010; x_wconf 88' lang='lat' dir='ltr'>die:</span> <span class='ocrx_word' id='word_1_125' title='bbox 1228 970 1582 1012; x_wconf 90' lang='lat' dir='ltr'>circumdederunt</span> <span class='ocrx_word' id='word_1_126' title='bbox 1611 985 1676 1012; x_wconf 90' lang='lat' dir='ltr'>me</span> <span class='ocrx_word' id='word_1_127' title='bbox 1706 972 1836 1013; x_wconf 87' lang='lat' dir='ltr'>simul.</span> 
     </span>
    </p>
   </div>
   <div class='ocr_carea' id='block_1_5' title="bbox 124 1025 1755 1081">
    <p class='ocr_par' dir='ltr' id='par_1_8' title="bbox 124 1025 1755 1081">
     <span class='ocr_line' id='line_1_15' title="bbox 124 1025 1755 1081; baseline 0.003 -15"><span class='ocrx_word' id='word_1_128' title='bbox 124 1028 157 1050; x_wconf 79' lang='lat'>¹⁹</span> <span class='ocrx_word' id='word_1_129' title='bbox 175 1025 388 1079; x_wconf 86' lang='lat' dir='ltr'>Elongasti</span> <span class='ocrx_word' id='word_1_130' title='bbox 417 1040 440 1068; x_wconf 89' lang='lat' dir='ltr'>a</span> <span class='ocrx_word' id='word_1_131' title='bbox 467 1040 530 1068; x_wconf 90' lang='lat' dir='ltr'>me</span> <span class='ocrx_word' id='word_1_132' title='bbox 560 1028 747 1075; x_wconf 76' lang='lat' dir='ltr'>amicum,</span> <span class='ocrx_word' id='word_1_133' title='bbox 779 1033 818 1068; x_wconf 86' lang='lat' dir='ltr'>et</span> <span class='ocrx_word' id='word_1_134' title='bbox 847 1028 1098 1081; x_wconf 87' lang='lat' dir='ltr'>proximum:</span> <span class='ocrx_word' id='word_1_135' title='bbox 1181 1035 1220 1069; x_wconf 89' lang='lat' dir='ltr'>et</span> <span class='ocrx_word' id='word_1_136' title='bbox 1250 1034 1367 1070; x_wconf 88' lang='lat' dir='ltr'>notos</span> <span class='ocrx_word' id='word_1_137' title='bbox 1396 1043 1506 1070; x_wconf 91' lang='lat' dir='ltr'>meos</span> <span class='ocrx_word' id='word_1_138' title='bbox 1535 1043 1558 1070; x_wconf 91' lang='lat' dir='ltr'>a</span> <span class='ocrx_word' id='word_1_139' title='bbox 1586 1030 1755 1072; x_wconf 82' lang='lat' dir='ltr'>miseria.</span> 
     </span>
    </p>
   </div>
   <div class='ocr_carea' id='block_1_6' title="bbox 229 1141 1706 1256">
    <p class='ocr_par' dir='ltr' id='par_1_9' title="bbox 229 1141 1706 1256">
     <span class='ocr_line' id='line_1_16' title="bbox 443 1141 1706 1196; baseline 0.003 -15"><span class='ocrx_word' id='word_1_140' title='bbox 443 1141 610 1192; x_wconf 87' lang='lat'>88(89).</span> <span class='ocrx_word' id='word_1_141' title='bbox 640 1142 861 1183; x_wconf 85' lang='lat' dir='ltr'>Memoria</span> <span class='ocrx_word' id='word_1_142' title='bbox 888 1144 1248 1196; x_wconf 80' lang='lat' dir='ltr'>promissionum</span> <span class='ocrx_word' id='word_1_143' title='bbox 1279 1144 1439 1185; x_wconf 83' lang='lat' dir='ltr'>Davidi</span> <span class='ocrx_word' id='word_1_144' title='bbox 1470 1144 1706 1185; x_wconf 82' lang='lat' dir='ltr'>factarum.</span> 
     </span>
     <span class='ocr_line' id='line_1_17' title="bbox 229 1211 1263 1256; baseline 0.003 -4"><span class='ocrx_word' id='word_1_145' title='bbox 229 1214 241 1236; x_wconf 88' lang='lat'>¹</span> <span class='ocrx_word' id='word_1_146' title='bbox 274 1211 509 1253; x_wconf 76' lang='lat' dir='ltr'>Intellectus</span> <span class='ocrx_word' id='word_1_147' title='bbox 539 1212 678 1253; x_wconf 88' lang='lat' dir='ltr'>Ethan</span> <span class='ocrx_word' id='word_1_148' title='bbox 708 1213 922 1254; x_wconf 79' lang='lat' dir='ltr'>Ezrahitae.</span> <span class='ocrx_word' id='word_1_149' title='bbox 982 1214 1263 1256; x_wconf 82' lang='lat' dir='ltr'>LXXXVIII.</span> 
     </span>
    </p>
   </div>
   <div class='ocr_carea' id='block_1_7' title="bbox 143 1316 2229 1666">
    <p class='ocr_par' dir='ltr' id='par_1_10' title="bbox 143 1316 2229 1666">
     <span class='ocr_line' id='line_1_18' title="bbox 144 1316 2229 1383; baseline 0.002 -26"><span class='ocrx_word' id='word_1_150' title='bbox 144 1319 158 1341; x_wconf 76' lang='lat'>2</span> <span class='ocrx_word' id='word_1_151' title='bbox 176 1316 468 1358; x_wconf 82' lang='lat' dir='ltr'>Misericordias</span> <span class='ocrx_word' id='word_1_152' title='bbox 490 1317 655 1358; x_wconf 88' lang='lat' dir='ltr'>Domini</span> <span class='ocrx_word' id='word_1_153' title='bbox 677 1317 717 1358; x_wconf 94' lang='lat' dir='ltr'>in</span> <span class='ocrx_word' id='word_1_154' title='bbox 744 1324 941 1359; x_wconf 65' lang='lat' dir='ltr'>aeternum</span> <span class='ocrx_word' id='word_1_155' title='bbox 971 1319 1159 1360; x_wconf 81' lang='lat' dir='ltr'>cantabo.</span> <span class='ocrx_word' id='word_1_156' title='bbox 1246 1319 1292 1359; x_wconf 91' lang='lat' dir='ltr'>In</span> <span class='ocrx_word' id='word_1_157' title='bbox 1320 1319 1623 1372; x_wconf 81' lang='lat' dir='ltr'>generationem</span> <span class='ocrx_word' id='word_1_158' title='bbox 1652 1324 1692 1360; x_wconf 84' lang='lat' dir='ltr'>et</span> <span class='ocrx_word' id='word_1_159' title='bbox 1720 1320 2022 1373; x_wconf 79' lang='lat' dir='ltr'>generationem</span> <span class='ocrx_word' id='word_1_160' title='bbox 2037 1324 2229 1383; x_wconf 43' lang='lat' dir='ltr'>Offigffiijssgw</span> 
     </span>
     <span class='ocr_line' id='line_1_19' title="bbox 386 1375 2227 1425; baseline 0.002 -9"><span class='ocrx_word' id='word_1_161' title='bbox 386 1376 643 1416; x_wconf 87' lang='lat' dir='ltr'>annunciabo</span> <span class='ocrx_word' id='word_1_162' title='bbox 674 1376 891 1417; x_wconf 85' lang='lat' dir='ltr'>veritatem</span> <span class='ocrx_word' id='word_1_163' title='bbox 921 1382 1036 1417; x_wconf 90' lang='lat' dir='ltr'>tuam</span> <span class='ocrx_word' id='word_1_164' title='bbox 1067 1377 1105 1417; x_wconf 92' lang='lat' dir='ltr'>in</span> <span class='ocrx_word' id='word_1_165' title='bbox 1137 1390 1202 1418; x_wconf 90' lang='lat' dir='ltr'>ore</span> <span class='ocrx_word' id='word_1_166' title='bbox 1232 1390 1334 1419; x_wconf 82' lang='lat' dir='ltr'>ineo.</span> <span class='ocrx_word' id='word_1_167' title='bbox 2041 1375 2227 1425; x_wconf 54' lang='lat' dir='ltr'>peigtriugit‘s</span> 
     </span>
     <span class='ocr_line' id='line_1_20' title="bbox 143 1434 2025 1490; baseline 0.002 -16"><span class='ocrx_word' id='word_1_168' title='bbox 143 1437 159 1459; x_wconf 74' lang='grc'><strong>3</strong></span> <span class='ocrx_word' id='word_1_169' title='bbox 177 1435 379 1483; x_wconf 87' lang='lat' dir='ltr'>Quoniam</span> <span class='ocrx_word' id='word_1_170' title='bbox 400 1434 557 1475; x_wconf 81' lang='lat' dir='ltr'>dixisti:</span> <span class='ocrx_word' id='word_1_171' title='bbox 582 1434 629 1474; x_wconf 91' lang='lat' dir='ltr'>In</span> <span class='ocrx_word' id='word_1_172' title='bbox 651 1440 848 1475; x_wconf 80' lang='lat' dir='ltr'>aeternum</span> <span class='ocrx_word' id='word_1_173' title='bbox 874 1435 1148 1477; x_wconf 86' lang='lat' dir='ltr'>misericordia</span> <span class='ocrx_word' id='word_1_174' title='bbox 1173 1436 1442 1477; x_wconf 63' lang='lat' dir='ltr'>{edificabitur</span> <span class='ocrx_word' id='word_1_175' title='bbox 1467 1436 1508 1477; x_wconf 93' lang='lat' dir='ltr'>in</span> <span class='ocrx_word' id='word_1_176' title='bbox 1534 1436 1657 1477; x_wconf 84' lang='lat' dir='ltr'>caelis:</span> <span class='ocrx_word' id='word_1_177' title='bbox 1727 1437 2025 1490; x_wconf 60' lang='lat' dir='ltr'>praeparabitur</span> 
     </span>
     <span class='ocr_line' id='line_1_21' title="bbox 386 1493 804 1534; baseline 0.005 -2"><span class='ocrx_word' id='word_1_178' title='bbox 386 1493 536 1533; x_wconf 88' lang='lat' dir='ltr'>veritas</span> <span class='ocrx_word' id='word_1_179' title='bbox 567 1498 639 1533; x_wconf 86' lang='lat' dir='ltr'>tua</span> <span class='ocrx_word' id='word_1_180' title='bbox 668 1493 708 1533; x_wconf 92' lang='lat' dir='ltr'>in</span> <span class='ocrx_word' id='word_1_181' title='bbox 738 1493 804 1534; x_wconf 92' lang='lat' dir='ltr'>eis.</span> 
     </span>
     <span class='ocr_line' id='line_1_22' title="bbox 143 1552 1673 1605; baseline 0.001 -13"><span class='ocrx_word' id='word_1_182' title='bbox 143 1554 158 1576; x_wconf 77' lang='lat'>⁴</span> <span class='ocrx_word' id='word_1_183' title='bbox 176 1552 368 1605; x_wconf 89' lang='lat' dir='ltr'>Disposui</span> <span class='ocrx_word' id='word_1_184' title='bbox 395 1557 691 1593; x_wconf 87' lang='lat' dir='ltr'>testamentum</span> <span class='ocrx_word' id='word_1_185' title='bbox 719 1552 855 1593; x_wconf 86' lang='lat' dir='ltr'>electis</span> <span class='ocrx_word' id='word_1_186' title='bbox 884 1553 993 1597; x_wconf 76' lang='lat' dir='ltr'>meis,</span> <span class='ocrx_word' id='word_1_187' title='bbox 1081 1554 1230 1594; x_wconf 78' lang='lat' dir='ltr'>aiuravi</span> <span class='ocrx_word' id='word_1_188' title='bbox 1259 1554 1395 1594; x_wconf 89' lang='lat' dir='ltr'>David</span> <span class='ocrx_word' id='word_1_189' title='bbox 1423 1567 1537 1595; x_wconf 88' lang='lat' dir='ltr'>servo</span> <span class='ocrx_word' id='word_1_190' title='bbox 1566 1567 1673 1596; x_wconf 89' lang='lat' dir='ltr'>meo:</span> 
     </span>
     <span class='ocr_line' id='line_1_23' title="bbox 143 1611 2021 1666; baseline 0.002 -15"><span class='ocrx_word' id='word_1_191' title='bbox 143 1612 302 1665; x_wconf 84' lang='lat' dir='ltr'>5usque</span> <span class='ocrx_word' id='word_1_192' title='bbox 338 1611 378 1651; x_wconf 90' lang='lat' dir='ltr'>in</span> <span class='ocrx_word' id='word_1_193' title='bbox 412 1616 609 1651; x_wconf 73' lang='lat' dir='ltr'>aeternum</span> <span class='ocrx_word' id='word_1_194' title='bbox 636 1612 873 1664; x_wconf 81' lang='lat' dir='ltr'>praeparabo</span> <span class='ocrx_word' id='word_1_195' title='bbox 908 1625 1044 1653; x_wconf 89' lang='lat' dir='ltr'>semen</span> <span class='ocrx_word' id='word_1_196' title='bbox 1080 1618 1210 1654; x_wconf 88' lang='lat' dir='ltr'>tuum.</span> <span class='ocrx_word' id='word_1_197' title='bbox 1300 1613 1355 1653; x_wconf 87' lang='lat' dir='ltr'>Et</span> <span class='ocrx_word' id='word_1_198' title='bbox 1389 1613 1597 1654; x_wconf 72' lang='lat' dir='ltr'>aedificabo</span> <span class='ocrx_word' id='word_1_199' title='bbox 1632 1613 1673 1654; x_wconf 94' lang='lat' dir='ltr'>in</span> <span class='ocrx_word' id='word_1_200' title='bbox 1706 1613 2021 1666; x_wconf 82' lang='lat' dir='ltr'>generationem,</span> 
     </span>
    </p>
   </div>
   <div class='ocr_carea' id='block_1_8' title="bbox 387 1669 1082 1723">
    <p class='ocr_par' dir='ltr' id='par_1_11' title="bbox 387 1669 1082 1723">
     <span class='ocr_line' id='line_1_24' title="bbox 387 1669 1082 1723; baseline 0.004 -14"><span class='ocrx_word' id='word_1_201' title='bbox 387 1675 428 1710; x_wconf 89' lang='lat' dir='ltr'>et</span> <span class='ocrx_word' id='word_1_202' title='bbox 455 1669 758 1723; x_wconf 85' lang='lat' dir='ltr'>generationem</span> <span class='ocrx_word' id='word_1_203' title='bbox 789 1671 924 1711; x_wconf 90' lang='lat' dir='ltr'>sedem</span> <span class='ocrx_word' id='word_1_204' title='bbox 954 1676 1082 1712; x_wconf 90' lang='lat' dir='ltr'>tuam.</span> 
     </span>
    </p>
   </div>
   <div class='ocr_carea' id='block_1_9' title="bbox 125 1774 2229 2947">
    <p class='ocr_par' dir='ltr' id='par_1_12' title="bbox 144 1774 2229 1875">
     <span class='ocr_line' id='line_1_25' title="bbox 144 1774 2229 1839; baseline 0.001 -23"><span class='ocrx_word' id='word_1_205' title='bbox 144 1777 159 1799; x_wconf 77' lang='lat'><strong>⁶</strong></span> <span class='ocrx_word' id='word_1_206' title='bbox 176 1774 490 1816; x_wconf 86' lang='lat' dir='ltr'>Confitebuntur</span> <span class='ocrx_word' id='word_1_207' title='bbox 517 1774 601 1815; x_wconf 83' lang='lat' dir='ltr'>caeli</span> <span class='ocrx_word' id='word_1_208' title='bbox 630 1775 830 1816; x_wconf 86' lang='lat' dir='ltr'>mirabilia</span> <span class='ocrx_word' id='word_1_209' title='bbox 854 1781 927 1816; x_wconf 87' lang='lat' dir='ltr'>tua</span> <span class='ocrx_word' id='word_1_210' title='bbox 953 1777 1145 1817; x_wconf 87' lang='lat' dir='ltr'>Domine:</span> <span class='ocrx_word' id='word_1_211' title='bbox 1229 1777 1378 1817; x_wconf 83' lang='lat' dir='ltr'>etenim</span> <span class='ocrx_word' id='word_1_212' title='bbox 1408 1777 1623 1817; x_wconf 89' lang='lat' dir='ltr'>veritatem</span> <span class='ocrx_word' id='word_1_213' title='bbox 1653 1781 1767 1818; x_wconf 88' lang='lat' dir='ltr'>tuam</span> <span class='ocrx_word' id='word_1_214' title='bbox 1796 1777 1837 1818; x_wconf 96' lang='lat' dir='ltr'>in</span> <span class='ocrx_word' id='word_1_215' title='bbox 1858 1777 2022 1818; x_wconf 88' lang='lat' dir='ltr'>ecclesia</span> <span class='ocrx_word' id='word_1_216' title='bbox 2047 1779 2229 1839; x_wconf 42' lang='lat' dir='ltr'>Dnffllssnafflsssi-</span> 
     </span>
     <span class='ocr_line' id='line_1_26' title="bbox 385 1822 2211 1875; baseline -0.001 -1"><span class='ocrx_word' id='word_1_217' title='bbox 385 1838 632 1875; x_wconf 87' lang='lat' dir='ltr'>sanctorum.</span> <span class='ocrx_word' id='word_1_218' title='bbox 2037 1822 2211 1875; x_wconf 66' lang='lat' dir='ltr'>gsericordem</span> 
     </span>
    </p>

    <p class='ocr_par' dir='ltr' id='par_1_13' title="bbox 143 1885 2180 1947">
     <span class='ocr_line' id='line_1_27' title="bbox 143 1885 2180 1947; baseline 0 -13"><span class='ocrx_word' id='word_1_219' title='bbox 143 1894 158 1917; x_wconf 89' lang='lat'><em>⁷</em></span> <span class='ocrx_word' id='word_1_220' title='bbox 177 1893 379 1942; x_wconf 84' lang='lat' dir='ltr'>Quoniam</span> <span class='ocrx_word' id='word_1_221' title='bbox 403 1892 491 1946; x_wconf 90' lang='lat' dir='ltr'>quis</span> <span class='ocrx_word' id='word_1_222' title='bbox 522 1892 563 1933; x_wconf 91' lang='lat' dir='ltr'>in</span> <span class='ocrx_word' id='word_1_223' title='bbox 594 1893 770 1933; x_wconf 83' lang='lat' dir='ltr'>nubibus</span> <span class='ocrx_word' id='word_1_224' title='bbox 798 1894 1028 1947; x_wconf 60' lang='lat' dir='ltr'>{equabitur</span> <span class='ocrx_word' id='word_1_225' title='bbox 1058 1894 1252 1935; x_wconf 90' lang='lat' dir='ltr'>Domino:</span> <span class='ocrx_word' id='word_1_226' title='bbox 1338 1893 1476 1934; x_wconf 90' lang='lat' dir='ltr'>similis</span> <span class='ocrx_word' id='word_1_227' title='bbox 1508 1894 1583 1934; x_wconf 90' lang='lat' dir='ltr'>erit</span> <span class='ocrx_word' id='word_1_228' title='bbox 1613 1894 1698 1935; x_wconf 89' lang='lat' dir='ltr'>Deo</span> <span class='ocrx_word' id='word_1_229' title='bbox 1731 1894 1771 1934; x_wconf 91' lang='lat' dir='ltr'>in</span> <span class='ocrx_word' id='word_1_230' title='bbox 1802 1894 1890 1935; x_wconf 91' lang='lat' dir='ltr'>filiis</span> <span class='ocrx_word' id='word_1_231' title='bbox 1920 1894 2020 1935; x_wconf 75' lang='lat' dir='ltr'>Dei?</span> <span class='ocrx_word' id='word_1_232' title='bbox 2072 1885 2180 1915; x_wconf 56' lang='lat' dir='ltr'>¹³¹¹“lat’</span> 
     </span>
    </p>

    <p class='ocr_par' dir='ltr' id='par_1_14' title="bbox 145 1950 2022 2063">
     <span class='ocr_line' id='line_1_28' title="bbox 145 1950 2022 2006; baseline 0.001 -15"><span class='ocrx_word' id='word_1_233' title='bbox 145 1953 160 1976; x_wconf 75' lang='grc'>8</span> <span class='ocrx_word' id='word_1_234' title='bbox 177 1952 299 1998; x_wconf 79' lang='lat' dir='ltr'>Deus,</span> <span class='ocrx_word' id='word_1_235' title='bbox 321 1951 389 2005; x_wconf 92' lang='lat' dir='ltr'>qui</span> <span class='ocrx_word' id='word_1_236' title='bbox 413 1950 662 2005; x_wconf 86' lang='lat' dir='ltr'>glorificatur</span> <span class='ocrx_word' id='word_1_237' title='bbox 686 1952 726 1992; x_wconf 93' lang='lat' dir='ltr'>in</span> <span class='ocrx_word' id='word_1_238' title='bbox 752 1952 916 1993; x_wconf 88' lang='lat' dir='ltr'>consilio</span> <span class='ocrx_word' id='word_1_239' title='bbox 942 1958 1195 1994; x_wconf 85' lang='lat' dir='ltr'>sanctorum:</span> <span class='ocrx_word' id='word_1_240' title='bbox 1263 1966 1434 2006; x_wconf 83' lang='lat' dir='ltr'>magnus</span> <span class='ocrx_word' id='word_1_241' title='bbox 1461 1958 1501 1994; x_wconf 91' lang='lat' dir='ltr'>et</span> <span class='ocrx_word' id='word_1_242' title='bbox 1527 1952 1714 1994; x_wconf 90' lang='lat' dir='ltr'>terribilis</span> <span class='ocrx_word' id='word_1_243' title='bbox 1740 1966 1859 2006; x_wconf 91' lang='lat' dir='ltr'>super</span> <span class='ocrx_word' id='word_1_244' title='bbox 1884 1966 2022 1994; x_wconf 91' lang='lat' dir='ltr'>omnes</span> 
     </span>
     <span class='ocr_line' id='line_1_29' title="bbox 387 2009 975 2063; baseline 0.002 -13"><span class='ocrx_word' id='word_1_245' title='bbox 387 2010 456 2063; x_wconf 89' lang='lat' dir='ltr'>qui</span> <span class='ocrx_word' id='word_1_246' title='bbox 485 2009 526 2050; x_wconf 90' lang='lat' dir='ltr'>in</span> <span class='ocrx_word' id='word_1_247' title='bbox 555 2010 724 2051; x_wconf 87' lang='lat' dir='ltr'>circuitu</span> <span class='ocrx_word' id='word_1_248' title='bbox 756 2011 838 2052; x_wconf 91' lang='lat' dir='ltr'>eius</span> <span class='ocrx_word' id='word_1_249' title='bbox 868 2016 975 2052; x_wconf 87' lang='lat' dir='ltr'>sunt.</span> 
     </span>
    </p>

    <p class='ocr_par' dir='ltr' id='par_1_15' title="bbox 144 2068 2022 2169">
     <span class='ocr_line' id='line_1_30' title="bbox 144 2068 2022 2123; baseline 0.001 -13"><span class='ocrx_word' id='word_1_250' title='bbox 144 2071 160 2094; x_wconf 77' lang='lat'>⁹</span> <span class='ocrx_word' id='word_1_251' title='bbox 176 2068 350 2111; x_wconf 90' lang='lat' dir='ltr'>Domine</span> <span class='ocrx_word' id='word_1_252' title='bbox 376 2069 486 2109; x_wconf 89' lang='lat' dir='ltr'>Deus</span> <span class='ocrx_word' id='word_1_253' title='bbox 513 2069 716 2110; x_wconf 84' lang='lat' dir='ltr'>virtutum</span> <span class='ocrx_word' id='word_1_254' title='bbox 744 2070 831 2123; x_wconf 87' lang='lat' dir='ltr'>quis</span> <span class='ocrx_word' id='word_1_255' title='bbox 858 2069 996 2110; x_wconf 89' lang='lat' dir='ltr'>similis</span> <span class='ocrx_word' id='word_1_256' title='bbox 1024 2070 1122 2111; x_wconf 76' lang='lat' dir='ltr'>tibi?</span> <span class='ocrx_word' id='word_1_257' title='bbox 1144 2076 1288 2123; x_wconf 88' lang='lat' dir='ltr'>potens</span> <span class='ocrx_word' id='word_1_258' title='bbox 1308 2084 1347 2111; x_wconf 89' lang='lat' dir='ltr'>es</span> <span class='ocrx_word' id='word_1_259' title='bbox 1374 2070 1559 2118; x_wconf 79' lang='lat' dir='ltr'>Domine,</span> <span class='ocrx_word' id='word_1_260' title='bbox 1641 2075 1682 2111; x_wconf 88' lang='lat' dir='ltr'>et</span> <span class='ocrx_word' id='word_1_261' title='bbox 1709 2070 1857 2111; x_wconf 85' lang='lat' dir='ltr'>veritas</span> <span class='ocrx_word' id='word_1_262' title='bbox 1884 2076 1957 2111; x_wconf 86' lang='lat' dir='ltr'>tua</span> <span class='ocrx_word' id='word_1_263' title='bbox 1982 2070 2022 2111; x_wconf 91' lang='lat' dir='ltr'>in</span> 
     </span>
     <span class='ocr_line' id='line_1_31' title="bbox 387 2127 671 2169; baseline 0.004 -1"><span class='ocrx_word' id='word_1_264' title='bbox 387 2127 557 2168; x_wconf 83' lang='lat' dir='ltr'>circuitu</span> <span class='ocrx_word' id='word_1_265' title='bbox 588 2133 671 2169; x_wconf 87' lang='lat' dir='ltr'>tuo.</span> 
     </span>
    </p>

    <p class='ocr_par' dir='ltr' id='par_1_16' title="bbox 127 2186 1910 2241">
     <span class='ocr_line' id='line_1_32' title="bbox 127 2186 1910 2241; baseline 0.001 -13"><span class='ocrx_word' id='word_1_266' title='bbox 127 2190 161 2211; x_wconf 84' lang='lat'>¹⁰</span> <span class='ocrx_word' id='word_1_267' title='bbox 178 2187 237 2228; x_wconf 89' lang='lat' dir='ltr'>Tu</span> <span class='ocrx_word' id='word_1_268' title='bbox 266 2186 486 2228; x_wconf 90' lang='lat' dir='ltr'>dominaris</span> <span class='ocrx_word' id='word_1_269' title='bbox 515 2186 713 2240; x_wconf 83' lang='lat' dir='ltr'>potestati</span> <span class='ocrx_word' id='word_1_270' title='bbox 741 2187 881 2228; x_wconf 90' lang='lat' dir='ltr'>maris:</span> <span class='ocrx_word' id='word_1_271' title='bbox 964 2192 1123 2228; x_wconf 89' lang='lat' dir='ltr'>motum</span> <span class='ocrx_word' id='word_1_272' title='bbox 1152 2194 1291 2229; x_wconf 87' lang='lat' dir='ltr'>autem</span> <span class='ocrx_word' id='word_1_273' title='bbox 1322 2187 1521 2228; x_wconf 85' lang='lat' dir='ltr'>fluctuum</span> <span class='ocrx_word' id='word_1_274' title='bbox 1551 2188 1633 2229; x_wconf 88' lang='lat' dir='ltr'>eius</span> <span class='ocrx_word' id='word_1_275' title='bbox 1663 2192 1707 2228; x_wconf 91' lang='lat' dir='ltr'>tu</span> <span class='ocrx_word' id='word_1_276' title='bbox 1736 2188 1910 2241; x_wconf 81' lang='lat' dir='ltr'>mitigas.</span> 
     </span>
    </p>

    <p class='ocr_par' dir='ltr' id='par_1_17' title="bbox 127 2245 2022 2346">
     <span class='ocr_line' id='line_1_33' title="bbox 127 2245 2022 2300; baseline 0.001 -14"><span class='ocrx_word' id='word_1_277' title='bbox 127 2248 156 2270; x_wconf 89' lang='lat'>¹¹</span> <span class='ocrx_word' id='word_1_278' title='bbox 178 2246 238 2287; x_wconf 92' lang='lat' dir='ltr'>Tu</span> <span class='ocrx_word' id='word_1_279' title='bbox 261 2245 486 2286; x_wconf 87' lang='lat' dir='ltr'>humiliasti</span> <span class='ocrx_word' id='word_1_280' title='bbox 510 2245 615 2286; x_wconf 91' lang='lat' dir='ltr'>sicut</span> <span class='ocrx_word' id='word_1_281' title='bbox 639 2245 912 2290; x_wconf 75' lang='lat' dir='ltr'>vulneratum.</span> <span class='ocrx_word' id='word_1_282' title='bbox 939 2247 1178 2300; x_wconf 89' lang='lat' dir='ltr'>superbum:</span> <span class='ocrx_word' id='word_1_283' title='bbox 1252 2247 1292 2287; x_wconf 89' lang='lat' dir='ltr'>in</span> <span class='ocrx_word' id='word_1_284' title='bbox 1318 2246 1480 2287; x_wconf 91' lang='lat' dir='ltr'>brachio</span> <span class='ocrx_word' id='word_1_285' title='bbox 1506 2246 1670 2288; x_wconf 90' lang='lat' dir='ltr'>virtutis</span> <span class='ocrx_word' id='word_1_286' title='bbox 1696 2252 1776 2287; x_wconf 83' lang='lat' dir='ltr'>tuae</span> <span class='ocrx_word' id='word_1_287' title='bbox 1800 2246 2022 2300; x_wconf 85' lang='lat' dir='ltr'>dispersisti</span> 
     </span>
     <span class='ocr_line' id='line_1_34' title="bbox 386 2304 702 2346; baseline 0.006 -2"><span class='ocrx_word' id='word_1_288' title='bbox 386 2304 568 2345; x_wconf 89' lang='lat' dir='ltr'>inimicos</span> <span class='ocrx_word' id='word_1_289' title='bbox 599 2309 702 2346; x_wconf 87' lang='lat' dir='ltr'>tuos.</span> 
     </span>
    </p>

    <p class='ocr_par' dir='ltr' id='par_1_18' title="bbox 126 2362 2019 2417">
     <span class='ocr_line' id='line_1_35' title="bbox 126 2362 2019 2417; baseline -0.001 -13"><span class='ocrx_word' id='word_1_290' title='bbox 126 2366 156 2388; x_wconf 74' lang='lat'>¹²</span> <span class='ocrx_word' id='word_1_291' title='bbox 182 2363 277 2404; x_wconf 82' lang='lat' dir='ltr'>bTui</span> <span class='ocrx_word' id='word_1_292' title='bbox 298 2369 394 2404; x_wconf 87' lang='lat' dir='ltr'>sunt</span> <span class='ocrx_word' id='word_1_293' title='bbox 416 2362 511 2411; x_wconf 68' lang='lat' dir='ltr'>caeli,</span> <span class='ocrx_word' id='word_1_294' title='bbox 536 2368 577 2404; x_wconf 87' lang='lat' dir='ltr'>et</span> <span class='ocrx_word' id='word_1_295' title='bbox 598 2369 672 2404; x_wconf 86' lang='lat' dir='ltr'>tua</span> <span class='ocrx_word' id='word_1_296' title='bbox 693 2368 754 2404; x_wconf 87' lang='lat' dir='ltr'>est</span> <span class='ocrx_word' id='word_1_297' title='bbox 776 2369 894 2411; x_wconf 81' lang='lat' dir='ltr'>terra,</span> <span class='ocrx_word' id='word_1_298' title='bbox 968 2364 1107 2405; x_wconf 90' lang='lat' dir='ltr'>orbem</span> <span class='ocrx_word' id='word_1_299' title='bbox 1129 2369 1246 2405; x_wconf 83' lang='lat' dir='ltr'>terrae</span> <span class='ocrx_word' id='word_1_300' title='bbox 1267 2369 1308 2405; x_wconf 89' lang='lat' dir='ltr'>et</span> <span class='ocrx_word' id='word_1_301' title='bbox 1329 2363 1623 2417; x_wconf 87' lang='lat' dir='ltr'>plenitudinem</span> <span class='ocrx_word' id='word_1_302' title='bbox 1647 2363 1729 2404; x_wconf 91' lang='lat' dir='ltr'>eius</span> <span class='ocrx_word' id='word_1_303' title='bbox 1752 2369 1797 2404; x_wconf 90' lang='lat' dir='ltr'>tu</span> <span class='ocrx_word' id='word_1_304' title='bbox 1819 2363 2019 2404; x_wconf 84' lang='lat' dir='ltr'>fundasti:</span> 
     </span>
    </p>

    <p class='ocr_par' dir='ltr' id='par_1_19' title="bbox 125 2421 2018 2476">
     <span class='ocr_line' id='line_1_36' title="bbox 125 2421 2018 2476; baseline -0.001 -13"><span class='ocrx_word' id='word_1_305' title='bbox 125 2425 157 2447; x_wconf 81' lang='lat'>¹3</span> <span class='ocrx_word' id='word_1_306' title='bbox 178 2421 421 2476; x_wconf 84' lang='lat' dir='ltr'>aquilonem,</span> <span class='ocrx_word' id='word_1_307' title='bbox 448 2427 489 2462; x_wconf 92' lang='lat' dir='ltr'>et</span> <span class='ocrx_word' id='word_1_308' title='bbox 513 2434 623 2462; x_wconf 90' lang='lat' dir='ltr'>mare</span> <span class='ocrx_word' id='word_1_309' title='bbox 647 2427 693 2463; x_wconf 88' lang='lat' dir='ltr'>tu</span> <span class='ocrx_word' id='word_1_310' title='bbox 718 2423 874 2464; x_wconf 88' lang='lat' dir='ltr'>creasti.</span> <span class='ocrx_word' id='word_1_311' title='bbox 950 2423 1113 2464; x_wconf 89' lang='lat' dir='ltr'>Thabor</span> <span class='ocrx_word' id='word_1_312' title='bbox 1137 2428 1177 2463; x_wconf 90' lang='lat' dir='ltr'>et</span> <span class='ocrx_word' id='word_1_313' title='bbox 1202 2423 1383 2464; x_wconf 89' lang='lat' dir='ltr'>Hermon</span> <span class='ocrx_word' id='word_1_314' title='bbox 1409 2423 1447 2463; x_wconf 92' lang='lat' dir='ltr'>in</span> <span class='ocrx_word' id='word_1_315' title='bbox 1473 2423 1634 2464; x_wconf 90' lang='lat' dir='ltr'>nomine</span> <span class='ocrx_word' id='word_1_316' title='bbox 1658 2427 1729 2463; x_wconf 87' lang='lat' dir='ltr'>tuo</span> <span class='ocrx_word' id='word_1_317' title='bbox 1754 2422 2018 2463; x_wconf 87' lang='lat' dir='ltr'>exultabunt:</span> 
     </span>
    </p>

    <p class='ocr_par' dir='ltr' id='par_1_20' title="bbox 126 2480 2019 2534">
     <span class='ocr_line' id='line_1_37' title="bbox 126 2480 2019 2534; baseline -0.001 -12"><span class='ocrx_word' id='word_1_318' title='bbox 126 2484 157 2506; x_wconf 73' lang='lat'>¹4</span> <span class='ocrx_word' id='word_1_319' title='bbox 177 2486 296 2522; x_wconf 88' lang='lat' dir='ltr'>tuum</span> <span class='ocrx_word' id='word_1_320' title='bbox 320 2480 531 2521; x_wconf 90' lang='lat' dir='ltr'>brachium</span> <span class='ocrx_word' id='word_1_321' title='bbox 555 2494 647 2521; x_wconf 90' lang='lat' dir='ltr'>cum</span> <span class='ocrx_word' id='word_1_322' title='bbox 671 2482 868 2534; x_wconf 90' lang='lat' dir='ltr'>potentia.</span> <span class='ocrx_word' id='word_1_323' title='bbox 943 2482 976 2522; x_wconf 90' lang='lat' dir='ltr'><strong>F</strong></span> <span class='ocrx_word' id='word_1_324' title='bbox 978 2482 1147 2523; x_wconf 89' lang='lat' dir='ltr'>irmetur</span> <span class='ocrx_word' id='word_1_325' title='bbox 1170 2495 1315 2522; x_wconf 90' lang='lat' dir='ltr'>manus</span> <span class='ocrx_word' id='word_1_326' title='bbox 1338 2487 1422 2527; x_wconf 74' lang='lat' dir='ltr'>tua,</span> <span class='ocrx_word' id='word_1_327' title='bbox 1449 2487 1489 2522; x_wconf 88' lang='lat' dir='ltr'>et</span> <span class='ocrx_word' id='word_1_328' title='bbox 1513 2481 1716 2522; x_wconf 87' lang='lat' dir='ltr'>exaltetur</span> <span class='ocrx_word' id='word_1_329' title='bbox 1739 2481 1907 2521; x_wconf 88' lang='lat' dir='ltr'>dextera</span> <span class='ocrx_word' id='word_1_330' title='bbox 1929 2486 2019 2521; x_wconf 90' lang='lat' dir='ltr'>tua:</span> 
     </span>
    </p>

    <p class='ocr_par' dir='ltr' id='par_1_21' title="bbox 126 2539 2020 2639">
     <span class='ocr_line' id='line_1_38' title="bbox 126 2539 2020 2594; baseline -0.001 -13"><span class='ocrx_word' id='word_1_331' title='bbox 126 2542 158 2565; x_wconf 83' lang='lat'>¹⁵</span> <span class='ocrx_word' id='word_1_332' title='bbox 178 2540 334 2581; x_wconf 85' lang='lat' dir='ltr'>iustitia</span> <span class='ocrx_word' id='word_1_333' title='bbox 363 2546 403 2580; x_wconf 86' lang='lat' dir='ltr'>et</span> <span class='ocrx_word' id='word_1_334' title='bbox 432 2539 627 2580; x_wconf 88' lang='lat' dir='ltr'>iudicium</span> <span class='ocrx_word' id='word_1_335' title='bbox 655 2541 898 2594; x_wconf 72' lang='lat' dir='ltr'>praeparatio</span> <span class='ocrx_word' id='word_1_336' title='bbox 929 2541 1032 2582; x_wconf 90' lang='lat' dir='ltr'>sedis</span> <span class='ocrx_word' id='word_1_337' title='bbox 1063 2546 1155 2582; x_wconf 83' lang='lat' dir='ltr'>tuae.</span> <span class='ocrx_word' id='word_1_338' title='bbox 1240 2540 1514 2582; x_wconf 86' lang='lat' dir='ltr'>Misericordia</span> <span class='ocrx_word' id='word_1_339' title='bbox 1543 2546 1583 2581; x_wconf 85' lang='lat' dir='ltr'>et</span> <span class='ocrx_word' id='word_1_340' title='bbox 1612 2540 1762 2580; x_wconf 83' lang='lat' dir='ltr'>veritas</span> <span class='ocrx_word' id='word_1_341' title='bbox 1792 2540 2020 2592; x_wconf 77' lang='lat' dir='ltr'>praecedent</span> 
     </span>
     <span class='ocr_line' id='line_1_39' title="bbox 386 2598 695 2639; baseline 0 0"><span class='ocrx_word' id='word_1_342' title='bbox 386 2598 531 2639; x_wconf 74' lang='lat' dir='ltr'>faciem</span> <span class='ocrx_word' id='word_1_343' title='bbox 561 2603 695 2639; x_wconf 89' lang='lat' dir='ltr'>tuam:</span> 
     </span>
    </p>

    <p class='ocr_par' dir='ltr' id='par_1_22' title="bbox 129 2656 2017 2711">
     <span class='ocr_line' id='line_1_40' title="bbox 129 2656 2017 2711; baseline -0.001 -13"><span class='ocrx_word' id='word_1_344' title='bbox 129 2659 161 2682; x_wconf 79' lang='lat'>¹⁸</span> <span class='ocrx_word' id='word_1_345' title='bbox 179 2658 323 2699; x_wconf 83' lang='lat' dir='ltr'>beatus</span> <span class='ocrx_word' id='word_1_346' title='bbox 339 2657 525 2711; x_wconf 87' lang='lat' dir='ltr'>populus,</span> <span class='ocrx_word' id='word_1_347' title='bbox 546 2657 615 2710; x_wconf 90' lang='lat' dir='ltr'>qui</span> <span class='ocrx_word' id='word_1_348' title='bbox 631 2658 705 2698; x_wconf 89' lang='lat' dir='ltr'>scit</span> <span class='ocrx_word' id='word_1_349' title='bbox 722 2658 1014 2700; x_wconf 89' lang='lat' dir='ltr'>iubilationem.</span> <span class='ocrx_word' id='word_1_350' title='bbox 1076 2658 1262 2707; x_wconf 76' lang='lat' dir='ltr'>Domine,</span> <span class='ocrx_word' id='word_1_351' title='bbox 1282 2658 1322 2699; x_wconf 90' lang='lat' dir='ltr'>in</span> <span class='ocrx_word' id='word_1_352' title='bbox 1337 2658 1488 2699; x_wconf 91' lang='lat' dir='ltr'>lumine</span> <span class='ocrx_word' id='word_1_353' title='bbox 1504 2657 1642 2698; x_wconf 90' lang='lat' dir='ltr'>vultus</span> <span class='ocrx_word' id='word_1_354' title='bbox 1659 2657 1719 2698; x_wconf 89' lang='lat' dir='ltr'>tui</span> <span class='ocrx_word' id='word_1_355' title='bbox 1736 2656 2017 2703; x_wconf 80' lang='lat' dir='ltr'>ambulabunt,</span> 
     </span>
    </p>

    <p class='ocr_par' dir='ltr' id='par_1_23' title="bbox 126 2715 1886 2759">
     <span class='ocr_line' id='line_1_41' title="bbox 126 2715 1886 2759; baseline -0.001 -2"><span class='ocrx_word' id='word_1_356' title='bbox 126 2719 159 2741; x_wconf 87' lang='lat'>¹⁷</span> <span class='ocrx_word' id='word_1_357' title='bbox 179 2722 219 2758; x_wconf 87' lang='lat' dir='ltr'>et</span> <span class='ocrx_word' id='word_1_358' title='bbox 246 2717 287 2757; x_wconf 92' lang='lat' dir='ltr'>in</span> <span class='ocrx_word' id='word_1_359' title='bbox 314 2716 477 2758; x_wconf 91' lang='lat' dir='ltr'>nomine</span> <span class='ocrx_word' id='word_1_360' title='bbox 505 2721 576 2758; x_wconf 83' lang='lat' dir='ltr'>tuo</span> <span class='ocrx_word' id='word_1_361' title='bbox 605 2716 853 2759; x_wconf 87' lang='lat' dir='ltr'>exultabunt</span> <span class='ocrx_word' id='word_1_362' title='bbox 880 2723 971 2759; x_wconf 87' lang='lat' dir='ltr'>tota</span> <span class='ocrx_word' id='word_1_363' title='bbox 998 2718 1079 2759; x_wconf 88' lang='lat' dir='ltr'>die:</span> <span class='ocrx_word' id='word_1_364' title='bbox 1162 2723 1203 2758; x_wconf 90' lang='lat' dir='ltr'>et</span> <span class='ocrx_word' id='word_1_365' title='bbox 1230 2717 1271 2757; x_wconf 91' lang='lat' dir='ltr'>in</span> <span class='ocrx_word' id='word_1_366' title='bbox 1299 2717 1456 2758; x_wconf 88' lang='lat' dir='ltr'>iustitia</span> <span class='ocrx_word' id='word_1_367' title='bbox 1483 2722 1556 2757; x_wconf 88' lang='lat' dir='ltr'>tua</span> <span class='ocrx_word' id='word_1_368' title='bbox 1584 2715 1886 2756; x_wconf 87' lang='lat' dir='ltr'>exaltabuntur.</span> 
     </span>
    </p>

    <p class='ocr_par' dir='ltr' id='par_1_24' title="bbox 126 2773 2019 2875">
     <span class='ocr_line' id='line_1_42' title="bbox 126 2773 2019 2830; baseline -0.002 -13"><span class='ocrx_word' id='word_1_369' title='bbox 126 2777 160 2800; x_wconf 73' lang='grc'>18</span> <span class='ocrx_word' id='word_1_370' title='bbox 178 2775 380 2825; x_wconf 86' lang='lat' dir='ltr'>Quoniam</span> <span class='ocrx_word' id='word_1_371' title='bbox 404 2774 531 2829; x_wconf 88' lang='lat' dir='ltr'>gloria</span> <span class='ocrx_word' id='word_1_372' title='bbox 554 2775 719 2816; x_wconf 91' lang='lat' dir='ltr'>virtutis</span> <span class='ocrx_word' id='word_1_373' title='bbox 745 2789 883 2818; x_wconf 91' lang='lat' dir='ltr'>eorum</span> <span class='ocrx_word' id='word_1_374' title='bbox 908 2782 954 2818; x_wconf 90' lang='lat' dir='ltr'>tu</span> <span class='ocrx_word' id='word_1_375' title='bbox 979 2789 1037 2818; x_wconf 89' lang='lat' dir='ltr'>es:</span> <span class='ocrx_word' id='word_1_376' title='bbox 1116 2781 1157 2817; x_wconf 87' lang='lat' dir='ltr'>et</span> <span class='ocrx_word' id='word_1_377' title='bbox 1180 2775 1221 2817; x_wconf 92' lang='lat' dir='ltr'>in</span> <span class='ocrx_word' id='word_1_378' title='bbox 1246 2775 1500 2830; x_wconf 87' lang='lat' dir='ltr'>beneplacito</span> <span class='ocrx_word' id='word_1_379' title='bbox 1526 2780 1597 2816; x_wconf 86' lang='lat' dir='ltr'>tuo</span> <span class='ocrx_word' id='word_1_380' title='bbox 1623 2773 1872 2815; x_wconf 86' lang='lat' dir='ltr'>exaltabitur</span> <span class='ocrx_word' id='word_1_381' title='bbox 1895 2786 2019 2815; x_wconf 87' lang='lat' dir='ltr'>cornu</span> 
     </span>
     <span class='ocr_line' id='line_1_43' title="bbox 387 2838 585 2875; baseline 0.005 -1"><span class='ocrx_word' id='word_1_382' title='bbox 387 2838 585 2875; x_wconf 88' lang='lat' dir='ltr'>nostrum.</span> 
     </span>
    </p>

    <p class='ocr_par' dir='ltr' id='par_1_25' title="bbox 126 2891 1751 2947">
     <span class='ocr_line' id='line_1_44' title="bbox 126 2891 1751 2947; baseline -0.001 -13"><span class='ocrx_word' id='word_1_383' title='bbox 126 2895 160 2924; x_wconf 82' lang='lat'>¹⁹</span> <span class='ocrx_word' id='word_1_384' title='bbox 178 2893 283 2943; x_wconf 88' lang='lat' dir='ltr'>Quia</span> <span class='ocrx_word' id='word_1_385' title='bbox 310 2892 477 2934; x_wconf 90' lang='lat' dir='ltr'>Domini</span> <span class='ocrx_word' id='word_1_386' title='bbox 507 2897 568 2933; x_wconf 89' lang='lat' dir='ltr'>est</span> <span class='ocrx_word' id='word_1_387' title='bbox 598 2894 822 2947; x_wconf 86' lang='lat' dir='ltr'>assumptio</span> <span class='ocrx_word' id='word_1_388' title='bbox 854 2899 1011 2936; x_wconf 88' lang='lat' dir='ltr'>nostra:</span> <span class='ocrx_word' id='word_1_389' title='bbox 1095 2898 1137 2934; x_wconf 86' lang='lat' dir='ltr'>et</span> <span class='ocrx_word' id='word_1_390' title='bbox 1166 2893 1297 2934; x_wconf 86' lang='lat' dir='ltr'>sancti</span> <span class='ocrx_word' id='word_1_391' title='bbox 1329 2892 1451 2934; x_wconf 87' lang='lat' dir='ltr'>Israel</span> <span class='ocrx_word' id='word_1_392' title='bbox 1481 2892 1582 2945; x_wconf 87' lang='lat' dir='ltr'>regis</span> <span class='ocrx_word' id='word_1_393' title='bbox 1612 2891 1751 2933; x_wconf 89' lang='lat' dir='ltr'>nostri.</span> 
     </span>
    </p>
   </div>
   <div class='ocr_carea' id='block_1_10' title="bbox 124 2996 2207 3286">
    <p class='ocr_par' dir='ltr' id='par_1_26' title="bbox 125 2996 2183 3111">
     <span class='ocr_line' id='line_1_45' title="bbox 125 2996 2183 3056; baseline -0.002 -17"><span class='ocrx_word' id='word_1_394' title='bbox 125 3000 161 3023; x_wconf 80' lang='lat'>2⁰</span> <span class='ocrx_word' id='word_1_395' title='bbox 178 2999 290 3039; x_wconf 90' lang='lat' dir='ltr'>Tunc</span> <span class='ocrx_word' id='word_1_396' title='bbox 308 2997 469 3039; x_wconf 91' lang='lat' dir='ltr'>locutus</span> <span class='ocrx_word' id='word_1_397' title='bbox 491 3010 530 3038; x_wconf 91' lang='lat' dir='ltr'>es</span> <span class='ocrx_word' id='word_1_398' title='bbox 550 2997 591 3038; x_wconf 90' lang='lat' dir='ltr'>in</span> <span class='ocrx_word' id='word_1_399' title='bbox 611 2998 764 3039; x_wconf 89' lang='lat' dir='ltr'>visione</span> <span class='ocrx_word' id='word_1_400' title='bbox 785 2998 934 3039; x_wconf 89' lang='lat' dir='ltr'>sanctis</span> <span class='ocrx_word' id='word_1_401' title='bbox 955 2999 1047 3044; x_wconf 77' lang='lat' dir='ltr'>tuis,</span> <span class='ocrx_word' id='word_1_402' title='bbox 1119 3002 1159 3039; x_wconf 87' lang='lat' dir='ltr'>et</span> <span class='ocrx_word' id='word_1_403' title='bbox 1179 2997 1336 3039; x_wconf 84' lang='lat' dir='ltr'>dixisti:</span> <span class='ocrx_word' id='word_1_404' title='bbox 1358 2997 1480 3038; x_wconf 91' lang='lat' dir='ltr'>Posui</span> <span class='ocrx_word' id='word_1_405' title='bbox 1501 2996 1749 3037; x_wconf 86' lang='lat' dir='ltr'>adiutorium</span> <span class='ocrx_word' id='word_1_406' title='bbox 1769 2996 1810 3036; x_wconf 90' lang='lat' dir='ltr'>in</span> <span class='ocrx_word' id='word_1_407' title='bbox 1831 3000 2016 3049; x_wconf 88' lang='lat' dir='ltr'>potente:</span> <span class='ocrx_word' id='word_1_408' title='bbox 2065 2997 2183 3056; x_wconf 47' lang='grc' dir='ltr'>ῐξίζζξιξζ·</span> 
     </span>
     <span class='ocr_line' id='line_1_46' title="bbox 386 3055 2182 3111; baseline -0.001 -14"><span class='ocrx_word' id='word_1_409' title='bbox 386 3062 427 3097; x_wconf 87' lang='lat' dir='ltr'>et</span> <span class='ocrx_word' id='word_1_410' title='bbox 456 3056 636 3097; x_wconf 83' lang='lat' dir='ltr'>exaltavi</span> <span class='ocrx_word' id='word_1_411' title='bbox 664 3056 837 3097; x_wconf 88' lang='lat' dir='ltr'>electum</span> <span class='ocrx_word' id='word_1_412' title='bbox 867 3057 917 3098; x_wconf 90' lang='lat' dir='ltr'>de</span> <span class='ocrx_word' id='word_1_413' title='bbox 945 3057 1061 3111; x_wconf 89' lang='lat' dir='ltr'>plebe</span> <span class='ocrx_word' id='word_1_414' title='bbox 1090 3070 1192 3098; x_wconf 89' lang='lat' dir='ltr'>mea.</span> <span class='ocrx_word' id='word_1_415' title='bbox 2068 3055 2182 3111; x_wconf 29' lang='lat' dir='ltr'>uberi-us·</span> 
     </span>
    </p>

    <p class='ocr_par' dir='ltr' id='par_1_27' title="bbox 125 3102 2207 3158">
     <span class='ocr_line' id='line_1_47' title="bbox 125 3102 2207 3158; baseline -0.002 -2"><span class='ocrx_word' id='word_1_416' title='bbox 125 3118 155 3140; x_wconf 71' lang='lat'>&#39;³¹</span> <span class='ocrx_word' id='word_1_417' title='bbox 183 3115 345 3156; x_wconf 76' lang='lat' dir='ltr'>cInveni</span> <span class='ocrx_word' id='word_1_418' title='bbox 372 3115 510 3156; x_wconf 88' lang='lat' dir='ltr'>David</span> <span class='ocrx_word' id='word_1_419' title='bbox 538 3128 699 3155; x_wconf 89' lang='lat' dir='ltr'>servum</span> <span class='ocrx_word' id='word_1_420' title='bbox 728 3128 882 3156; x_wconf 89' lang='lat' dir='ltr'>meum:</span> <span class='ocrx_word' id='word_1_421' title='bbox 965 3116 1050 3158; x_wconf 93' lang='lat' dir='ltr'>oleo</span> <span class='ocrx_word' id='word_1_422' title='bbox 1080 3121 1221 3157; x_wconf 90' lang='lat' dir='ltr'>sancto</span> <span class='ocrx_word' id='word_1_423' title='bbox 1250 3128 1338 3155; x_wconf 91' lang='lat' dir='ltr'>meo</span> <span class='ocrx_word' id='word_1_424' title='bbox 1368 3114 1466 3155; x_wconf 87' lang='lat' dir='ltr'>unxi</span> <span class='ocrx_word' id='word_1_425' title='bbox 1495 3127 1598 3154; x_wconf 92' lang='lat' dir='ltr'>eum.</span> <span class='ocrx_word' id='word_1_426' title='bbox 2050 3102 2207 3154; x_wconf 45' lang='lat' dir='ltr'>pfs³es¹b¹t³</span> 
     </span>
    </p>

    <p class='ocr_par' dir='ltr' id='par_1_28' title="bbox 124 3172 1887 3216">
     <span class='ocr_line' id='line_1_48' title="bbox 124 3172 1887 3216; baseline -0.001 -1"><span class='ocrx_word' id='word_1_427' title='bbox 124 3177 156 3199; x_wconf 76' lang='lat'>22</span> <span class='ocrx_word' id='word_1_428' title='bbox 177 3175 321 3215; x_wconf 90' lang='lat' dir='ltr'>Manus</span> <span class='ocrx_word' id='word_1_429' title='bbox 350 3174 457 3215; x_wconf 90' lang='lat' dir='ltr'>enim</span> <span class='ocrx_word' id='word_1_430' title='bbox 486 3186 577 3214; x_wconf 89' lang='lat' dir='ltr'>mea</span> <span class='ocrx_word' id='word_1_431' title='bbox 605 3172 869 3215; x_wconf 85' lang='lat' dir='ltr'>auxiliabitur</span> <span class='ocrx_word' id='word_1_432' title='bbox 897 3175 949 3216; x_wconf 90' lang='lat' dir='ltr'>ei:</span> <span class='ocrx_word' id='word_1_433' title='bbox 1033 3180 1073 3216; x_wconf 90' lang='lat' dir='ltr'>et</span> <span class='ocrx_word' id='word_1_434' title='bbox 1102 3174 1312 3216; x_wconf 88' lang='lat' dir='ltr'>brachium</span> <span class='ocrx_word' id='word_1_435' title='bbox 1341 3186 1477 3213; x_wconf 90' lang='lat' dir='ltr'>meum</span> <span class='ocrx_word' id='word_1_436' title='bbox 1506 3172 1755 3213; x_wconf 82' lang='lat' dir='ltr'>confortabit</span> <span class='ocrx_word' id='word_1_437' title='bbox 1784 3185 1887 3213; x_wconf 90' lang='lat' dir='ltr'>eum.</span> 
     </span>
    </p>

    <p class='ocr_par' dir='ltr' id='par_1_29' title="bbox 125 3230 1913 3286">
     <span class='ocr_line' id='line_1_49' title="bbox 125 3230 1913 3286; baseline -0.002 -12"><span class='ocrx_word' id='word_1_438' title='bbox 125 3235 156 3258; x_wconf 79' lang='lat'>2³</span> <span class='ocrx_word' id='word_1_439' title='bbox 179 3233 287 3274; x_wconf 89' lang='lat' dir='ltr'>Nihil</span> <span class='ocrx_word' id='word_1_440' title='bbox 312 3232 495 3286; x_wconf 88' lang='lat' dir='ltr'>proficiet</span> <span class='ocrx_word' id='word_1_441' title='bbox 519 3232 705 3273; x_wconf 90' lang='lat' dir='ltr'>inimicus</span> <span class='ocrx_word' id='word_1_442' title='bbox 731 3233 771 3273; x_wconf 94' lang='lat' dir='ltr'>in</span> <span class='ocrx_word' id='word_1_443' title='bbox 797 3246 854 3281; x_wconf 84' lang='lat' dir='ltr'>eo,</span> <span class='ocrx_word' id='word_1_444' title='bbox 936 3240 975 3274; x_wconf 88' lang='lat' dir='ltr'>et</span> <span class='ocrx_word' id='word_1_445' title='bbox 1002 3233 1105 3274; x_wconf 89' lang='lat' dir='ltr'>filius</span> <span class='ocrx_word' id='word_1_446' title='bbox 1131 3231 1360 3286; x_wconf 86' lang='lat' dir='ltr'>iniquitatis</span> <span class='ocrx_word' id='word_1_447' title='bbox 1386 3244 1467 3272; x_wconf 90' lang='lat' dir='ltr'>non</span> <span class='ocrx_word' id='word_1_448' title='bbox 1494 3235 1672 3284; x_wconf 87' lang='lat' dir='ltr'>apponet</span> <span class='ocrx_word' id='word_1_449' title='bbox 1698 3243 1841 3272; x_wconf 88' lang='lat' dir='ltr'>nocere</span> <span class='ocrx_word' id='word_1_450' title='bbox 1867 3230 1913 3270; x_wconf 87' lang='lat' dir='ltr'>ei.</span> 
     </span>
    </p>
   </div>
   <div class='ocr_carea' id='block_1_11' title="bbox 125 3289 2018 3344">
    <p class='ocr_par' dir='ltr' id='par_1_30' title="bbox 125 3289 2018 3344">
     <span class='ocr_line' id='line_1_50' title="bbox 125 3289 2018 3344; baseline -0.003 -11"><span class='ocrx_word' id='word_1_451' title='bbox 125 3293 157 3316; x_wconf 77' lang='lat'>²4</span> <span class='ocrx_word' id='word_1_452' title='bbox 178 3292 233 3333; x_wconf 91' lang='lat' dir='ltr'>Et</span> <span class='ocrx_word' id='word_1_453' title='bbox 253 3291 465 3333; x_wconf 89' lang='lat' dir='ltr'>concidam</span> <span class='ocrx_word' id='word_1_454' title='bbox 487 3304 510 3332; x_wconf 88' lang='lat' dir='ltr'>a</span> <span class='ocrx_word' id='word_1_455' title='bbox 529 3291 631 3332; x_wconf 79' lang='lat' dir='ltr'>facie</span> <span class='ocrx_word' id='word_1_456' title='bbox 652 3291 776 3344; x_wconf 88' lang='lat' dir='ltr'>ipsius</span> <span class='ocrx_word' id='word_1_457' title='bbox 797 3291 979 3333; x_wconf 91' lang='lat' dir='ltr'>inimicos</span> <span class='ocrx_word' id='word_1_458' title='bbox 1001 3292 1103 3333; x_wconf 90' lang='lat' dir='ltr'>eius:</span> <span class='ocrx_word' id='word_1_459' title='bbox 1172 3297 1212 3332; x_wconf 90' lang='lat' dir='ltr'>et</span> <span class='ocrx_word' id='word_1_460' title='bbox 1233 3290 1414 3332; x_wconf 86' lang='lat' dir='ltr'>odientes</span> <span class='ocrx_word' id='word_1_461' title='bbox 1436 3303 1528 3330; x_wconf 91' lang='lat' dir='ltr'>eum</span> <span class='ocrx_word' id='word_1_462' title='bbox 1549 3289 1590 3330; x_wconf 93' lang='lat' dir='ltr'>in</span> <span class='ocrx_word' id='word_1_463' title='bbox 1610 3290 1749 3343; x_wconf 79' lang='lat' dir='ltr'>fugam</span> <span class='ocrx_word' id='word_1_464' title='bbox 1771 3292 2018 3329; x_wconf 86' lang='lat' dir='ltr'>convertam.</span> 
     </span>
    </p>
   </div>
   <div class='ocr_carea' id='block_1_12' title="bbox 259 3415 1739 3459">
    <p class='ocr_par' dir='ltr' id='par_1_31' title="bbox 259 3415 1739 3459">
     <span class='ocr_line' id='line_1_51' title="bbox 259 3415 1739 3459; baseline -0.001 -9"><span class='ocrx_word' id='word_1_465' title='bbox 259 3416 312 3458; x_wconf 77' lang='lat'>88,</span> <span class='ocrx_word' id='word_1_466' title='bbox 337 3417 358 3450; x_wconf 82' lang='lat'><strong><em>4</em></strong></span> <span class='ocrx_word' id='word_1_467' title='bbox 384 3418 422 3450; x_wconf 78' lang='lat' dir='ltr'>a2</span> <span class='ocrx_word' id='word_1_468' title='bbox 446 3417 505 3451; x_wconf 88' lang='lat' dir='ltr'>Sm</span> <span class='ocrx_word' id='word_1_469' title='bbox 533 3419 564 3457; x_wconf 80' lang='lat'>7,</span> <span class='ocrx_word' id='word_1_470' title='bbox 591 3418 642 3452; x_wconf 78' lang='lat'>12.</span> <span class='ocrx_word' id='word_1_471' title='bbox 669 3438 711 3441; x_wconf 95' lang='lat'>—</span> <span class='ocrx_word' id='word_1_472' title='bbox 737 3417 778 3451; x_wconf 81' lang='lat'>12</span> <span class='ocrx_word' id='word_1_473' title='bbox 802 3418 876 3452; x_wconf 86' lang='lat' dir='ltr'>bGn</span> <span class='ocrx_word' id='word_1_474' title='bbox 903 3420 934 3459; x_wconf 88' lang='lat'>1,</span> <span class='ocrx_word' id='word_1_475' title='bbox 960 3420 989 3452; x_wconf 84' lang='grc'>1.</span> <span class='ocrx_word' id='word_1_476' title='bbox 1016 3438 1059 3442; x_wconf 84' lang='grc'><strong>-</strong></span> <span class='ocrx_word' id='word_1_477' title='bbox 1083 3418 1122 3451; x_wconf 81' lang='grc'>21</span> <span class='ocrx_word' id='word_1_478' title='bbox 1153 3419 1186 3451; x_wconf 76' lang='lat'>01</span> <span class='ocrx_word' id='word_1_479' title='bbox 1213 3417 1272 3451; x_wconf 90' lang='lat' dir='ltr'>Sm</span> <span class='ocrx_word' id='word_1_480' title='bbox 1298 3416 1351 3457; x_wconf 84' lang='grc'>16,</span> <span class='ocrx_word' id='word_1_481' title='bbox 1377 3418 1407 3450; x_wconf 93' lang='grc'>1.</span> <span class='ocrx_word' id='word_1_482' title='bbox 1434 3417 1492 3456; x_wconf 80' lang='grc'>12;</span> <span class='ocrx_word' id='word_1_483' title='bbox 1518 3417 1585 3450; x_wconf 86' lang='lat' dir='ltr'>Act</span> <span class='ocrx_word' id='word_1_484' title='bbox 1611 3416 1662 3456; x_wconf 83' lang='lat'>13,</span> <span class='ocrx_word' id='word_1_485' title='bbox 1689 3415 1739 3448; x_wconf 76' lang='lat'>22.</span> 
     </span>
    </p>
   </div>
  </div>
 </body>
</html>
