2356 3760
119 82 150 120 4,
177 80 294 120 16-5,
321 80 363 114 28
993 80 1148 114 TOBIAE
1930 94 2004 134 427

122 175 354 216 mercenarii
382 176 442 216 tui
469 176 579 229 apud
605 181 645 216 te
671 174 835 216 omnino
861 187 941 215 non
969 180 1188 216 remaneat.
1244 178 1277 200 ¹⁶
1307 176 1446 225 aQuod
1472 178 1522 218 ab
1550 179 1626 219 alio
1653 182 1780 222 oderis
1806 184 1890 224 fieri
1916 185 2001 233 tibi,

123 234 214 274 vide
242 246 292 274 ne
320 240 365 274 tu
395 234 613 288 aliquando
643 232 758 274 alteri
786 232 922 274 facias.
980 235 1013 257 ¹⁷
1046 234 1218 273 bPanem
1248 238 1364 275 tuum
1393 248 1485 276 cum
1514 237 1778 279 esurientibus
1807 247 1846 281 et
1874 244 2004 293 egenis

123 293 298 337 comede.
323 298 365 334 et
386 294 436 334 de
458 291 710 333 vestimentis
732 290 812 331 tuis
835 292 964 332 nudos
987 296 1087 344 tege.
1139 294 1173 316 ¹⁸
1195 293 1347 333 Panem
1370 298 1499 341 tuum,
1525 300 1566 335 et
1588 295 1727 336 vinum
1749 302 1866 338 tuum
1888 313 2005 352 super

122 351 373 404 sepulturam
399 351 494 392 iusti
520 350 733 397 constitue,
762 355 803 390 et
829 349 910 390 noli
936 363 985 390 ex
1011 364 1056 391 eo
1083 351 1340 397 manducare,
1369 357 1410 392 et
1437 353 1571 394 bibere
1597 367 1688 394 cum
1715 358 2003 407 peccatoribus.

123 412 157 434 ¹⁹
190 410 398 451 consilium
432 420 589 460 semper
621 421 645 448 a
677 407 859 460 sapiente
891 408 1087 461 perquire.
1149 410 1185 432 ²0
1217 409 1337 449 Omni
1370 415 1551 463 tempore
1585 412 1750 453 benedic
1782 413 1933 453 Deum:
1967 421 2008 455 et

123 474 215 522 pete
235 469 285 509 ab
304 481 361 515 eo,
383 471 430 507 ut
447 466 533 506 vias
552 471 644 507 tuas
664 466 823 519 dirigat,
844 471 885 507 et
903 467 1041 507 omnia
1058 466 1224 507 consilia
1241 472 1314 507 tua
1331 468 1372 508 in
1390 468 1475 521 ipso
1494 476 1771 522 permaneant.
1818 473 1849 495 21
1870 472 2007 513 Indico

123 528 245 569 etiam
272 525 347 566 tibi
374 525 429 565 fili
455 525 511 566 mi
538 525 693 566 dedisse
720 538 784 565 me
811 526 949 566 decern
977 525 1134 566 talenta
1160 526 1327 578 argenti,
1357 527 1454 567 dum
1482 528 1614 568 adhuc
1640 528 1864 570 infantulus
1891 544 2006 579 esses,

122 584 285 633 Gabelo,
313 584 355 625 in
382 585 512 637 Rages
537 583 704 624 civitate
728 584 952 631 Medorum,
979 589 1020 624 et
1045 584 1355 637 chirographum
1381 585 1464 625 eius
1490 586 1599 639 apud
1622 600 1687 626 me
1711 587 1859 629 habeo:
1912 591 1943 613 22
1968 593 2009 629 et

122 643 209 684 ideo
239 643 425 697 perquire
454 656 533 696 quo
562 643 683 684 modo
714 643 765 683 ad
794 656 886 683 eum
915 644 1137 695 pervenias,
1169 648 1211 684 et
1238 643 1406 696 recipias
1435 644 1486 685 ab
1515 658 1560 685 eo
1590 658 1712 697 supra
1739 651 2008 687 memoratum

122 703 281 755 pondus
299 702 466 755 argenti,
485 706 527 742 et
543 701 734 742 restituas
752 702 786 742 ei
804 702 1115 754 chirographum
1133 715 1263 743 suum.
1310 704 1343 726 ²³
1360 702 1451 742 Noli
1469 703 1609 743 timere
1627 703 1681 743 fili
1698 704 1772 743 mi:
1791 717 2008 757 pauperem

123 761 286 815 quidem
309 761 438 802 vitam
459 761 645 814 gerimus,
670 761 739 801 sed
769 760 916 801 Cmulta
937 761 1045 801 bona
1065 761 1305 802 habebimus
1327 761 1359 801 si
1381 761 1634 802 timuerimus
1655 762 1799 811 Deum,
1824 768 1865 803 et
1886 776 2009 804 reces-

122 820 289 861 serimus
319 821 371 861 ab
400 819 511 860 omni
540 824 719 873 peccato,
752 825 792 860 et
821 819 1032 860 fecerimus
1062 820 1174 861 bene.

226 880 264 922 5.
320 881 333 903 ¹
356 879 468 919 Tunc
490 878 698 932 respondit
720 879 865 919 Tobias
887 878 995 931 patri
1016 891 1100 927 suo,
1124 884 1166 919 et
1186 879 1308 919 dixit:
1332 878 1480 919 Omnia
1502 891 1766 932 quaecumque
1787 880 2204 941 ρ1ωοορ18118ξ111ζ133ἕ63

122 938 220 978 mihi
246 938 393 979 faciam
419 942 546 991 pater.
601 940 616 961 2
643 938 730 986 Quo
756 938 878 978 modo
905 942 1042 977 autem
1068 938 1281 991 pecuniam
1308 938 1412 978 hanc
1438 937 1651 991 requiram,
1679 937 1829 991 ignoro.
1858 938 1921 979 ille
1946 952 2010 979 me
2041 924 2190 977 findi?

122 996 262 1046 nescit,
282 1002 323 1037 et
338 1010 410 1050 ego
427 1010 519 1037 eum
536 997 693 1050 ignoro:
713 997 822 1050 quod
838 996 996 1049 signum
1014 997 1119 1037 dabo
1137 996 1196 1037 ei?
1214 997 1292 1037 Sed
1309 1010 1438 1050 neque
1455 996 1575 1043 viam,
1594 1009 1665 1049 per
1682 1009 1805 1050 (1110111
1821 1002 2013 1050 pergatur

123 1055 227 1101 illuc,
254 1056 473 1109 aliquando
497 1055 678 1109 cognovi.
730 1058 746 1080 3
769 1056 881 1096 Tunc
904 1060 1021 1108 pater
1043 1068 1138 1096 suus
1160 1055 1369 1109 respondit
1391 1054 1458 1104 illi,
1484 1060 1524 1095 01
1547 1055 1668 1095 dixit:
1692 1055 2012 1109 Chirographum

124 1115 286 1168 quidem
314 1114 419 1155 illius
446 1127 568 1168 penes
595 1128 658 1154 me
686 1114 835 1155 habeo:
865 1115 973 1168 quod
1001 1115 1099 1154 dum
1126 1114 1181 1154 illi
1209 1114 1441 1161 ostenderis,
1471 1114 1611 1154 statim
1640 1114 1837 1155 restituet.
1892 1117 1908 1139 ⁴¹
1935 1115 2013 1155 Sed

122 1187 241 1227 perge
269 1187 387 1222 nunc,
418 1179 459 1214 et
486 1173 642 1227 inquire
670 1173 745 1214 tibi
773 1173 947 1226 aliquem
977 1173 1134 1213 fidelem
1162 1173 1307 1219 virum,
1339 1172 1408 1226 qui
1435 1177 1502 1212 eat
1529 1177 1664 1213 tecum
1692 1172 1806 1213 salva
1831 1173 2013 1214 mercede

122 1245 211 1273 sua:
242 1238 299 1280 ut,
330 1233 427 1273 dum
457 1233 590 1273 adhuc
618 1232 724 1281 vivo,
754 1232 922 1285 recipias
950 1245 1051 1272 eam.

636 1339 674 1377 2.
705 1338 805 1377 Dux
833 1336 1007 1376 itineris
1036 1336 1278 1386 invenitur,
1305 1335 1344 1386 5,
1363 1335 1506 1376 5—21.

2049 1406 2073 1430 A
2094 1405 2185 1431 Tobia

226 1410 242 1432 5
274 1409 386 1448 Tunc
417 1420 595 1460 egressus
628 1406 786 1454 Tobias,
819 1406 977 1446 invenit
1007 1406 1194 1446 iuvenem
1226 1405 1493 1459 splendidum,
1528 1411 1707 1446 stantem
1738 1406 2010 1459 praecinctum,
2062 1441 2172 1466 iuniore

120 1473 161 1507 et
180 1466 295 1520 quasi
313 1471 504 1519 paratum
523 1466 575 1506 ad
594 1465 900 1506 ambulandum.
951 1467 966 1488 ⁶
984 1465 1039 1505 Et
1057 1465 1244 1516 ignorans
1264 1465 1373 1518 quod
1391 1464 1567 1518 Angelus
1585 1465 1661 1505 Dei
1680 1470 1794 1513 esset,
1815 1465 2012 1506 salutavit
2047 1461 2187 1507 queritur

119 1538 224 1572 eum,
248 1530 290 1566 et
310 1525 432 1565 dixit:
457 1525 575 1566 Unde
596 1530 637 1565 te
657 1524 854 1565 habemus
877 1524 980 1565 bone
1001 1523 1182 1564 iuvenis?
1233 1525 1247 1547 ⁷
1268 1524 1325 1564 At
1345 1523 1408 1564 ille
1430 1524 1655 1577 respondit:
1679 1524 1742 1564 Ex
1764 1524 1852 1564 filiis
1876 1524 2008 1566 Israel.

120 1585 175 1625 Et
194 1584 341 1625 Tobias
362 1584 467 1625 dixit
487 1584 539 1624 ei:
564 1583 680 1624 Nosti
700 1583 821 1627 viam.
846 1596 935 1636 quaa
955 1583 1068 1623 ducit
1088 1583 1127 1623 in
1148 1583 1350 1636 regionem
1370 1582 1606 1623 Medorum?
1656 1584 1672 1606 ⁸
1691 1583 1763 1623 Cui
1784 1583 2009 1636 respondit:

121 1644 244 1685 Novi:
269 1648 311 1683 et
334 1643 471 1684 onmia
494 1642 640 1683 itinera
662 1643 745 1683 01113
769 1643 1001 1696 frequenter
1024 1642 1244 1690 ambulavi,
1270 1647 1312 1683 et
1334 1641 1465 1682 mansi
1489 1642 1599 1695 apud
1622 1642 1821 1683 Gabelum
1844 1642 2012 1682 fratrem

119 1707 321 1744 nostrum:
352 1702 421 1756 qui
448 1708 632 1743 moratur
658 1702 699 1742 in
730 1702 860 1755 Rages
889 1701 1055 1742 civitate
1082 1702 1306 1749 Medorum,
1337 1714 1427 1754 quae
1454 1700 1587 1753 posita
1614 1705 1675 1741 est
1701 1701 1742 1741 in
1770 1705 1908 1741 monte
1936 1701 2012 1741 Ec-

119 1762 291 1802 batanis.
344 1763 360 1785 ⁹
380 1761 453 1802 Cui
475 1761 621 1802 Tobias
643 1761 719 1801 ait:
742 1761 904 1802 Sustine
924 1774 988 1801 me
1010 1761 1185 1807 obsecro,
1210 1760 1338 1801 donec
1358 1760 1442 1800 haec
1463 1760 1552 1812 ipsa
1571 1759 1758 1800 nunciem
1779 1759 1885 1812 patri
1907 1773 2008 1801 meo.

119 1824 154 1845 ¹0
178 1821 291 1861 Tunc
316 1820 515 1873 ingressus
542 1820 700 1869 Tobias,
728 1820 925 1860 indicavit
949 1820 1140 1860 universa
1163 1819 1248 1860 haec
1272 1819 1379 1872 patri
1405 1832 1488 1859 suo.
1517 1819 1645 1871 Super
1671 1831 1760 1872 quae
1785 1818 2009 1859 admiratus

116 1885 243 1933 pater.
275 1879 436 1933 rogavit
464 1885 511 1920 ut
539 1879 725 1920 introiret
754 1879 806 1919 ad
835 1892 938 1919 eum.

222 1942 251 1963 ¹¹
283 1940 487 1992 Ingressus
515 1938 654 1991 itaque
680 1937 878 1978 salutavit
904 1951 1007 1983 eum,
1038 1944 1079 1978 et
1106 1937 1227 1978 dixit:
1257 1936 1461 1977 Gaudium
1490 1936 1564 1976 tibi
1591 1936 1644 1977 sit
1670 1949 1836 1989 semper.
1894 1938 1925 1960 12
1952 1936 2008 1977 Et
2025 1935 2200 1997 etsgnfflgia

117 1997 175 2038 ait
193 1998 358 2038 Tobias:
379 1997 505 2046 Quale
522 1997 714 2050 gaudium
735 1996 833 2037 mihi
852 1997 938 2045 erit,
960 1996 1027 2050 qui
1047 1996 1086 2036 in
1105 1996 1280 2037 tenebris
1299 1996 1429 2043 sedeo,
1450 1999 1491 2035 et
1508 1995 1643 2035 lumen
1662 1995 1745 2035 caeli
1763 2008 1844 2035 non
1863 1995 2004 2035 video?
2035 2007 2187 2037 accipitur.

117 2059 149 2081 ¹3
165 2056 238 2097 Cui
257 2056 316 2097 ait
332 2056 507 2096 iuvenis:
526 2056 640 2096 Forti
658 2056 793 2097 animo
812 2060 910 2104 esto,
930 2055 971 2096 in
990 2055 1174 2108 proximo
1193 2060 1254 2095 est
1272 2060 1319 2094 ut
1337 2067 1360 2094 a
1376 2055 1463 2094 Deo
1482 2053 1640 2094 cureris
1688 2056 1719 2077 ¹⁶¹
1736 2054 1852 2094 Dixit
1868 2053 2008 2107 itaque

115 2115 170 2156 illi
188 2115 353 2156 Tobias:
374 2115 584 2168 Numquid
603 2114 751 2168 poteris
769 2114 985 2167 perducere
1004 2114 1130 2154 filium
1147 2127 1282 2154 meum
1303 2113 1354 2153 ad
1371 2112 1570 2153 Gabelum
1588 2112 1629 2152 in
1650 2113 1779 2165 Rages
1798 2112 2007 2153 civitatem

114 2174 351 2215 Medorum?
374 2180 415 2215 et
435 2188 527 2215 cum
548 2174 722 2219 redieris,
746 2173 959 2214 restituam
982 2173 1056 2213 tibi
1078 2173 1302 2213 mercedem
1325 2177 1450 2213 tuam.
1502 2173 1533 2195 ¹⁵
1555 2171 1609 2211 Et
1630 2171 1734 2211 dixit
1755 2171 1789 2211 ei
1811 2171 2005 2225 Angelus:

116 2234 200 2287 Ego
222 2234 381 2282 ducam,
405 2237 446 2274 et
465 2233 656 2274 reducam
678 2246 768 2273 eum
791 2232 843 2273 ad
864 2238 915 2274 te.
967 2234 1001 2256 ¹⁶
1020 2232 1091 2272 Cui
1114 2232 1261 2272 Tobias
1282 2230 1509 2284 respondit:
1533 2231 1646 2283 Rogo
1668 2235 1719 2277 te,
1742 2230 1876 2270 indica
1895 2230 2005 2279 mihi,

115 2294 164 2334 de
186 2306 267 2347 qua
287 2293 420 2340 domo,
444 2298 517 2333 aut
537 2293 586 2333 de
608 2305 691 2346 qua
710 2292 819 2332 tribu
840 2305 880 2332 es
902 2291 972 2332 tu?
1023 2292 1055 2315 ¹⁷
1077 2290 1149 2331 Cui
1173 2290 1355 2343 Raphael
1377 2289 1540 2343 angelus
1562 2288 1683 2329 dixit:
1707 2289 1841 2329 Genus
1864 2289 2007 2342 quaeris

114 2352 360 2399 mercenarii,
384 2365 436 2392 an
457 2352 590 2405 ipsum
611 2351 915 2398 mercenarium,
941 2350 1009 2404 qui
1031 2363 1122 2390 cum
1145 2350 1225 2390 filio
1248 2355 1318 2390 tuo
1342 2348 1432 2389 eat?
1456 2350 1491 2372 ¹⁸
1511 2348 1589 2389 Sed
1610 2361 1659 2388 ne
1680 2348 1784 2388 forte
1806 2347 2006 2388 solicitum

114 2417 154 2451 te
185 2411 364 2458 reddam,
398 2424 469 2464 ego
501 2424 590 2451 sum
620 2410 785 2451 Azarias
815 2409 986 2450 Ananiae
1015 2408 1151 2462 magni
1182 2408 1297 2449 filius.
1358 2410 1393 2432 ¹⁹
1422 2408 1477 2448 Et
1508 2407 1654 2447 Tobias
1684 2407 1910 2459 respondit:
1943 2406 2007 2447 Ex

114 2483 260 2523 magno
283 2482 426 2524 genere
449 2483 489 2510 es
512 2474 570 2510 tu.
621 2469 699 2510 Sed
721 2474 816 2522 peto
841 2482 889 2509 ne
912 2468 1093 2509 irascaris
1118 2468 1227 2521 quod
1250 2466 1445 2508 voluerim
1469 2478 1705 2519 cognoscere
1726 2478 1851 2518 genus
1874 2470 2003 2506 tuum.

114 2531 150 2553 2⁰
166 2529 283 2570 Dixit
303 2534 440 2570 autem
460 2528 515 2569 illi
534 2528 729 2582 Angelus:
750 2528 836 2581 Ego
857 2541 1001 2568 sanum
1021 2528 1180 2574 ducam,
1201 2531 1243 2567 et
1261 2539 1405 2567 sanum
1425 2525 1499 2566 tibi
1518 2525 1708 2565 reducam
1728 2524 1853 2564 filium
1873 2528 2003 2565 tuum.

113 2590 143 2612 21
174 2589 439 2641 Respondens
468 2593 606 2628 autem
636 2587 794 2635 Tobias,
826 2587 901 2628 ait:
933 2587 1042 2627 Bene
1071 2585 1299 2631 ambuletis,
1331 2590 1372 2625 et
1399 2585 1452 2625 sit
1479 2585 1589 2624 Deus
1618 2583 1658 2623 in
1686 2583 1828 2623 itinere
1856 2588 2003 2631 vestro,

112 2652 154 2688 et
177 2647 354 2701 Angelus
380 2646 463 2687 eius
489 2646 707 2688 comitetur
731 2646 953 2687 vobiscum.

472 2753 510 2792 3.
539 2752 706 2793 Tobias
736 2752 780 2792 et
808 2750 1010 2803 Raphael
1039 2751 1124 2791 iter
1153 2749 1338 2800 faciunt,
1368 2749 1406 2799 5,
1425 2747 1570 2798 22-6,
1589 2749 1653 2788 22.
2115 2811 2138 2837 Τ
2158 2811 2176 2838 b

2013 2812 2106 2838 Mater
2139 2819 2156 2838 o
2178 2812 2212 2837 iae

214 2826 246 2848 22
273 2824 386 2864 Τ11110
411 2823 565 2877 paratis
592 2822 792 2869 omnibus,
823 2835 912 2875 quae
938 2826 1055 2862 erant
1080 2821 1121 2861 in
1148 2821 1216 2861 via
1240 2820 1454 2873 portanda,
1484 2819 1579 2859 fecit
1606 2817 1752 2859 Tobias
1779 2816 1868 2856 vale
1894 2816 2002 2869 patri
2061 2847 2152 2879 luget,

110 2896 181 2924 suo
203 2887 244 2923 et
263 2882 384 2923 matri
406 2895 498 2929 suae,
522 2888 563 2922 et
584 2881 899 2922 ambulaverunt
920 2881 1040 2921 ambo
1060 2879 1191 2921 simul.
1241 2881 1274 2904 23
1296 2879 1499 2931 dCumque
1519 2876 1690 2931 profecti
1711 2880 1854 2923 essent,
1878 2875 2004 2928 coepit

109 2946 241 2982 mater
257 2941 341 2982 eius
362 2940 466 2989 flere,
487 2946 529 2981 et
545 2940 694 2981 dicere:
715 2939 913 2980 Baculum
931 2939 1151 2980 senectutis
1169 2942 1318 2979 nostrae
1334 2936 1475 2983 tulisti,
1496 2941 1537 2976 et
1554 2934 1814 2976 transmisisti
1832 2947 1857 2974 a
1872 2933 2001 2974 nobis.

108 3002 141 3024 24
166 3001 403 3054 Numquam
426 2999 569 3040 fuisset
592 2999 681 3053 ipsa
703 2999 886 3052 pecunia,
912 3011 984 3052 pro
1011 3011 1092 3052 qua
1114 2997 1260 3038 misisti
1284 3009 1387 3037 eum.
1441 2997 1472 3020 2⁵
1496 2994 1735 3036 Sufficiebat
1758 2993 1864 3034 enim
1888 2992 2004 3033 nobis

107 3063 327 3112 paupertas
351 3064 502 3102 1108110,
529 3064 576 3099 111
599 3058 763 3098 divitias
788 3062 1118 3111 computaremus
1141 3056 1229 3105 hoc,
1257 3055 1366 3109 quod
1390 3054 1629 3094 videbamus
1654 3052 1780 3093 filium
1804 3056 2000 3092 nostrum.

107 3119 143 3142 2⁶
162 3118 361 3172 Dixitque
382 3118 416 3158 ei
439 3118 604 3158 Tobias:
628 3116 719 3158 Noli
744 3116 848 3164 flere,
872 3116 1008 3157 salvus
1030 3115 1241 3170 perveniet
1260 3114 1364 3154 filius
1386 3118 1534 3161 noster,
1558 3117 1599 3153 et
1620 3111 1756 3152 salvus
1777 3114 2004 3151 revertetur

107 3177 159 3217 ad
178 3190 262 3226 nos,
284 3182 325 3218 et
345 3176 449 3217 oculi
468 3176 529 3217 tui
548 3176 749 3217 videbunt
766 3175 892 3216 illum.
940 3177 975 3199 2⁷
995 3175 1121 3216 Credo
1142 3174 1248 3215 enim
1270 3172 1378 3226 quod
1397 3171 1574 3224 Angelus
1593 3170 1669 3211 Dei
1688 3171 1818 3211 bonus
1838 3167 2003 3209 comite-

106 3241 173 3276 tur
188 3235 234 3281 01,
253 3240 295 3276 01
310 3235 411 3276 100110
428 3235 620 3288 disponat
635 3234 782 3283 omnia,
803 3247 892 3287 quae
907 3234 1013 3275 circa
1028 3247 1120 3274 eum
1135 3236 1342 3287 geruntur,
1360 3231 1420 3271 ita
1434 3235 1482 3271 ut
1497 3243 1589 3270 cum
1605 3229 1753 3282 gaudio
1772 3230 2002 3268 revertatur

105 3294 157 3335 ad
184 3308 269 3336 nos.
326 3295 361 3318 2⁸
388 3294 452 3335 Ad
480 3295 586 3334 hanc
614 3306 754 3335 vocem
783 3293 958 3334 cessavit
984 3298 1117 3334 mater
1144 3292 1227 3332 eius
1258 3290 1362 3337 flere,
1393 3294 1435 3330 et
1462 3289 1602 3330 tacuit.

235 3422 274 3455 16
297 3421 367 3454 aMt
388 3422 418 3461 7,
445 3422 501 3461 123
526 3421 571 3454 Lc
594 3421 624 3457 6,
647 3420 698 3454 31.
725 3441 767 3443 —
792 3421 834 3453 17
855 3420 921 3453 ch
945 3420 997 3459 14,
1021 3419 1071 3452 13.
1099 3439 1140 3442 —
1165 3418 1207 3451 23
1235 3417 1339 3450 CRom
1362 3416 1393 3456 8,
1417 3417 1467 3450 17.
1494 3437 1535 3440 β
1560 3416 1592 3457 5,
1616 3414 1658 3448 23
1681 3413 1757 3447 dlnf
1782 3411 1833 3450 10,
1857 3410 1886 3443 4.
