2356 3760
135 119 165 157 Τ,
192 118 310 158 36“-8,
336 119 376 152 19
896 124 1273 158 MACHABAEORL'M
1949 138 2020 178 941

133 212 313 264 potentis
335 213 422 258 Dei.
447 220 487 254 et
510 214 646 256 omnia
667 214 926 267 inspicientis.
952 216 1144 258 iudicium
1167 218 1353 272 effugisti.
1405 222 1439 244 3⁶
1463 221 1566 261 Nam
1590 223 1731 265 fratres
1755 228 1841 270 mei.
1867 229 2022 271 modico

134 283 240 310 nunc
268 271 403 312 dolore
430 278 673 319 sustentato,
702 273 777 313 sub
805 278 1051 315 testamento
1079 281 1238 317 aeternae
1266 278 1360 318 vitae
1386 278 1519 320 effecti
1544 287 1657 321 sunt:
1687 288 1731 322 tu
1760 297 1850 325 vero
1880 286 2022 328 iudicio

133 328 209 368 Dei
226 328 353 370 iustas
370 332 568 384 superbiae
585 336 666 371 tuae
682 343 824 383 poenas
842 331 1014 373 exolves.
1060 335 1094 358 3⁷
1113 334 1198 387 Ego
1217 341 1366 380 autem,
1386 337 1490 378 sicut
1507 344 1546 378 et
1564 339 1707 380 fratres
1725 342 1813 385 mei.
1834 344 2021 390 31111113111,

132 392 173 427 91
200 400 344 440 corpus
370 402 506 429 meum
534 389 650 429 trado
677 401 748 441 pro
775 389 916 441 patriis
943 389 1114 443 legibus:
1143 393 1335 434 invocans
1361 395 1493 435 Deum
1520 398 1718 438 maturius
1743 400 1854 452 genti
1880 408 2025 443 nostrae

132 446 356 498 propitium
386 447 481 491 fieri,
515 452 636 500 teque
665 459 757 486 cum
788 449 1001 488 tormentis
1032 455 1071 489 et
1103 452 1334 492 verberibus
1366 454 1546 494 confiteri
1577 457 1684 508 quod
1715 456 1798 510 ipse
1829 464 1887 498 est
1916 459 2024 499 Deus

132 503 251 545 solus.
300 506 336 528 3⁸
358 505 406 545 In
425 519 489 545 me
511 518 604 545 vero
626 510 665 544 et
686 504 726 544 in
747 505 941 546 fratribus
962 507 1059 547 meis
1081 508 1236 549 desinet
1258 510 1547 563 omnipotentis
1569 513 1637 557 ira.
1662 528 1750 567 quae
1770 529 1889 569 super
1909 530 2025 557 omne

132 575 257 614 genus
278 568 463 603 nostrum
483 563 588 604 111319
608 563 854 615 superducta
875 570 947 606 est.
996 567 1031 589 ²³⁹
1052 566 1164 606 Tunc
1184 580 1253 607 rex
1275 581 1463 609 accensus
1485 570 1543 610 ira
1562 571 1602 611 in
1624 572 1728 613 hunc
1750 587 1869 627 super
1889 588 2024 615 01111193

132 620 331 661 crudelius
359 621 537 664 desaevit.
566 620 729 673 indigne
754 622 884 663 ferens
911 636 951 663 se
978 624 1165 665 derisum.
1221 627 1256 649 40
1281 626 1335 666 Et
1362 627 1424 667 hic
1452 627 1588 681 itaque
1615 632 1789 672 mundus
1817 632 1928 675 obiit.
1958 646 2027 685 per

132 678 269 719 omnia
295 679 336 719 in
363 680 539 721 Domino
568 679 784 721 confidens.

235 756 267 778 41
296 753 523 795 Novissime
551 759 688 794 autem
716 760 809 807 post
838 755 937 797 filios
966 762 1005 797 et
1033 763 1165 798 mater
1192 764 1432 812 consumpta
1462 766 1533 802 est.
1582 764 1613 786 ⁴2
1643 762 1770 811 Igitur
1798 765 1846 804 de
1875 765 2022 805 sacrifi·
2063 770 2192 794 ”etsvm-

131 811 214 861 ciis,
247 818 287 853 et
317 813 366 853 de
394 811 527 852 nimiis
559 813 872 854 crudelitatibus
902 816 1000 855 satis
1031 816 1187 857 dictum
1220 823 1293 859 est.
1668 812 1681 815 A

777 951 995 1006 PARS
1036 955 1394 1009 ALTERA.

487 1037 804 1092 Victoriae
844 1039 1242 1106 Iudaeorum,
1283 1042 1339 1106 8,
1367 1043 1551 1108 1—15‚
1578 1044 1677 1098 37.

989 1132 1173 1151 4-44„>—

308 1182 349 1232 I.
386 1182 672 1234 Antiocho
712 1184 804 1235 IV.
845 1185 1145 1251 Epiphane
1184 1188 1481 1252 regnante,
1520 1188 1570 1248 8,
1597 1189 1772 1251 1—10,
1799 1189 1847 1241 9.

424 1273 462 1312 1.
493 1273 625 1313 ludas
656 1273 920 1315 Nicanorem
951 1276 1196 1326 sociosque
1227 1278 1326 1316 eius
1355 1277 1505 1327 vincit,
1533 1279 1734 1328 8‚1—-36.

233 1344 270 1387 8.
326 1346 340 1368 1
375 1343 496 1384 ludas
530 1357 624 1385 vero
658 1345 927 1389 Machabaeus.
963 1350 1003 1385 et
1037 1345 1105 1398 qui
1138 1359 1229 1386 cum
1262 1346 1327 1387 illo
1361 1352 1487 1392 erant.
1523 1347 1746 1389 introibant
1779 1349 1953 1389 latenter
1984 1350 2023 1390 in
2073 1357 2184 1396 Auxilio

128 1403 312 1443 castella:
335 1409 376 1443 et
396 1408 668 1443 convocantes
690 1409 894 1456 cognatos,
918 1408 957 1443 et
980 1403 1140 1451 amicos,
1164 1410 1203 1444 et
1225 1417 1302 1448 eos.
1327 1405 1394 1457 qui
1414 1412 1722 1458 permanserunt
1743 1407 1782 1447 in
1806 1407 2021 1456 ludaismo.
2063 1393 2194 1451 wlffino

128 1466 392 1504 assumentes.
423 1461 651 1501 eduxerunt
679 1461 730 1501 ad
757 1474 797 1501 se
824 1474 893 1501 sex
920 1461 1045 1501 millia
1073 1461 1262 1503 virorum.
1319 1465 1333 1486 ‘-'
1360 1463 1415 1503 Et,
1441 1464 1689 1505 invocabant
1715 1465 1949 1510 Dominum.
1979 1472 2023 1506 ut
2044 1463 2211 1521 ὴῗξῗξζῇῗζξζξῇ,

128 1520 343 1573 respiceret
372 1519 412 1559 in
443 1518 651 1572 populum,
685 1519 754 1572 qui
784 1520 835 1560 ab
866 1520 1052 1561 omnibus
1083 1520 1334 1561 calcabatur:
1367 1527 1407 1561 91
1437 1522 1692 1563 misereretur
1720 1523 1883 1577 templo.
1917 1525 2024 1577 quod
2063 1532 2192 1557 officitur-

128 1578 489 1619 contaminabatur
521 1578 572 1618 ab
605 1578 756 1631 impiis:
816 1580 832 1602 3
863 1578 1119 1619 misereretur
1151 1579 1273 1619 etiam
1307 1580 1544 1621 exterminio
1578 1581 1767 1625 civitatis.
1803 1595 1891 1635 qua?
1923 1587 2025 1622 esset

127 1637 231 1678 illico
261 1636 570 1689 complananda.
602 1642 642 1676 et
670 1649 810 1677 vocem
840 1637 1044 1690 sanguinis
1073 1638 1125 1677 ad
1153 1650 1193 1677 se
1221 1637 1433 1678 clamantis
1462 1639 1638 1680 audiret:
1694 1642 1708 1663 ⁴
1735 1647 2026 1681 memoraretur

128 1708 290 1750 quoque
320 1694 592 1748 iniquissimas
622 1700 772 1735 mortes
803 1695 1065 1748 parvulorum
1096 1696 1371 1741 innocentum,
1403 1702 1444 1737 et
1473 1697 1742 1750 blasphemias
1772 1698 1924 1739 nomini
1954 1712 2025 1739 suo

127 1754 273 1799 illatas.
301 1759 341 1794 et
365 1753 646 1806 indignaretur
669 1766 790 1806 super
814 1754 885 1794 his.
938 1756 953 1778 5
978 1754 1032 1794 At
1058 1754 1326 1799 Machabaeus.
1355 1761 1597 1809 congregata
1622 1756 1894 1801 multitudine.
1922 1757 2026 1797 11110-

127 1812 301 1854 lerabilis
335 1812 524 1866 gentibus
561 1812 830 1852 efficiebatur:
868 1812 923 1853 113
960 1812 1065 1852 9111111
1101 1813 1265 1853 Domini
1301 1813 1341 1853 in
1376 1814 1689 1855 misericordiam
1725 1828 1917 1855 conversa
1952 1820 2023 1855 est.

130 1874 145 1896 6
163 1872 218 1912 Ε1
237 1871 524 1924 superveniens
544 1870 730 1918 castellis,
751 1875 792 1911 et
810 1870 1046 1911 civitatibus
1067 1871 1320 1924 improvisus,
1342 1873 1614 1913 succendebat
1632 1886 1715 1913 eas:
1737 1878 1776 1913 et
1796 1880 2027 1926 opportuna

126 1930 216 1971 loca
242 1943 456 1983 occupans,
484 1943 564 1970 non
592 1941 742 1982 paucas
768 1929 946 1970 hostium
974 1935 1126 1983 strages
1154 1930 1298 1970 dabat:
1356 1932 1369 1953 ⁷
1395 1931 1570 1971 maxime
1597 1936 1734 1971 autem
1760 1931 1946 1972 noctibus
1974 1931 2024 1971 ad

128 1988 407 2029 huiuscemodi
439 2001 629 2028 excursus
662 1988 880 2029 ferebatur.
917 1993 956 2028 et
989 1988 1099 2028 fama
1132 1988 1296 2029 virtutis
1330 1989 1412 2029 eius
1446 1989 1595 2043 ubique
1628 1989 1943 2030 diffundebatur.

234 2065 249 2087 s
270 2063 420 2104 Videns
444 2068 581 2103 autem
603 2062 814 2116 Philippus
837 2063 1036 2116 paulatim
1060 2063 1190 2103 virum
1214 2065 1264 2103 ad
1286 2064 1513 2116 profectum
1536 2064 1683 2111 venire,
1708 2078 1752 2105 ac
1774 2065 2023 2118 frequentius
2044 2069 2213 2108 ¹110¹⁰¹¹¹2ffi¹³

128 2135 188 2163 res
217 2122 251 2162 ei
280 2122 418 2162 cedere
446 2134 647 2174 prospere,
679 2122 731 2162 ad
759 2121 1025 2162 Ptolemaeum
1054 2122 1198 2162 ducem
1227 2122 1463 2175 Coelesyriae,
1495 2128 1534 2162 et
1563 2123 1763 2164 Phoenicis
1792 2123 1949 2176 scripsit
1978 2104 2217 2169 utffldlissigiii

128 2180 324 2221 auxilium
358 2180 479 2220 ferret
512 2179 613 2233 regis
648 2180 829 2233 negotiis.
894 2182 909 2204 9
942 2181 997 2220 At
1030 2180 1093 2220 ille
1127 2180 1319 2221 velociter
1351 2181 1460 2221 misit
1495 2181 1734 2222 Nicanorem
1767 2181 1943 2222 Patrocli
1976 2182 2025 2222 de
2079 2175 2177 2199 ”mm

127 2239 370 2293 primoribus
407 2239 594 2286 amicum,
632 2238 738 2279 datis
774 2239 809 2279 ei
843 2239 892 2279 de
926 2239 1128 2291 permistis
1162 2239 1363 2291 gentibus.
1401 2240 1566 2279 armatis
1602 2253 1682 2281 non
1716 2240 1848 2280 minus
1884 2239 2027 2292 viginti

127 2297 317 2345 millibus,
340 2302 386 2338 ut
407 2295 641 2337 universum
666 2297 894 2338 Iudaeorum
914 2310 1038 2350 genus
1060 2296 1221 2342 deleret.
1245 2297 1437 2337 adiuncto
1459 2298 1493 2337 ei
1514 2304 1553 2338 et
1574 2298 1721 2351 Gorgia
1742 2298 1826 2338 viro
1848 2297 2023 2340 militari.

128 2361 169 2397 et
189 2356 230 2396 in
252 2356 401 2397 bellicis
422 2356 541 2397 rebus
563 2356 922 2409 experientissimo.
974 2358 1008 2379 1⁰
1029 2355 1250 2396 Constituit
1272 2361 1409 2395 autem
1434 2356 1618 2398 Nicanor.
1643 2362 1687 2396 ut
1708 2356 1789 2409 regi
1811 2355 2023 2403 tributum,

129 2415 238 2468 quod
276 2414 471 2456 Romanis
509 2420 596 2455 erat
633 2415 827 2459 dandum.
868 2414 947 2455 duo
986 2413 1110 2454 millia
1147 2413 1393 2454 talentorum
1432 2414 1480 2454 de
1517 2414 1758 2467 captivitate
1797 2414 2024 2454 Iudaeorum

127 2473 351 2527 suppleret:
406 2475 436 2497 11
463 2473 686 2526 statimque
713 2474 765 2514 ad
790 2472 1014 2513 maritimas
1042 2472 1228 2513 civitates
1254 2472 1376 2515 misit.
1400 2485 1626 2513 convocans
1653 2473 1705 2513 ad
1730 2471 2025 2524 coemptionem

130 2532 388 2573 Iudaicorum
411 2532 719 2585 mancipiorum.
745 2532 988 2585 promittens
1011 2544 1052 2571 se
1075 2531 1296 2584 nonaginta
1319 2530 1522 2583 mancipia
1545 2531 1698 2571 talento
1722 2531 2023 2572 distracturum.

128 2604 210 2632 non
236 2590 450 2644 respiciens
479 2591 530 2631 ad
558 2591 796 2637 vindicta-m,
828 2603 916 2643 quae
944 2603 1035 2630 eum
1064 2590 1114 2630 ab
1143 2589 1434 2643 Omnipotente
1462 2595 1565 2630 esset
1593 2594 1867 2630 consecutura.

232 2667 264 2690 1²
289 2665 411 2706 Iudas
435 2671 572 2706 autem
597 2666 666 2707 ubi
690 2666 898 2719 comperit.
924 2665 1120 2706 indicavit
1144 2664 1216 2708 his.
1244 2664 1311 2717 qui
1334 2678 1469 2704 secum
1493 2670 1619 2709 913111,
1647 2663 1790 2703 Ιι1(11913
1816 2662 2022 2702 Nicanoris
2084 2664 2171 2688 1¹1d³⁵

128 2724 365 2765 adventum.
424 2726 456 2748 ¹³
485 2725 548 2765 Ex
578 2725 724 2778 quibus
755 2724 921 2778 quidam
950 2724 1228 2768 formidantes.
1261 2728 1300 2763 et
1329 2736 1409 2764 non
1439 2723 1644 2762 credentes
1674 2721 1748 2761 Dei
1777 2720 1952 2763 iustitiae.
1983 2720 2023 2760 in
2077 2699 2178 2773 nssiiiif'

127 2783 267 2836 fugam
285 2783 570 2823 vertebantur:
617 2785 648 2807 1⁴
665 2783 732 2823 alii
749 2796 843 2824 vero
861 2783 893 2823 si
912 2782 1008 2836 quid
1026 2782 1079 2822 eis
1097 2786 1306 2835 supererat
1324 2781 1568 2824 vendebant.
1588 2779 1785 2832 simulque
1802 2778 2023 2819 Dominum
2046 2772 2209 2795 ⁰⁰¹¹¹Oft⁸¹¹÷

128 2841 455 2894 deprecabantur
486 2846 532 2882 111
564 2841 736 2895 eriperet
767 2855 833 2883 903
866 2842 917 2882 ab
949 2841 1073 2894 impio
1107 2840 1317 2885 Nicanore,
1353 2839 1420 2892 qui
1452 2852 1516 2879 eos
1550 2838 1657 2891 prius
1691 2850 1813 2890 quam
1845 2836 2025 2878 cominus

128 2899 297 2947 veniret,
327 2900 586 2943 vendiderat:
643 2902 674 2924 ¹5
702 2906 742 2940 91
770 2900 802 2940 31
829 2913 910 2941 11011
939 2904 1104 2952 propter
1131 2912 1209 2942 eos,
1238 2903 1405 2952 propter
1432 2902 1723 2937 testamentum
1752 2901 1889 2935 tamen
1919 2895 2027 2947 quod

128 2963 216 2998 erat
246 2958 298 2998 ad
328 2963 464 3011 patres
496 2972 647 3007 eorum,
681 2964 720 2999 et
750 2964 918 3012 propter
947 2957 1248 2999 invocationem
1280 2956 1409 2997 sancti
1440 2961 1479 2996 et
1509 2954 1712 3007 magnifici
1741 2953 1914 2994 nominis
1946 2952 2028 2993 eius

128 3029 249 3070 super
268 3016 387 3069 ipsos
439 3019 473 3041 ¹⁶
494 3017 737 3058 Convocatis
760 3023 898 3058 autem
919 3016 1177 3057 Machabaeus
1199 3020 1354 3067 septem
1375 3013 1563 3057 millibus.
1589 3012 1657 3066 qui
1678 3025 1769 3052 cum
1791 3012 1877 3065 ipso
1899 3016 2026 3053 erant.

127 3075 300 3128 rogabat
329 3088 379 3115 ne
408 3074 594 3116 hostibus
623 3075 990 3120 reconciliarentur.
1022 3087 1153 3127 neque
1183 3077 1411 3113 metuerent
1442 3071 1576 3124 inique
1607 3070 1856 3111 venientium
1888 3069 2028 3109 adver-

128 3146 218 3173 sum
242 3146 283 3174 39
306 3133 486 3174 hostium
511 3133 830 3182 multitudinem,
858 3134 927 3174 sed
951 3132 1113 3174 fortiter
1136 3131 1438 3174 contenderent.
1495 3131 1528 3153 ¹⁷
1554 3134 1649 3170 ante
1674 3128 1808 3170 oculos
1833 3128 2028 3168 habentes

129 3191 430 3240 contumeliam,
454 3205 544 3245 quae
562 3191 649 3233 loco
670 3198 812 3233 saneto
834 3193 885 3233 ab
905 3192 965 3232 his
986 3191 1134 3231 iniuste
1155 3194 1258 3230 esset
1277 3188 1403 3231 illata.
1426 3188 1605 3241 itemque
1626 3193 1665 3228 et
1685 3185 1857 3228 ludibrio
1878 3185 2029 3225 habitae

128 3249 307 3290 civitatis
336 3249 537 3294 iniuriam.
570 3250 703 3291 adhuc
731 3250 855 3291 etiam
886 3255 1070 3290 veterum
1099 3248 1291 3288 instituta
1319 3246 1524 3287 convulsa.
1582 3248 1616 3270 1⁸
1647 3246 1750 3286 Nam
1781 3244 1835 3284 illi
1866 3243 2024 3304 quidem

128 3307 249 3348 armis
281 3308 505 3355 confidunt,
539 3308 608 3354 ait.
642 3308 762 3349 simul
792 3315 832 3349 et
863 3308 1052 3349 audacia:
1084 3320 1156 3347 1103
1188 3311 1325 3346 31119111
1356 3305 1396 3344 111
1428 3304 1707 3358 omnipotente
1738 3301 1925 3343 Domino.
1960 3312 2025 3352 qm

127 3370 265 3419 potest
293 3371 334 3408 et
362 3366 571 3407 venientes
601 3367 818 3408 adversum
847 3380 932 3411 1103,
963 3372 1003 3407 91
1032 3365 1265 3406 universum
1294 3363 1493 3403 mundum
1523 3376 1602 3403 uno
1632 3367 1735 3402 nutu
1764 3360 1903 3401 delere.
1935 3369 2024 3397 con-

127 3424 302 3466 fidimus.
354 3427 389 3450 ¹⁹
411 3425 638 3466 Admonuit
662 3430 800 3466 autem
824 3438 890 3466 eos
914 3429 954 3465 et
977 3425 1026 3465 de
1049 3423 1206 3464 auxiliis
1230 3421 1316 3467 Dei.
1344 3435 1433 3474 quae
1454 3421 1564 3461 facta
1587 3426 1681 3460 sunt
1705 3431 1796 3471 erga
1819 3420 2021 3469 parentes:
