2356 3760
98 130 126 169 τ,
152 129 271 167 51ης,
298 129 341 162 30
948 126 1139 158 xciii-:ai
1914 131 1988 170 115

95 222 262 275 plenum
288 222 468 262 incenso:
521 222 552 245 ⁵1
578 220 722 259 bovem
750 219 798 259 (10
824 226 1018 261 3111101110,
1047 224 1086 259 01
1113 219 1289 261 arietem.
1318 224 1359 259 et
1384 232 1531 271 agnum
1559 221 1789 261 anniculum
1814 223 1854 262 in
1879 222 1988 263 holo-

96 289 301 321 caustum:
358 282 390 304 52
420 280 656 330 hircumque
686 291 757 330 pro
788 283 973 330 peccato:
1030 280 1062 301 ³¹³
1092 282 1133 317 et
1162 278 1201 317 iu
1232 277 1385 317 hostias
1415 277 1688 330 pacificorum,
1722 280 1843 320 boves
1874 281 1985 322 (11103.

97 340 238 380 3110103
263 339 450 392 quinque.
474 337 604 377 hircos
628 337 817 389 quinque.
843 348 965 388 agnos
989 335 1195 376 anniculos
1219 336 1408 389 quinque.
1431 335 1516 376 haec
1537 335 1615 375 fuit
1638 336 1788 377 oblatio
1810 338 1990 380 Elisama

99 397 167 438 filii
195 397 400 438 Ammiud.

199 458 231 481 54
251 457 325 496 Die
347 460 504 497 octavo.
528 454 712 506 princeps
737 452 909 493 filiorum
930 453 1126 499 Manasse.
1151 452 1347 494 Gamaliel
1370 452 1474 493 filius
1495 453 1737 496 Pliadassur.
1787 456 1818 478 55
1840 455 1989 495 obtulit

97 514 354 556 acetabulum
397 517 632 566 argenteum
675 512 907 566 appendens
950 518 1114 552 centum
1156 512 1324 564 triginta
1364 511 1490 556 siclos.
1535 512 1714 564 phialam
1757 518 1989 566 argenteam

96 574 314 614 habentem
340 571 599 625 septuaginta
627 570 741 611 siclos
771 571 821 610 ad
847 571 1006 623 pondus
1034 570 1274 613 Sanctuarii.
1304 576 1523 623 utrumque
1550 570 1715 623 plenum
1741 571 1873 611 simila·
1899 585 1991 612 con-

97 644 232 686 3110133
252 630 337 671 0100
356 631 398 671 10
417 629 678 670 sacrificium:
726 631 761 653 ⁵⁶
780 629 1060 669 mortariolum
1081 642 1247 669 aureum
1268 629 1500 682 appendens
1521 629 1658 669 decem
1678 630 1804 679 siclos,
1826 630 1990 683 plenum

97 692 274 732 incenso:
327 691 361 713 5⁷
386 689 534 730 bovem
559 688 607 728 de
632 694 828 732 armento.
855 694 896 728 01
921 688 1098 730 arietem.
1127 694 1165 728 et
1191 701 1341 741 agnum
1367 687 1599 728 anniculum
1623 688 1663 728 in
1688 688 1989 729 holocaustum:

95 750 130 773 58
149 749 386 802 hircumque
404 760 476 801 1110
496 752 682 800 peccato:
729 748 765 770 5⁹
784 752 824 787 et
842 747 883 787 in
902 747 1055 787 hostias
1076 746 1338 799 pacificorum
1358 747 1481 787 boves
1501 747 1613 789 duos.
1636 747 1777 787 arietes
1800 748 1988 800 quinque.

95 808 225 848 hircos
248 807 437 861 quinque.
463 819 586 859 agnos
610 805 815 846 anniculos
840 806 1029 859 quinque.
1054 806 1137 846 haec
1159 806 1237 846 fuit
1260 805 1411 845 oblatio
1435 805 1631 846 Gamaliel
1656 805 1725 845 filii
1752 806 1988 846 phadassur.

204 880 240 902 ⁶⁰
266 878 342 918 Die
371 890 477 918 nono
507 877 691 930 princeps
724 876 897 917 filiorum
929 876 1151 919 Beniamin.
1183 876 1345 917 Abidan
1378 875 1480 916 filius
1511 875 1721 923 Gedeonis,
1783 878 1812 899 ‘⁵¹
1843 875 1991 916 obtulit

97 936 356 978 acetabulum
398 941 635 989 argenteum
677 936 910 989 appendens
953 941 1117 976 0011111111
1160 935 1327 988 triginta
1368 934 1494 977 310103,
1539 933 1717 987 phialam
1760 941 1993 988 argenteam

97 996 316 1036 habentem
355 995 617 1048 septuaginta
657 993 770 1035 siclos
812 994 864 1034 ad
903 994 1062 1047 pondus
1102 994 1342 1036 Sanctuarii.
1401 998 1619 1046 utrumque
1660 992 1824 1046 plenum
1864 992 1993 1034 simila

97 1068 312 1108 conspersa
337 1053 422 1095 oleo
448 1053 489 1094 in
515 1053 776 1094 sacrificium:
833 1054 864 1077 ⁶²
890 1058 931 1093 et
956 1053 1236 1094 mortariolum
1263 1066 1428 1093 aureum
1455 1052 1688 1105 appendens
1715 1052 1853 1093 decem
1878 1052 1994 1093 siclos

97 1113 261 1167 plenum
285 1113 465 1154 incenso:
522 1114 553 1137 ⁶3
578 1113 725 1153 bovem
751 1113 799 1152 de
825 1117 1020 1157 armento.
1048 1116 1089 1153 et
1114 1112 1292 1156 arietem.
1320 1116 1361 1152 01
1386 1124 1535 1165 agnum
1561 1110 1794 1151 anniculum
1818 1111 1859 1151 in
1884 1110 1994 1152 holo-

97 1178 302 1213 caustum:
364 1173 396 1196 64
425 1171 663 1225 hircumque
694 1184 765 1224 pro
796 1176 982 1224 peccato:
1044 1172 1075 1195 ⁶5
1106 1177 1145 1211 et
1176 1171 1216 1211 in
1248 1170 1399 1211 hostias
1431 1170 1693 1223 pacificorum
1725 1171 1847 1210 boves
1879 1170 1991 1212 duos.

97 1231 240 1272 arietes
264 1231 454 1285 quinque.
480 1229 609 1271 hircos
635 1230 824 1283 quinque.
852 1243 974 1283 agnos
999 1229 1204 1270 anniculos
1231 1230 1420 1283 quinque.
1446 1229 1530 1269 haec
1554 1228 1632 1268 fuit
1656 1228 1807 1269 oblatio
1831 1229 1993 1270 Abidan

99 1289 169 1330 filii
198 1289 408 1332 Gedeonis.

204 1350 239 1372 ὃὸ
266 1349 341 1389 Die
371 1348 525 1389 decimo
555 1348 739 1401 princeps
772 1347 944 1388 filiorum
974 1348 1077 1391 Dan.
1109 1348 1278 1388 Ahiezer
1309 1346 1412 1387 filius
1442 1346 1722 1387 Ammisaddai
1781 1348 1814 1370 ⁶⁷
1844 1345 1995 1387 obtulit

98 1407 357 1449 acetabulum
400 1413 635 1460 argenteum
679 1407 910 1459 appendens
955 1412 1118 1447 centum
1161 1406 1329 1455 triginta
1370 1405 1496 1449 siclos,
1540 1405 1719 1459 phialam
1762 1410 1995 1459 argenteam

96 1467 318 1507 habentem
358 1466 616 1520 septuaginta
658 1464 784 1508 siclos.
828 1465 880 1506 ad
919 1465 1077 1519 pondus
1119 1465 1359 1513 Sanctuarii,
1402 1470 1621 1518 utrumque
1662 1464 1826 1517 plenum
1867 1464 1997 1505 simila

98 1539 312 1579 conspersa
344 1524 429 1566 oleo
462 1524 503 1565 in
537 1524 796 1565 sacrificium:
861 1525 895 1547 *⁰¹³
928 1524 1208 1565 mortariolum
1242 1537 1409 1564 aureum
1443 1524 1675 1577 appendens
1710 1524 1847 1564 decem
1881 1523 1995 1564 310103

97 1584 262 1638 1110011111
287 1584 467 1624 incenso:
523 1585 558 1607 ‘³⁹
582 1584 728 1624 bovem
754 1583 802 1624 de
829 1588 1024 1627 armento.
1052 1588 1091 1623 et
1117 1583 1295 1626 arietem.
1323 1587 1363 1623 et
1388 1596 1537 1636 agnum
1563 1582 1795 1623 anniculum
1820 1582 1861 1622 in
1886 1582 1996 1623 holo-

98 1649 303 1684 caustum:
365 1644 400 1666 70
429 1643 665 1696 hircumque
696 1655 768 1695 pro
798 1648 983 1696 peccato:
1046 1644 1073 1665 ⁷¹
1107 1648 1147 1683 et
1177 1642 1217 1682 111
1249 1642 1400 1682 11031133
1432 1641 1694 1695 pacificorum
1727 1642 1848 1682 boves
1880 1642 1993 1686 duos.

98 1702 241 1742 arietes
266 1702 456 1756 quinque.
481 1702 610 1742 hircos
636 1701 825 1754 quinque.
852 1715 974 1755 agnos
999 1701 1205 1742 anniculos
1231 1701 1420 1754 quinque.
1445 1701 1529 1741 haec
1552 1701 1629 1741 fuit
1653 1700 1804 1741 oblatio
1828 1700 1997 1741 Ahiezer

100 1760 169 1801 filii
198 1760 490 1801 Ammisaddai.

205 1833 236 1855 ⁷2
269 1831 346 1872 Die
380 1832 592 1872 undecimo
628 1831 811 1884 princeps
850 1830 1021 1871 filiorum
1057 1831 1166 1873 Aser.
1218 1830 1379 1884 Phegiel
1416 1830 1519 1870 filius
1554 1830 1715 1870 Ochran
1780 1831 1811 1853 ⁷3
1845 1829 1996 1870 obtulit
2019 1845 2033 1861 τι

99 1890 357 1931 acetabulum
401 1896 635 1944 argenteum
679 1890 911 1944 appendens
955 1896 1119 1930 centum
1162 1890 1328 1943 triginta
1371 1889 1497 1935 siclos.
1543 1888 1720 1942 phialam
1763 1894 1997 1942 argenteam

98 1950 318 1991 habentem
344 1950 603 2003 septuaginta
632 1949 746 1989 siclos
775 1950 825 1989 ad
853 1949 1011 2002 pondus
1039 1949 1280 1992 Sanctuarii.
1310 1954 1529 2001 utrumque
1559 1947 1721 2000 plenum
1748 1947 1876 1988 simila
1906 1961 1997 1988 con-

98 2021 235 2061 spersa
256 2008 340 2049 oleo
362 2008 403 2049 in
425 2008 686 2048 sacrificium:
739 2009 771 2031 ⁷⁴
791 2007 1071 2047 mortariolum
1093 2020 1259 2048 aureum
1282 2007 1514 2060 appendens
1537 2007 1675 2047 decem
1696 2006 1810 2047 siclos
1832 2006 1996 2060 plenum

98 2067 278 2107 incenso:
335 2069 365 2090 ⁷5
391 2068 536 2107 bovem
562 2067 610 2106 010
636 2075 831 2113 armento,
859 2072 899 2106 et
924 2065 1102 2109 arietem.
1130 2072 1170 2106 et
1195 2079 1344 2119 agnum
1370 2065 1603 2107 anniculum
1629 2066 1668 2105 in
1693 2065 1995 2106 holocaustum:

101 2127 136 2149 ⁷⁶
153 2126 391 2178 hircumque
410 2138 481 2178 pro
500 2130 686 2178 peccato:
737 2126 770 2147 77
790 2129 828 2165 01
848 2125 888 2164 iu
909 2125 1061 2165 hostias
1081 2124 1345 2178 pacificorum
1364 2125 1486 2165 boves
1507 2124 1618 2166 duos.
1641 2124 1784 2164 3110103
1805 2124 1994 2178 quinque.

97 2184 226 2225 hircos
261 2184 450 2237 quinque.
486 2197 609 2237 agnos
643 2183 849 2224 anniculos
884 2184 1073 2237 quinque.
1109 2184 1193 2224 haec
1225 2183 1304 2224 fuit
1337 2183 1488 2224 oblatio
1522 2183 1683 2236 Phegicl
1721 2183 1787 2223 filii
1821 2183 1993 2224 Ochran.

205 2255 239 2278 :s
266 2255 342 2295 Die
370 2254 608 2295 duodecimo
637 2254 821 2308 princeps
853 2254 1026 2295 filiorum
1057 2253 1289 2307 Nephthali,
1320 2254 1443 2294 Ahira
1476 2254 1578 2294 filius
1608 2254 1725 2294 Euan
1784 2256 1818 2276 ⁷⁹
1846 2254 1997 2294 obtulit

98 2314 357 2354 acetabulum
400 2318 635 2367 argenteum
679 2313 911 2367 appendens
955 2319 1118 2353 centum
1162 2313 1329 2366 triginta
1370 2312 1496 2356 siclos.
1542 2313 1719 2366 phialam
1763 2318 1996 2366 argenteam

98 2372 318 2413 habentem
345 2373 606 2426 septuaginta
633 2372 747 2413 siclos
776 2372 828 2412 ad
855 2372 1014 2425 pondus
1042 2372 1282 2415 Sanctuarii.
1314 2378 1532 2425 utrumque
1560 2371 1725 2425 plenum
1753 2372 1884 2412 simila
1912 2372 1996 2413 0100

99 2444 313 2484 0003110133
335 2432 375 2472 10
398 2431 658 2472 sacrificium:
713 2433 748 2454 ⁸⁰
770 2431 1049 2472 mortariolum
1073 2444 1239 2472 aureum
1263 2431 1496 2485 appendens
1520 2431 1657 2472 decem
1680 2430 1806 2477 siclos.
1831 2430 1997 2484 plenum

99 2491 279 2531 incenso:
336 2492 365 2514 ⁸¹
391 2491 539 2531 bovem
564 2491 612 2531 de
638 2496 832 2537 armento,
861 2496 900 2531 et
926 2490 1104 2535 arietem.
1131 2495 1171 2531 et
1196 2503 1346 2543 agnum
1372 2490 1604 2530 anniculum
1629 2490 1668 2530 in
1694 2490 1995 2531 holocaustum:

103 2551 134 2573 8²
153 2550 390 2603 hircumque
410 2563 481 2603 pro
500 2554 686 2603 peccato:
737 2551 769 2574 ⁸3
788 2555 829 2590 et
846 2549 887 2590 in
906 2549 1059 2590 hostias
1079 2549 1343 2602 pacificorum
1363 2550 1485 2590 boves
1505 2549 1617 2590 duos.
1640 2549 1783 2590 arietes
1805 2550 1993 2603 quinque.

98 2608 227 2649 hircos
252 2609 441 2662 quinque.
467 2622 590 2662 agnos
615 2608 820 2649 anniculos
846 2609 1035 2662 quinque.
1060 2609 1145 2649 haec
1167 2609 1245 2649 fuit
1269 2608 1420 2649 oblatio
1445 2608 1569 2648 Ahira
1595 2608 1663 2648 filii
1687 2608 1816 2649 Enan.

205 2680 236 2703 ’Ἴ
268 2678 365 2719 Haec
396 2680 436 2719 in
467 2679 720 2719 dedicatione
752 2679 889 2719 altaris
921 2678 1060 2719 oblata
1090 2684 1186 2719 sunt
1217 2693 1240 2719 a
1270 2679 1517 2732 principibus
1552 2678 1685 2726 Israel,
1733 2679 1773 2718 10
1805 2678 1868 2719 (110
1915 2691 1996 2731 qua

99 2743 378 2778 consecratum
407 2743 478 2779 031.
509 2738 721 2778 acetabula
750 2743 938 2791 argentea
968 2738 1199 2779 duodecim:
1229 2737 1375 2791 phialae
1403 2742 1601 2791 argenteae
1629 2737 1860 2778 duodecim:
1892 2750 1994 2777 mor-

98 2796 243 2837 tariola
273 2810 395 2837 aurea
425 2797 656 2838 duodecim:
717 2798 749 2821 85
778 2797 837 2837 ita
868 2802 915 2837 ut
945 2802 1109 2837 centum
1140 2797 1308 2850 triginta
1338 2797 1452 2837 siclos
1485 2796 1640 2850 argenti
1670 2796 1839 2836 haberet
1868 2809 1996 2836 unum

99 2855 370 2904 acetabulum,
395 2860 436 2896 et
457 2856 718 2909 septuaginta
739 2855 853 2896 siclos
876 2855 1044 2896 haberet
1064 2869 1147 2896 una
1168 2855 1322 2909 phiala:
1346 2856 1387 2896 id
1409 2861 1480 2901 est.
1504 2856 1545 2896 10
1568 2867 1781 2896 commune
1804 2867 1994 2895 vasorum

99 2914 280 2954 onmium
299 2928 349 2956 ex
368 2919 534 2968 argento
554 2914 637 2955 sicli
657 2915 736 2956 duo
757 2914 881 2955 millia
902 2915 1199 2968 quadringenti,
1220 2915 1397 2968 pondere
1416 2913 1657 2955 Sanctuarii.
1708 2915 1743 2937 ⁵³⁶
1762 2913 1993 2955 mortariola

98 2986 220 3014 aurea
253 2973 466 3014 duodecim
499 2973 619 3027 plena
651 2974 813 3014 incenso
848 2974 971 3015 denos
1005 2973 1120 3015 siclos
1155 2974 1430 3027 appendentia
1463 2973 1638 3027 pondere
1673 2972 1919 3013 Sanctuarii:
1955 2973 1997 3013 id

99 3036 170 3080 031,
192 3031 311 3072 simul
331 3033 417 3073 auri
435 3032 518 3073 sicli
539 3038 703 3073 centum
722 3032 884 3085 viginti:
935 3034 969 3056 ⁸⁷
989 3033 1112 3074 boves
1132 3033 1181 3074 de
1201 3037 1385 3073 armento
1404 3033 1446 3073 in
1464 3032 1748 3073 holocaustum
1768 3031 1993 3080 duodecim,

98 3090 241 3131 arietes
275 3091 500 3141 duodecim,
536 3091 628 3145 agni
661 3091 837 3132 anniculi
869 3091 1095 3140 duodecim,
1131 3097 1172 3132 et
1203 3091 1428 3132 libamenta
1460 3103 1616 3131 eorum:
1650 3090 1749 3131 hirci
1782 3090 1996 3131 duodecim

98 3162 171 3202 pro
196 3154 376 3203 peccato.
433 3151 468 3173 ss
494 3150 541 3190 ln
565 3150 719 3191 hostias
744 3149 1020 3204 pacificorum,
1048 3151 1171 3191 boves
1197 3150 1342 3203 viginti
1368 3154 1575 3203 quattuor,
1603 3149 1746 3190 arietes
1771 3149 1994 3203 sexaginta,

97 3207 197 3248 hirci
227 3209 449 3262 Sexaginta.
483 3209 575 3262 agni
605 3208 780 3250 anniculi
810 3209 1033 3262 sexaginta.
1068 3209 1164 3250 Haec
1195 3209 1334 3250 oblata
1363 3213 1460 3249 31101
1487 3209 1529 3249 10
1559 3208 1813 3249 dedicatione
1844 3207 1995 3257 altaris,

99 3267 262 3320 quando
292 3273 463 3308 unctum
492 3274 564 3308 031.

205 3339 239 3361 8⁹
259 3338 441 3391 Cumque
460 3337 736 3391 ingrederetur
754 3337 913 3391 Moyses
934 3337 1243 3378 tabernaculum
1263 3337 1437 3384 foederis.
1460 3342 1507 3378 ut
1526 3336 1752 3379 consuleret
1772 3336 1990 3379 oraculum.

97 3396 291 3437 audiebat
314 3409 456 3437 vocem
478 3396 682 3449 loquentis
707 3396 759 3436 ad
782 3409 822 3436 se
847 3396 895 3437 de
918 3396 1201 3449 propitiatorio
1228 3397 1337 3450 quod
1360 3401 1447 3438 erat
1471 3409 1590 3450 super
1613 3408 1748 3436 arcam
1771 3396 1991 3437 testimonii

96 3455 201 3495 111101·
229 3455 329 3496 duos
357 3454 585 3496 Cherubim.
616 3455 723 3495 unde
752 3459 792 3495 01.
818 3454 1063 3507 loquebatur
1090 3455 1136 3496 ei.

1734 3523 1783 3562 3*

2022 474 2036 490 a
2060 466 2098 491 Ga
2105 474 2162 491 mu-

2065 502 2119 531 1101,

2017 884 2052 908 ah
2076 884 2197 910 Abidm.

2009 1358 2045 1382 ab
2061 1357 2186 1383 ‚thiezext

2060 1837 2180 1867 l'hegiel,

2021 2260 2057 2284 ab
2080 2259 2178 2286 Ahira:

2016 2692 2130 2711 munera
2155 2686 2182 2710 iu

2027 2728 2170 2746 summani

2009 2757 2188 2788 rediguntur;

2042 3342 2153 3371 Moyses

1970 3395 1991 3401 ..
2012 3382 2111 3401 vocem
2133 3376 2182 3400 Dei

2024 3412 2169 3436 audiebat.
