2356 3760
269 206 345 245 900
1085 200 1361 234 PROPHETIA
1964 205 1995 243 1,
2021 204 2141 244 14-3,
2166 204 2186 236 4

266 295 370 335 Εο00
393 295 442 335 (10
464 293 614 335 labore.
640 298 681 333 et
703 292 931 333 exufflastis
954 291 1065 335 illud.
1091 291 1191 332 dicit
1212 291 1414 332 Dominus
1437 292 1703 341 exercituum,
1729 298 1770 333 et
1791 293 1987 336 intulistis
2010 296 2060 336 de
2081 295 2187 349 rapi-

265 354 326 393 nis
350 352 555 394 claudum.
582 358 623 392 et
644 351 897 405 languidum.
924 354 964 390 et
987 349 1182 390 intulistis
1207 363 1373 391 munus:
1398 350 1601 404 numquid
1624 351 1842 405 suscipiam
1866 351 1966 393 illud
1989 354 2039 394 de
2061 367 2187 394 manu

266 417 415 458 vestra,
445 411 545 452 dicit
570 409 797 451 Dominus?
854 410 884 432 ¹⁴
910 407 1153 449 Maledictus
1181 407 1356 458 dolosus,
1387 409 1456 462 qui
1482 409 1609 450 habet
1634 409 1675 450 in
1701 423 1819 464 grege
1846 424 1918 452 suo
1945 412 2184 460 masculum,

267 475 308 511 et
337 476 481 511 votum
511 469 662 511 faciens
692 466 879 507 immolat
908 466 1039 507 debile
1068 467 1265 508 Domino:
1297 467 1394 521 quia
1423 467 1512 508 Rex
1540 481 1713 523 magnus
1742 482 1826 522 ego,
1857 469 1958 511 dicit
1985 470 2187 512 Dominus

267 529 533 571 exercituum.
569 533 609 567 et
640 538 789 566 nomen
821 538 958 566 meum
989 525 1181 567 horribile
1212 526 1253 567 in
1284 526 1499 567 Gentibus,

112 588 215 648 ¹1¹3'lss‘3'3‘
375 587 413 630 2.
473 589 479 610 ¹
512 586 566 626 Et
595 597 702 625 nunc
732 584 784 624 ad
813 596 885 625 vos
913 585 1159 625 mandatum
1190 585 1276 633 1100,
1308 598 1330 626 0
1359 585 1601 626 sacerdotes.
1659 587 1673 609 2
1707 585 1767 627 :181
1795 585 2005 627 nolueritis
2034 587 2185 637 audire,

83 640 241 687 cursantur:
271 646 356 687 etsi
373 645 581 687 nolueritis
597 656 746 696 ponere
761 656 882 696 super
893 648 1022 684 corut
1036 643 1141 684 detis
1156 643 1324 697 gloriam
1341 643 1498 684 nomini
1510 656 1613 693 meo,
1627 645 1687 685 ait
1698 644 1900 686 Dominus
1915 646 2187 687 exercituum:

269 705 435 745 mittam
454 704 494 744 in
513 716 585 744 vos
608 707 844 756 egestatem,
873 707 913 742 et
939 701 1181 743 maledicam
1207 702 1561 743 benedictionibus
1580 703 1738 753 vestris,
1765 708 1806 744 et
1829 703 2071 746 maledicam
2090 704 2186 745 illis:

269 763 462 817 quoniam
481 775 563 803 non
581 761 774 815 posuistis
793 774 914 814 super
931 774 1009 802 cor.
1051 764 1066 785 ³
1081 761 1186 802 Ecce
1203 774 1275 815 ego
1294 761 1505 814 proiiciam
1524 761 1640 802 vobis
1660 762 1884 811 brachium,
1898 768 1940 804 et
1958 763 2189 817 dispergam

267 834 388 875 super
422 820 584 862 vultum
614 825 797 861 vestrum
832 826 987 861 stercus
1018 819 1343 861 sollemnitatum
1372 825 1615 867 vestrarum,
1649 825 1690 861 et
1724 826 1906 862 assumet
1933 834 2006 863 vos
2037 834 2186 863 secum.

81 885 244 935 ‘·⁸2·¹3¹}7¹¹¹¹¹¹
375 882 389 904 ⁴
418 880 474 921 Et
503 880 636 921 scietis
667 879 763 933 quia
790 879 881 920 misi
910 879 962 920 ad
992 890 1064 920 vos
1093 879 1338 920 mandatum
1368 878 1491 928 istud,
1523 883 1570 920 ut
1598 884 1704 920 esset
1731 885 1901 934 pactum
1929 894 2067 922 meum
2097 894 2190 922 cum

84 927 240 980 sas-{hism-
270 939 380 983 Levi.
411 939 509 979 dicit
538 938 739 980 Dominus
767 938 1033 979 exercituum.
1089 940 1103 961 5
1131 938 1305 979 Pactum
1333 951 1470 979 meum
1498 938 1578 979 fuit
1605 951 1697 979 cum
1726 951 1771 980 eo
1800 939 1896 980 vitae
1923 944 1965 980 et
1990 939 2120 993 pacis:
2149 944 2191 980 et

77 998 246 1056 ...‚,¹,'J,'1¹,¹111r,
270 998 363 1039 dedi
392 998 426 1038 ei
455 998 656 1045 timorem,
688 1002 728 1037 ct
757 997 897 1037 timuit
926 1010 1001 1045 me,
1033 1003 1071 1037 et
1102 1010 1125 1037 a
1152 996 1255 1037 facie
1282 996 1458 1038 nominis
1487 996 1566 1037 mei
1594 997 1787 1050 pavebat.
1847 1000 1862 1022 ⁶
1890 998 1975 1039 Lex
2004 998 2190 1039 veritatis

268 1056 348 1097 fuit
373 1057 411 1097 in
438 1069 504 1098 ore
529 1056 624 1103 eius,
652 1060 693 1095 et
717 1055 913 1108 iniquitas
937 1069 1019 1096 non
1045 1061 1106 1096 est
1129 1055 1301 1097 inventa
1324 1055 1365 1096 in
1388 1055 1506 1096 labiis
1531 1055 1634 1097 cius:
1660 1056 1701 1096 in
1725 1069 1836 1110 pace,
1863 1062 1905 1098 et
1928 1056 1969 1097 111
1994 1057 2191 1111 aequitate

267 1115 498 1156 ambulavit
527 1128 699 1163 mecum,
731 1119 772 1154 et
800 1113 952 1155 multos
981 1114 1134 1155 avertit
1163 1115 1214 1155 ab
1243 1114 1475 1168 iniquitate.
1536 1116 1549 1137 ⁷
1579 1114 1709 1156 Labia
1737 1115 1844 1156 enim
1872 1116 2095 1157 sacerdotis
2124 1129 2191 1157 cu·

266 1174 449 1215 stodient
469 1174 694 1221 scientiam,
718 1178 760 1213 et
779 1172 907 1227 legem
928 1173 1138 1227 requirent
1159 1187 1208 1214 ex
1229 1186 1296 1215 ore
1317 1173 1419 1214 eius:
1444 1173 1541 1227 quia
1560 1172 1727 1227 angelus
1747 1174 1915 1215 Domini
1936 1175 2190 1216 exercituum

266 1240 338 1274 est.
402 1235 417 1257 ὃ
449 1232 530 1273 Vos
562 1237 701 1273 autern
734 1232 953 1273 recessistis
986 1232 1035 1273 de
1067 1232 1145 1277 via,
1180 1237 1221 1273 et
1253 1232 1560 1273 scandalizastis
1592 1232 1788 1286 plurimos
1819 1233 1861 1274 in
1892 1233 1995 1287 lege:
2029 1234 2191 1274 irritum

266 1292 417 1332 fecistis
447 1297 615 1345 pactum
644 1291 755 1337 Levi,
787 1291 886 1332 dicit
914 1291 1117 1332 Dominus
1146 1291 1413 1333 exercituum.

132 1354 193 1377 ΜΝ)
377 1353 391 1374 ⁹
420 1351 594 1404 Propter
622 1350 732 1404 quod
761 1356 802 1391 et
830 1363 901 1404 ego
931 1350 1024 1391 dedi
1053 1364 1125 1391 Vos
1154 1350 1496 1404 contemptibiles,
1529 1355 1569 1390 et
1596 1350 1769 1392 humiles
1795 1351 1987 1392 omnibus
2016 1351 2188 1405 populis,

99 1390 224 1413 volitem-

104 1427 220 1464 numm.
270 1410 375 1451 sicut
402 1423 484 1452 non
512 1410 704 1451 servastis
733 1409 820 1450 vias
848 1422 970 1457 meas,
1001 1414 1042 1449 et
1069 1410 1282 1463 accepistis
1309 1409 1455 1451 faciem
1482 1409 1524 1450 in
1550 1409 1648 1463 lege.

866 1515 905 1554 2.
936 1514 1127 1555 Peccata
1155 1514 1330 1567 populi,
1358 1515 1398 1564 2,
1418 1514 1597 1554 10-16.

115 1587 215 1647 ζῖιζξξῑῑ
378 1587 411 1609 ¹⁰
449 1585 681 1639 bNumquid
716 1598 798 1626 non
832 1590 951 1638 pater
984 1598 1088 1625 unus
1124 1584 1308 1626 omnium
1342 1584 1554 1625 nostrum?
1590 1583 1792 1637 numquid
1826 1597 1908 1626 non
1941 1585 2053 1626 Deus
2087 1598 2192 1627 unus

195 1643 200 1650 ’
270 1644 425 1685 creavit
442 1643 539 1685 nos?
560 1657 684 1697 quare
702 1657 795 1697 ergo
813 1643 986 1697 despicit
1003 1643 1285 1697 unusquisque
1302 1648 1490 1684 nostrum
1507 1643 1677 1684 fratrem
1695 1656 1826 1692 suum,
1847 1643 2005 1685 violans
2022 1649 2192 1698 pactum

268 1707 434 1755 patrum
466 1702 724 1743 nostrorum?

103 1762 211 1822 33:332ss
376 1763 406 1785 ¹¹
437 1762 725 1815 Transgressus
754 1767 815 1802 est
846 1761 960 1810 Iuda,
992 1766 1033 1802 et
1061 1761 1315 1803 abominatio
1344 1761 1456 1801 tacta
1484 1765 1545 1802 est
1573 1761 1614 1801 in
1645 1760 1780 1810 Israel,
1811 1765 1852 1802 et
1879 1761 1921 1802 in
1951 1761 2190 1803 Ierusalem:

217 1818 222 1827 '
270 1820 367 1873 quia
394 1820 695 1862 contaminavit
725 1820 848 1861 ludas
877 1820 1246 1862 sanctificationem
1273 1820 1453 1869 Domini,
1485 1833 1609 1874 quam
1638 1820 1793 1869 dilexit,
1824 1824 1865 1860 et
1892 1820 2040 1861 habuit
2066 1820 2192 1862 filiam

269 1879 333 1920 dei
356 1879 487 1920 alieni.
540 1881 571 1903 ¹2
593 1879 814 1933 Disperdet
835 1879 1038 1920 Dominus
1061 1879 1207 1929 virum,
1234 1879 1303 1933 qui
1324 1879 1467 1920 fecerit
1488 1879 1576 1928 hoc,
1602 1879 1857 1932 magistrum,
1883 1884 1924 1920 et
1946 1879 2192 1934 discipulum

269 1938 318 1979 de
348 1938 622 1979 tabernaculis
654 1938 788 1987 Iacob,
821 1943 863 1979 et
892 1938 1135 1980 offerentem
1165 1951 1314 1979 munus
1343 1937 1522 1979 Domino
1553 1937 1820 1979 exercituum.

85 2002 245 2060 llllfflfflssi.
378 1999 408 2021 ¹³
432 1997 486 2038 Et
510 1998 585 2039 hoc
606 2011 767 2038 rursum
790 1997 954 2041 fecistis,
980 1997 1225 2051 operiebatis
1247 1997 1438 2051 lacrymis
1462 1997 1591 2037 altare
1612 1996 1791 2043 Domini,
1816 1996 1928 2046 fletu,
1953 2002 1995 2038 et
2016 1997 2190 2052 mugitu,

83 2051 245 2092 annutans.
271 2056 331 2097 ita
362 2062 405 2097 ut
437 2070 517 2098 non
548 2056 760 2111 respiciam
791 2057 900 2097 ultra
929 2057 982 2097 ad
1010 2056 1266 2106 sacrificium,
1298 2069 1371 2097 nec
1401 2055 1600 2109 accipiam
1630 2055 1829 2109 placabile
1859 2055 1959 2109 quid
1988 2057 2038 2098 de
2066 2070 2192 2097 manu

267 2121 416 2157 vestra.
474 2118 504 2140 ¹⁴
532 2116 588 2156 Et
615 2116 793 2157 dixistis:
824 2116 957 2164 Quam
986 2116 1037 2157 ob
1066 2115 1257 2157 causam?
1287 2115 1384 2169 quia
1410 2114 1612 2156 Dominus
1642 2114 1887 2156 testificatus
1915 2119 1977 2156 est
2002 2115 2111 2156 inter
2136 2121 2189 2165 te,

267 2180 307 2214 et
328 2187 496 2216 uxorem
516 2174 746 2228 pubertatis
766 2180 859 2221 tuae,
882 2188 1006 2228 quam
1025 2180 1071 2216 tu
1091 2174 1331 2228 despexisti:
1352 2179 1393 2214 et
1412 2174 1496 2215 haec
1515 2173 1721 2228 particeps
1740 2178 1825 2222 tua,
1847 2178 1888 2214 et
1906 2187 2011 2215 uxor
2027 2174 2192 2216 foederis

268 2233 340 2274 tui.
401 2236 431 2257 ¹5
463 2233 607 2274 Nonne
637 2247 741 2274 unus
772 2233 880 2279 fecit,
913 2239 954 2274 et
984 2233 1191 2274 residuum
1222 2233 1389 2286 spiritus
1420 2232 1504 2273 eius
1535 2232 1620 2273 est?
1679 2232 1735 2274 Et
1766 2232 1864 2286 quid
1894 2246 1999 2274 unus
2031 2233 2190 2287 quaerit,

268 2292 343 2332 nisi
367 2305 502 2333 semen
526 2292 627 2333 Dei?
652 2292 865 2333 Custodite
889 2305 981 2345 ergo
1005 2292 1195 2346 spiritum
1219 2296 1415 2341 vestrum,
1442 2297 1483 2332 et
1505 2304 1675 2332 uxorem
1699 2291 1984 2333 adolescentiae
2007 2297 2088 2333 tuae
2110 2292 2193 2333 noli

267 2351 483 2404 despicere.
549 2353 583 2375 ¹⁶
618 2352 718 2392 Cum
755 2351 847 2392 odio
883 2351 1085 2395 habueris.
1124 2351 1300 2399 dimitte,
1338 2350 1438 2391 dicit
1471 2349 1674 2392 Dominus
1709 2350 1820 2391 Deus
1857 2350 2000 2391 Israel:
2037 2351 2194 2405 operiet

267 2416 406 2451 autem
436 2410 631 2464 iniquitas
660 2410 954 2451 vestimentum
982 2410 1079 2459 eius,
1109 2410 1210 2451 dicit
1236 2409 1439 2451 Dominus
1466 2409 1740 2450 exercituum:
1770 2409 1974 2450 custodite
2002 2409 2192 2464 spiritum

269 2474 464 2517 vestrum,
497 2475 537 2510 et
567 2469 694 2510 nolite
723 2469 940 2523 despicere.

699 2587 769 2637 II.
808 2586 1099 2637 Iudicium
1137 2585 1386 2645 Domini,
1425 2584 1688 2645 2‚17—4‚
1717 2585 1765 2636 3.

707 2678 745 2717 1.
776 2677 819 2717 ln
851 2679 1004 2730 priore
1036 2677 1238 2718 adventu
1267 2676 1467 2727 Messiae,
1495 2678 1535 2727 2,
1556 2676 1704 2726 17-3,
1726 2676 1764 2716 6.

101 2753 238 2800 Qum&
378 2749 410 2771 ¹⁷
438 2747 642 2789 Laborare
669 2746 820 2787 fecistis
847 2747 1071 2788 Dominum
1098 2747 1139 2788 in
1166 2747 1420 2788 sermonibus
1448 2746 1612 2787 vestris:
1640 2751 1682 2788 et
1707 2745 1886 2787 dixistis:
1917 2746 1964 2786 In
1992 2758 2072 2799 quo
2098 2758 2192 2787 eum

95 2789 238 2812 'mmm‘
273 2807 440 2847 fecimus
459 2805 668 2847 laborare?
690 2805 736 2846 In
756 2818 802 2846 eo
822 2806 932 2859 quod
951 2805 1103 2847 dicitis:
1124 2805 1266 2847 Omnis
1286 2806 1355 2859 qui
1373 2806 1474 2846 facit
1492 2804 1658 2854 malum,
1680 2805 1812 2846 bonus
1831 2810 1892 2845 est
1909 2805 1951 2846 in
1970 2810 2192 2859 conspectu

275 2866 448 2912 Domini,
481 2870 521 2906 et.
551 2865 652 2906 tales
682 2865 716 2905 ei
745 2864 927 2918 placent:
960 2870 1033 2905 aut
1062 2870 1170 2906 certe
1200 2865 1269 2906 ubi
1299 2869 1360 2905 est
1388 2865 1500 2905 Deus
1529 2864 1692 2905 iudicii?

97 2926 239 2984 edcfg&
380 2924 416 2966 3.
474 2927 483 2948 ¹
509 2924 614 2965 Ecce
644 2937 732 2977 cego
755 2924 877 2964 mitto
901 2923 1091 2977 angelum
1114 2937 1263 2973 meum,
1288 2929 1330 2964 et
1352 2923 1602 2977 praeparabit
1624 2923 1734 2964 viam
1757 2928 1854 2963 ante
1874 2922 2021 2964 faciem
2044 2935 2190 2964 meam.

90 2968 249 3023 1.1'11.'t3.ss{¹1‘‡1r,
280 2982 329 3022 Et
363 2983 503 3023 statim
536 2983 673 3024 veniet
705 2983 757 3023 ad
790 2982 990 3036 templum
1023 2996 1141 3023 suum
1173 2982 1431 3028 Dominator,
1468 2995 1589 3036 quem
1622 2995 1694 3023 vos
1728 2981 1919 3035 quaefitis,
1954 2985 1995 3022 et
2027 2981 2192 3035 angelus

275 3042 523 3087 testamenti,
559 3055 679 3095 quem
713 3055 784 3083 vos
817 3041 953 3082 vultis.
989 3041 1094 3082 Ecce
1126 3041 1251 3089 venit,
1286 3041 1385 3082 dicit
1416 3041 1618 3082 Dominus
1651 3040 1923 3081 exercituum:
1984 3041 1998 3063 2
2030 3045 2071 3081 et
2103 3039 2192 3093 quis

276 3100 421 3151 poterit
452 3101 628 3153 cogitare
656 3101 761 3141 diem
790 3101 994 3142 adventus
1022 3100 1117 3145 eius,
1148 3106 1188 3141 et
1216 3101 1305 3154 quis
1332 3100 1461 3141 stabit
1487 3100 1539 3141 ad
1566 3100 1791 3140 videndum
1819 3099 1937 3140 eum?
1967 3098 2059 3152 Ipse
2086 3097 2193 3139 enim

276 3158 389 3210 quasi
420 3158 519 3211 ignis
549 3158 740 3206 conflans,
772 3164 813 3200 et
843 3159 958 3213 quasi
986 3159 1111 3200 herba
1142 3159 1361 3200 fullonum:

96 3216 249 3280 ,Ἷξζίῐῗξζζ-
382 3218 396 3239 ³
419 3222 458 3256 et
481 3217 637 3258 sedebit
659 3217 851 3266 conflans,
876 3223 918 3259 et
939 3218 1167 3259 emundans
1189 3223 1417 3271 argentum,
1442 3223 1483 3258 et
1504 3217 1698 3271 purgabit
1719 3217 1821 3258 filios
1843 3216 1954 3265 Levi,
1979 3220 2020 3257 et
2041 3215 2194 3257 colabit

108 3269 113 3274 ’
132 3286 209 3313 flabit
279 3289 344 3315 eos
365 3275 478 3328 quasi
499 3289 654 3318 aurum.
677 3282 716 3316 et
736 3277 851 3330 quasi
870 3282 1099 3330 argentum,
1121 3282 1161 3317 et
1179 3282 1299 3317 erunt
1316 3276 1496 3318 Domino
1515 3275 1730 3317 offerentes
1749 3274 1945 3316 sacrificia
1963 3275 2003 3315 in
2021 3274 2190 3315 iustitia.

276 3336 289 3357 ⁴
323 3334 377 3374 Et
411 3334 585 3387 placebit
620 3334 795 3376 Domino
828 3335 1069 3377 sacrificium
1105 3335 1219 3383 luda,
1254 3341 1295 3376 et
1330 3334 1549 3376 Ierusalem
1581 3335 1687 3375 sicut
1719 3334 1802 3376 dies
1834 3332 1980 3381 saeculi,
2015 3337 2057 3373 et
2087 3333 2194 3374 sicut

278 3393 372 3433 anni
405 3393 575 3446 antiqui.

279 3543 293 3576 1
336 3543 375 3577 17
411 3495 442 3576 ξ,
464 3495 646 3576 22Ῐ1Ν26,
670 3498 724 3530 14:
753 3498 799 3529 Dt
825 3499 950 3537 21115.
978 3519 1018 3522 ἡ
1044 3498 1085 3532 10
1110 3498 1179 3531 bMt
1201 3498 1253 3536 23,
1275 3498 1310 3537 9,
1338 3498 1414 3541 Eph
1440 3499 1471 3538 4,
1496 3498 1526 3531 6.
1554 3518 1594 3521 -
1619 3497 1650 3538 3,
1674 3498 1690 3529 1
1716 3497 1784 3530 th
1806 3498 1856 3535 11,
1881 3497 1935 3535 1();
1959 3496 2012 3529 Mc
2034 3497 2064 3535 1,
2085 3496 2120 3535 2ς
2148 3495 2194 3527 Lc

302 3569 311 3583 ‚
385 3553 393 3583 ;
442 3552 528 3582 sc.
