2356 3760
246 118 347 160 1194
1037 116 1350 152 APOCALYPSIS
1905 119 1936 158 2,
1963 119 2082 158 eit—3,
2110 119 2148 152 18

63 210 193 235 ¹¹²⁸¹et¹⁷⁰i
342 214 373 235 ³2
405 210 508 251 Ecce
539 210 705 252 mittam
737 223 825 251 eain
860 211 897 251 in
929 210 1098 251 lectum:
1132 215 1173 252 et
1205 209 1274 264 qui
1304 209 1565 252 moechantur
1596 223 1687 251 eum
1719 223 1778 260 ea,
1811 210 1851 251 in
1884 211 2147 254 tribulatione

97 252 155 269 non

61 280 193 319 conversi
236 269 418 310 maxima
435 274 566 319 erunt,
587 269 660 311 nisi
680 269 968 322 poenitentiam
986 268 1038 310 ab
1057 268 1245 322 operibus
1263 268 1344 310 suis
1363 268 1528 322 egerint.
1575 270 1608 293 2³
1625 274 1667 310 et
1683 268 1785 310 filios
1803 269 1887 311 eius
1905 269 2146 312 interficiam

42 317 211 346 ¹¹¹¹⁰¹e¹³t¹¹¹'
234 328 275 369 in
309 334 451 377 morto,
486 334 527 369 et
559 328 686 369 scient
719 339 858 369 omnes
891 326 1092 377 Ecclesiae,
1131 327 1248 381 aquia

287 400 359 439 ego
394 400 483 427 suni
518 391 704 428 scrutans
739 399 864 435 renes,
901 391 942 427 et
976 386 1116 427 corda:
1221 393 1261 427 et
1296 386 1403 427 dabo
1438 386 1657 440 unicuique
1694 391 1875 428 vestrum
1925 387 2147 429 secundum

498 458 620 497 opera
648 458 732 486 sua.

59 504 193 565 Πξξὲἰξῑιζζί
340 503 463 545 Vobis
494 509 632 544 autem
661 503 763 550 dico,
821 505 852 528 2⁴
880 510 921 545 et
950 504 1091 546 ceteris
1121 503 1190 558 qui
1219 504 1427 557 Thyatirae
1455 503 1568 545 estis:
1599 503 1856 558 Quicumque
1884 517 1966 546 non
1995 504 2149 546 habent

45 576 204 601 servanuu-
234 563 462 603 doctrinam
483 561 600 610 hanc,
622 567 663 603 et
683 562 751 616 qui
771 575 853 603 non
873 568 1153 616 cognoverunt
1172 562 1412 605 altitudines
1431 567 1599 612 satanae,
1622 563 1971 616 quemadmodum
1991 564 2148 613 dicunt,

93 612 155 640 ‘'¹“
234 635 313 662 non
345 621 512 662 mittam
543 633 665 673 super
697 633 767 662 vos
800 621 910 662 aliud
941 621 1120 674 pondus:
1180 622 1212 646 ‘2⁵
1245 627 1383 663 tamen
1415 621 1468 671 id,
1503 621 1613 674 quod
1642 621 1817 671 habetis,
1851 628 1988 664 tenete
2019 622 2148 665 donec

235 693 407 721 veniam.

61 738 191 763 ‘'inceflffi
338 740 373 763 2⁶
394 738 450 780 Et
472 738 540 792 qui
563 738 717 784 vicerit,
741 745 782 780 et
804 738 1043 780 custodierit
1064 751 1191 793 usque
1212 739 1254 780 in
1276 738 1398 780 finem
1420 751 1544 792 opera
1563 752 1666 788 mea,
1690 739 1797 781 dabo
1819 739 1874 780 illi
1895 745 2148 793 potestatem

33 774 114 803 virga
128 774 219 798 ferrea

58 802 90 833 ρι’
108 808 191 848 siena
233 809 354 851 super
381 797 546 847 Gentes,

52 846 199 904 ’3ζζῗξᾷῗῗ“
233 858 267 880 ²⁷
285 861 326 897 et
355 863 467 910 reget
495 868 561 897 eas
592 856 631 896 in
662 855 776 910 virga
805 856 944 900 ferrea.
1029 862 1071 898 et
1100 863 1315 910 tamquam
1346 870 1418 898 vas
1449 856 1560 910 figuli
1589 854 1908 911 confringentur,

339 917 374 940 ²⁸
391 915 496 956 sicut
514 920 555 956 et
572 928 644 968 ego
663 915 799 968 accepi
818 928 842 956 a
858 915 981 956 Patre
998 928 1107 956 meo:
1127 921 1168 957 et
1186 915 1293 957 dabo
1311 915 1367 956 illi
1385 915 1545 957 stellam
1562 915 1826 957 matutinam.
1874 918 1908 941 2⁹
1927 915 2005 965 Qui
2023 915 2149 957 habet

234 986 385 1023 aurem,
417 973 559 1014 audiat
588 973 687 1027 quid
714 973 889 1027 Spiritus
918 974 1030 1016 dieat
1057 974 1257 1016 Ecclesiis.

810 1083 848 1124 5.
880 1083 1091 1125 Ecclesiae
1123 1082 1379 1135 Sat-dianae,
1407 1085 1446 1136 3,
1466 1084 1586 1124 1-6.

61 1157 189 1218 {2533ss
338 1152 375 1196 3.
432 1156 446 1178 1
475 1153 531 1195 Et
556 1153 711 1207 Angelo
738 1153 928 1196 Ecclesiae
953 1154 1090 1196 Sardis
1117 1154 1264 1197 scribe:
1295 1154 1393 1196 Haec
1419 1154 1519 1196 dicit
1545 1153 1614 1208 qui
1640 1153 1767 1196 habet
1792 1160 1949 1208 septem
1975 1155 2151 1209 Spiritus

232 1212 321 1262 Dei,
353 1219 393 1253 et
422 1218 579 1266 septem
609 1213 764 1254 stellas:

21 1274 215 1335 Spitgigfflffgr
339 1271 429 1312 Scio
453 1285 575 1325 opera
596 1277 680 1318 tua,
707 1272 802 1326 quia
823 1285 972 1314 nomen
994 1273 1119 1314 habes
1143 1271 1253 1327 quod
1276 1272 1404 1317 vivas.
1429 1280 1470 1314 et
1491 1278 1678 1314 mortuus
1701 1286 1752 1314 es.
1804 1275 1818 1297 ²
1841 1273 1943 1314 Esto
1966 1273 2152 1327 vigilans,

60 1345 192 1370 membra
234 1336 274 1372 et
299 1330 495 1372 confirma
519 1337 664 1381 cetera,
693 1344 783 1385 quae
806 1331 1006 1372 moritura
1029 1336 1158 1373 erant.
1187 1332 1279 1372 Non
1304 1331 1412 1373 enim
1436 1331 1600 1372 invenio
1627 1344 1749 1385 opera
1773 1338 1846 1373 tua
1869 1331 1992 1385 plena
2016 1345 2151 1374 coram

62 1380 189 1406 ecclesiae

54 1415 196 1441 moritum
234 1390 321 1431 Deo
345 1403 447 1431 meo.
499 1392 515 1415 ³
541 1390 588 1431 In
612 1396 750 1431 mente
774 1403 866 1443 ergo
890 1390 996 1431 habe
1021 1391 1197 1444 qualiter
1221 1390 1433 1444 acceperis,
1461 1396 1501 1431 et
1526 1389 1712 1440 audieris,
1739 1396 1780 1432 et
1803 1403 1933 1441 serva,
1959 1396 2001 1433 et
2024 1391 2154 1445 poeni-

53 1458 111 1476 ¹10⁰
134 1458 199 1477 0⁰¹1<
235 1448 409 1490 tentiam
435 1462 519 1502 age.
548 1448 589 1489 Si
615 1462 707 1502 ergo
734 1461 815 1489 non
842 1449 1083 1503 vigilaveris.
1116 1449 1309 1490 ¹›Veniam
1335 1449 1388 1490 ad
1414 1454 1454 1490 te
1480 1455 1695 1502 tamquam
1722 1449 1797 1497 fur,
1827 1455 1867 1490 et
1893 1449 2045 1491 nescies
2073 1463 2155 1504 qua

56 1487 195 1513 firmam?-
234 1507 334 1548 hora
364 1508 526 1548 venian]
556 1507 609 1548 ad
638 1513 689 1549 te·

80 1575 171 1598 1>³¹¹⁰³
338 1568 354 1590 ‘²
379 1566 459 1607 Sed
484 1566 610 1607 habes
636 1579 770 1620 pauca
794 1566 962 1607 nomina
986 1566 1027 1607 in
1053 1566 1203 1616 Sardis,
1233 1566 1302 1621 qui
1328 1579 1410 1607 non
1438 1565 1760 1620 inquinaverunt
1786 1566 2036 1609 vestimenta
2061 1581 2153 1608 sua:

49 1603 203 1633 impolluta

33 1630 276 1666 111anserunt2et
307 1624 583 1666 ambulabunt
614 1638 775 1666 meeum
807 1625 848 1666 in
881 1625 995 1675 albis,
1031 1625 1128 1680 quia
1159 1625 1270 1679 digni
1302 1631 1410 1667 sunt.

36 1685 219 1746 vggisssseg'ffiae
339 1685 353 1708 ⁵
386 1683 464 1732 Qui
497 1683 652 1733 vicerit,
686 1684 741 1725 sic
774 1684 973 1726 vestietur
1004 1684 1261 1726 vestimentis
1294 1684 1409 1733 albis,
1443 1690 1485 1726 et
1515 1697 1597 1725 non
1630 1683 1773 1725 delebo
1806 1697 1956 1726 nomen
1988 1685 2073 1726 eius
2106 1685 2156 1726 de

47 1758 206 1821 3033}ss
236 1742 356 1783 Libro
388 1742 496 1787 vitae,
531 1749 572 1784 et
603 1743 829 1784 confitebor
858 1756 1007 1785 nomen
1040 1743 1124 1785 eius
1156 1756 1293 1785 coram
1324 1743 1448 1784 Patre
1478 1755 1582 1792 meo,
1632 1748 1673 1785 et
1704 1755 1841 1784 coram
1873 1742 2025 1797 angelis
2057 1743 2153 1785 eius.

39 1828 215 1857 promtum.
239 1803 253 1826 ‘⁵
282 1801 359 1850 Qui
388 1801 515 1843 habet
543 1815 695 1851 aurem,
727 1802 870 1843 audiat
899 1802 998 1856 quid
1026 1802 1201 1856 Spiritus
1231 1802 1342 1844 dicat
1370 1801 1572 1843 Ecclesiis.

101 1864 160 1888 tur.

733 1913 771 1953 6.
803 1912 1014 1953 Ecclesiae
1046 1911 1433 1964 Philadelphenae‚
1453 1913 1492 1962 3,
1513 1911 1659 1952 7—13.

26 1985 230 2051 Affiffljhfssi·
344 1985 357 2006 ⁷
386 1983 441 2024 Et
470 1982 624 2036 Angelo
653 1982 946 2036 Philadelphiae
974 1982 1150 2025 ecclesiae
1177 1982 1324 2024 scribe:
1355 1982 1453 2024 Haee
1482 1982 1581 2025 dicit
1608 1983 1784 2024 Sanctus
1812 1990 1854 2025 et
1881 1982 2022 2033 Verus,

295 2042 381 2095 cqui
403 2041 529 2083 habet
546 2041 704 2082 clavem
719 2041 875 2083 David:
936 2041 1004 2095 qui
1022 2041 1165 2095 aperit,
1186 2048 1226 2083 et
1245 2054 1365 2083 nemo
1383 2041 1556 2083 claudit:
1615 2042 1782 2091 claudit,
1802 2047 1843 2083 et
1861 2054 1981 2084 nemo
2003 2042 2153 2096 aperit:

55 2103 197 2168 3333·
342 2102 357 2124 Β
392 2100 481 2141 Scio
517 2113 639 2153 opera
672 2106 754 2141 tua.
800 2100 905 2141 Ecce
935 2100 1026 2141 dedi
1056 2113 1192 2141 coram
1220 2106 1261 2141 te
1292 2100 1443 2141 ostium
1474 2105 1676 2154 apertum,
1723 2100 1833 2154 quod
1866 2113 1986 2142 nemo
2016 2106 2153 2154 potest

87 2180 187 2213 mum⁴
236 2159 440 2200 claudere:
488 2159 583 2213 quia
610 2159 813 2199 modicam
842 2158 968 2200 habes
998 2159 1208 2208 virtutem,
1245 2165 1287 2200 et
1314 2158 1487 2200 servasti
1516 2158 1689 2200 verbum
1717 2172 1867 2209 meum,
1905 2165 1947 2201 et
1974 2173 2056 2201 non
2088 2174 2155 2201 ne-

49 2208 205 2275 ῗξξζζξζζῗ
234 2218 339 2271 gasti
368 2231 517 2258 nomen
549 2231 698 2258 meum.
758 2215 773 2237 ⁹
802 2217 908 2258 Eece
941 2217 1048 2258 dabo
1081 2218 1130 2258 de
1163 2230 1372 2271 synagoga
1413 2222 1581 2266 satanae,
1625 2217 1694 2271 qui
1737 2217 1881 2260 dicunt
1923 2231 1965 2260 se
1999 2218 2156 2260 Iudaeos

96 2282 157 2307 “1ss
236 2290 332 2325 esse,
359 2284 399 2317 et
424 2290 502 2317 non
529 2283 637 2320 sunt.
667 2276 737 2317 sed
761 2276 1033 2317 mentiuntur:
1066 2276 1171 2318 Eece
1200 2277 1349 2317 faciam
1381 2275 1468 2318 illos
1498 2282 1545 2318 ut
1574 2276 1755 2320 veniant.
1788 2282 1829 2318 et
1858 2276 2031 2318 adorent
2060 2283 2156 2319 ante

233 2335 355 2389 pedes
385 2342 496 2377 tuos:
529 2341 569 2376 et
599 2335 727 2376 scient
758 2335 854 2390 quia
884 2348 956 2389 ego
989 2335 1111 2376 dilexi
1142 2341 1183 2377 te
1240 2337 1277 2360 1⁰
1308 2335 1503 2389 quoniam
1534 2335 1706 2377 servasti
1738 2334 1910 2376 verbum
1942 2335 2156 2389 patientiae

235 2408 344 2441 meae,
379 2400 418 2436 et
450 2407 522 2447 ego
554 2394 726 2435 servabo
757 2400 798 2435 te
828 2393 879 2435 ab
908 2394 1010 2435 hora
1039 2394 1293 2443 tentationis,
1335 2407 1425 2448 quae
1454 2400 1631 2435 ventura
1659 2399 1721 2436 est
1750 2394 1791 2435 in
1822 2394 1962 2436 orbem
1992 2394 2154 2436 univer-

234 2467 323 2494 sum
354 2458 513 2494 tentare
542 2453 779 2494 habitantes
810 2453 851 2493 in
881 2460 998 2494 terra.
1056 2456 1086 2477 1¹
1116 2453 1220 2494 Ecce
1248 2452 1367 2494 venio
1396 2452 1495 2494 cito:
1526 2459 1618 2494 tene
1647 2452 1757 2507 quod
1786 2453 1923 2500 habes,
1960 2459 2007 2495 ut
2034 2466 2154 2495 nemo

235 2512 409 2565 accipiat
438 2524 629 2553 coronam
658 2520 785 2552 tuam.

70 2575 187 2599 ‘'³¹¹oessss
341 2572 372 2595 ¹²
389 2570 468 2619 Qui
486 2570 639 2615 vicerit,
659 2570 808 2612 faciam
824 2570 938 2612 illum
956 2571 1189 2612 columnam
1206 2571 1247 2612 in
1264 2570 1418 2624 templo
1436 2570 1512 2612 Dei
1529 2570 1619 2618 mei,
1640 2576 1681 2612 et
1697 2570 1805 2612 foras
1823 2583 1903 2612 non
1924 2570 2154 2625 egredietur

61 2610 196 2635 columna

61 2645 180 2710 ·teJn·¹1'¹i
237 2629 428 2683 amplius:
456 2634 497 2671 et
522 2629 697 2670 scribam
722 2642 843 2682 super
868 2643 961 2671 eum
986 2642 1134 2671 nomen
1160 2629 1236 2670 Dei
1262 2629 1353 2675 mei,
1381 2634 1422 2671 et
1446 2641 1596 2671 nomen
1622 2629 1802 2671 civitatis
1827 2629 1904 2671 Dei
1930 2630 2010 2671 mei
2035 2643 2153 2671 novae

60 2688 102 2705 103
116 2688 145 2705 ›l'l
160 2689 166 2703 )
184 2688 199 2703 Ἀ

100 2716 158 2741 Μ,
241 2688 470 2737 ierusalem,
492 2702 582 2742 quae
601 2687 809 2729 descendit
829 2688 877 2729 de
897 2688 992 2729 eaelo
1011 2702 1035 2730 a
1052 2689 1139 2729 Deo
1159 2701 1261 2737 mec,
1283 2693 1323 2729 et
1342 2700 1490 2729 nomen
1510 2701 1645 2730 meum
1666 2700 1831 2729 novum.
1880 2690 1912 2712 ¹3
1931 2688 2010 2737 Qui
2028 2687 2155 2730 habet

238 2760 387 2793 aurem,
419 2747 562 2788 audiat
590 2747 688 2800 quid
716 2747 890 2800 Spiritus
919 2747 1030 2788 dieat
1057 2747 1258 2789 Ecclesiis.

770 2857 809 2898 7.
840 2856 1050 2898 Ecclesiae
1082 2856 1367 2908 Laodicensi,
1395 2858 1435 2908 3,
1454 2855 1634 2898 14—-22,

62 2930 204 2991 ffssffiliss
345 2929 375 2951 1⁴
397 2927 449 2967 Et
472 2927 624 2980 Angelo
644 2927 846 2968 Laodieiae
866 2927 1041 2968 ecclesiae
1060 2926 1207 2968 scribe:
1231 2926 1351 2968 dHaee
1372 2926 1471 2967 dicit
1491 2926 1635 2975 Amen,
1658 2926 1773 2968 testis
1794 2926 1934 2969 fidelis.
1958 2932 1998 2967 et
2022 2939 2152 2973 verus,

77 2981 89 2991 ’“
241 2985 308 3039 qui
336 2991 395 3026 est
423 2985 667 3038 principium
695 2991 890 3027 creaturae
916 2986 1003 3027 Dei.

41 3047 224 3078 tepid¹¹³e³t⁷
346 3046 377 3068 ¹⁵
399 3044 488 3085 Scio
512 3056 634 3096 opera
656 3050 745 3085 tua:
771 3044 866 3098 quia
889 3058 1019 3098 neque
1040 3044 1208 3098 frigidus
1231 3058 1284 3089 es.
1309 3057 1439 3098 neque
1462 3043 1634 3085 calidus:
1659 3043 1819 3084 utinam
1840 3042 2011 3098 frigidus
2034 3056 2151 3086 esses.

240 3108 312 3144 aut
331 3102 502 3144 calidus:
551 3104 585 3127 1⁶
604 3102 673 3142 sed
693 3103 789 3156 quia
806 3103 968 3157 tepidus
988 3117 1040 3148 es,
1061 3108 1103 3144 et
1121 3117 1194 3144 nec
1213 3102 1394 3156 frigidus,
1414 3115 1487 3144 nec
1506 3101 1673 3144 calidus.
1694 3101 1887 3156 incipiam
1906 3107 1947 3144 te
1966 3115 2154 3144 evomere

240 3174 289 3202 ex
320 3174 385 3202 ore
414 3175 516 3202 meo.

75 3225 194 3250 paupe*
350 3222 382 3244 ¹⁷
410 3220 505 3273 quia
529 3219 646 3261 dieis:
675 3221 784 3273 quod
810 3221 922 3261 dives
948 3234 1050 3269 sum,
1078 3226 1119 3262 et
1145 3220 1430 3274 locupletatus,
1458 3225 1500 3261 et
1524 3219 1672 3261 nullius
1698 3232 1812 3273 egeo:
1840 3225 1880 3260 et
1907 3219 2033 3260 nescis
2060 3218 2157 3273 quia

63 3261 156 3280 caecus
178 3256 207 3279 et,

82 3290 190 3319 nudus:
247 3287 292 3320 tu
320 3291 360 3320 es
389 3279 518 3327 miser,
548 3284 590 3319 et
617 3278 867 3329 miserabilis,
897 3285 937 3321 et
964 3292 1131 3332 pauper,
1162 3285 1202 3321 et
1231 3292 1370 3321 caecuS.
1401 3283 1441 3319 et
1469 3278 1614 3319 nudus.
1674 3279 1706 3302 ¹⁸
1733 3277 1893 3319 Suadeo
1922 3277 1995 3319 tibi
2024 3289 2155 3319 emere

375 3410 417 3443 213
442 3412 477 3443 ξι1
504 3410 562 3443 Sm
587 3412 638 3445 163.
664 3412 697 3445 T:
727 3411 768 3443 Ps
793 3411 821 3444 7.
852 3412 902 3445 lo:
935 3412 964 3444 Ῐι·
990 3412 1039 3446 17.
1066 3411 1116 3444 10.
1145 3431 1186 3435 -
1210 3411 1241 3452 3,
1269 3411 1290 3444 3
1314 3412 1351 3444 bl
1377 3411 1464 3444 Thos
1487 3411 1519 3451 5,
1543 3411 1578 3450 2;
1604 3411 1624 3444 2
1651 3410 1711 3444 Ptr
1735 3410 1766 3450 3,
1792 3409 1849 3450 10;
1877 3409 1932 3443 Inf
1957 3409 2009 3450 16,
2036 3410 2087 3443 15.
2115 3429 2156 3434 --

243 3457 263 3490 7
290 3457 369 3490 eloh
397 3458 447 3490 12.
476 3458 529 3491 14:
558 3457 590 3490 1<
615 3458 667 3492 22.
694 3458 745 3491 22.
774 3479 813 3481 μ
844 3458 962 3491 141110
992 3459 1040 3494 14,
1067 3460 1096 3491 (ἱ.
