2356 3760
102 127 153 165 12,
181 126 321 165 39-13,
347 127 389 158 14
865 125 1242 159 MAcHABAEoRUM
1924 135 1999 175 925

496 218 536 259 5.
564 218 600 258 Α
629 217 871 268 Tryphone
902 217 1316 268 comprehenditur,
1345 219 1411 269 12,
1430 219 1601 260 39-52,

205 290 241 312 39
261 288 317 329 Et
335 302 427 329 cum
448 288 666 341 cogitasset
686 287 879 340 Tryphon
899 300 1064 340 regnare
1083 288 1199 330 Asife.
1222 294 1262 328 et
1282 301 1483 330 assumere
1504 289 1701 333 diadema,
1725 297 1763 332 et
1784 297 1998 336 extendere
2035 302 2169 332 Tryphon

101 359 268 387 manum
295 347 335 387 in
362 346 611 388 Antiochum
637 358 789 398 regem:
843 347 880 369 4⁰
905 345 1052 387 timens
1078 359 1127 386 ne
1154 347 1257 387 forte
1284 360 1365 387 non
1390 347 1646 401 permitteret
1672 362 1763 390 eum
1792 338 2189 397 1011311108.*ἶῖἺῙ-ἷῖἶῇξ-ᾸῙῙΓ

101 405 171 445 sed
190 410 391 458 pugnaret
410 405 603 446 adversus
624 416 728 450 eum,
751 404 959 456 quaerebat
978 405 1316 457 comprehendere
1336 418 1439 447 eum.
1461 410 1502 446 et
1521 406 1710 448 occidere.
1732 408 1788 449 Et
1806 400 2000 462 exurgens
2173 393 2178 401 ⁷

101 463 203 504 abiit
232 463 273 504 in
303 463 496 504 Bethsan.
1914 462 1920 463 ⁷

205 524 236 546 ‘¹¹
259 522 314 562 Et
336 521 464 561 exivit
488 520 682 561 Ionathas
706 519 870 560 obviam
892 519 949 560 illi
971 533 1063 561 cum
1087 521 1359 574 quadraginta
1380 522 1555 563 millibus
1579 523 1756 565 virorum
1780 524 1998 566 electorum
2072 538 2134 555 ’ἕψῃ

101 580 140 620 in
164 580 359 633 praelium,
384 584 426 620 et
447 579 561 619 venit
584 578 777 619 Bethsan.
828 580 861 602 42
883 578 939 619 Et
961 579 1065 619 vidit
1088 579 1281 632 Tryphon
1306 580 1400 632 quia
1422 581 1535 621 venit
1559 581 1752 623 Ionathas
1776 597 1867 624 cum
1890 597 2000 624 exer·
2018 565 2191 629 ‹tiilefssff‘iffijs

101 639 185 679 citu
211 637 342 679 multo
370 642 417 678 ut
444 636 682 678 extenderet
708 636 748 677 in
776 650 867 677 eum
895 650 1052 681 manus,
1083 637 1233 678 timuit.
1289 639 1321 661 43
1348 643 1388 678 ct
1415 639 1574 691 excepit
1600 652 1691 680 eum
1719 654 1810 681 cum
1838 642 2000 690 honore,
2154 630 2161 631 ἶ

100 702 142 737 et
157 695 464 737 commendavit
480 708 571 736 eum
589 695 776 736 omnibus
793 695 930 736 amicis
948 696 1040 736 suis.
1059 702 1100 736 et
1115 695 1229 736 dedit
1245 695 1279 735 ei
1296 709 1480 737 munera:
1499 701 1540 737 et
1555 699 1745 751 praeccpit
1761 700 2002 740 exercitibus

99 754 181 796 suis
209 759 256 795 ut
283 755 494 796 obedirent
520 753 566 798 ei,
597 753 701 793 sicut
728 753 814 795 sibi.
870 756 902 777 ⁴⁴
929 754 985 794 Et
1012 754 1116 795 dixit
1144 753 1346 794 Ionathae:
1376 754 1434 794 Ut
1461 755 1558 807 quid
1585 757 1743 797 vexasti
1770 758 2002 798 universum

100 813 311 867 populum,
338 826 429 854 cum
454 811 604 853 bellum
628 812 744 853 nobis
768 825 849 853 non
873 812 949 853 sit?
1000 814 1032 836 45
1056 812 1111 853 Et
1134 826 1242 853 nunc
1265 812 1428 853 remitte
1452 826 1517 854 eos
1541 813 1581 853 in
1606 814 1746 855 domos
1770 828 1879 856 suas:
1906 816 2003 869 elige

101 877 240 914 autem
266 871 342 913 tibi
367 871 473 912 viros
499 883 662 923 paucos
692 871 760 923 qui
786 876 922 912 tecum
948 871 1040 915 sint,
1069 876 1110 912 et
1136 871 1228 911 veni
1252 883 1412 911 mecum
1438 871 1748 921 Ptolemaidam,
1777 878 1817 913 et
1842 874 2001 914 tradam

101 943 190 971 eam
223 930 310 977 tibi,
346 934 387 970 et
418 928 574 982 reliqua
605 929 803 982 praesidia,
839 934 880 970 et
912 929 1146 975 exercitum,
1182 933 1223 969 et
1255 929 1463 970 universos
1496 930 1732 983 praepositos
1766 932 1928 982 negotii,
1963 936 2003 971 et

101 1001 319 1030 conversus
349 988 488 1029 abibo:
520 993 736 1041 propterea
765 987 872 1028 enim
902 988 1005 1029 veni.
1823 982 1832 984 ⁴

204 1049 240 1071 ⁴¹⁶
258 1047 315 1088 Et
334 1046 505 1087 credidit
525 1046 570 1088 ei.
593 1051 633 1086 et
652 1046 747 1087 fecit
767 1046 872 1087 sicut
892 1046 1013 1087 dixit:
1036 1052 1075 1087 et
1095 1046 1249 1087 dimisit
1268 1046 1502 1094 exercitum,
1525 1052 1565 1087 et
1584 1047 1772 1088 abierunt
1791 1047 1831 1088 in
1852 1053 2001 1088 terram
2045 1056 2167 1098 5¹¹¹¹³s³¹¹f÷

102 1106 217 1147 Iuda.
268 1107 303 1130 4⁷
326 1105 495 1146 retinuit
518 1110 656 1146 autem
680 1118 815 1145 secum
840 1105 917 1145 tria
941 1104 1066 1145 millia
1089 1105 1285 1145 virorum:
1312 1118 1360 1144 ex
1385 1105 1530 1158 quibus
1554 1105 1707 1146 remisit
1729 1106 1769 1146 in
1793 1106 2001 1147 Galilaeam
2044 1091 2169 1149 issfflifflfs

100 1165 181 1206 duo
214 1163 350 1213 millia,
385 1162 494 1204 mille
527 1169 666 1204 autem
698 1170 899 1204 venerunt
930 1176 1022 1204 cum
1055 1177 1112 1204 eo.
1173 1164 1209 1187 4⁸
1241 1163 1298 1203 Ut
1331 1168 1469 1203 autem
1501 1163 1672 1203 intravit
1704 1163 2002 1204 Ptolomaidam

103 1222 312 1271 Ionathas,
358 1221 590 1263 clauserunt
633 1226 772 1275 portas
815 1222 994 1262 civitatis
1036 1221 1330 1262 Ptolemenses:
1375 1226 1416 1261 et
1458 1221 1851 1274 comprehenderunt
1893 1235 2002 1262 eum:

101 1286 142 1323 et
170 1294 321 1330 omnes,
353 1281 421 1334 qui
450 1294 542 1322 cum
571 1293 616 1321 eo
644 1280 912 1329 intraverant,
942 1279 1075 1333 gladio
1103 1279 1406 1320 interfecerunt.

205 1341 240 1364 49
261 1340 316 1380 Et
336 1340 447 1380 misit
467 1339 661 1392 Tryphon
681 1338 916 1387 exercitum,
939 1344 979 1378 et
999 1337 1155 1391 equites
1175 1337 1215 1377 in
1236 1337 1456 1379 Galilaeam,
1480 1342 1519 1377 et
1539 1337 1579 1377 in
1601 1351 1789 1391 campum
1810 1351 2002 1390 magnum
2029 1337 2187 1396 Ῑῖζξξῑῇᾗξῑζῆ

103 1404 149 1440 ut
168 1399 384 1452 perderent
404 1410 542 1440 omnes
562 1397 689 1439 socios
712 1397 907 1438 Ionathae.
956 1398 991 1420 5⁰
1010 1396 1066 1436 At
1085 1395 1141 1436 illi
1161 1409 1252 1436 cum
1273 1396 1557 1449 cognovissent
1579 1396 1673 1448 quia
1693 1396 2003 1449 comprehensus
2026 1387 2193 1446 indimus*

102 1462 163 1498 est
194 1457 401 1505 Ionathas,
434 1461 475 1497 et
503 1456 634 1509 periit,
667 1460 708 1495 et
737 1468 887 1503 omnes,
921 1454 989 1507 qui
1019 1467 1111 1494 cum
1141 1467 1187 1495 eo
1217 1458 1344 1502 erant,
1376 1453 1531 1494 hortati
1560 1458 1655 1494 sunt
1684 1454 1932 1507 semetipsos,
1965 1458 2006 1493 et
2033 1442 2186 1472 ¹¹¹³¹‘ff¹‘⁰s‘

102 1516 289 1556 exierunt
309 1514 443 1569 parati
463 1514 503 1555 in
525 1513 720 1567 praelium.
769 1515 801 1537 ⁵¹
823 1513 879 1553 Et
899 1513 1084 1553 videntes
1105 1512 1158 1561 hi,
1183 1512 1252 1565 qui
1272 1512 1444 1552 insecuti
1464 1512 1638 1560 fuerant,
1663 1512 1758 1565 quia
1778 1525 1849 1565 pro
1871 1512 2008 1552 anima

102 1587 163 1615 res
187 1579 249 1615 est
272 1573 360 1621 illis,
387 1573 535 1614 reversi
559 1577 674 1613 sunt:
725 1574 757 1596 52
782 1571 837 1612 illi
862 1576 1000 1612 autem
1025 1575 1226 1611 venerunt
1250 1583 1388 1611 omnes
1413 1584 1505 1611 cum
1528 1583 1627 1623 pace
1651 1570 1691 1610 in
1716 1576 1865 1611 terram
1892 1570 2005 1610 Iuda.

102 1633 158 1674 Et
181 1632 431 1686 planxerunt
456 1631 673 1679 Ionathan,
701 1636 741 1670 et
765 1644 843 1676 eos,
871 1630 940 1683 qui
964 1643 1056 1670 cum
1081 1629 1167 1683 ipso
1191 1630 1366 1677 fuerant,
1393 1628 1529 1669 valde:
1556 1634 1597 1669 et
1620 1628 1725 1669 luxit
1750 1628 1873 1670 Israel
1895 1628 2006 1668 luctu

102 1705 264 1746 magno.

745 1768 966 1822 PARS
1009 1767 1384 1837 QUARTA.

495 1857 727 1909 Simon
766 1856 1097 1922 princeps,
1136 1853 1226 1919 12,
1254 1853 1496 1919 532—16,
1524 1853 1630 1906 22.

252 2003 293 2054 1.
331 2002 620 2053 Antiocho
663 2001 756 2054 VI.
798 2001 1057 2065 Dionyso
1092 2001 1390 2065 regnante,
1430 1998 1505 2059 12,
1534 1997 1750 2059 53-13,
1777 1998 1863 2049 30.

387 2093 425 2132 1.
456 2091 613 2132 Simon
645 2103 745 2132 cum
778 2090 1021 2143 Tryphone
1052 2090 1218 2130 doloso
1249 2090 1361 2140 agit,
1388 2090 1454 2140 12,
1475 2088 1646 2139 53—13,
1665 2088 1730 2128 24.

209 2166 242 2189 53
271 2164 327 2204 Et
356 2162 603 2217 quaesierunt
632 2174 770 2202 01111108
798 2166 950 2214 gentes,
983 2173 1073 2213 quae
1101 2164 1218 2200 erant
1245 2159 1286 2199 in
1315 2158 1485 2199 circuitu
1514 2169 1664 2205 eorum,
1696 2162 1901 2198 conterere
1930 2170 2007 2198 eos.
2037 2162 2185 2200 tammus

105 2223 298 2264 dixerunt
321 2221 447 2262 enim:
497 2223 531 2245 54
556 2221 647 2262 Non
671 2220 825 2260 habent
849 2219 1084 2273 principem,
1110 2223 1152 2259 et
1175 2218 1459 2259 adiuvantem:
1486 2229 1593 2257 nunc
1617 2228 1708 2269 ergo
1733 2228 2009 2269 expugnemus
2036 2197 2194 2256 ¹¹³“¹{i-ff2‘¹<m¹'

105 2281 205 2331 illos,
237 2286 279 2321 et
307 2279 499 2321 tollamus
529 2279 578 2320 de
607 2278 839 2320 hominibus
870 2277 1107 2318 memoriam
1137 2290 1287 2317 eorum.

211 2339 274 2383 13.
329 2341 343 2363 ¹
374 2339 429 2379 Et
459 2338 619 2379 audivit
647 2337 787 2379 Simon
819 2337 927 2390 quod
958 2335 1220 2389 congregavit
1249 2334 1443 2388 Tryphon
1474 2332 1696 2373 exercitum
1727 2332 1934 2385 copiosum
1964 2334 2218 2394 ¹¹tefflffllr'ii'ss.i¹e

107 2398 264 2439 veniret
290 2398 332 2438 in
360 2402 510 2438 terram
540 2397 655 2442 Iuda,
685 2401 727 2437 et
754 2400 949 2437 attereret
976 2408 1077 2435 eam.
2028 2390 2217 2435 otinga-gana

211 2459 226 2481 2
258 2456 408 2497 Videns
441 2455 538 2509 quia
566 2455 608 2495 in
640 2460 813 2496 tremore
845 2453 1019 2507 populus
1051 2457 1123 2495 est.
1158 2457 1198 2492 et
1228 2452 1269 2492 in
1301 2451 1456 2491 timore.
1492 2448 1674 2490 ascendit
1708 2447 1936 2495 Ierusalem,
1970 2452 2009 2487 et
2028 2451 2203 2510 Siffi‘ggnstux

108 2515 370 2569 congregavit
392 2513 608 2568 populum:
660 2516 675 2537 ³
699 2518 740 2554 et
763 2513 986 2553 adhortans
1011 2511 1132 2552 dixit:
1159 2511 1239 2551 Vos
1263 2509 1372 2550 scitis
1398 2512 1554 2562 quanta
1576 2520 1660 2560 ego,
1687 2512 1727 2547 et
1750 2507 1894 2547 fratres
1918 2505 2007 2551 mei,
2157 2505 2164 2509 ”

108 2579 150 2615 et
172 2575 317 2616 domus
340 2572 468 2626 patris
491 2572 570 2613 mei
592 2571 761 2612 fecimus
785 2584 857 2625 pro
880 2570 1046 2624 legibus.
1073 2576 1113 2610 et
1136 2582 1208 2623 pro
1232 2568 1382 2609 sanctis
1407 2565 1554 2620 praelia.
1580 2571 1621 2606 et
1644 2565 1851 2618 angustias
1876 2563 2012 2617 quales

109 2632 305 2674 vidimus:
361 2633 376 2655 ‘²
404 2631 549 2673 horum
577 2630 711 2684 gratia
737 2630 945 2683 perierunt
973 2630 1118 2669 fratres
1147 2627 1225 2668 mei
1255 2639 1393 2667 onmes
1422 2630 1589 2679 propter
1618 2623 1751 2669 Israel,
1783 2628 1824 2663 et
1851 2621 2012 2662 relictus

109 2705 199 2733 sum
219 2704 291 2745 ego
313 2689 432 2732 solus.
481 2691 496 2714 ⁵
516 2689 572 2730 Et
591 2702 700 2730 nunc
720 2702 802 2730 non
822 2688 921 2729 mihi
942 2687 1155 2740 contingat
1174 2698 1337 2739 parcere
1358 2684 1503 2725 animae
1522 2695 1621 2722 meae
1641 2682 1681 2722 in
1703 2681 1811 2722 omni
1832 2685 2012 2732 tempore

110 2748 404 2791 tribulationis:
437 2761 519 2789 non
550 2748 657 2788 enim
688 2747 830 2788 melior
859 2760 949 2787 sum
980 2745 1175 2786 fratribus
1206 2743 1316 2784 111018.
1379 2744 1394 2766 6
1425 2741 1649 2782 Vindicabo
1681 2740 1820 2792 itaque
1850 2742 2010 2792 gentem

110 2821 256 2857 meam,
282 2813 324 2848 et
345 2812 500 2855 sancta,
525 2812 645 2847 natos
670 2818 832 2860 quoque
855 2810 1027 2851 nostros,
1053 2809 1094 2845 et
1117 2815 1280 2844 uxores:
1307 2801 1402 2855 quia
1425 2804 1676 2853 congregatae
1698 2802 1794 2838 sunt
1817 2796 2014 2837 universae

109 2871 250 2920 gentes
283 2871 488 2907 conterere
521 2878 593 2906 nos
626 2864 847 2905 inimicitiae
879 2863 1022 2917 gratia.
1078 2864 1091 2885 ⁷
1122 2861 1178 2902 Et
1211 2872 1400 2901 accensus
1434 2863 1495 2899 est
1527 2856 1690 2910 spiritus
1724 2854 1863 2909 populi
1895 2853 2014 2894 simul

112 2930 160 2966 ut
190 2924 350 2965 audivit
380 2936 583 2965 sermones
613 2923 731 2964 istos:
786 2924 801 2946 s
833 2928 873 2963 et
903 2921 1201 2975 responderunt
1232 2931 1330 2960 voce
1360 2930 1508 2970 magna
1538 2914 1735 2956 dicentes:
1768 2914 1829 2954 Tu
1860 2926 1900 2953 es
1931 2913 2015 2953 dux

111 2987 250 3025 noster
276 2982 364 3024 loco
395 2982 518 3031 Iudae,
550 2987 592 3023 et
622 2981 807 3023 Ionathae
835 2980 972 3021 fratris
1002 2979 1080 3020 tui:
1140 2980 1156 3002 ⁹
1184 2990 1322 3031 pugna
1350 2975 1531 3030 praelium
1561 2977 1764 3014 nostrum:
1796 2977 1837 3012 et
1866 2970 2012 3012 omnia.

113 3053 380 3096 quaecumque
409 3040 556 3081 dixeris
585 3040 714 3089 nobis,
745 3039 952 3080 faciemus.

217 3101 253 3124 ¹⁰
282 3099 340 3140 Et
371 3111 617 3153 congregans
650 3110 788 3140 omnes
820 3098 928 3139 viros
960 3095 1186 3143 bellatores,
1222 3092 1462 3134 acceleravit
1493 3101 1774 3131 consummare
1806 3087 2013 3128 universos
2042 3086 2195 3150 {sssffiffijff

112 3171 249 3200 muros
276 3156 507 3206 Ierusalem,
535 3161 577 3197 et
600 3156 779 3198 munivit
804 3169 893 3197 eam
919 3155 960 3196 in
985 3167 1096 3209 gyro.
1150 3155 1181 3178 ¹¹
1208 3153 1264 3193 Et
1287 3150 1398 3191 misit
1424 3148 1628 3190 Ionathan
1653 3146 1780 3188 filium
1806 3143 2014 3186 Absalomi
2066 3156 2170 3183 munit:

114 3222 155 3257 et
183 3230 276 3258 cum
305 3229 351 3257 eo
380 3215 604 3256 exercitum
632 3227 786 3256 novum
815 3215 856 3255 in
887 3214 1054 3267 Ioppen,
1085 3218 1127 3253 et
1155 3210 1290 3251 eiectis
1318 3208 1391 3254 his,
1424 3207 1493 3261 qui
1521 3210 1638 3247 erant
1665 3205 1706 3246 in
1735 3217 1793 3253 ea,
1823 3202 2018 3243 remansit

113 3274 193 3316 illic
221 3275 318 3328 ipse.
2047 3314 2067 3321 Π
2184 3311 2189 3315 ,

218 3335 250 3358 ¹2
274 3333 330 3374 Et
354 3332 486 3374 movit
510 3331 703 3385 Tryphon
730 3344 754 3371 a
776 3330 1034 3372 Ptolemaida
1058 3342 1150 3370 cum
1175 3326 1354 3368 exercitu
1378 3323 1521 3371 multo,
1549 3327 1596 3364 ut
1620 3322 1776 3363 veniret
1800 3320 1840 3361 in
1866 3324 2013 3360 terram
2044 3312 2192 3378 ιξρξᾗξζξξξζζζ

117 3392 231 3441 Iuda,
257 3395 299 3432 et
323 3391 518 3433 Ionathas
543 3403 636 3431 cum
660 3403 705 3431 eo
729 3389 771 3430 in
794 3389 991 3431 custodia.
1044 3390 1076 3412 ¹³
1099 3386 1238 3428 Simon
1262 3388 1400 3425 autem
1425 3381 1622 3436 applicuit
1645 3381 1684 3421 in
1708 3379 1849 3420 Addus
1874 3380 2012 3417 contra
2061 3384 2087 3406 ..t
2105 3381 2173 3405 filio<

2055 3416 2181 3441 lonatnae

115 3450 261 3491 faciem
292 3449 436 3503 campi.
495 3450 528 3473 ¹4
559 3448 616 3489 Et
645 3453 693 3489 ut
723 3448 915 3501 cognovit
946 3446 1139 3500 Tryphon
1172 3444 1268 3498 quia
1297 3441 1472 3483 surrexit
1502 3440 1640 3481 Simon
1671 3438 1757 3479 loco
1788 3435 1922 3476 fratris
1953 3431 2011 3471 sui
2068 3451 2166 3478 min-a,
