2356 3760
144 92 195 130 15.
221 91 362 130 28—17‚
387 91 407 122 4
909 86 1291 121 PRovERBIORrM
1961 93 2035 133 577

143 187 178 209 ²⁸
196 185 309 225 Mens
337 182 433 225 iusti
463 183 687 224 meditatur
715 180 1008 223 obedientiam:
1092 194 1135 222 os
1163 181 1380 234 impiorum
1408 182 1611 222 redundat
1640 184 1766 225 malis.

144 246 180 268 2⁹
197 244 333 296 Longe
362 248 422 283 est
452 242 652 283 Dominus
682 241 733 281 ab
762 239 914 292 impiis:
999 248 1037 279 et
1067 239 1269 280 orationes
1298 241 1497 280 iustorum
1527 240 1729 282 exaudiet.

143 304 180 326 ³⁰
198 302 287 343 Lux
317 302 524 343 oculorum
551 300 734 341 laetificat
763 298 961 338 animam:
1044 298 1154 338 fama
1184 298 1292 339 bona
1319 299 1547 352 impinguat
1578 312 1678 340 ossa.

145 363 177 385 ³¹
197 361 329 405 Auris.
363 374 452 414 quae
481 358 596 399 audit
632 356 929 410 increpationes
958 356 1065 399 vitae.
1176 357 1217 396 in
1246 358 1377 398 medio
1425 357 1670 410 sapientium
1710 361 2035 401 commorabitur.

144 422 177 444 32
199 420 277 469 Qui
307 419 445 461 abiicit
474 416 740 470 disciplinam,
773 415 943 469 despicit
973 415 1152 456 animam
1182 428 1315 456 suam:
1406 416 1475 469 qui
1504 422 1641 456 autem
1671 418 1887 470 acquiescit
1918 418 2040 458 incre-

407 475 654 530 pationibus.
686 487 891 528 possessor
919 480 979 515 est
1009 473 1151 515 cordis.

146 540 179 563 3³
200 538 336 579 Timor
364 534 542 583 Domini,
574 533 784 587 disciplina
815 533 1041 587 sapientiae:
1126 538 1165 573 et
1194 532 1362 586 gloriam
1392 533 1583 586 praecedit
1611 534 1830 575 humilitas.

147 654 210 698 16.
266 656 279 678 ¹
311 653 497 695 Hominis
527 657 588 692 est
617 652 795 692 animam
826 664 1071 705 praeparare:
1155 656 1196 691 et
1223 650 1389 691 Domini
1417 651 1641 703 gubernare
1670 650 1859 704 linguam.
2066 653 2224 701 Af'130sssf1'ff

166 713 349 754 2011111θε
383 712 458 753 viae
489 711 663 752 hominis
696 716 842 764 patent
873 710 997 752 oculis
1030 710 1132 750 eius:
1211 709 1428 763 spirituum
1462 709 1707 762 ponderator
1739 715 1798 750 est
1830 711 2040 751 Dominus.
2108 695 2184 712 “m''

166 774 182 796 ³
202 772 355 814 Revela
382 770 558 811 Domino
589 783 711 823 opera
739 776 823 813 tua.
908 777 948 810 et
979 769 1202 822 dirigentur
1231 768 1497 821 cogitationes
1527 777 1619 808 tuce.

167 833 183 855 ⁴
201 831 400 873 Universa
423 835 591 883 propter
615 829 877 883 semetipsum
903 834 1094 881 operatus
1119 835 1179 868 est
1196 827 1415 868 Dominus:
1483 826 1654 880 impium
1679 840 1839 880 quoque
1865 827 1916 867 ad
1939 827 2044 867 diem

409 888 575 930 malum.

167 947 462 990 ⁵Abominatio
494 947 660 988 Domini
692 955 751 988 est
784 947 914 988 omnis
946 959 1154 1000 arrogans:
1235 945 1357 986 etiarn
1390 945 1421 986 si
1453 958 1598 985 manus
1630 945 1681 986 ad
1712 957 1880 985 manum
1911 944 2044 986 fuerit.

410 1020 491 1048 non
521 1012 581 1047 est
610 1007 816 1049 innocens.

202 1066 371 1108 Initium
401 1066 477 1107 viae
511 1066 638 1113 bonae,
669 1066 800 1106 facere
832 1064 1051 1106 iustitiam:
1147 1069 1317 1117 accepta
1347 1069 1408 1104 est
1437 1070 1575 1104 autem
1605 1063 1715 1116 apud
1743 1063 1876 1103 Deum
1905 1061 2044 1115 magis,

411 1138 534 1179 quam
564 1124 774 1165 immolare
803 1124 968 1165 hostias.

168 1186 183 1209 ⁶
203 1185 495 1226 aMisericordia
523 1190 563 1225 et
591 1184 765 1224 veritate
793 1183 1006 1224 redimitur
1033 1182 1245 1236 iniquitas:
1321 1186 1362 1222 et
1389 1181 1429 1221 in
1457 1180 1602 1221 timore
1630 1180 1795 1220 Domini
1824 1179 2049 1221 declinatur

412 1257 436 1284 a
462 1244 582 1285 malo.

169 1305 183 1327 ⁷
201 1304 302 1345 Cum
322 1303 550 1357 placuerint
568 1302 745 1343 Domino
764 1302 840 1342 viae
859 1301 1044 1345 hominis,
1103 1300 1285 1340 inimicos
1307 1311 1468 1351 quoque
1488 1298 1571 1338 eius
1592 1303 1801 1337 convertet
1822 1298 1874 1337 ad
1892 1310 2046 1350 pacem.

168 1362 343 1404 ssMelius
373 1368 435 1403 est
462 1375 608 1416 parum
638 1375 729 1401 cum
759 1360 927 1402 iustitia.
1013 1371 1137 1412 quam
1166 1357 1286 1398 multi
1314 1358 1471 1398 fructus
1501 1370 1593 1397 cum
1622 1356 1850 1409 iniquitate.

169 1424 183 1446 ⁹
201 1422 277 1463 Cor
304 1421 478 1462 hominis
506 1420 685 1472 disponit
714 1419 823 1459 viam
853 1432 987 1459 suam:
1070 1417 1139 1458 sed
1166 1416 1333 1457 Domini
1361 1422 1422 1456 est
1450 1416 1617 1468 dirigere
1644 1427 1800 1468 gressus
1829 1415 1924 1455 eius.

150 1483 185 1506 ¹⁰
201 1479 412 1521 Divinatio
442 1479 483 1519 in
512 1478 628 1519 labiis
658 1478 771 1526 regis.
856 1477 897 1518 in
926 1476 1073 1517 iudicio
1104 1489 1185 1517 non
1214 1475 1365 1516 errabit
1395 1488 1438 1516 os
1468 1475 1563 1515 eius

150 1542 179 1564 ¹¹
200 1539 366 1580 Pondus
394 1545 435 1579 et
462 1543 617 1578 statera
650 1537 799 1577 iudicia
825 1536 991 1577 Domini
1019 1543 1132 1576 sunt:
1215 1543 1254 1576 et
1283 1548 1405 1588 opera
1432 1534 1515 1574 eius
1543 1546 1682 1575 omnes
1708 1532 1862 1586 lapides
1890 1531 2048 1574 sacculi.

151 1602 180 1623 ¹'-'
200 1597 506 1639 Abominabiles
534 1597 615 1650 regi
644 1596 712 1650 qui
740 1602 868 1649 agunt
894 1595 1034 1648 impie:
1118 1594 1311 1647 quoniam
1338 1593 1494 1634 iustitia
1523 1593 1709 1634 firmatur
1735 1591 1891 1633 solium.

150 1660 181 1682 ¹³
202 1657 402 1699 Voluntas
431 1669 571 1710 regum
599 1655 709 1696 labia
737 1656 863 1696 iusta:
949 1655 1017 1708 qui
1045 1661 1158 1695 recta
1184 1653 1376 1706 loquitur.
1410 1652 1615 1705 diligetur:

152 1719 181 1741 11
204 1716 436 1770 Indignatio
466 1715 580 1769 regis
613 1714 748 1755 nuncii
778 1714 939 1755 mortis:
1023 1720 1062 1754 et
1092 1713 1154 1753 vir
1183 1713 1342 1766 sapiens
1371 1711 1551 1765 placabit
1580 1724 1681 1751 eam.

152 1778 182 1800 ¹⁵
207 1776 252 1817 ln
278 1775 486 1816 hilaritate
514 1774 654 1815 vultus
681 1774 794 1827 regis.
825 1773 930 1813 vita:
1013 1780 1053 1813 et
1081 1772 1297 1813 clementia
1324 1771 1408 1812 eius
1437 1770 1552 1824 quasi
1578 1769 1707 1810 imber
1734 1769 1945 1810 serotinus.

151 1837 185 1859 ¹⁶
202 1835 367 1877 Posside
410 1834 666 1888 sapientiam,
713 1833 809 1886 quia
853 1846 949 1873 auro
992 1831 1132 1873 melior
1173 1837 1252 1872 est:
1350 1837 1389 1871 et
1434 1830 1596 1883 acquire
1639 1828 1911 1882 prudentiam.
1959 1827 2054 1881 quia

412 1893 626 1947 pretiosior
651 1898 712 1933 est
742 1898 922 1946 argento.

152 1956 183 1978 ¹⁷
205 1954 361 1994 Semita
386 1953 586 1994 iustorum
613 1951 790 1992 declinat
816 1951 942 1991 mala:
1024 1956 1160 1991 custos
1187 1949 1332 1990 anirnae
1358 1962 1440 1989 suae
1465 1953 1603 1988 servat
1628 1947 1738 1987 viam
1764 1959 1892 1987 suam.

150 2014 185 2037 ¹⁸
202 2012 499 2054 Contritionem
526 2011 718 2065 praecedit
747 2010 954 2063 superbia:
1038 2017 1077 2050 et
1107 2016 1202 2050 ante
1229 2009 1388 2049 ruinam
1418 2007 1625 2048 exaltatur
1652 2005 1828 2059 spiritus,

150 2073 185 2096 ¹⁹
201 2071 344 2112 Melius
376 2077 437 2111 est
467 2070 671 2111 humiliari
712 2082 804 2110 cum
835 2069 1016 2112 mitibus.
1104 2081 1226 2121 quam
1259 2067 1438 2108 dixidere
1469 2065 1598 2119 spolia.
1628 2078 1719 2106 cum
1751 2064 1945 2117 superbis.

150 2132 186 2155 ²⁰
202 2130 400 2171 Eruditus
428 2129 470 2170 in
500 2129 624 2170 verbo
654 2128 827 2182 reperiet.
856 2128 981 2169 bona:
1065 2133 1105 2168 et
1136 2127 1204 2180 qui
1234 2133 1371 2180 sperat
1400 2126 1439 2166 in
1469 2124 1658 2166 Domino.
1691 2124 1835 2164 beatus
1865 2128 1937 2164 est.

150 2192 182 2214 ²¹
203 2189 281 2239 Qui
313 2189 474 2243 sapiens
505 2194 566 2229 est
599 2188 730 2232 corde.
766 2186 1040 2241 appellabitur
1078 2186 1274 2240 prudens:
1361 2190 1401 2226 et
1435 2184 1503 2238 qui
1536 2183 1662 2224 dulcis
1695 2182 1865 2236 eloquio,
1900 2181 2055 2223 maiora

412 2247 619 2302 percipiet.

150 2311 182 2334 ²²
203 2309 311 2350 Fons
341 2308 438 2349 vitae
467 2307 641 2348 eruditio
672 2305 936 2360 possidentis:
1020 2305 1208 2346 doctrina
1236 2303 1467 2346 stultorum.
1500 2301 1682 2342 fatuitas,
1739 2341 1742 2344 ,

151 2369 184 2394 2³
203 2368 280 2410 Cor
307 2366 502 2421 sapientis
532 2366 690 2407 erudiet
718 2379 761 2407 os
791 2365 893 2406 eius:
976 2369 1018 2405 et
1045 2363 1162 2405 labiis
1191 2363 1275 2404 eius
1305 2363 1430 2403 addet
1457 2361 1644 2415 gratiani.

151 2428 183 2452 ²4
203 2427 340 2468 Favus
369 2425 509 2469 mellis.
541 2424 769 2479 composita
797 2425 941 2465 verba:
1025 2423 1194 2464 dulcedo
1225 2422 1381 2464 animae.
1414 2420 1566 2462 sanitas
1596 2419 1758 2460 ossium.

151 2488 183 2511 ²5
204 2486 280 2527 Est
308 2486 377 2526 via
406 2498 496 2539 quae
525 2485 689 2525 Videtur
716 2484 871 2526 homini
899 2489 1028 2525 recta:
1113 2488 1152 2523 et
1182 2481 1403 2523 novissima
1432 2480 1515 2521 eius
1545 2480 1701 2520 ducunt
1731 2478 1783 2518 ad
1811 2483 1996 2518 mortem.

151 2548 188 2570 ²⁶
203 2545 354 2587 Anima
381 2544 606 2586 laborantis
634 2543 796 2585 laborat
825 2542 912 2590 sibi,
997 2542 1094 2596 quia
1121 2540 1319 2595 compulit
1348 2553 1440 2581 eum
1470 2552 1514 2581 os
1543 2551 1680 2580 suum:

151 2606 186 2630 ‘2⁷
204 2605 275 2645 Vir
303 2604 453 2658 impius
480 2602 587 2645 fodit
615 2602 782 2650 malum,
866 2608 908 2643 et
936 2602 977 2643 in
1004 2601 1122 2643 labiis
1152 2601 1235 2642 eius
1263 2600 1366 2654 ignis
1396 2598 1581 2640 ardescit.

151 2666 187 2689 2⁸
206 2664 340 2705 Homo
369 2675 583 2717 perversus
612 2662 785 2703 suscitat.
812 2661 921 2702 lites:
1006 2667 1047 2702 et
1075 2661 1270 2701 verbosus
1299 2665 1461 2712 separat
1491 2656 1702 2711 principes.

151 2726 187 2748 ‘³⁹
204 2723 275 2765 Vir
302 2723 466 2777 iniquus
493 2721 623 2763 lactat
653 2721 830 2762 amicum
859 2734 997 2762 suum:
1081 2726 1123 2761 et
1150 2719 1265 2760 ducit
1293 2732 1386 2759 eum
1414 2730 1486 2771 per
1513 2716 1624 2756 viam
1653 2727 1733 2756 non
1763 2714 1925 2755 bonam.

150 2785 188 2808 ³⁰
204 2782 282 2832 Qui
313 2781 502 2824 attonitis
532 2780 657 2823 oculis
688 2780 843 2834 cogitat
872 2793 1012 2835 prava.
1098 2779 1287 2820 mordens
1316 2777 1427 2818 labia
1455 2789 1530 2817 sua
1558 2773 1715 2828 perficit
1744 2772 1910 2813 malum.

151 2844 183 2867 ³¹
203 2842 362 2883 Corona
390 2840 602 2895 dignitatis
632 2846 830 2887 senectus
916 2852 1006 2893 quae
1034 2839 1075 2879 in
1104 2838 1180 2879 viis
1208 2837 1375 2878 iustitiae
1403 2834 1635 2889 reperietur.

150 2903 183 2926 ³2
202 2900 344 2942 Melior
362 2905 424 2941 est
441 2899 602 2954 patiens
620 2899 707 2940 viro
726 2898 842 2940 forti:
916 2903 958 2940 et
977 2898 1046 2952 qui
1065 2897 1301 2939 dominatur
1320 2896 1454 2936 animo
1475 2907 1558 2937 suo.
1581 2896 1858 2945 expugnatore
1877 2889 2051 2931 urbium.

150 2963 183 2986 ³3
203 2960 340 3002 Sortes
368 2959 594 3000 mittuntur
621 2959 663 3000 in
692 2958 837 3005 sinum.
922 2957 993 2998 sed
1021 2970 1046 2998 a
1073 2956 1250 2998 Domino
1280 2958 1572 3008 temperantur.

151 3079 217 3122 17.
269 3080 284 3103 1
313 3077 453 3119 Melior
481 3082 544 3119 est
571 3076 753 3118 buccella
780 3075 887 3117 sicca
913 3089 1007 3117 cum
1035 3074 1196 3129 gaudio,
1281 3085 1405 3127 quam
1434 3072 1578 3112 domus
1606 3068 1728 3123 plena
1755 3067 1932 3108 victimis
1961 3079 2053 3107 curn
2077 3063 2237 3125 Apfflr‘iiffmi

411 3149 552 3190 iurgio.

171 3199 186 3221 '³
207 3197 376 3238 bServus
401 3196 561 3250 sapiens
586 3194 867 3236 dominabitur
891 3193 981 3235 filiis
1007 3193 1155 3239 stultis,
1223 3197 1264 3233 et
1288 3191 1394 3232 inter
1417 3190 1563 3230 fratres
1587 3185 1859 3228 hereditatem
1884 3184 2052 3225 dividet.

170 3258 187 3280 ³
203 3256 317 3297 Sicut
343 3255 434 3309 igne
461 3254 661 3308 probatur
687 3259 914 3307 argentum.
945 3258 986 3294 et
1014 3265 1158 3293 aurum
1186 3250 1363 3292 camino:
1430 3248 1491 3288 ita
1515 3246 1640 3288 corda
1665 3245 1813 3300 probat
1830 3242 2050 3303 Dominus.

171 3316 187 3338 ⁴¹
203 3314 335 3355 Malus
364 3313 503 3355 obedit
530 3313 678 3366 linguae
705 3312 872 3366 iniquae:
956 3318 997 3352 et
1024 3310 1151 3351 fallax
1179 3310 1436 3361 obtemperat
1465 3305 1581 3347 labiis
1608 3302 1885 3345 mendacibus.

284 3442 337 3483 16,
358 3441 379 3474 6
401 3441 491 3484 aSup
513 3440 567 3479 15,
590 3440 641 3473 27.
667 3460 707 3463 —
730 3439 782 3480 17,
804 3439 824 3472 2
845 3437 918 3472 bSir
939 3437 991 3478 10,
1013 3436 1066 3471 28.

223 3505 479 3533 netzenauer,
504 3503 630 3534 Vulgata
652 3502 842 3528 crementina.
1796 3487 1847 3526 37
