2356 3760
132 141 165 182 3,
191 141 310 181 13—4‚
334 141 377 174 33
998 141 1165 175 EsDRAE
1930 146 2029 188 1221

132 232 274 266 multas:
298 235 333 266 et
354 235 533 276 coeperunt
552 233 679 266 iterato
698 232 913 276 impietatem
934 233 1045 267 130010
1067 233 1141 277 plus
1164 244 1268 277 quam
1290 234 1426 278 priores.
1471 236 1498 254 ¹³
1520 234 1567 268 Et
1586 234 1718 268 sactum
1740 239 1791 269 est
1813 247 1889 269 cum
1911 237 2033 282 iniqui-

130 282 240 313 tatem
259 279 412 313 facerent
431 290 546 313 coram
565 282 610 319 te,
631 279 761 323 elegisti
780 279 843 312 tibi
862 279 974 313 virum
994 290 1035 313 ex
1054 280 1105 313 his
1126 280 1180 314 cui
1198 291 1323 314 nomen
1342 286 1415 314 erat
1434 281 1620 316 Abraham.
1665 284 1691 301 ¹⁴¹
1710 282 1757 316 Et
1775 283 1923 317 dilexisti
1943 295 2032 321 eum.

129 329 165 359 et
185 325 430 359 demonstrasti
451 326 481 359 ei
501 326 564 360 soli
577 325 793 360 voluntatem
809 328 921 359 tuam:
967 328 994 346 ¹⁵
1015 330 1050 360 et
1071 327 1269 371 disposuisti
1290 328 1320 360 ei
1341 331 1590 362 testamentum
1611 331 1787 364 aeternum.
1811 334 1845 363 et
1866 331 1983 365 dixisti
2005 332 2034 365 ei

129 376 170 406 ut
184 383 254 406 non
269 382 436 415 umquam
453 372 702 416 derelinqueres
718 383 834 405 semen
850 372 930 406 eius.
950 373 997 407 Et
1013 374 1138 408 dedisti
1155 374 1184 407 ei
1203 375 1309 408 Isaac.
1327 378 1361 408 et
1380 375 1476 409 Isaac
1492 375 1617 409 dedisti
1635 375 1738 409 Iacob
1756 380 1789 410 et
1807 377 1908 412 Esau.
1942 380 1970 397 ¹⁶
1987 378 2035 412 Et

128 419 314 464 segregasti
337 419 402 452 tibi
427 419 542 458 Iacob,
569 419 661 452 Esau
686 423 803 452 autem
828 420 1004 463 separasti.
1032 420 1078 454 Et
1102 422 1214 455 factus
1240 425 1291 454 est
1317 422 1419 455 Iacob
1444 422 1479 455 in
1504 422 1726 456 multitudine
1750 434 1884 467 magna.
1934 427 1960 444 ¹⁷
1988 425 2034 458 Et

128 466 261 500 facturn
283 469 335 499 est
356 475 434 499 cum
456 465 615 499 educeres
636 476 752 499 semen
773 466 844 499 eius
865 476 908 499 ex
927 466 1091 510 AEgypto.
1114 467 1290 501 adduxisti
1311 479 1413 512 super
1433 472 1586 503 montem
1608 469 1698 503 Sina.
1745 472 1773 489 ¹⁸
1796 470 1843 504 Et
1863 471 2034 505 inclinasti

129 513 238 552 caelos,
256 515 291 546 et
307 512 462 546 statuisti
478 515 616 552 terram,
634 515 670 546 et
686 513 904 546 commovisti
920 513 1048 552 orbem,
1067 518 1100 547 et
1118 518 1262 548 tremere
1279 515 1389 548 1001511
1406 515 1557 558 abyssos,
1576 520 1611 550 et
1628 516 1843 550 conturbasti
1859 518 2032 557 saeculum,

128 562 158 580 ¹⁹
179 563 215 593 et
235 559 373 593 transiit
393 559 500 604 gloria
520 564 582 593 tua
603 563 720 603 portas
742 564 909 604 quattuor
929 560 1015 604 ignis
1037 564 1072 593 et
1092 564 1318 601 terraemotus,
1342 569 1375 595 et
1397 563 1547 606 spiritus,
1569 566 1604 596 et
1625 563 1711 607 gelu,
1735 567 1774 597 ut
1795 564 1892 598 dares
1914 565 2034 597 semini

130 606 233 641 Iacob
249 606 369 651 legem,
387 609 423 640 et
438 606 649 650 generationi
668 606 771 640 Israel
787 606 1010 651 diligentiam.
1052 609 1081 627 ²⁰
1098 608 1144 641 Et
1161 619 1229 641 non
1247 609 1420 642 abstulisti
1437 609 1480 642 ab
1498 610 1543 642 eis
1561 620 1618 643 cor
1634 610 1832 654 malignum,
1851 614 1890 644 ut
1906 611 2035 645 faceret

128 654 183 687 lex
203 657 266 688 tua
285 654 321 687 in
341 653 387 687 eis
408 653 570 687 fructum.
617 655 641 672 ²¹
665 654 729 687 Cor
749 654 839 687 enim
860 653 1049 698 malignum
1070 654 1226 688 baiulans
1249 655 1377 698 primus
1399 656 1511 690 Adam
1532 660 1761 701 transgressus
1783 662 1817 691 et
1837 658 1949 691 victus
1971 661 2033 697 est,

127 700 187 734 sed
207 704 242 734 et
261 711 378 734 omnes
399 700 458 744 qui
477 700 519 733 de
539 711 577 733 eo
597 700 672 734 nati
691 704 782 735 sunt.
827 702 853 720 ²²
873 701 920 734 Et
938 702 1033 734 facta
1052 705 1104 735 est
1124 712 1326 745 permanens
1346 702 1538 742 infirmitas,
1559 708 1593 737 et
1612 703 1667 737 lex
1687 715 1765 737 cum
1785 704 1884 738 corde
1905 705 2032 749 populi,

128 758 207 781 cum
232 747 447 792 malignitate
473 747 610 781 radicis:
638 750 673 781 et
698 747 852 781 discessit
878 747 971 791 quod
996 748 1126 781 bonum
1151 751 1214 788 est,
1241 752 1275 782 et
1300 750 1427 783 mansit
1452 750 1650 794 malignum.
1701 752 1727 770 23
1752 751 1799 785 Ε1
1824 752 2033 785 transierunt

127 798 295 839 tempora,
320 798 356 828 et
379 794 467 827 finiti
489 798 572 828 sunt
595 794 690 827 anni:
716 797 751 828 et
774 795 948 828 suscitasti
971 795 1035 828 tibi
1058 806 1196 829 servum
1219 796 1357 829 1101111110
1381 796 1506 835 David,
1567 799 1593 816 ²⁴
1616 800 1651 830 et
1674 797 1791 831 dixisti
1814 798 1845 831 ei
1867 798 2033 832 aedificare

128 841 308 875 civitatem
322 841 468 875 nominis
484 841 546 880 tui,
563 845 598 875 et
613 841 732 874 0110110
747 841 811 875 tibi
825 841 862 875 in
875 841 995 875 eadem
1011 842 1091 875 thus
1107 845 1142 875 et
1156 842 1356 876 oblationes
1397 845 1423 862 ²⁵
1439 843 1485 876 Et
1500 844 1631 877 factum
1647 847 1698 877 est
1712 844 1777 878 hoc
1792 845 1888 878 annis
1904 845 2032 884 multis,

127 892 162 922 et
180 888 399 932 deliquerunt
417 888 476 931 qui
493 887 702 922 habitabant
721 888 910 927 civitatem,
953 890 982 908 ²⁶
999 889 1034 922 in
1053 889 1211 922 omnibus
1229 890 1393 923 1301011105
1412 890 1501 924 51001
1518 890 1600 923 10011
1617 891 1730 924 Adam
1749 894 1783 924 et
1802 902 1917 924 omnes
1936 903 2033 935 gene-

127 935 276 969 rationes
298 935 379 970 eius.
401 935 591 969 utebantur
611 935 701 968 enim
722 939 757 968 et
777 935 841 979 ipsi
863 935 962 968 corde
983 935 1143 980 maligno.
1189 938 1216 956 ²⁷
1238 936 1285 970 Et
1306 936 1480 970 tradidisti
1501 937 1679 971 civitatem
1700 942 1797 971 tuam
1819 937 1853 971 in
1874 938 2032 971 manibus

126 982 343 1016 inimicorum
369 985 520 1016 tuorum.
573 984 601 1001 ²⁸
629 982 809 1025 Numquid
835 982 976 1016 meliora
1002 983 1146 1019 13010111,
1175 983 1234 1027 (101
1261 983 1424 1017 habitant
1452 984 1685 1027 Babylonem?
1729 984 1775 1018 Et
1803 988 1943 1029 propter
1969 985 2033 1018 hoc

127 1029 363 1063 dominabitur
387 1029 487 1063 Sion?
538 1030 566 1049 ²⁹
592 1029 738 1063 Factum
763 1032 815 1063 est
840 1040 917 1063 cum
942 1030 1111 1063 venissem
1136 1031 1213 1068 1100,
1240 1033 1274 1064 et
1298 1030 1459 1064 vidissem
1484 1031 1690 1075 impietates,
1717 1042 1863 1075 quarum
1888 1042 1957 1065 non
1982 1035 2033 1065 est

126 1087 303 1110 numerus:
331 1079 366 1110 et
392 1076 628 1119 delinquentes
654 1076 781 1110 multos
808 1076 896 1110 vidit
922 1077 1037 1110 anima
1061 1087 1139 1110 mea
1163 1077 1227 1110 hoc
1253 1077 1423 1111 tricesimo
1450 1089 1550 1114 anno,
1590 1082 1625 1112 et
1650 1079 1793 1112 excessit
1820 1090 1876 1111 cor
1900 1089 2030 1112 meum:

127 1126 156 1144 ³⁰
175 1123 338 1167 quoniam
358 1123 429 1156 vidi
447 1123 621 1166 quomodo
639 1123 786 1157 sustines
805 1134 860 1157 eos
880 1127 1071 1168 peccantes,
1091 1127 1126 1157 et
1145 1124 1325 1168 pepercisti
1342 1125 1446 1168 impie
1465 1125 1656 1169 agentibus,
1676 1128 1709 1158 et
1730 1126 1905 1169 perdidisti
1926 1137 2032 1170 popu-

126 1170 197 1204 lum
221 1174 334 1210 tuum,
360 1173 395 1204 et
420 1170 630 1204 conservasti
655 1170 809 1204 inimicos
834 1174 924 1210 tuos,
951 1174 986 1205 et
1010 1182 1078 1204 non
1103 1171 1312 1215 significasti.
1375 1174 1400 1191 ³¹
1426 1171 1520 1205 Nihil
1544 1172 1684 1205 memini
1709 1172 1882 1216 quomodo
1908 1172 2033 1206 debeat

126 1217 316 1261 derelinqui
339 1217 397 1251 via
419 1217 501 1251 haec.
526 1217 707 1261 Numquid
730 1217 869 1251 meliora
894 1218 978 1252 facit
1001 1218 1160 1261 Babylon
1185 1229 1289 1262 quam
1314 1218 1413 1252 Sion?
1484 1221 1511 1238 ³²
1535 1223 1597 1252 aut
1619 1219 1687 1253 alia
1709 1230 1790 1263 gens
1815 1220 1976 1263 cognovit
1999 1222 2034 1253 te

127 1267 251 1309 praeter
274 1264 396 1298 Israel?
420 1268 482 1298 aut
504 1274 579 1308 quae
600 1264 710 1298 tribus
733 1265 951 1299 crediderunt
971 1265 1189 1299 testamentis
1210 1265 1289 1305 tuis,
1312 1266 1401 1299 sicut
1424 1266 1546 1299 Iacob?
1593 1268 1619 1285 ³³
1642 1266 1794 1309 Quarum
1816 1277 1943 1299 merces
1965 1276 2033 1299 non

126 1311 330 1356 comparuit,
349 1321 459 1355 neque
477 1311 574 1345 labor
591 1311 824 1346 fructificavit.
846 1312 1078 1345 Pertransiens
1097 1312 1187 1345 0111111
1206 1312 1412 1356 pertransivi
1429 1312 1463 1345 in
1482 1313 1652 1357 gentibuS,
1672 1316 1706 1346 et
1724 1313 1795 1346 vidi
1813 1313 2030 1346 abundantes

126 1369 193 1398 eas,
211 1362 246 1392 et
261 1369 331 1392 non
347 1361 577 1392 memorantes
594 1358 839 1392 mandatorum
856 1361 1005 1393 tuorum.
1047 1361 1073 1378 ³⁴
1090 1359 1191 1392 Nunc
1207 1370 1284 1403 ergo
1303 1359 1454 1403 pondera
1470 1359 1505 1392 in
1521 1363 1652 1393 statera
1668 1363 1802 1393 nostras
1819 1359 2031 1403 iniquitates,

126 1409 161 1439 et
183 1416 300 1439 eorum
323 1405 382 1449 qui
402 1405 565 1439 habitant
586 1405 621 1438 in
643 1405 780 1439 saeculo:
805 1408 839 1439 et
860 1416 929 1439 non
951 1405 1146 1439 invenietur
1166 1416 1291 1438 nornen
1313 1410 1425 1445 tuum,
1448 1406 1511 1439 nisi
1533 1407 1568 1439 in
1592 1406 1705 1441 Israel.
1752 1408 1778 1426 ³⁵
1800 1407 1871 1440 Aut
1894 1406 2033 1450 quando

125 1463 195 1486 non
219 1455 449 1497 peccaverunt
472 1452 507 1485 in
532 1455 717 1496 conspectu
741 1454 813 1490 tuo,
839 1452 899 1495 qui
922 1452 1084 1485 habitant
1108 1452 1254 1485 terram?
1282 1456 1344 1486 aut
1368 1463 1443 1495 (10εο
1468 1463 1548 1496 gens
1572 1453 1619 1486 sic
1644 1453 1842 1487 observavit
1865 1453 2034 1486 mandata

125 1499 206 1533 tua?
257 1501 286 1519 ³⁶
312 1499 384 1533 Hos
410 1499 549 1543 quidem
574 1509 634 1543 per
657 1498 797 1532 nomina
822 1498 973 1533 invenies
999 1509 1151 1532 servasse
1176 1499 1343 1533 mandata
1368 1504 1440 1539 tua,
1466 1504 1583 1543 gentes
1609 1503 1726 1533 autem
1751 1511 1820 1533 non
1844 1500 2008 1533 invenies.

236 1547 267 1581 4.
315 1548 324 1565 ¹
347 1546 393 1580 Et
413 1545 591 1590 respondit
611 1545 655 1579 ad
675 1556 730 1579 me
751 1546 901 1589 angelus,
923 1546 982 1589 qui
1003 1546 1124 1579 missus
1146 1550 1198 1579 est
1218 1546 1261 1580 ad
1283 1557 1347 1585 me,
1371 1546 1423 1580 cui
1444 1557 1569 1580 nomen
1592 1546 1694 1583 Uriel.
1740 1548 1751 1566 ²
1771 1551 1805 1580 et
1827 1546 1915 1580 dixit
1936 1546 2029 1579 mihi.

126 1593 304 1627 Excedens
327 1593 471 1627 excessit
493 1603 550 1626 cor
571 1596 671 1626 tuum
692 1593 728 1626 in
749 1593 871 1626 saeculo
893 1593 968 1629 hoc,
992 1596 1026 1626 et
1048 1593 1334 1637 comprehendere
1357 1593 1485 1637 cogitas
1509 1593 1601 1627 viam
1623 1593 1800 1626 Altissimi.
1841 1596 1853 1613 ³
1875 1593 1922 1626 Et
1943 1593 2029 1627 dixi:

127 1641 183 1674 Ita
196 1640 342 1674 Domine
362 1650 470 1675 meus.
492 1640 538 1673 Et
558 1640 735 1684 respondit
755 1640 849 1677 mihi.
871 1643 905 1673 et
926 1640 1028 1673 dixit:
1053 1640 1132 1674 Tres
1146 1640 1219 1673 vias
1240 1640 1362 1673 missus
1383 1651 1458 1673 sum
1480 1640 1657 1674 ostendere
1677 1641 1752 1679 tibi,
1774 1645 1807 1674 et
1828 1643 1896 1674 tres
1917 1640 2032 1674 simili-

128 1687 266 1721 tudines
282 1697 470 1732 proponere
486 1697 599 1720 coram
614 1691 659 1720 te.
699 1689 711 1706 ⁴
726 1687 768 1719 de
783 1687 907 1730 quibus
923 1687 1007 1720 mihi
1021 1688 1049 1720 si
1063 1687 1312 1721 renuntiaveris
1329 1698 1432 1720 unam
1448 1698 1490 1720 ex
1505 1687 1566 1721 his.
1584 1691 1617 1721 et
1633 1698 1693 1732 ego
1708 1687 1773 1721 tibi
1788 1687 2032 1721 demonstrabo

126 1734 230 1773 viam,
254 1745 359 1778 quam
381 1734 552 1767 desideras
574 1734 699 1773 videre,
723 1736 757 1767 et
779 1734 907 1768 docebo
929 1737 974 1773 te,
998 1734 1087 1767 unde
1109 1734 1154 1768 sit
1176 1745 1233 1768 cor
1253 1734 1452 1778 malignum.
1498 1736 1510 1753 ⁵
1533 1735 1579 1768 Et
1600 1734 1685 1767 dixi:
1710 1734 1863 1777 Loquere
1885 1734 2031 1768 Domine

126 1792 232 1815 meus.
251 1781 298 1814 Et
314 1781 402 1814 dixit
419 1781 463 1814 ad
479 1791 548 1814 me:
568 1780 663 1814 Vade
680 1780 831 1825 pondera
848 1781 931 1814 mihi
947 1781 1033 1825 ignis
1051 1781 1196 1825 pondus,
1214 1784 1275 1814 aut
1291 1792 1450 1814 mensura
1467 1781 1550 1814 mihi
1567 1781 1689 1815 flatum
1707 1781 1812 1817 venti.
1831 1784 1891 1815 aut
1908 1792 2032 1815 revoca

126 1828 209 1862 mihi
230 1828 332 1868 diem,
355 1838 430 1872 quae
452 1828 625 1872 praeteriit.
674 1829 686 1847 ⁸
707 1828 753 1861 Et
773 1828 944 1872 respondi,
966 1831 1000 1862 et
1022 1828 1107 1862 dixi:
1132 1828 1213 1871 Quis
1235 1832 1395 1861 natorum
1419 1829 1545 1872 poterit
1566 1829 1686 1867 130010,
1709 1831 1747 1861 111
1769 1839 1823 1861 1110
1844 1829 2030 1872 interroges

126 1875 167 1908 de
183 1875 254 1908 his?
297 1876 308 1894 ⁷
325 1875 372 1908 Et
387 1874 476 1908 dixit
491 1874 534 1908 ad
550 1885 618 1908 me:
636 1874 671 1908 Si
686 1885 793 1908 essem
809 1875 1021 1919 interrogans
1037 1878 1081 1911 te.
1099 1875 1228 1909 dicens:
1247 1875 1392 1917 Quantae
1408 1875 1639 1909 habitationes
1655 1878 1736 1908 sunt
1751 1875 1786 1908 in
1802 1875 1901 1909 corde
1916 1876 2031 1915 maris,

127 1926 188 1956 aut
206 1924 345 1966 quantae
362 1932 457 1955 venae
474 1924 556 1955 sunt
571 1922 606 1955 in
624 1922 789 1966 principio
807 1922 932 1966 abyssi.
950 1926 1010 1955 aut
1029 1926 1167 1966 quantae
1185 1933 1280 1956 venae
1297 1926 1377 1955 sunt
1394 1933 1495 1966 super
1511 1922 1779 1962 firmamentum,
1797 1925 1858 1955 aut
1875 1922 1933 1966 qui
1950 1926 2032 1955 sunt

126 1969 238 2003 exitus
271 1969 434 2013 paradisi:
485 1970 498 1988 ⁸
523 1968 649 2002 diceres
673 1969 758 2002 mihi
781 1970 946 2008 fortassis,
972 1969 1008 2003 111
1032 1970 1195 2012 abyssum
1220 1980 1290 2002 non
1314 1969 1482 2003 descendi.
1516 1980 1626 2012 neque
1651 1969 1686 2002 in
1710 1969 1881 2002 infernum
1905 1969 2029 2008 adhuc,

126 2026 237 2060 neque
255 2016 290 2050 in
309 2016 428 2049 caelum
446 2026 613 2059 umquam
632 2016 779 2050 ascendi.
824 2018 836 2035 ⁹
854 2027 945 2049 nunc
964 2018 1080 2050 autem
1099 2027 1167 2049 non
1185 2016 1393 2060 interrogavi
1411 2019 1456 2052 te.
1476 2016 1539 2049 nisi
1558 2016 1599 2049 de
1618 2016 1704 2060 igne,
1724 2020 1758 2049 et
1777 2020 1892 2054 vento,
1912 2019 1946 2049 et
1965 2016 2029 2055 die,

127 2074 187 2107 per
202 2073 304 2106 quem
320 2062 485 2102 transisti,
503 2066 537 2096 et
553 2074 573 2096 a
589 2063 713 2106 quibus
729 2063 879 2107 separari
893 2074 963 2096 non
979 2066 1090 2107 potes:
1109 2066 1143 2097 et
1159 2074 1228 2096 non
1244 2063 1448 2107 respondisti
1464 2063 1548 2096 mihi
1564 2063 1605 2096 de
1621 2063 1677 2097 eis.
1718 2065 1747 2083 ¹⁰
1763 2063 1808 2096 Et
1825 2063 1913 2096 dixit
1929 2062 2027 2096 mihi:

126 2110 177 2143 Tu
199 2120 275 2154 quae
295 2113 357 2143 tua
378 2112 470 2148 sunt,
491 2112 607 2143 tecum
629 2109 910 2149 coadolescentia,
932 2121 1001 2143 non
1023 2114 1119 2154 potes
1142 2121 1356 2154 cognoscere:
1402 2112 1426 2129 ¹¹
1449 2114 1483 2143 et
1505 2110 1678 2153 quomodo
1700 2110 1826 2154 poterit
1847 2121 1907 2143 vas
1928 2112 2029 2143 tuum

127 2167 246 2201 capere
274 2156 441 2190 Altissiini
469 2157 572 2196 viam,
601 2160 636 2190 et
663 2157 732 2189 iam
760 2157 909 2190 exterius
938 2161 1098 2201 corrupto
1127 2157 1248 2190 saeculo
1276 2156 1462 2201 intelligere
1491 2157 1744 2201 corruptionem
1773 2156 1967 2190 evidentem
1995 2157 2030 2190 in

125 2204 212 2237 facie
233 2203 328 2237 mea?
374 2205 401 2223 ¹²
423 2204 469 2236 Et
490 2203 561 2237 dixi
580 2203 643 2236 illi:
665 2203 785 2237 Melius
807 2208 881 2237 erat
902 2214 970 2237 non
992 2214 1073 2242 esse,
1097 2214 1201 2247 quam
1223 2203 1335 2237 adhuc
1357 2204 1512 2237 viventes
1534 2204 1648 2237 vivere
1669 2203 1703 2237 in
1725 2204 1973 2248 impietatibus,
1996 2206 2030 2237 et

127 2250 210 2295 pati,
232 2253 267 2284 et
286 2261 355 2284 non
373 2250 559 2294 intelligere
580 2250 621 2283 de
642 2260 710 2293 qua
730 2260 774 2284 re.
818 2252 845 2269 ¹³
866 2251 912 2283 Et
931 2250 1106 2294 respondit
1128 2251 1171 2283 ad
1192 2261 1256 2289 me,
1278 2253 1312 2283 et
1332 2250 1434 2283 dixit:
1458 2250 1676 2284 Proficiscens
1697 2250 1869 2294 profectus
1889 2261 1965 2283 sum
1986 2250 2029 2283 ad

125 2297 248 2331 silvam
263 2297 433 2342 lignorum
449 2297 572 2342 campi,
590 2300 625 2330 et
641 2297 880 2341 cogitaverunt
897 2297 1151 2340 cogitationem.
1191 2299 1218 2316 ¹⁴
1234 2300 1268 2330 et
1284 2296 1460 2330 dixerunt:
1480 2297 1601 2330 Venite
1617 2300 1650 2330 et
1667 2307 1795 2331 eamus.
1813 2299 1847 2330 et
1863 2297 2028 2330 1301311105

126 2344 170 2378 3(1
193 2355 287 2378 mare
311 2344 449 2383 bellum,
474 2347 513 2377 ut
536 2344 674 2377 recedat
698 2354 811 2377 coram
836 2344 944 2377 nobis.
970 2347 1003 2377 et
1027 2344 1193 2377 1301311105
1217 2343 1314 2376 nobis
1339 2343 1421 2377 alias
1445 2343 1558 2378 silvaS.
1606 2345 1632 2363 ¹⁵
1657 2343 1703 2376 Et
1726 2343 1881 2376 similiter
1903 2343 2028 2376 fluctus

126 2391 228 2425 maris
247 2395 281 2424 et
299 2391 364 2435 ipsi
383 2391 622 2435 cogitaverunt
640 2391 894 2435 cogitationem.
915 2394 948 2424 et
967 2390 1143 2424 dixerunt:
1164 2391 1286 2424 Venite
1305 2390 1537 2428 ascendentes,
1557 2389 1763 2423 debellemus
1782 2390 1885 2423 silvas
1904 2390 2027 2434 campi,

125 2441 165 2472 ut
184 2441 219 2472 et
237 2438 285 2471 ibi
304 2448 578 2472 consummemus
597 2437 851 2482 nobismetipsis
871 2437 973 2471 aliam
992 2438 1173 2482 regionem.
1216 2439 1246 2457 ¹⁶
1265 2437 1310 2471 Et
1330 2438 1441 2470 130105
1461 2440 1513 2470 051
1532 2437 1701 2481 cogitatus
1721 2437 1813 2470 silvae
1832 2436 1867 2469 in
1886 2447 2027 2476 vanum,

126 2485 222 2518 venit
242 2485 332 2518 enim
351 2485 448 2529 ignis,
470 2489 504 2518 et
524 2485 736 2529 consumpsit
756 2495 842 2519 eam.
886 2487 914 2504 ¹⁷
935 2484 1097 2518 Similiter
1117 2488 1151 2518 et
1171 2485 1341 2529 cogitatus
1361 2484 1530 2517 fluctuum
1550 2484 1663 2518 maris.
1684 2484 1783 2517 stetit
1803 2483 1892 2516 enim
1913 2494 2026 2523 arena,

126 2535 161 2565 et
179 2532 355 2576 prohibuit
372 2542 438 2566 005.
480 2534 509 2551 ¹²
527 2531 561 2565 Si
579 2532 669 2565 enim
688 2542 775 2565 esses
792 2532 895 2565 iudex
913 2532 1046 2571 horum,
1066 2542 1168 2575 quem
1186 2532 1348 2575 inciperes
1367 2531 1560 2570 iustificare,
1579 2534 1640 2564 aut
1658 2541 1760 2574 quem
1779 2530 2024 2564 condemnare?

126 2581 156 2598 ¹⁹
179 2579 226 2612 Et
248 2578 418 2623 respondi,
443 2581 478 2612 et
500 2578 586 2612 dixi:
612 2578 741 2622 Utique
764 2589 892 2612 vanam
916 2578 1159 2623 cogitationem
1184 2578 1432 2622 cogitaverunt.
1457 2581 1547 2611 terra
1571 2578 1660 2611 enim
1684 2577 1767 2611 data
1791 2580 1841 2610 est
1864 2577 1968 2616 silvae,
1993 2580 2027 2610 et

125 2625 213 2659 mari
231 2625 324 2659 locus
345 2630 481 2670 portare
500 2625 625 2660 fluctus
645 2636 734 2660 suos.
779 2627 807 2646 ²⁰
827 2625 873 2659 Et
893 2625 1070 2670 respondit
1089 2625 1133 2659 ad
1152 2636 1218 2665 me,
1239 2629 1273 2659 et
1293 2625 1396 2658 dixit:
1418 2625 1510 2658 Bene
1530 2628 1569 2658 tu
1588 2624 1758 2663 iudicasti,
1780 2627 1814 2657 et
1834 2634 1938 2667 quare
1958 2634 2027 2656 non

125 2672 285 2706 iudicasti
309 2672 531 2716 tibimetipsi?
583 2674 607 2692 ²¹
634 2672 935 2715 Quemadmodum
960 2673 1051 2706 enim
1076 2676 1166 2705 terra
1191 2672 1284 2705 silvae
1309 2672 1391 2705 data
1417 2674 1479 2711 est,
1506 2674 1540 2705 et
1565 2682 1658 2705 mare
1682 2671 1843 2704 fluctibus
1868 2670 1951 2703 suis:
1979 2670 2026 2703 sic

126 2719 186 2763 qui
205 2729 307 2763 super
325 2722 453 2753 terram
473 2719 682 2759 inhabitant,
704 2730 780 2763 quae
801 2723 882 2753 sunt
902 2730 1003 2763 super
1022 2723 1149 2753 terram
1170 2719 1355 2763 intelligere
1376 2718 1590 2752 solummodo
1611 2720 1769 2762 possunt:
1792 2721 1825 2750 et
1847 2717 1906 2760 qui
1925 2727 2027 2761 super

127 2766 235 2805 caelos,
261 2776 336 2810 quae
360 2777 461 2810 super
485 2766 705 2800 altitudinem
729 2766 897 2800 caelorum.
947 2768 973 2786 ²²
997 2766 1043 2799 Et
1067 2766 1236 2810 respondi,
1262 2769 1296 2800 et
1320 2765 1405 2799 dixi:
1432 2765 1603 2809 Deprecor
1626 2767 1660 2798 te
1684 2764 1841 2803 Domine,
1879 2766 1917 2797 ut
1942 2763 2026 2797 1111111

127 2812 228 2846 detur
246 2823 363 2846 sensus
383 2813 605 2858 intelligendi.
649 2815 675 2833 ²³
695 2824 764 2846 non
784 2814 874 2847 enim
894 2813 988 2847 volui
1007 2813 1214 2857 interrogare
1235 2813 1276 2846 de
1296 2812 1524 2856 superioribus
1544 2811 1623 2850 tuis,
1644 2811 1703 2844 sed
1723 2811 1765 2844 de
1784 2811 1835 2844 his
1856 2821 1931 2853 quae
1952 2821 2025 2854 per-

126 2862 308 2893 transeunt
333 2870 393 2904 per
418 2870 478 2894 nos
505 2859 669 2903 quotidie.
697 2864 837 2904 propter
863 2860 945 2903 quid
973 2860 1077 2893 Israel
1102 2860 1204 2893 datus
1230 2860 1265 2893 in
1291 2859 1512 2903 opprobrium
1538 2858 1707 2902 gentibus,
1747 2868 1849 2901 quem
1876 2857 2025 2891 dilexisti

127 2906 304 2950 populum,
326 2907 428 2940 datus
449 2909 501 2940 est
520 2907 679 2941 tribubus
700 2907 824 2951 impiis,
846 2910 880 2940 et
900 2907 954 2940 lex
975 2909 1114 2951 patrum
1135 2909 1330 2940 nostrorum
1350 2907 1385 2939 in
1406 2906 1583 2939 interitum
1604 2905 1753 2938 deducta
1773 2907 1835 2943 est,
1857 2907 1892 2937 et
1912 2903 2024 2948 dispo-

126 2953 266 2986 sitiones
286 2954 419 2998 scriptae
439 2964 611 2997 nusquam
631 2956 727 2988 sunt:
772 2956 799 2973 ²⁴
818 2958 853 2987 et
873 2954 1155 2998 pertransivimus
1176 2953 1217 2986 de
1237 2952 1369 2992 saeculo,
1391 2956 1430 2985 ut
1449 2952 1599 2991 locustae,
1621 2955 1655 2985 et
1674 2952 1748 2985 vita
1767 2954 1885 2984 nostra
1904 2957 2025 2994 stupor

128 3005 162 3033 et
176 3010 294 3043 pavor,
310 3003 345 3033 et
358 3011 420 3033 nec
434 3000 527 3044 digni
540 3011 657 3034 sumus
672 3001 938 3034 misericordiam
953 3000 1123 3044 consequi.
1162 3001 1188 3019 ²³
1203 3000 1268 3033 Sed
1283 2999 1365 3043 quid
1380 2999 1481 3032 faciet
1496 2999 1626 3032 nomini
1640 3009 1700 3031 suo
1716 2997 1808 3041 quod
1822 2998 2022 3031 invocatum

127 3049 178 3079 est
195 3056 296 3090 super
312 3046 392 3079 nos?
411 3050 446 3080 et
462 3047 504 3080 de
519 3047 571 3080 his
588 3048 805 3092 interrogavi.
847 3049 875 3067 ²⁰
892 3047 939 3080 Et
955 3047 1131 3091 respondit
1147 3047 1191 3080 ad
1208 3057 1272 3086 me,
1291 3049 1325 3079 et
1342 3046 1443 3079 dixit:
1463 3045 1498 3079 Si
1514 3045 1615 3079 fueris
1634 3045 1818 3089 plurimum
1835 3047 2019 3083 scrutatus,

126 3093 323 3136 frequenter
347 3093 537 3127 miraberis:
565 3094 728 3137 quoniam
752 3095 918 3128 festinans
944 3094 1085 3127 festinat
1110 3094 1271 3127 saeculum
1297 3092 1511 3137 pertransire,
1561 3093 1588 3111 ²⁷
1615 3095 1649 3125 et
1673 3103 1742 3125 non
1768 3091 1860 3135 capit
1886 3094 2021 3134 portare

128 3150 203 3183 quae
225 3140 260 3172 in
280 3140 404 3173 futuris
425 3141 637 3184 temporibus
658 3141 755 3174 iustis
777 3141 980 3185 repromissa
1000 3144 1095 3174 sunt:
1119 3140 1281 3184 quoniam
1304 3139 1441 3183 plenum
1462 3138 1631 3172 iniustitia
1651 3141 1703 3172 est
1723 3137 1884 3171 saeculum
1904 3137 1967 3169 hoc
1989 3139 2024 3169 et

127 3186 397 3221 infirmitatibus,
445 3188 473 3206 ²³
498 3187 549 3220 De
573 3187 696 3230 quibus
721 3190 837 3221 autem
860 3188 1059 3232 interrogas.
1084 3187 1210 3220 dicam:
1236 3186 1443 3220 seminatum
1467 3185 1557 3218 enim
1581 3188 1633 3219 est
1654 3185 1795 3224 malum,
1819 3187 1853 3217 et
1876 3183 2022 3216 necdum

128 3234 224 3267 venit
246 3233 432 3266 destructio
454 3233 570 3277 ipsius.
616 3235 645 3253 ²²
667 3234 702 3267 Si
723 3245 800 3278 ergo
822 3245 892 3267 non
913 3235 1086 3268 inversum
1109 3234 1212 3267 100111
1234 3233 1326 3277 (111οᾱ
1348 3233 1555 3266 seminatum
1577 3234 1639 3271 est,
1663 3235 1696 3265 et
1718 3230 1907 3264 discesserit
1929 3230 2021 3263 locus

127 3279 187 3313 ubi
209 3280 417 3313 seminatum
440 3283 492 3313 est
513 3280 654 3320 malum,
677 3291 747 3314 non
770 3281 885 3314 veniet
907 3281 966 3314 ubi
988 3281 1196 3314 seminatum
1219 3283 1271 3313 est
1292 3280 1432 3313 bonum.
1480 3281 1509 3299 ³⁰
1532 3279 1700 3322 Quoniam
1724 3287 1863 3321 gramen
1886 3277 2022 3310 seminis

128 3326 209 3360 mali
233 3327 441 3360 seminatum
465 3330 517 3360 est
540 3327 575 3360 in
599 3326 698 3360 corde
722 3327 835 3360 Adam
860 3327 903 3360 ab
928 3328 1040 3361 initio:
1067 3330 1101 3360 et
1126 3330 1295 3370 quantum
1320 3326 1507 3370 impietatis
1532 3325 1707 3370 generavit
1731 3334 1838 3367 usque
1862 3334 1962 3357 nunc.
1989 3325 2023 3355 et

128 3376 268 3417 generat
282 3384 391 3417 usque
407 3384 485 3407 cum
502 3374 618 3407 veniat
635 3374 731 3407 area?
773 3375 798 3393 ³¹
814 3373 963 3408 AEstima
978 3378 1094 3408 autem
1111 3373 1204 3418 apud
1219 3376 1254 3406 te
1270 3384 1409 3417 gramen
1425 3372 1506 3406 mali
1521 3372 1668 3410 seminis,
1686 3374 1854 3414 quantum
1871 3370 2021 3402 fructum

128 3419 316 3464 impietatis
337 3420 528 3465 generavit:
574 3421 601 3439 ³²
623 3420 761 3463 quando
784 3423 906 3454 secatae
927 3421 1055 3454 fuerint
1076 3421 1186 3465 spicae,
1211 3430 1356 3463 quarum
1378 3430 1447 3453 non
1469 3423 1521 3453 est
1542 3429 1712 3456 numerus,
1736 3427 1840 3461 quarn
1862 3425 2022 3459 magnam

129 3476 244 3500 aream
262 3466 427 3511 incipient
444 3466 573 3501 facere?
618 3468 644 3486 33
663 3467 711 3500 Ε1
729 3467 898 3511 respondi,
919 3470 953 3501 et
972 3467 1057 3501 dixi:
1080 3466 1270 3510 Quomodo,
1291 3470 1325 3500 et
1345 3466 1482 3510 quando
1502 3466 1591 3499 haec?
1615 3464 1726 3508 Quare
1745 3463 1867 3497 modici
1888 3468 1921 3495 et
1940 3461 2022 3495 mali

2065 989 2093 1012 ct
2115 988 2207 1013 abun-

2070 1023 2203 1048 (1311113111

2058 1059 2216 1089 Babylonis

2060 1543 2211 1569 curiositas

2047 1579 2223 1610 retunditur,
