2356 3760
269 160 346 199 52ss
1152 157 1298 191 LIBER
1941 159 1992 200 75,
2016 158 2136 199 8-77,
2161 158 2182 192 s

98 252 229 275 ¹⁵¹¹¹⁰¹¹¹¹⁴
288 254 302 275 ‘⁵'
321 252 379 292 Tu
410 251 596 292 terribilis
624 264 676 296 es,
759 256 800 291 et
828 251 916 304 quis
943 250 1104 290 resistet
1132 250 1230 291 tibi?
1260 264 1308 291 ex
1337 256 1435 291 tunc
1462 251 1521 291 ira
1548 256 1631 292 tua.

70 293 91 310 >i
100 287 253 316 uin-inibo:

82 324 108 345 ·-t
136 322 241 361 metius
288 311 381 350 ⁹1)e
412 310 506 351 ezelo
537 310 724 351 auditum
755 309 885 349 fecisti
916 308 1129 349 iudicium:
1214 314 1322 350 terra
1351 310 1520 350 tremuit
1549 314 1590 350 ct
1621 310 1789 363 quievit,

81 357 240 383 “²‘³¹¹¹¹''¹¹³'
271 370 418 409 ¹⁰(Jum
448 374 660 421 exurgeret
686 369 726 408 in
755 368 949 408 iudicium
978 368 1100 411 Deus,
1189 373 1236 408 ut
1273 368 1406 410 salvos
1434 369 1586 409 faeeret
1614 382 1753 410 omnes
1782 375 2018 411 mansuetos
2047 375 2176 412 terrae.

269 430 295 451 ¹¹
320 428 521 476 Quoniam
558 427 751 476 cogitatio
787 426 962 467 hominis
997 426 1260 467 confitebitur
1298 427 1390 468 tibi:
1486 432 1525 467 et
1561 427 1739 480 reliquiae
1777 428 2036 481 cogitationis
2072 429 2179 470 diem

532 487 680 526 festum
712 490 834 535 agent
863 485 949 526 tibi.

271 548 300 569 ¹'-'
322 546 489 587 Vovete.
524 553 565 585 et
596 544 753 584 reddite
785 544 961 585 Domino
994 544 1080 585 Deo
1113 550 1268 585 vestro:
1361 558 1500 586 omnes
1533 545 1601 598 qui
1634 545 1673 585 in
1706 545 1876 587 circuitu
1909 546 1993 587 eius
2026 546 2180 588 affertis

532 615 712 644 munera.

322 662 503 703 Terribili
535 664 565 686 ¹³
587 667 628 703 et
654 662 687 702 ei
715 662 782 715 qui
810 663 943 703 aufert
968 661 1155 715 spiritum
1183 662 1425 715 principum,
1507 662 1674 703 terribili
1701 663 1809 717 apud
1836 675 1946 717 reges
1972 670 2100 706 terrae.

891 778 1057 825 76(77).
1088 777 1322 817 Meditatio
1352 776 1569 818 tribulati.

374 852 388 874 ¹
421 850 466 890 ln
498 850 631 899 finem,
664 863 736 903 pro
770 849 950 893 Idithun,
984 848 1170 889 l'salmus
1201 849 1352 902 Asapli.
1412 849 1605 891 LXXVI.

82 960 248 1019 iiiiiii‘issiiii'
292 958 305 979 ²
324 954 431 996 Voce
457 968 548 996 mea
572 956 623 996 ad
648 956 870 997 Dominum
898 954 1090 995 clamavi:
1171 967 1269 995 voce
1294 968 1385 996 mea
1409 955 1461 996 ad
1486 955 1632 1000 Deum,
1660 960 1701 996 et
1726 955 1905 996 intendit
1929 954 2040 997 mihi.

135 1012 139 1018 ‘
228 1015 230 1018 ’
288 1017 303 1038 ²¹
328 1014 369 1054 in
402 1014 465 1055 die
496 1014 772 1055 tribulationis
804 1026 903 1054 meae
934 1013 1067 1054 Deum
1099 1013 1311 1066 exquisivi,
1398 1014 1585 1054 manibus
1617 1014 1715 1054 meis
1746 1019 1866 1055 nocte
1897 1018 2041 1055 contra
2066 1027 2177 1055 eum:

530 1079 570 1113 et
600 1085 680 1114 non
711 1086 800 1113 sum
831 1073 1037 1126 deeeptus.
1123 1072 1275 1113 Renuit
1302 1073 1499 1114 consolari
1528 1073 1666 1113 anima
1692 1086 1794 1121 mea,

288 1135 301 1156 ·¹
320 1145 475 1173 memor
496 1132 554 1172 t'ui
576 1131 662 1177 Dei,
688 1137 729 1172 et
751 1131 978 1172 delectatus
1000 1145 1102 1175 sum,
1161 1137 1202 1172 et
1224 1131 1471 1173 exercitatus
1493 1144 1602 1173 sum:
1627 1136 1668 1173 et
1689 1132 1838 1173 defecit
1860 1132 2028 1185 spiritus
2051 1145 2177 1174 meus,

287 1193 302 1216 ⁵
320 1191 665 1244 Anticipaverunt
695 1190 852 1243 vigilias
882 1190 987 1231 oculi
1017 1190 1114 1231 mei:
1199 1191 1390 1232 turbatus
1421 1204 1523 1237 sum,
1557 1196 1597 1232 et
1627 1204 1708 1232 non
1738 1204 1829 1232 sum
1858 1190 2031 1233 locutus.

289 1252 304 1274 ⁶
321 1250 507 1304 Cogitavi
536 1250 619 1291 dies
649 1250 858 1303 antiquos:
941 1254 983 1290 et
1011 1262 1138 1291 annos
1167 1255 1339 1291 aeternos
1368 1250 1408 1290 in
1436 1255 1574 1291 mente
1601 1249 1739 1291 habui.

288 1311 301 1333 ⁷
321 1309 376 1350 Et
399 1309 623 1350 meditatus
647 1322 737 1349 sum
761 1314 880 1350 nocte
904 1322 996 1350 cum
1020 1309 1140 1350 corde
1163 1321 1265 1355 meo,
1326 1315 1367 1350 et
1391 1309 1656 1357 exercitabar,
1684 1314 1725 1350 et
1748 1310 1967 1363 scopebam
1991 1309 2180 1363 spiritum

531 1381 680 1409 meum.

289 1428 304 1452 Β
324 1428 535 1481 Numquid
552 1428 591 1468 in
608 1433 806 1468 aeternum
823 1427 1008 1481 proiiciet
1019 1427 1149 1468 Deus:
1207 1432 1280 1468 aut
1297 1440 1378 1469 non
1396 1432 1577 1481 apponet
1594 1432 1640 1468 ut
1653 1427 1934 1481 complacitior
1950 1427 2003 1468 sit
2021 1427 2179 1469 adhuc?

290 1489 304 1511 ⁹
322 1486 406 1528 Aut
434 1486 474 1527 in
503 1487 624 1527 finem
653 1486 970 1527 misericordiam
999 1499 1115 1527 suam
1145 1486 1368 1535 abscindet,
1441 1499 1466 1526 a
1491 1486 1752 1540 generatione
1780 1486 1821 1527 in
1848 1486 2179 1540 generationem?

270 1548 305 1569 ¹⁰
322 1546 405 1586 Aut
432 1545 694 1587 obliviscetur
719 1545 896 1586 misereri
921 1545 1057 1586 Deus?
1138 1551 1211 1586 aut
1235 1545 1463 1587 continebit
1493 1545 1535 1585 in
1559 1545 1619 1586 ira
1643 1558 1718 1586 sua
1741 1545 2036 1587 misericordias
2062 1545 2180 1587 suas?

77 1649 250 1709 ¹¹¹}{ssssffiffln
274 1654 300 1675 ¹¹
323 1651 379 1692 Et
408 1651 492 1692 dixi
522 1665 629 1692 nunc
660 1651 782 1704 coepi:
867 1650 952 1691 haec
981 1650 1158 1691 mutatio
1190 1651 1368 1692 dexterae
1398 1650 1568 1692 Excelsi.

70 1721 244 1745 recordatur-
272 1712 300 1734 ¹²
322 1710 477 1751 Memor
507 1710 566 1751 fui
598 1722 765 1764 operum
797 1709 982 1751 Domini:
1076 1709 1173 1763 quia
1202 1722 1358 1751 memor
1389 1722 1455 1751 ero
1488 1710 1539 1751 ab
1571 1709 1687 1751 initio
1720 1709 1967 1757 mirabilium
2001 1715 2178 1759 tuorum,

270 1771 300 1793 ¹³
320 1769 376 1810 Et
400 1769 631 1810 meditabor
654 1769 694 1810 in
719 1769 908 1810 omnibus
934 1769 1122 1822 operibus
1147 1768 1246 1809 tuis:
1326 1773 1367 1810 et
1391 1769 1430 1810 in
1457 1768 1818 1810 adinventionibus
1842 1770 1924 1810 tuis
1949 1771 2177 1811 exercebor.

270 1831 299 1852 ¹⁴
319 1828 431 1869 Deus
459 1828 499 1869 in
527 1834 669 1870 sancto
698 1828 766 1869 via
792 1833 883 1869 tua:
968 1828 1057 1882 quis
1084 1828 1195 1868 Deus
1224 1841 1396 1882 magnus
1425 1828 1530 1869 sicut
1556 1828 1668 1869 Deus
1696 1828 1857 1870 noster?

268 1889 298 1911 ¹5
320 1892 364 1928 tu
392 1901 432 1928 es
459 1888 570 1928 Deus
598 1887 667 1942 qui
692 1887 791 1928 facis
818 1886 1031 1929 mirabilia.
1116 1887 1269 1928 Notam
1294 1887 1427 1928 fecisti
1453 1887 1494 1928 in
1521 1887 1682 1941 populis
1710 1887 1909 1935 virtutem
1936 1892 2072 1929 tuam:

268 1946 527 1987 ¹⁶redemisti
556 1947 597 1987 in
628 1946 792 1988 brachio
824 1951 895 1987 tuo
926 1945 1123 2000 populum
1155 1951 1285 1993 tuum,
1371 1946 1473 1988 filios
1506 1946 1640 1993 Iacob,
1674 1952 1715 1987 et
1747 1947 1905 2000 Ioseph.

268 2007 300 2029 ¹⁷
320 2005 519 2046 Viderunt
547 2012 587 2046 te
615 2019 732 2059 aquae
757 2006 880 2050 Deus,
963 2005 1156 2046 viderunt
1182 2010 1223 2047 te
1251 2018 1385 2059 aquae:
1415 2011 1455 2046 et
1482 2005 1721 2053 timuerunt,
1809 2012 1850 2047 et
1877 2007 2057 2048 turbatae
2084 2012 2181 2048 sunt

533 2065 680 2118 abyssi.

269 2123 542 2165 ¹8Multitudo
573 2124 730 2165 sonitus
762 2137 980 2178 aquarum:
1070 2137 1212 2165 vocem
1244 2124 1444 2165 dederunt
1475 2124 1614 2166 nubes.
1709 2124 1874 2165 Etenim
1905 2125 2067 2178 sagittae
2097 2129 2180 2166 tuae

530 2187 763 2224 transeunt:
1639 2204 1641 2207 ·

270 2244 302 2265 ¹⁹
321 2255 401 2283 vox
426 2241 597 2283 tonitrui
622 2242 682 2283 tui
706 2242 747 2283 in
771 2247 873 2283 rota.
956 2241 1185 2283 Illuxerunt
1208 2242 1508 2283 coruscationes
1534 2247 1616 2283 tuae
1640 2243 1727 2283 orbi
1752 2248 1886 2284 terrae:
1971 2248 2181 2285 commota

531 2306 592 2342 est
621 2306 662 2342 et
691 2301 939 2342 contremuit
968 2306 1087 2342 terra.

267 2362 303 2383 20
323 2360 368 2400 ln
392 2360 492 2401 mari
516 2360 584 2401 via
606 2366 689 2409 tua,
769 2366 809 2401 et
831 2360 986 2401 semitae
1008 2365 1090 2401 tuae
1112 2360 1153 2400 in
1176 2360 1292 2414 aquis
1314 2359 1471 2400 multis:
1550 2365 1591 2401 et
1620 2360 1794 2414 vestigia
1822 2365 1897 2402 tua
1920 2373 2002 2402 non
2033 2374 2178 2415 cogno-

531 2425 706 2460 scentur.

267 2480 294 2501 2¹
324 2478 562 2519 aDeduxisti
592 2479 697 2520 sicut
728 2491 824 2519 oves
854 2478 1052 2532 populum
1084 2483 1215 2527 tuum,
1302 2478 1343 2519 in
1373 2491 1498 2519 manu
1530 2478 1662 2533 Moysi
1692 2483 1734 2520 et
1763 2479 1913 2520 Aaron.

776 2594 943 2644 77(78).
974 2593 1195 2634 Memoria
1225 2593 1430 2635 historiae
1461 2594 1674 2645 antiquae.

375 2669 387 2690 ¹
420 2666 656 2707 Intellectus
685 2666 837 2720 Asaph.
870 2666 1085 2707 LXXVII.

84 2770 239 2833 u},'1'¹2¹‚;¹¹1¹,¹1¹2‚
319 2772 534 2813 Attendite
555 2771 703 2825 popule
723 2785 837 2812 meus
856 2771 985 2825 legem
1006 2785 1158 2813 meam:
1216 2771 1409 2813 inclinate
1427 2785 1566 2812 aurem
1588 2776 1768 2813 vestram
1785 2771 1827 2813 in
1843 2772 1970 2813 verba
1987 2771 2065 2813 oris
2085 2771 2176 2813 mei.

61 2822 254 2888 ιιι-τιμωῖινιιηι
287 2833 301 2854 '2
320 2831 511 2884 Aperiam
542 2831 581 2871 in
612 2830 816 2884 parabolis
847 2844 890 2872 os
920 2844 1075 2871 meum:
1159 2831 1304 2885 loquar
1332 2831 1630 2885 propositiones
1661 2831 1712 2872 ab
1742 2830 1871 2873 initio.

71 2879 253 2906 ¹'‘'¹¹'¹¹¹‘'¹'¹¹‘
288 2893 302 2912 ³²
320 2890 486 2938 Quanta
513 2890 744 2931 audivimus
771 2894 811 2930 et
838 2890 1102 2943 cognovimus
1129 2903 1193 2930 ea:
1275 2896 1315 2931 et
1341 2896 1478 2944 patres
1504 2890 1633 2931 nostri
1658 2894 1931 2931 narraverunt
1955 2890 2084 2931 nobis.

288 2950 302 2972 ·¹
322 2948 413 2989 Non
430 2955 524 2989 sunt
539 2948 746 2990 occultata
762 2962 786 2989 a
801 2948 890 2989 filiis
907 2961 1057 2994 eorum,
1110 2949 1151 2990 in
1166 2949 1427 3003 generatione
1443 2948 1583 2990 altera.
1603 2948 1827 2990 Narrantes
1841 2948 1983 2990 laudes
1996 2949 2177 2994 Domini,

530 3014 571 3049 et
600 3008 774 3049 virtutes
805 3008 900 3054 eius,
933 3012 974 3048 et
1003 3008 1206 3049 mirabilia
1234 3008 1318 3049 eius
1349 3022 1439 3062 quae
1467 3008 1575 3049 fecit.

287 3068 301 3089 ⁵
320 3066 375 3106 Et
391 3066 605 3107 suscitavit
620 3067 902 3108 testimonium
917 3067 958 3108 in
976 3067 1117 3107 Iacob:
1175 3073 1216 3108 et
1230 3067 1359 3122 legem
1374 3067 1512 3121 posuit
1527 3066 1567 3107 in
1586 3066 1721 3108 Israel.
1781 3067 1949 3116 Quanta
1962 3066 2178 3108 mandavit

532 3126 715 3178 patribus
744 3126 893 3167 nostris
922 3131 1023 3167 nota
1050 3126 1181 3167 facere
1212 3139 1259 3167 ea
1288 3126 1377 3167 filiis
1408 3127 1508 3167 suis:

287 3186 301 3207 ‘³
322 3189 364 3224 ut
390 3190 607 3233 eognoscat
630 3185 836 3237 generatio
862 3185 1001 3226 altera.
1072 3185 1163 3226 Filii
1188 3186 1255 3239 qui
1280 3190 1510 3234 nascentur,
1537 3190 1579 3226 et
1602 3190 1812 3238 exurgent,
1886 3189 1927 3226 et
1950 3185 2177 3226 narrabunt

530 3242 618 3283 filiis
648 3244 740 3289 suis,

287 3302 300 3323 ⁷
322 3300 377 3342 Ut
400 3307 555 3354 ponant
577 3301 617 3342 in
640 3302 725 3343 Deo
749 3316 861 3356 spem
884 3316 1012 3353 suam,
1081 3310 1121 3344 et
1145 3316 1225 3345 non
1248 3303 1543 3344 obliviscantur
1565 3315 1733 3356 operum
1755 3302 1849 3343 Dei:
1917 3307 1958 3343 et
1979 3302 2179 3343 mandata

532 3374 614 3401 eius
646 3362 876 3414 exquirant.

287 3420 303 3443 ⁸
322 3419 381 3460 Ne
413 3420 515 3459 fiant
545 3419 649 3460 sieut
680 3426 816 3472 patres
848 3434 1005 3462 eorum:
1090 3421 1297 3475 generatio
1329 3434 1458 3475 prava
1488 3425 1529 3461 et
1560 3433 1816 3474 exasperans

267 3491 334 3494 Q*
355 3491 387 3494 ’ψ
400 3512 452 3552 7⁶,
470 3511 509 3545 21
521 3492 616 3545 {fi}
621 3513 673 3551 14,
693 3512 744 3546 19.
