2356 3760
106 997 246 1021 transitus

122 1031 229 1062 populi,

93 1586 252 1610 exstructio

90 1628 256 1647 monumen·

120 1658 225 1685 torum,

286 140 360 179 113
1174 137 1321 171 LIBER
1973 143 2004 181 3,
2031 143 2127 182 7—4,
2154 144 2193 176 21

284 232 457 274 foederis,
484 238 524 272 et
555 230 768 284 praecedite
799 229 1009 282 populum.
1043 230 1120 277 Qui
1151 230 1260 270 iussa
1290 231 1550 283 complentes,
1581 232 1775 278 tulerunt,
1804 238 1845 274 et
1875 234 2194 277 ambulaverunt

283 297 377 331 ante
403 303 481 331 eos.
539 291 552 312 ⁷
580 289 775 341 Dixitque
804 288 1001 328 Dominus
1029 288 1081 327 ad
1110 288 1243 329 Iosue:
1273 289 1404 330 Hodie
1431 290 1623 342 incipiam
1650 290 1830 331 exaltare
1856 296 1896 332 te
1922 305 2057 334 coram
2084 295 2195 335 omni

287 348 425 389 Israel:
451 354 496 389 ut
518 349 647 388 sciant
671 347 780 400 quod
802 347 906 386 sicut
929 359 1021 386 cum
1044 346 1183 400 Moyse
1206 347 1274 390 fui.
1299 348 1358 388 ita
1380 352 1420 388 et
1442 353 1577 388 tecum
1600 349 1687 389 sim.
1741 354 1756 373 ὅ
1778 350 1837 390 Tu
1861 356 1999 392 autern
2022 353 2194 406 praecipe

283 408 573 448 sacerdotibus.
607 406 673 459 qui
702 410 870 458 portant
897 418 1031 446 arcam
1061 405 1236 453 foederis,
1266 411 1307 447 et
1334 407 1398 447 dic
1425 407 1498 447 eis:
1529 407 1630 447 Cum
1658 407 1823 461 ingressi
1850 410 2008 451 fueritis
2036 416 2197 464 partem

283 480 399 519 aquae
434 465 626 510 Iordanis,
660 469 767 505 state
800 464 838 504 in
870 477 927 504 ea.
991 466 1005 487 ⁹
1036 464 1234 518 Dixitque
1267 464 1384 506 Iosue
1415 465 1466 505 ad
1501 465 1602 506 filios
1636 465 1776 506 Israel:
1810 467 2001 509 Accedite
2032 469 2122 518 huc,
2156 475 2198 511 et

283 525 422 565 audite
444 525 613 564 verbum
634 523 798 564 Domini
819 523 893 563 Dei
916 523 1050 563 vestri.
1103 525 1136 547 ¹⁰
1154 524 1209 564 Et
1228 537 1406 564 rursum:
1431 524 1476 564 In
1497 524 1583 571 hoc,
1605 525 1751 578 inquit,
1773 526 1907 566 scietis
1928 528 2038 581 quod
2056 528 2197 569 Domi-

283 598 357 623 nus
383 583 491 623 Deus
517 583 658 623 vivens
683 582 723 622 in
748 581 881 622 medio
906 582 1029 622 vest-ri
1055 587 1128 625 est,
1155 588 1196 623 et
1220 583 1427 636 disperdet
1451 583 1490 623 in
1516 588 1735 637 conspectu
1760 589 1896 626 vestro
1920 585 2197 628 Chananaeum

283 648 323 682 et
349 642 579 684 Hetlueum,
607 641 805 681 Hevaeum
829 646 869 681 et
892 641 1162 686 Pherezaeum,
1187 641 1441 695 Gel'gosaeum
1470 655 1631 695 quoque
1661 648 1702 683 et
1726 642 1964 693 Iebusaeum,
1992 650 2033 686 et
2054 646 2197 686 Amor-

282 701 447 741 rlueum.
501 703 525 724 ¹¹
558 700 693 743 aEece,
724 712 818 740 arca
844 700 1006 740 hederis
1036 700 1201 740 Domini
1230 701 1359 740 omnis
1389 706 1505 741 terrae
1533 702 1747 742 antecedet
1771 715 1842 743 vos
1871 715 1942 756 per
1966 703 2194 746 Iordanem.

282 762 313 783 ¹²
343 760 490 800 Parate
520 759 735 799 duodecim
764 759 871 799 viros
902 759 950 799 de
982 759 1169 799 tribubus
1200 759 1335 807 Israel,
1367 759 1544 813 singulos
1574 773 1645 813 per
1673 760 1850 813 singulas
1881 762 2022 803 tribus.
2082 765 2113 787 ¹³
2142 762 2198 804 Et

281 832 372 859 cum
402 818 612 871 posuerint
639 817 809 869 vestigia
840 817 988 870 pedum
1018 830 1183 858 suorum
1211 818 1440 859 sacerdotes
1470 818 1537 872 qui
1567 824 1736 872 portant
1763 832 1899 860 arcam
1926 820 2093 862 Domini
2120 821 2197 862 Dei

280 878 478 918 univorsae
515 884 630 917 terrae
665 877 704 916 in
740 876 856 930 aquis
894 876 1090 922 Iordanis,
1129 890 1256 930 aquae,
1296 890 1385 930 quae
1419 878 1625 918 inferiores
1661 883 1768 926 sunt,
1821 878 2036 920 decurrent
2071 885 2197 933 atque

283 936 492 977 deficient:
522 949 612 989 quae
637 942 776 976 autem
802 936 975 988 desuper
1000 936 1183 982 veniunt,
1211 936 1251 976 in
1278 949 1360 977 una
1384 936 1488 977 mole
1515 937 1750 978 consistent.

392 998 418 1019 ¹⁴
456 995 585 1048 Igitur
618 1008 796 1048 egressus
831 999 892 1035 est
925 994 1099 1048 populus
1133 995 1182 1035 de
1216 995 1488 1036 tabernaculis
1523 996 1616 1043 suis,
1654 1001 1701 1036 ut
1733 996 1926 1037 transiret
1960 996 2195 1038 Iordanem:

281 1059 323 1095 et
348 1054 589 1095 sacerdotes.
620 1053 687 1106 qui
714 1054 939 1106 portabant
965 1067 1101 1094 arcam
1127 1054 1302 1099 foederis,
1330 1055 1556 1107 pergebant
1581 1059 1676 1095 ante
1702 1068 1806 1095 eum.
1862 1057 1893 1079 ¹5
1920 1055 2196 1109 Ingressisque

281 1114 335 1154 eis
362 1114 589 1156 Iordanem,
616 1117 657 1153 et
680 1113 850 1166 pedibus
875 1125 1014 1154 eorum
1038 1113 1078 1153 in
1103 1118 1219 1166 parte
1243 1126 1359 1166 aquae
1384 1113 1521 1154 tinctis
1545 1113 1773 1167 (bIordanis
1798 1119 1937 1155 autem
1959 1115 2067 1168 ripas
2092 1114 2196 1155 alvei

281 1173 340 1213 sui
373 1177 556 1225 tempore
587 1172 726 1212 messis
757 1171 1017 1225 impleverat)
1077 1173 1109 1195 ¹⁶
1139 1176 1343 1213 steterunt
1373 1185 1490 1226 aquae
1520 1173 1810 1213 descendentes
1841 1173 1881 1213 in
1912 1172 1998 1214 loco
2029 1186 2123 1221 uno,
2155 1178 2198 1214 et

280 1232 332 1272 ad
363 1231 492 1271 instar
522 1231 673 1272 montis
704 1230 1021 1271 intumescentes
1054 1231 1311 1284 apparebant
1340 1231 1481 1284 procul
1511 1232 1563 1272 ab
1594 1232 1705 1279 urbe,
1740 1244 1830 1285 quae
1860 1237 2032 1273 vocatur
2062 1232 2196 1273 Adom

281 1304 407 1344 usque
439 1290 490 1331 ad
519 1289 653 1331 locum
683 1290 879 1330 Sarthan:
913 1303 1002 1343 quie
1032 1295 1171 1330 autem
1200 1290 1406 1331 inferiores
1437 1295 1564 1335 erant,
1596 1291 1637 1330 in
1667 1290 1777 1331 Mare
1807 1289 2037 1331 solitudinis
2067 1291 2197 1345 (quod

280 1362 388 1390 nunc
408 1354 580 1389 vocatur
609 1350 836 1401 mortuum)
866 1349 1174 1395 descenderunt,
1218 1362 1430 1403 usquequo
1462 1349 1626 1390 omnino
1658 1349 1891 1390 deficerent.
1951 1351 1984 1374 ¹⁷
2015 1349 2196 1403 Populus

281 1413 418 1449 autem
438 1408 654 1449 incedebat
672 1412 813 1448 contra
835 1407 1007 1448 Iericho:
1028 1413 1069 1448 et
1086 1409 1328 1455 sacerdotes,
1350 1409 1417 1461 qui
1436 1408 1662 1462 portabant
1679 1421 1815 1449 arcam
1832 1408 1996 1449 foederis
2014 1408 2194 1457 Domini,

279 1468 449 1508 stabant
479 1480 599 1521 super
629 1467 775 1507 siccam
807 1467 978 1507 humum
1010 1466 1049 1507 in
1080 1467 1213 1507 medio
1247 1467 1430 1508 Iordanis
1462 1467 1644 1512 accincti,
1678 1467 1891 1521 omnisque
1921 1467 2096 1521 populus
2126 1480 2198 1521 per

279 1532 460 1567 arentem
493 1526 655 1567 alveum
686 1526 901 1567 transibat.

384 1585 422 1628 4.
480 1588 489 1609 ¹
523 1585 678 1634 Quibus
710 1585 980 1638 transgressis,
1013 1585 1118 1625 dixit
1147 1585 1348 1625 Dominus
1378 1585 1431 1626 ad
1462 1585 1597 1625 Iosue:
1656 1587 1670 1608 2
1700 1584 1813 1638 Elige
1843 1585 2058 1626 duodecim
2088 1585 2196 1626 viros

280 1644 456 1698 singulos
483 1657 555 1697 per
580 1644 756 1697 singulas
784 1644 931 1684 tribus:
986 1646 1001 1668 ³
1027 1649 1067 1684 et
1094 1644 1264 1697 praecipe
1291 1644 1345 1684 eis
1372 1648 1419 1684 ut
1445 1643 1593 1685 tollant
1618 1644 1667 1685 de
1693 1644 1826 1685 medio
1854 1643 2039 1685 Iordanis
2065 1643 2193 1693 alveo,

278 1704 345 1745 ubi
383 1708 587 1744 steterunt
622 1703 743 1756 pedes
780 1703 1051 1749 sacerdotum,
1090 1703 1305 1744 duodecim
1342 1703 1578 1744 durissimos
1614 1702 1781 1756 lapides,
1821 1716 1922 1756 quos
1958 1703 2119 1756 ponetis
2154 1703 2196 1743 in

277 1763 365 1804 loco
399 1768 638 1810 castrorum,
675 1763 742 1803 ubi
779 1761 947 1802 fixeritis
982 1762 1056 1803 hac
1090 1767 1208 1803 nocte
1242 1762 1431 1803 tentoria.
1492 1765 1505 1786 1
1541 1761 1796 1815 Vocavitque
1830 1761 1948 1803 Iosue
1980 1761 2197 1803 duodecim

279 1823 397 1870 viros,
420 1835 520 1876 quos
545 1822 719 1874 elegerat
745 1821 793 1862 de
815 1821 905 1862 filiis
925 1821 1059 1869 Israel,
1082 1821 1259 1874 singulos
1279 1821 1328 1862 de
1349 1821 1516 1874 singulis
1536 1821 1737 1869 tribubus,
1782 1822 1797 1845 ⁵
1815 1825 1857 1862 et
1874 1821 1934 1861 ait
1951 1820 2004 1861 ad
2022 1833 2108 1862 eos:
2135 1820 2196 1862 Ite

277 1887 372 1922 ante
397 1894 534 1922 arcam
552 1880 717 1921 Domini
738 1880 811 1921 Dei
831 1880 954 1921 vestri
981 1880 1032 1920 ad
1055 1880 1238 1921 Iordanis
1262 1880 1455 1926 medium,
1476 1884 1517 1921 et
1542 1884 1704 1933 portate
1728 1880 1822 1921 inde
1848 1879 1993 1933 singuli
2016 1879 2194 1933 singulos

276 1940 430 1994 lapides
455 1940 494 1980 in
520 1940 696 1980 humeris
723 1940 879 1988 vestris,
914 1940 1030 1979 iuxta
1051 1952 1267 1980 numerum
1296 1939 1470 1980 filiorum
1496 1938 1630 1983 Israel,
1694 1940 1709 1962 ⁶
1739 1944 1786 1979 ut
1814 1939 1868 1979 sit
1899 1939 2059 1992 signum
2090 1939 2197 1980 inter

277 2013 367 2040 vos:
395 2004 435 2040 et
460 1999 624 2052 quando
653 1998 993 2051 interrogaverint
1016 2011 1088 2039 vos
1117 1997 1186 2038 filii
1210 1999 1336 2039 vestri
1362 2011 1460 2045 cras,
1491 1998 1689 2039 dicentes:
1720 1997 1828 2046 Quid
1854 1997 1930 2038 sibi
1954 1997 2101 2039 volunt
2127 1997 2196 2038 isti

278 2058 458 2111 lapides?
510 2060 522 2080 ⁷
542 2057 837 2110 respondebitis
859 2057 931 2097 eis:
952 2057 1201 2098 Defecerunt
1220 2070 1336 2110 aquae
1356 2057 1541 2098 Iordanis
1561 2062 1656 2097 ante
1676 2070 1812 2097 arcam
1831 2056 1995 2098 foederis
2014 2056 2193 2105 Domini,

278 2131 369 2158 cum
397 2117 587 2158 transiret
613 2130 722 2157 eum:
750 2116 897 2157 ideirco
922 2116 1044 2169 positi
1070 2121 1166 2156 sunt
1190 2116 1343 2169 lapides
1368 2116 1436 2157 isti
1460 2116 1501 2156 in
1526 2121 1841 2156 monumentum
1868 2115 2044 2157 filiorum
2070 2114 2195 2157 Israel

279 2190 405 2230 usque
431 2177 470 2217 in
496 2182 705 2216 zeternum.
762 2177 777 2199 ⁸
802 2175 1002 2216 Fecerunt
1027 2188 1119 2228 ergo
1148 2175 1217 2215 filii
1246 2174 1368 2215 Israel
1393 2175 1498 2215 sicut
1521 2175 1715 2228 praecepit
1740 2175 1794 2215 eis
1822 2174 1952 2224 Iosue,
1979 2179 2192 2227 portantes

279 2237 327 2277 de
346 2235 478 2276 medio
499 2235 681 2276 iordanis
701 2233 815 2275 alveo
834 2234 1049 2275 duodecim
1066 2234 1232 2287 lapides,
1252 2239 1299 2275 ut
1317 2234 1516 2275 Dominus
1535 2234 1569 2274 ei
1587 2234 1820 2287 imperarat,
1840 2233 1959 2274 iuxta
1975 2246 2192 2274 numerum

282 2295 455 2336 filiorum
488 2294 620 2337 Israel,
653 2307 779 2347 usque
809 2293 860 2333 ad
888 2293 1034 2338 locum,
1065 2293 1106 2333 in
1136 2306 1215 2346 quo
1244 2293 1527 2334 castrametati
1556 2298 1663 2339 sunt,
1694 2292 1831 2346 ibique
1859 2298 2085 2346 posuerunt
2113 2305 2192 2334 eos.

281 2356 296 2378 ⁹
315 2354 425 2395 Alios
448 2366 609 2407 quoque
630 2352 844 2393 duodecim
863 2352 1017 2405 lapides
1038 2352 1176 2405 posuit
1197 2352 1313 2393 Iosue
1332 2352 1373 2393 in
1394 2352 1526 2393 medio
1548 2352 1732 2393 Iordanis
1752 2351 1880 2400 alveo,
1902 2351 1971 2392 ubi
1991 2355 2197 2393 steterunt

281 2413 523 2459 sacerdotes,
557 2412 625 2466 qui
656 2411 881 2465 portabant
911 2424 1046 2452 arcam
1077 2411 1260 2452 foederis:
1292 2416 1333 2452 et
1363 2416 1460 2452 sunt
1489 2411 1543 2452 ibi
1575 2424 1702 2464 usque
1732 2411 1771 2451 in
1802 2415 2043 2464 praesentem
2074 2410 2193 2452 diem.

280 2474 316 2496 ¹⁰
336 2471 574 2513 Sacerdotes
597 2476 747 2515 autem,
773 2471 839 2524 qui
862 2470 1088 2524 portabant
1109 2483 1256 2519 arcam,
1280 2470 1449 2511 stabant
1469 2470 1510 2510 in
1534 2470 1716 2511 Iordanis
1738 2469 1883 2519 medio,
1908 2469 2037 2510 donec
2058 2469 2197 2511 omnia

280 2531 590 2584 complerentur,
632 2543 721 2583 quae
759 2530 887 2575 Iosue,
928 2535 974 2570 ut
1009 2528 1244 2583 loqueretur
1280 2529 1331 2570 ad
1368 2528 1577 2583 populum,
1616 2533 1865 2582 praeceperat
1900 2528 2114 2576 Dominus,
2153 2531 2196 2569 et

279 2590 439 2632 dixerat
477 2590 510 2630 ei
549 2589 720 2642 Moyses.
762 2589 1073 2642 Festinavitque
1111 2588 1297 2642 populus,
1338 2593 1380 2629 et
1416 2588 1592 2629 transiit.
1660 2590 1690 2612 11
1729 2588 1913 2641 Cumque
1950 2587 2196 2628 transissent

280 2663 430 2695 omnes,
460 2649 652 2689 transivit
678 2653 719 2689 et
745 2661 838 2688 arca
862 2648 1041 2695 Domini,
1070 2648 1381 2702 sacerdotesque
1407 2648 1633 2701 pergebant
1658 2652 1753 2688 ante
1779 2646 1990 2701 populum.
2046 2648 2077 2670 ¹2
2102 2645 2195 2687 Filii

281 2722 442 2762 quoque
465 2708 623 2753 Ruben,
647 2712 687 2748 et
707 2707 809 2753 Gad,
832 2712 872 2747 et
893 2707 1062 2747 dimidia
1082 2707 1211 2748 tribus
1232 2707 1431 2754 Manasse,
1455 2707 1602 2747 armati
1623 2705 1910 2759 praecedebant
1931 2705 2034 2746 filios
2056 2704 2192 2753 Israel,

287 2769 409 2809 csieut
438 2768 492 2808 eis
521 2772 770 2820 praeceperat
798 2766 976 2819 Moyses:
1036 2768 1065 2790 ¹³
1094 2771 1135 2807 et
1165 2766 1437 2820 quadraginta
1465 2770 1750 2819 pugnatorum
1771 2764 1898 2805 millia
1925 2777 1996 2818 per
2023 2769 2193 2813 turmas,

282 2833 322 2867 et
354 2839 514 2870 cuneos,
548 2825 794 2866 incedebant
826 2838 896 2879 per
928 2825 1051 2879 plana
1082 2831 1206 2878 atque
1239 2824 1484 2878 campestria
1515 2824 1626 2866 urbis
1660 2824 1827 2865 Iericho.
1888 2825 1919 2848 ¹⁴¹
1953 2823 2000 2864 In
2033 2823 2096 2864 die
2127 2822 2194 2864 illo

281 2884 563 2939 magnificavit
587 2885 787 2926 Dominus
816 2884 932 2925 Iosue
958 2897 1094 2925 coram
1120 2884 1229 2925 omni
1258 2884 1392 2929 Israel,
1420 2889 1467 2924 ut
1492 2884 1684 2925 timerent
1709 2896 1813 2931 eum,
1840 2882 1946 2924 sicut
1970 2882 2196 2923 timuerant

281 2945 461 2998 Moysen.
483 2944 582 2984 dum
602 2944 824 2984 adviveret.
874 2945 904 2967 ¹5
923 2943 1122 2997 Dixitque
1143 2943 1194 2984 ad
1213 2956 1324 2984 eum:
1374 2945 1407 2967 ¹⁶
1426 2943 1603 2996 Praecipe
1622 2941 1913 2988 sacerdotibus,
1937 2941 2006 2995 qui
2024 2945 2195 2995 portant

280 3016 417 3044 arcam
444 3003 619 3050 hederis,
652 3008 698 3043 ut
726 3003 951 3043 ascendant
979 3003 1028 3043 de
1059 3002 1242 3043 Iordane.
1301 3003 1334 3026 ¹⁷
1364 3002 1442 3051 Qui
1471 3001 1664 3055 praecepit
1691 3001 1758 3049 eis,
1790 3000 1944 3041 dicens:
1975 2999 2194 3041 Ascendite

279 3063 328 3103 de
358 3062 541 3102 Iordane.
600 3062 633 3085 ¹8
660 3062 842 3115 Cumque
871 3061 1147 3102 ascendissent
1174 3065 1386 3114 portantes
1415 3074 1550 3101 arcam
1578 3060 1741 3101 foederis
1768 3059 1947 3107 Domini,
1977 3064 2018 3100 et
2044 3059 2193 3099 siccam

281 3121 449 3161 humum
479 3120 632 3161 calcare
660 3121 889 3173 coepissent,
919 3133 1089 3161 reversae
1116 3125 1214 3161 sunt
1240 3132 1357 3173 aquae
1384 3120 1424 3160 in
1453 3119 1615 3160 alveum
1643 3131 1774 3167 suum,
1805 3123 1846 3159 et
1876 3117 2060 3159 fluebant
2086 3117 2194 3158 sicut

279 3186 374 3220 ante
409 3186 715 3220 consueverant.
779 3181 813 3203 ¹⁹
845 3179 1025 3232 Populus
1060 3184 1199 3220 autem
1233 3179 1417 3220 ascendit
1450 3178 1499 3219 de
1534 3178 1718 3225 Iordane,
1755 3177 1911 3218 decimo
1946 3176 2010 3218 die
2043 3175 2193 3217 mensis

278 3239 409 3292 primi,
443 3243 483 3279 et
514 3238 793 3278 castrametati
824 3245 921 3279 sunt
950 3239 990 3278 in
1022 3237 1199 3291 Galgalis
1230 3243 1372 3279 contra
1403 3236 1652 3278 Orientalem
1682 3236 1846 3290 plagam
1877 3235 1987 3276 urbis
2021 3234 2190 3276 Iericho.

280 3299 315 3321 ²⁰
353 3297 573 3338 Duodecim
610 3310 770 3350 quoque
804 3297 969 3350 lapides,
1007 3311 1106 3351 quos
1142 3297 1190 3338 de
1227 3297 1410 3338 Iordanis
1444 3295 1559 3337 alveo
1594 3299 1864 3349 sumpserant,
1900 3294 2039 3348 posuit
2074 3294 2191 3335 Iosue

276 3356 320 3397 in
351 3356 539 3409 Galgalis.
600 3357 627 3379 2¹
662 3362 703 3395 et
734 3356 839 3396 dixit
870 3357 920 3397 ad
957 3356 1056 3397 filios
1090 3355 1231 3397 Israel:
1265 3355 1438 3404 Quando
1471 3354 1811 3409 interrogaverint
1844 3352 1914 3393 filii
1946 3352 2070 3394 vestri
2103 3365 2190 3393 cras

412 3483 443 3524 3,
469 3485 508 3517 11
535 3484 621 3516 aAct
646 3482 676 3523 7,
701 3484 752 3516 45.
782 3504 821 3506 --
847 3483 887 3517 15
912 3482 984 3517 bS'rr
1008 3484 1061 3524 24,
1086 3483 1138 3517 36.
1166 3504 1207 3507 -
1231 3482 1263 3524 4,
1290 3482 1330 3516 12
1358 3482 1442 3515 cNm
1467 3482 1520 3523 32,
1546 3481 1597 3516 28.
