2356 3760
109 1448 261 1473 civitatem

97 1484 272 1513 percutiunt.

131 2499 228 2526 Altare

95 2535 263 2565 aedificatur,

97 2731 141 2756 lex
163 2732 263 2762 lapidi-

155 2767 206 2792 bus

93 2803 268 2833 inscribitur,

116 2855 245 2880 benedic-

109 2891 201 2915 tiones
222 2894 247 2915 et

102 2925 258 2951 maledicti-

104 2968 171 2986 ones
194 2968 254 2992 pro-

90 2998 270 3025 nuntiantur,

78 3207 149 3231 sicut
164 3207 274 3237 Moysi-s

116 3243 245 3267 iusserat.

293 122 370 162 182
1176 117 1323 151 LIBER
1956 121 1987 162 8,
2014 121 2134 163 10—8,
2162 122 2204 155 35

291 214 402 254 urbis
427 213 525 253 Hai:
554 213 670 254 Iosue
695 216 833 252 autem
858 215 976 251 nocte
1000 210 1068 251 illa
1091 211 1131 251 111
1156 211 1289 252 111οἀ10
1314 211 1466 252 mansit
1488 212 1641 264 populi,
1695 213 1730 236 ¹⁰
1753 225 2003 266 surgensque
2028 215 2204 257 diluculo

293 273 494 313 recensuit
524 272 663 316 socios,
697 275 738 310 ct
769 269 951 310 ascendit
982 282 1074 309 cum
1105 269 1328 310 senioribus
1359 270 1399 310 in
1430 270 1564 310 fronte
1597 270 1808 319 exercitus,
1842 271 2021 313 vallatus
2053 273 2204 315 auxilio

291 335 579 384 pugnatorum.
635 332 663 353 ¹¹
689 328 872 381 Cumque
896 328 1114 373 venissent,
1142 333 1184 368 et
1208 328 1485 368 ascendissent
1508 341 1558 368 ex
1583 328 1752 370 adverso
1778 329 1971 379 civitatis,
1999 336 2205 373 steterunt

292 390 342 430 ad
366 387 734 443 Septentrionalem
757 387 866 427 urbis
890 386 1064 439 plagam,
1090 387 1194 427 inter
1217 400 1339 440 quam
1363 392 1404 427 ct
1426 400 1491 428 eos
1514 392 1602 427 erat
1623 387 1739 428 vallis
1762 388 1908 430 media.
1960 391 1991 413 12
2014 390 2204 445 Quinque

292 454 431 489 autem
451 447 577 488 millia
596 447 702 487 viros
723 445 908 495 elegerat,
932 450 972 485 et
992 451 1184 498 posuerat
1205 446 1243 485 in
1265 445 1419 486 insidiis
1438 445 1545 486 inter
1565 445 1710 486 Bethel
1729 451 1770 487 et
1790 447 1870 488 Hai
1891 461 1941 488 ex
1961 449 2204 490 occidentali

291 513 407 561 1111110
442 506 620 546 eiusdem
655 505 852 545 civitatis:
917 506 947 527 ¹²³
981 504 1111 544 omnis
1147 517 1240 544 vero
1275 504 1452 557 reliquus
1487 504 1686 545 exercitus
1722 505 1774 545 ad
1808 506 2040 558 aquilonem
2076 508 2204 549 aciem

291 565 503 618 dirigebat,
524 565 582 605 ita
600 568 646 604 ut
662 563 872 604 novissimi
890 562 993 603 illius
1012 563 1288 603 multitudinis
1307 562 1611 603 Occidentalem
1630 563 1791 617 plagam
1810 564 1920 605 urbis
1939 566 2202 619 attingerent.

291 624 401 665 Abiit
435 637 527 674 ergo
560 623 676 663 Iosue
706 627 825 663 nocte
855 621 933 664 illa.
966 626 1007 662 et
1036 622 1152 662 stetit
1182 622 1222 662 in
1252 621 1368 662 vallis
1398 621 1543 662 medio.
1604 624 1634 646 11
1664 622 1784 670 Quod
1813 636 1905 663 cum
1936 624 2106 666 vidisset
2135 639 2205 666 rex

293 683 384 729 Hai,
410 682 624 723 festinavit
646 695 777 725 mane,
803 685 843 721 et
866 693 1045 731 egressus
1069 686 1131 721 est
1153 694 1246 721 cum
1269 681 1378 722 omni
1403 680 1581 721 exercitu
1605 681 1797 728 civitatis,
1824 681 2053 736 direxitque
2077 684 2205 725 aciem

291 746 435 783 contra
464 742 681 789 desertum,
713 740 902 791 ignorans
934 740 1043 793 quod
1072 744 1166 793 post
1196 744 1355 793 tergum
1384 739 1559 780 laterent
1588 739 1753 780 insidiae.
1814 742 1845 764 ¹⁵
1876 740 1993 782 Iosue
2023 755 2130 788 vero,
2163 748 2203 784 et

291 801 421 841 omnis
453 799 575 840 lsrael
601 804 809 840 cesserunt
835 798 934 844 1000,
964 798 1202 839 simulantes
1230 803 1399 847 metum,
1429 803 1470 839 et
1496 798 1696 852 fugientes
1724 812 1795 852 per
1820 799 2051 841 solitudinis
2079 801 2202 842 viam.

292 861 326 883 ¹⁶
348 860 404 900 At
426 859 480 899 illi
503 858 772 899 vociferantes
795 858 959 911 pariter,
984 863 1025 898 ct
1046 871 1087 898 se
1110 862 1254 898 mutuo
1277 857 1550 905 cohortantes
1575 858 1776 910 persecuti
1799 864 1896 898 sunt
1917 872 1996 900 eos.
2021 859 2204 914 Cumque

290 918 549 959 recessissent
577 931 601 957 a
628 917 808 961 civitate,
867 918 899 940 ¹⁷
928 922 969 957 et
996 930 1045 957 ne
1074 929 1178 956 unus
1208 916 1372 970 quidem
1400 916 1441 956 in
1471 916 1567 956 urbe
1598 916 1677 956 Hai
1705 922 1746 957 et
1776 917 1919 957 Bethel
1945 918 2206 960 remansisset

292 977 360 1030 qui
384 990 465 1017 non
487 980 797 1030 persequeretur
821 975 940 1015 Israel
966 976 1089 1027 (sicut
1110 981 1330 1028 eruperant
1351 980 1494 1028 aperta
1516 975 1668 1028 oppida
1689 975 1994 1030 relinquentes.)
2044 979 2078 1002 ¹⁸
2100 978 2206 1018 dixit

290 1036 491 1076 Dominus
512 1036 563 1075 ad
584 1035 719 1075 Tosne:
740 1035 852 1074 Leva
870 1034 1071 1087 clypeum,
1094 1035 1162 1087 qui
1182 1035 1222 1075 in
1242 1047 1366 1074 manu
1385 1038 1459 1075 tua
1477 1039 1550 1080 est,
1572 1039 1715 1075 contra
1733 1035 1876 1075 urbem
1896 1035 1988 1085 Hai,
2011 1037 2204 1089 quoniam

291 1095 366 1136 tibi
403 1095 564 1135 tradam
601 1107 702 1134 eam.
768 1095 801 1117 ¹⁹
836 1094 1020 1146 Cumque
1056 1093 1255 1134 elevasset
1289 1093 1477 1146 clypeum
1514 1106 1563 1133 ex
1599 1093 1769 1134 adverso
1806 1093 1999 1143 civitatis,
2036 1095 2203 1144 insidiae,

292 1167 381 1207 (111εο
418 1153 617 1200 latebant,
658 1159 921 1193 surrexerunt
958 1152 1191 1193 confestim:
1232 1157 1273 1193 et
1310 1157 1522 1206 pergentes
1562 1152 1614 1193 ad
1652 1152 1876 1202 civitatem,
1918 1158 2124 1207 ceperunt,
2165 1160 2207 1196 et

293 1213 591 1253 succenderunt
614 1225 715 1253 eam.
769 1213 805 1235 ²⁰
828 1211 912 1251 Viri
937 1216 1076 1252 autem
1101 1211 1293 1260 civitatis,
1321 1211 1390 1264 qui
1414 1212 1765 1265 persequebantur
1791 1212 1920 1261 Iosue,
1946 1213 2205 1267 respicientes

291 1278 333 1312 et
361 1272 547 1313 videntes
576 1271 737 1311 fumum
767 1270 876 1311 urbis
906 1271 958 1311 ad
987 1270 1129 1311 caelum
1158 1284 1286 1324 usque
1315 1270 1594 1319 conscendere,
1626 1283 1707 1311 non
1737 1275 1962 1324 potuerunt
1990 1271 2099 1313 ultra
2126 1272 2205 1313 huc

289 1331 465 1384 illucque
498 1330 710 1383 diffugere:
743 1329 967 1383 praesertim
999 1343 1092 1370 cum
1123 1329 1176 1377 hi,
1211 1329 1279 1383 qui
1311 1329 1606 1370 simulaverant
1636 1330 1789 1383 fugam,
1823 1334 1864 1371 et
1894 1331 2122 1372 tendebant
2153 1331 2204 1372 ad

291 1389 564 1435 solitudinem,
595 1394 738 1429 contra
764 1393 1051 1442 persequentes
1079 1388 1297 1429 fortissime
1325 1388 1582 1429 restitissent.

397 1451 433 1473 2¹¹
457 1448 689 1501 Vidensque
720 1447 837 1488 Iosue
866 1452 907 1488 et
935 1447 1064 1488 omnis
1096 1447 1220 1488 Israel
1249 1448 1358 1501 quod
1387 1452 1510 1501 capta
1537 1453 1642 1488 esset
1670 1448 1827 1497 civitas,
1859 1453 1900 1489 et
1927 1448 2064 1490 fumus
2093 1449 2204 1490 urbis

292 1508 539 1553 ascenderet,
562 1520 744 1548 reversus
766 1506 965 1560 percussit
985 1506 1091 1547 viros
1115 1507 1206 1548 Hai.
1256 1508 1288 1530 22
1308 1506 1518 1560 Siquidem
1539 1511 1580 1547 et
1600 1506 1656 1547 illi
1678 1507 1747 1560 qui
1767 1513 1960 1561 ceperant
1980 1513 2022 1549 et
2041 1521 2204 1549 succen-

291 1568 437 1608 derant
468 1567 692 1612 civitatem,
727 1566 872 1619 egressi
904 1579 954 1606 ex
984 1566 1084 1606 urbe
1116 1570 1259 1607 contra
1290 1579 1394 1613 suos,
1429 1565 1582 1606 medios
1614 1565 1796 1606 hostium
1827 1566 1945 1607 ferire
1977 1572 2202 1621 coeperunt.

288 1626 390 1667 Cum
420 1639 511 1679 ergo
542 1639 591 1666 ex
619 1630 794 1678 utraque
823 1630 939 1678 parte
969 1624 1189 1665 adversarii
1220 1625 1481 1673 caederentur,
1513 1624 1572 1664 ita
1601 1629 1648 1665 ut
1676 1624 1809 1665 nullus
1840 1626 1889 1666 de
1919 1630 2039 1667 tanta
2067 1626 2204 1667 multi-

286 1684 431 1726 tudine
452 1684 695 1733 salvaretur,
739 1685 771 1708 23
790 1696 926 1737 regem
949 1695 1113 1737 quoque
1135 1682 1246 1724 urbis
1268 1683 1349 1724 Hai
1371 1683 1734 1737 apprehenderunt
1763 1682 1989 1733 viventem,
2023 1690 2064 1726 et
2085 1684 2203 1726 obtu-

285 1743 422 1785 lerunt
455 1744 583 1785 losue.
644 1745 676 1767 21
711 1743 840 1796 Igitur
872 1743 1060 1783 omnibus
1092 1742 1328 1791 interfectis,
1365 1743 1433 1796 qui
1467 1742 1657 1783 Israelem
1690 1743 1742 1783 ad
1774 1743 1935 1784 deserta
1966 1744 2204 1785 tendentem

287 1803 451 1844 fuerant
464 1802 677 1856 persecuti,
695 1806 737 1843 et
750 1802 790 1842 in
806 1802 948 1842 eodem
962 1801 1050 1842 loco
1064 1801 1198 1855 gladio
1215 1802 1509 1846 corruentibus,
1527 1802 1675 1842 reversi
1693 1801 1763 1842 filii
1781 1802 1904 1843 Israel
1918 1809 2206 1856 percusserunt

288 1862 511 1903 civitatem.
561 1863 593 1885 2⁵
614 1861 745 1902 Erant
766 1865 904 1901 autem
927 1861 995 1914 qui
1016 1861 1056 1901 in
1077 1861 1220 1901 eodem
1241 1860 1303 1901 die
1325 1861 1587 1901 conciderant
1608 1874 1631 1901 a
1651 1861 1737 1901 viro
1759 1874 1886 1915 usque
1908 1862 1960 1902 ad
1980 1861 2202 1909 mulierem,

287 1921 502 1962 duodecim
525 1920 651 1961 millia
673 1920 898 1962 hominum.
925 1933 1063 1960 omnes
1088 1920 1197 1960 urbis
1223 1919 1314 1961 Hai.
1367 1921 1402 1943 2⁶
1427 1920 1543 1960 Iosue
1567 1933 1661 1961 vero
1685 1933 1767 1961 non
1791 1921 2000 1962 contraxit
2021 1934 2203 1970 manum,

288 1993 413 2034 quam
428 1981 469 2020 in
485 1979 657 2020 sublime
673 1984 920 2032 porrexerat,
940 1983 1082 2019 tenens
1099 1979 1289 2032 clypeum
1305 1979 1434 2019 donec
1449 1979 1778 2019 interficerentur
1794 1993 1932 2020 omnes
1949 1979 2203 2021 habitatores

288 2039 379 2080 Hai.
434 2040 467 2063 2⁷
496 2039 687 2079 Iumenta
712 2043 851 2078 autem
876 2042 917 2079 et
942 2038 1123 2091 praedam
1149 2038 1330 2078 civitatis
1357 2038 1585 2078 diviserunt
1610 2038 1685 2078 sibi
1714 2037 1784 2079 filii
1812 2038 1947 2087 Israel,
1975 2039 2081 2080 sicut
2105 2052 2205 2093 11100-

287 2103 451 2151 ceperat
479 2098 680 2138 Dominus
714 2097 842 2137 Iosue.
903 2098 937 2121 28
968 2097 1045 2145 Qui
1076 2097 1287 2137 succendit
1316 2097 1470 2142 urbem,
1504 2102 1545 2137 et
1573 2097 1671 2137 fecit
1701 2110 1791 2138 eam
1822 2097 2029 2138 tumulum
2059 2098 2205 2152 sempi-

287 2162 468 2198 ternum:
524 2159 559 2181 29
584 2169 719 2210 regem
748 2169 909 2210 quoque
937 2156 1019 2197 eius
1047 2155 1261 2209 suspendit
1286 2156 1327 2196 in
1354 2155 1540 2209 patibulo
1569 2169 1696 2210 usque
1724 2156 1777 2197 ad
1803 2170 2016 2210 vesperam
2043 2162 2084 2198 et
2111 2157 2204 2198 solis

286 2230 486 2257 occasum.
511 2216 790 2270 Praecepitque
815 2215 943 2264 100110,
969 2220 1009 2256 et
1031 2215 1309 2269 deposuerunt
1330 2215 1506 2255 cadaver
1527 2215 1610 2255 eius
1633 2215 1682 2256 de
1705 2228 1838 2256 cruce:
1863 2216 2203 2270 proieceruntque

286 2276 327 2316 in
349 2276 435 2329 ipso
457 2275 629 2316 introitu
651 2274 843 2322 civitatis,
868 2280 1059 2328 congesto
1082 2287 1202 2327 super
1223 2287 1317 2315 eum
1339 2287 1487 2328 magno
1510 2287 1655 2315 acervo
1676 2274 1873 2328 lapidum,
1899 2275 1968 2329 qui
1989 2280 2205 2329 permanet

285 2348 413 2388 usque
440 2335 480 2375 in
508 2338 750 2388 praesentem
779 2334 897 2375 diem.

612 2439 651 2479 3.
682 2437 990 2479 observantia
1017 2437 1396 2490 praescriptorum
1425 2438 1615 2489 Moysis,
1643 2438 1684 2490 8,
1703 2438 1881 2479 30-35.

390 2507 426 2529 ³⁰
449 2505 562 2545 Tunc
585 2504 808 2545 aedificavit
832 2504 950 2544 Iosue
974 2503 1101 2544 altare
1125 2503 1303 2544 Domino
1326 2503 1414 2544 Deo
1440 2503 1563 2544 Israel
1586 2504 1627 2544 in
1651 2509 1791 2545 monte
1816 2503 1967 2545 Hebal:
2019 2507 2051 2529 ³¹
2079 2504 2204 2545 asiout

287 2568 533 2618 praeceperat
558 2563 718 2617 Moyses
745 2562 922 2603 famulus
949 2562 1115 2604 Domini
1144 2562 1235 2603 filiis
1264 2561 1399 2611 Israel,
1428 2567 1469 2603 et
1495 2562 1693 2616 scriptum
1719 2567 1781 2604 est
1806 2563 1846 2604 in
1873 2563 2080 2604 volumine
2105 2562 2203 2617 legis

285 2623 434 2677 Moysi:
458 2622 598 2663 Altare
620 2635 715 2663 vero
738 2622 786 2663 de
808 2622 1012 2675 lapidibus
1034 2621 1243 2675 impolitis,
1268 2635 1368 2675 quos
1390 2622 1542 2662 ferrum
1564 2635 1646 2663 non
1668 2622 1822 2676 tetigit:
1847 2626 1889 2663 et
1910 2622 2063 2663 obtulit
2084 2635 2206 2676 super

286 2696 331 2724 eo
362 2682 602 2723 holocausta
630 2681 820 2729 Domino,
852 2680 1165 2735 immolavitque
1195 2680 1387 2734 pacificas
1418 2681 1618 2722 victimas.

390 2743 422 2766 32
450 2742 506 2782 Et
534 2741 695 2794 scripsit
722 2753 843 2794 super
869 2739 1024 2793 lapides
1052 2740 1421 2781 Deuteronomium
1448 2739 1545 2794 legis
1573 2740 1717 2794 Moysi,
1750 2740 1860 2794 quod
1887 2739 1953 2781 ille
1982 2740 2206 2794 digesserat

288 2813 424 2841 coram
458 2800 546 2840 filiis
579 2799 713 2841 lsrael.

390 2862 422 2883 ³³
455 2859 596 2900 Omnis
630 2864 769 2900 autem
802 2858 988 2912 populus,
1023 2863 1065 2899 et
1097 2859 1268 2899 maiores
1302 2862 1415 2904 natu,
1451 2858 1655 2912 ducesque
1688 2871 1734 2899 ac
1766 2858 1918 2899 iudices
1951 2858 2122 2898 stabant
2154 2871 2204 2899 ex

287 2923 460 2971 utraque
492 2923 607 2972 parte
640 2931 752 2966 arcae,
785 2918 826 2958 in
858 2922 1079 2971 conspectu
1111 2918 1369 2959 sacerdotum
1403 2917 1471 2971 qui
1503 2917 1727 2970 portabant
1758 2930 1894 2957 arcam
1924 2916 2089 2958 foederis
2120 2917 2203 2958 Do-

286 2977 396 3025 mini,
421 2982 466 3017 ut
486 2977 646 3017 advena
664 2978 724 3018 ita
743 2981 784 3018 et
802 2976 1004 3030 indigena.
1027 2976 1162 3017 Media
1181 2989 1274 3030 pars
1295 2990 1434 3017 eorum
1454 2976 1572 3017 iuxta
1591 2980 1774 3017 montem
1794 2975 1984 3025 Garizim,
2007 2980 2049 3017 et
2066 2975 2203 3016 media

287 3036 403 3076 iuxta
430 3041 613 3077 montem
642 3035 786 3085 Hebal,
817 3036 922 3076 sicut
950 3040 1197 3089 praeceperat
1224 3035 1383 3089 Moyses
1411 3034 1588 3076 famulus
1616 3035 1794 3076 Domini.
1826 3035 1881 3076 Et
1907 3034 2086 3089 primum
2115 3034 2202 3088 qui-

286 3095 377 3135 dem
413 3095 622 3136 benedixit
655 3094 804 3148 populo
842 3094 976 3136 Israel.
1053 3096 1085 3119 31
1120 3095 1219 3135 Post
1252 3094 1336 3135 haec
1369 3094 1467 3148 legit
1500 3094 1638 3135 omnia
1671 3094 1797 3135 verba
1832 3093 2126 3134 benedictionis
2162 3098 2204 3134 et

288 3153 594 3198 maledictionis,
623 3159 664 3194 et
689 3163 837 3195 cuncta
863 3166 953 3208 quae
977 3154 1129 3206 scripta
1154 3158 1271 3194 erant
1295 3154 1335 3193 in
1360 3153 1457 3207 legis
1483 3153 1701 3194 volumine.

392 3215 423 3237 ‘³⁷’
448 3213 557 3253 Nihil
580 3226 629 3253 ex
651 3213 724 3259 his,
751 3226 841 3266 quae
862 3213 1022 3266 Moyses
1046 3213 1229 3256 iusserat,
1255 3212 1419 3266 reliquit
1440 3212 1656 3261 intactum,
1682 3212 1752 3253 sed
1776 3212 1965 3253 universa
1986 3210 2203 3264 replicavit

288 3285 424 3313 coram
456 3272 565 3312 omni
595 3271 859 3313 multitudine
892 3271 1027 3319 Israel,
1060 3270 1295 3312 mulieribus
1327 3284 1373 3312 ac
1403 3270 1583 3325 parvulis
1614 3275 1656 3312 et
1685 3271 1866 3320 advenis,
1900 3270 1969 3324 qui
2000 3270 2105 3311 inter
2135 3282 2202 3311 000

291 3331 570 3372 morabantur.

422 3468 461 3502 31
487 3469 561 3502 aEx
584 3468 638 3509 20,
661 3469 719 3508 25;
746 3467 795 3501 Dt
819 3468 872 3508 27,
899 3470 929 3502 5.
