2356 3760
136 116 210 156 144,
236 114 377 155 3—146,
404 116 421 148 1
956 113 1244 147 PSALMORUM
1957 120 2033 161 563

156 209 360 262 ³Magnus
388 208 589 250 Dominus
617 212 657 248 et
683 205 899 247 laudabilis
927 206 1064 247 nimis:
1146 211 1187 247 et
1214 208 1506 260 magnitudinis
1535 208 1618 248 eius
1646 222 1725 249 non
1753 217 1813 251 est
1840 212 1939 253 finis.
2047 211 2223 241 m³ss¹¹u‘¹·2

156 269 172 292 ⁴
189 267 406 309 Generatio
423 272 464 308 et
480 265 686 320 generatio
707 265 896 305 laudabit
919 277 1042 318 opera
1065 269 1156 305 tua:
1235 271 1276 306 et
1299 266 1527 318 potentiam
1552 271 1667 306 tuam
1692 270 2030 319 pronunciabunt.

156 327 172 350 ⁵
189 326 534 380 Magnificentiam
562 323 697 377 gloriae
724 323 957 364 sanctitatis
985 328 1068 363 tuae
1095 322 1332 377 loquentur:
1414 330 1455 366 et
1483 324 1684 365 mirabilia
1702 331 1776 365 tua
1795 329 2030 369 narrabunt.

160 384 248 426 ⁶Et
281 385 478 425 virtutem
502 381 743 423 terribilium
771 386 937 423 tuorum
971 381 1126 422 dicent:
1213 388 1254 423 et
1287 383 1612 431 magnitudinem
1646 388 1761 424 tuam
1795 386 2030 426 narrabunt.

157 492 171 514 ⁷
189 489 426 531 Memoriam
454 486 719 529 abundantiae
744 486 962 527 suavitatis
989 490 1071 527 tuae
1097 487 1361 527 eructabunt:
1443 492 1483 527 et
1509 487 1666 528 iustitia
1687 491 1761 528 tua
1776 488 2032 529 exultabunt..
2063 484 2212 524 ”¹¹⁹‘'.¹¹⁰⁰'·

158 551 173 574 ⁸
190 549 402 590 Miserator
430 552 471 588 et
497 545 720 587 misericors
747 545 967 587 Dominus:
1049 545 1220 598 patiens,
1251 549 1292 585 et
1318 545 1495 586 multum
1523 546 1756 587 misericors.
2111 520 2164 545 dm*

158 607 336 648 ⁹Suavis
364 605 565 648 Dominus
595 604 809 645 universis:
893 609 935 645 et
962 604 1240 645 miserationes
1270 603 1353 644 eius
1382 617 1502 657 super
1530 605 1667 645 omnia
1694 618 1816 657 opera
1843 605 1938 647 eius

139 714 174 737 ¹⁰
191 712 474 754 Confiteantur
504 710 580 751 tibi
611 708 787 750 Domine
820 709 957 750 omnia
988 721 1111 762 opera
1142 714 1233 749 tua:
1320 712 1361 749 et
1392 708 1523 749 sancti
1554 708 1616 748 tui
1648 708 1890 750 benedicant
1922 709 2007 750 tibi.
2050 714 2228 753 omnipoten-

139 773 169 796 ¹¹
190 771 369 813 Gloriam
399 768 511 823 regni
540 768 602 810 tui
632 768 786 809 dicent:
871 774 912 809 et
941 767 1171 822 potentiani
1201 772 1317 808 tuam
1346 766 1583 821 loquentur:
2114 750 2164 778 *¹³³

140 832 170 854 12
191 830 250 872 Ut
277 834 419 871 notam
446 828 602 869 faciant
630 827 719 868 filiis
746 827 959 868 hominum
988 826 1216 880 potentiam
1246 831 1380 866 tuam:
1462 831 1504 866 et
1535 826 1704 879 gloriam
1731 826 2040 877 magnificentia.

401 887 513 941 regni
542 887 615 927 tui.
1809 878 1815 879 ⁷

140 950 172 973 ¹³
194 949 381 1002 Regnum
404 952 523 987 tuum
545 959 715 999 regnum
738 945 921 986 omnium
945 944 1201 985 saeculorum:
1278 948 1320 984 et
1341 944 1566 985 dominatio
1590 948 1664 985 tua
1684 943 1726 984 in
1748 943 1858 985 omni
1879 955 2042 997 genera—

402 1006 512 1047 tione
542 1010 583 1046 et
610 1005 925 1058 generationem.

192 1112 340 1153 Fidelis
357 1111 558 1153 Dominus
575 1111 616 1151 in
646 1109 834 1151 omnibus
855 1108 988 1149 verbis
1009 1108 1108 1149 suis:
1183 1112 1224 1149 et
1252 1112 1417 1149 sanctus
1446 1107 1487 1148 in
1517 1107 1704 1148 omnibus
1729 1108 1916 1160 operibus
1945 1108 2037 1149 suis.
2106 1110 2181 1140 ‘¹³0⁵ss

141 1220 172 1243 ¹4
191 1217 357 1259 Allevat
386 1216 588 1258 Dominus
619 1228 770 1264 omnes,
805 1214 874 1268 qui
905 1218 1117 1255 corruunt:
1203 1218 1244 1254 et
1275 1212 1391 1266 erigit
1421 1224 1560 1253 omnes
1592 1211 1718 1252 elisos.
2054 1214 2244 1245 providentia,

142 1279 173 1302 ¹⁵
194 1276 310 1319 Oculi
337 1276 521 1318 omnium
559 1275 600 1315 in
630 1280 671 1315 te
700 1278 867 1328 sperant
898 1273 1092 1314 Domine:
1181 1276 1222 1313 et
1250 1276 1296 1312 tu
1331 1271 1403 1311 das
1436 1283 1569 1311 escam
1598 1269 1758 1311 illorum
1789 1269 1831 1310 in
1859 1275 2041 1324 tempore

404 1339 648 1389 opportuno.

142 1397 177 1420 ¹⁶
194 1395 336 1449 Aperis
366 1399 412 1435 tu
441 1406 611 1434 manum
640 1398 774 1433 tuam:
858 1394 900 1431 et
928 1390 1070 1443 imples
1099 1402 1218 1430 omne
1248 1387 1399 1429 animal
1429 1387 1722 1429 benedictione.

142 1502 176 1525 ¹⁷
199 1500 336 1541 Iustus
365 1498 566 1540 Dominus
595 1497 636 1538 in
666 1496 854 1538 omnibus
884 1495 959 1536 viis
988 1495 1087 1536 suis:
1172 1499 1214 1535 et
1242 1498 1407 1534 sanctus
1443 1492 1483 1533 in
1514 1492 1702 1533 omnibus
1732 1493 1919 1545 operibus
1949 1493 2041 1534 suis.
2089 1491 2206 1516 1115111111-

143 1561 177 1584 ¹⁸
194 1559 325 1612 Prope
355 1564 417 1599 est
445 1556 646 1598 Dominus
676 1555 865 1597 omnibus
895 1554 1182 1595 invocantibus
1212 1565 1324 1593 eum:
1417 1551 1605 1592 omnibus
1636 1551 1922 1593 invocantibus
1951 1564 2043 1592 eum

404 1616 445 1657 in
475 1616 662 1657 veritate.

144 1680 178 1703 ¹⁹
195 1677 463 1719 Voluntatem
488 1675 724 1716 timentium
748 1686 789 1714 se
813 1673 947 1721 faciet*
1028 1677 1070 1713 et
1094 1670 1423 1725 deprecationem
1448 1681 1587 1710 eorum
1612 1669 1821 1710 exaudiet:
1848 1674 1888 1710 et
1913 1669 2045 1710 salvos

405 1734 530 1776 faciet
559 1746 637 1775 003.

144 1798 180 1821 ²⁰
196 1795 386 1837 Custodit
415 1794 617 1835 Dominus
649 1805 788 1833 omnes
820 1791 1032 1844 diligentes
1063 1803 1122 1832 se:
1208 1794 1249 1830 et
1280 1801 1418 1829 omnes
1449 1792 1681 1841 peccatores
1713 1787 1930 1840 disperdet.

145 1857 177 1880 21
197 1854 497 1896 Laudationem
531 1851 698 1893 Domini
730 1851 921 1904 loquetur
954 1863 997 1891 os
1030 1862 1185 1891 meum:
1273 1852 1315 1888 et
1348 1846 1562 1888 benedicat
1596 1846 1725 1888 omnis
1759 1858 1851 1886 caro
1891 1844 2045 1887 nomini

406 1917 547 1953 sancto
578 1911 662 1952 eius
691 1910 731 1951 in
761 1909 964 1959 saeculum.
996 1914 1036 1950 et
1066 1909 1107 1950 in
1137 1907 1328 1949 saeculum
1358 1905 1503 1946 saeculi.

770 2024 989 2075 145046).
1019 2023 1209 2064 Adiutor
1238 2022 1430 2063 Israelis.

251 2104 264 2127 ¹
293 2100 475 2149 Alleluia,
508 2098 656 2153 Aggaei,
688 2103 730 2138 et
758 2096 973 2138 Zachariae.
1031 2094 1188 2137 CXLV.

167 2210 181 2232 2
198 2207 343 2249 Lauda
371 2206 510 2247 anima
535 2217 629 2245 mea
655 2203 891 2250 Dominum,
2063 2198 2125 2224 Non
2141 2198 2236 2227 nomo,

203 2266 399 2307 alaudabo
428 2264 653 2306 Dominum
681 2262 722 2303 in
751 2262 840 2303 vita
868 2274 975 2302 mea:
1059 2259 1230 2313 psallam
1259 2258 1346 2299 Deo
1375 2271 1464 2299 meo
1496 2257 1691 2311 quamdiu
1720 2257 1845 2297 fuero.

200 2325 336 2367 Nolite
369 2324 569 2366 confidere
600 2323 641 2363 in
669 2321 937 2376 principibus:
994 2321 1010 2344 ³
1041 2319 1081 2360 in
1114 2318 1202 2359 filiis
1223 2317 1447 2360 hominum.
1476 2316 1516 2356 in
1547 2316 1693 2369 quibus
1722 2328 1803 2355 non
1835 2318 1895 2354 est
1927 2313 2044 2354 salus.

167 2387 183 2409 ‘¹
200 2384 344 2426 Exibit
368 2383 534 2437 spiritus
560 2382 655 2431 eius,
673 2386 714 2422 et
738 2385 966 2421 revertetur
990 2378 1032 2419 in
1055 2383 1205 2418 terram
1231 2389 1365 2417 suam:
1446 2375 1485 2415 in
1511 2375 1579 2415 illa
1604 2374 1667 2415 die
1692 2374 1884 2427 peribunt
1909 2384 2047 2413 omnes

410 2441 676 2496 cogitationes
705 2452 856 2481 eorum.

168 2551 183 2574 ⁵
202 2549 366 2597 Beatus,
397 2547 510 2589 cuius
537 2547 648 2587 Deus
678 2545 800 2587 Iacob
829 2544 992 2586 adiutor
1018 2542 1114 2591 eius,
1197 2554 1286 2595 spes
1315 2540 1397 2581 eius
1425 2539 1466 2580 in
1492 2538 1669 2579 Domino
1697 2537 1783 2578 Deo
1812 2536 1954 2590 ipsius:
2078 2539 2127 2563 sea
2141 2538 2226 2563 Deus·

169 2610 185 2633 ⁶
205 2607 295 2662 bqui
318 2607 415 2648 fecit
438 2606 580 2647 caelum
604 2610 647 2646 et
668 2609 832 2653 terram,
910 2615 1033 2646 mare.
1060 2606 1101 2642 et
1123 2601 1270 2649 omnia,
1293 2613 1382 2653 quae
1405 2599 1445 2639 in
1465 2598 1519 2639 eis
1543 2602 1649 2638 sunt.
1732 2597 1745 2619 ⁷
1771 2595 1847 2643 Qui
1871 2593 2049 2635 custodit

411 2666 628 2706 veritatem
658 2663 699 2704 in
728 2662 931 2709 saeculum,

201 2726 302 2767 facit
329 2725 524 2766 iudicium
553 2723 742 2765 iniuriam
770 2721 1042 2776 patientibus:
1126 2719 1200 2760 dat
1229 2731 1361 2759 escam
1391 2715 1670 2757 esurientibus.

201 2785 402 2826 Dominus
432 2783 554 2825 solvit
583 2781 853 2836 compeditos:
940 2782 955 2804 ⁸
983 2779 1184 2820 Dominus
1213 2777 1416 2818 illuminat
1447 2787 1581 2815 caecos.

201 2844 402 2885 Dominus
432 2843 549 2896 erigit
577 2841 705 2889 011303,
789 2839 990 2881 Dominus
1020 2837 1151 2891 diligit
1180 2836 1319 2878 iustos,

169 2906 185 2928 ⁹
201 2902 402 2944 Dominus
420 2901 601 2942 custodit.
618 2900 809 2947 advenas,
877 2897 1090 2952 pupillum,
1108 2901 1149 2937 et
1166 2895 1334 2937 viduam
1348 2892 1556 2946 suscipiet:
1627 2895 1668 2931 et
1686 2889 1772 2930 vias
1791 2892 2049 2942 peccatorum

412 2960 629 3014 disperdet.

151 3024 186 3046 ¹⁰
203 3020 409 3075 Regnabit
426 3018 627 3061 Dominus
644 3017 687 3058 in
705 3017 851 3058 saecula
921 3016 1031 3057 Deus
1051 3019 1146 3056 tuus
1165 3014 1272 3056 Sion.
1294 3013 1334 3053 in
1353 3009 1654 3062 generationem
1674 3012 1716 3048 et
1732 3005 2046 3060 generationem.

759 3131 980 3182 146047).
1011 3129 1229 3182 Operatio
1260 3125 1450 3168 Domini.

256 3209 272 3232 ¹
301 3206 484 3248 Alleluia.
542 3203 722 3246 CXLVI.

204 3301 390 3342 Laudate
426 3299 651 3341 Dominum
689 3296 882 3350 quoniam
920 3296 1049 3337 bonus
1088 3298 1149 3335 est
1185 3291 1382 3346 psalmus:
1480 3288 1566 3328 Deo
1604 3290 1742 3326 nostro
1780 3283 1833 3324 sit
1859 3280 2044 3323 iucunda.
2080 3279 2223 3339 ⁶⁰83?ssOE

413 3359 640 3411 decoraque
667 3355 863 3397 laudatio.
2102 3349 2193 3376 sanat,

260 3436 364 3504 iffi,
383 3462 404 3496 2
429 3462 518 3505 aSup
543 3461 617 3500 103,
643 3460 693 3493 33.
722 3481 763 3483 ἡ
787 3459 808 3493 6
832 3459 918 3492 bAct
944 3459 995 3491 14.
1023 3458 1077 3490 14:
1106 3457 1178 3499 Ape
1203 3454 1255 3491 14,
1282 3453 1310 3486 7.
1772 3500 1835 3539 πυ

1769 3530 1774 3537 .
1804 3510 1842 3539 Υ
