2356 3760
110 141 162 179 11,
189 140 307 177 3-12‚
335 139 376 171 10
941 135 1191 170 ZACHARIAE
1935 139 2009 179 897

124 234 139 256 ³
160 231 249 272 Vox
280 230 458 271 ululatus
488 235 712 283 pastorum,
798 226 893 279 quia
923 232 1088 267 vastata
1117 233 1178 268 est
1206 226 1509 280 magnificentia
1538 239 1694 268 eorum:

159 303 240 331 vox
268 289 425 343 rugitus
453 289 628 335 leonum,
713 285 905 339 quoniam
935 290 1101 326 vastata
1128 291 1190 326 est
1217 285 1406 339 superbia
1436 285 1631 326 Iordanis.

212 395 227 417 ⁴
243 393 340 434 Haec
355 393 453 434 dicit
467 390 666 433 Dominus
681 390 791 430 Deus
806 402 937 429 meus:
954 389 1079 429 Pasce
1093 402 1239 442 pecora
1254 388 1472 432 occisionis.
1516 391 1530 412 ³³
1547 402 1635 442 quae
1651 389 1719 442 qui
1733 390 2007 442 possederant,
2082 394 2147 424 t111122

109 452 361 501 occidebant,
400 456 441 491 et
475 463 556 491 non
593 448 798 496 dolebant,
837 453 877 488 et
914 448 1149 487 vendebant
1185 461 1242 495 ea,
1281 447 1477 487 dicentes:
1517 447 1762 488 Benedictus
1797 447 2008 492 Dominus.
2038 429 2192 493 grssgziissi-im

109 510 256 551 divites
282 510 382 550 facti
409 521 565 550 sumus:
595 512 635 547 et
661 512 844 559 pastores
872 519 1011 546 eorum
1038 519 1119 546 non
1146 506 1371 558 parcebant
1397 505 1462 546 eis.
1516 508 1530 529 ⁶
1557 506 1613 546 Et
1639 519 1710 559 ego
1738 519 1819 547 non
1845 519 2009 558 parcam
2025 499 2204 525 ¹¹⁰¹¹0b⁹⁶¹¹¹³

109 568 218 609 ultra
246 581 366 621 super
394 567 629 608 habitantes
658 570 821 614 terram,
854 564 953 605 dicit
981 564 1200 605 Dominus:
1233 577 1322 604 ecce
1352 577 1423 617 ego
1454 564 1614 604 tradam
1644 564 1838 613 homines,
1870 577 2014 604 unum-

110 639 312 680 quemque
336 626 377 667 in
400 639 525 666 manu
548 623 724 677 proximi
748 622 819 666 sui.
847 628 888 663 et
910 623 951 663 in
974 636 1100 663 manu
1123 622 1225 676 regis
1250 622 1328 662 sui:
1381 627 1421 662 et
1445 622 1659 662 concident
1683 627 1845 671 terram,
1872 627 1913 662 et
1936 635 2016 663 non

109 698 248 726 eruam
280 686 329 726 de
360 697 485 725 manu
516 696 667 723 eorum.
731 683 743 705 ⁷
775 681 831 722 Et
861 694 1026 735 pascam
1058 693 1179 734 pecus
1212 680 1420 722 occisionis
1451 685 1618 733 propter
1647 680 1733 725 hoc,
1768 694 1789 721 o
1820 694 2017 733 pauperes

108 743 256 797 gregis:
289 750 330 784 et
360 741 559 795 assumpsi
589 740 688 781 mihi
719 741 819 781 duas
851 740 996 794 virgas,
1030 753 1154 780 unam
1185 739 1331 780 vocavi
1360 739 1569 787 Decorem,
1603 743 1643 778 et
1673 738 1843 779 alteram
1874 739 2018 779 vocavi

110 802 374 842 Funiculum:
399 806 440 842 et
461 800 558 854 pavi
579 812 752 853 gregem.
807 800 821 822 ⁸
844 798 900 839 Et
922 798 1073 839 succidi
1096 803 1176 838 tres
1199 802 1382 851 pastores
1405 797 1445 837 in
1468 810 1605 837 mense
1628 810 1719 841 uno.
1745 803 1786 837 et
1808 802 2019 837 contracta

110 865 172 901 est
198 861 336 901 anima
359 872 451 900 mea
476 859 517 899 in
545 858 617 899 eis:
646 858 847 911 siquidem
874 862 915 897 et
941 857 1079 898 anima
1105 869 1243 898 eorum
1270 856 1449 896 variavit
1474 855 1515 895 in
1540 868 1616 896 me.
1674 857 1689 879 ⁹
1716 855 1771 895 Et
1797 855 1897 895 dixi:
1927 855 2018 896 Non

110 932 277 973 pascam
308 932 398 959 vos:
434 918 544 971 quod
574 916 758 964 moritur,
792 916 1009 957 moriatur:
1043 921 1082 956 et
1117 916 1226 969 quod
1257 914 1489 958 succiditur.
1524 913 1773 955 succidatur:
1808 918 1848 953 et
1878 913 2020 966 reliqui

111 979 310 1020 devorent
328 976 607 1030 unusquisque
627 988 789 1016 carnem
808 974 984 1028 proximi
1002 974 1074 1015 sui.
1123 976 1158 998 ¹⁰
1176 973 1232 1014 Et
1250 973 1325 1014 tuli
1344 972 1501 1026 virgam
1519 986 1665 1021 meam,
1688 986 1777 1026 quae
1795 972 2022 1013 vocabatur

110 1037 257 1085 Decus,
280 1041 322 1077 et
341 1034 495 1076 abscidi
516 1048 605 1075 eam
626 1039 673 1075 ut
691 1034 853 1074 irritum
872 1033 1047 1073 facerem
1067 1033 1201 1074 foedus
1221 1045 1370 1081 meum,
1395 1032 1503 1085 quod
1522 1031 1700 1084 percussi
1721 1044 1812 1072 cum
1833 1030 2021 1072 omnibus

110 1094 282 1148 populis.
340 1096 370 1118 ¹¹
399 1094 456 1134 Et
483 1093 524 1134 in
553 1093 713 1134 irritum
743 1092 966 1133 deductum
996 1096 1057 1132 est
1084 1091 1126 1132 in
1155 1091 1218 1132 die
1246 1090 1332 1131 illa:
1363 1095 1404 1131 et
1433 1094 1712 1143 cognoverunt
1739 1089 1794 1130 sic
1822 1101 2021 1144 pauperes

110 1153 250 1208 gregis,
285 1153 353 1207 qui
384 1152 623 1193 custodiunt
651 1151 762 1194 mihi.
796 1151 892 1204 quia
920 1150 1092 1191 verbum
1120 1150 1289 1191 Domini
1318 1154 1390 1189 est.

218 1230 248 1253 ¹2
278 1228 334 1269 Et
364 1228 448 1269 dixi
478 1229 530 1269 ad
560 1240 644 1269 eos:
676 1227 717 1267 Si
749 1227 901 1267 bonum
932 1231 993 1266 est
1022 1226 1063 1266 in
1094 1224 1217 1267 oculis
1248 1224 1405 1271 vestris,
1439 1223 1581 1263 afferte
1610 1223 1836 1262 mercedem
1866 1236 2017 1263 meam:
2091 1228 2158 1253 ΨΧ

113 1293 153 1329 et
180 1288 212 1328 si
238 1301 332 1332 non.
363 1287 568 1341 quiescite.
603 1286 677 1326 aEt
704 1285 990 1339 appenderunt
1016 1284 1243 1324 mercedem
1270 1295 1403 1323 meam
1431 1280 1601 1334 triginta
1628 1285 1851 1333 argenteos.
1906 1283 1938 1305 ¹3
1965 1280 2021 1320 Et
2055 1257 2197 1322 ρξὲῗοῖῗῖιι

114 1346 219 1387 dixit
233 1346 434 1387 Dominus
452 1346 505 1387 ad
519 1358 601 1385 me:
620 1344 774 1386 Proiice
790 1343 890 1384 illud
906 1343 959 1384 ad
975 1342 1234 1387 statuarium,
1254 1342 1444 1382 decorum
1461 1339 1650 1393 pretium,
1671 1352 1749 1391 quo
1767 1339 2020 1391 appretiatus
2064 1333 2189 1386 isfifflne

113 1418 203 1446 sum
218 1406 269 1445 ab
285 1405 351 1446 eis.
368 1404 425 1446 Et
439 1404 513 1445 tuli
528 1403 698 1457 triginta
712 1407 942 1455 argenteos:
959 1407 1000 1442 et
1013 1401 1161 1454 proieci
1176 1400 1263 1441 illos
1278 1400 1319 1440 in
1334 1400 1502 1440 domum
1516 1397 1683 1438 Domini
1697 1397 1749 1437 ad
1764 1397 2021 1438 statuarium.
2066 1397 2190 1421 ²b¹⁰¹e¹²³

115 1465 146 1488 ¹⁴
179 1464 235 1504 Et
267 1463 430 1516 praecidi
464 1463 621 1515 virgam
654 1474 787 1501 meam
822 1460 1055 1508 secundam,
1093 1472 1182 1512 quae
1216 1457 1502 1511 appellabatur
1534 1456 1566 1496 F
1570 1455 1767 1503 uniculus,
1811 1461 1856 1495 ut
1887 1454 2025 1496 dissol-

115 1535 251 1564 verem
277 1521 591 1575 germanitatem
618 1520 724 1560 inter
752 1519 910 1566 Iudam,
940 1523 981 1559 et
1009 1517 1143 1559 Israel.

220 1600 251 1622 ¹5
280 1597 336 1638 Et
364 1596 469 1638 dixit
496 1595 698 1637 Dominus
727 1594 780 1635 ad
807 1607 889 1633 me:
920 1593 1067 1634 Adhuc
1096 1605 1209 1633 sume
1238 1591 1313 1632 tibi
1343 1604 1442 1631 vasa
1469 1589 1643 1643 pastoris
1673 1588 1799 1630 stulti.
1858 1590 1892 1613 ¹⁶
1921 1588 2025 1637 Quia
2093 1585 2167 1610 '⁰³¹⁰

115 1670 205 1698 ecce
234 1669 306 1710 ego
336 1655 541 1696 suscitabo
570 1659 776 1707 pastorem
807 1652 847 1692 in
878 1658 997 1699 terra.
1030 1651 1099 1705 qui
1128 1650 1322 1692 derelicta
1348 1663 1430 1691 non
1460 1648 1657 1695 visitabit,
1690 1647 1914 1701 dispersum
1944 1660 2025 1687 non
2063 1622 2197 1681 tisfiiiffii.

117 1720 283 1770 quaeret,
307 1720 348 1756 et
369 1714 593 1755 contritum
615 1725 696 1753 non
718 1710 893 1759 sanabit,
917 1716 958 1751 et
979 1710 1020 1751 id
1042 1710 1152 1764 quod
1173 1714 1258 1750 stat
1278 1722 1359 1750 non
1381 1707 1570 1756 enutriet,
1594 1711 1635 1747 et
1656 1719 1795 1747 carnes
1815 1705 2027 1759 pinguium

118 1774 315 1821 comedet,
339 1778 380 1814 et
399 1771 571 1826 ungulas
593 1784 732 1813 eorum
753 1769 960 1811 dissolvet.
1010 1771 1043 1793 ¹⁷
1065 1769 1099 1810 O
1120 1773 1272 1822 pastor,
1296 1772 1337 1808 et
1356 1766 1523 1815 idolum,
1547 1764 1828 1818 derelinquens
1847 1776 2026 1818 gregem:

117 1832 275 1887 gladius
294 1845 416 1886 super
433 1830 646 1872 brachium
667 1829 762 1878 eius,
785 1834 826 1869 et
845 1841 966 1882 super
985 1827 1147 1869 oculum
1167 1828 1358 1868 dextrum
1379 1825 1481 1866 eius:
1502 1823 1715 1865 brachium
1734 1823 1817 1864 eius
1838 1822 2030 1864 ariditate

118 1891 348 1940 siccabitur,
379 1895 421 1932 et
448 1889 587 1932 oculus
616 1889 760 1929 dexter
787 1887 870 1927 eius
899 1887 1181 1928 tenebrescens
1211 1884 1507 1927 obscurabitur.

475 2018 547 2069 ΙΙ.
587 2018 729 2067 Fata
770 2018 827 2066 et
866 2016 995 2066 acta
1034 2013 1250 2080 g1·egiS‚
1288 2012 1366 2073 12,
1393 2011 1572 2068 1—14,
1598 2011 1675 2061 21.

395 2120 435 2160 1.
465 2118 658 2171 Culpam
690 2127 821 2157 suam
853 2125 1117 2167 agnoscens
1147 2113 1441 2166 purgabitur,
1469 2113 1535 2163 12,
1555 2112 1705 2162 1-13,
1725 2110 1764 2150 9.

227 2202 289 2246 12.
346 2204 359 2227 ¹
388 2200 501 2242 Onus
530 2199 645 2240 verbi
672 2198 839 2240 Domini
868 2210 989 2251 super
1019 2195 1153 2237 Israel.
1184 2195 1297 2236 Dicit
1324 2193 1525 2235 Dominus
1555 2191 1778 2232 extendens
1808 2189 1961 2233 caelum,
1993 2194 2034 2230 et
2046 2189 2230 2256 Qggggffiz

120 2263 299 2304 fundans
325 2266 488 2305 terram.
517 2263 559 2299 et
584 2258 738 2312 fingens
764 2257 953 2310 spiritum
980 2254 1155 2296 hominis
1180 2254 1221 2294 in
1248 2267 1312 2294 eo:
1367 2254 1382 2276 ²
1407 2252 1512 2293 Ecce
1538 2264 1610 2304 ego
1636 2262 1787 2304 ponam
1816 2247 2034 2288 Ierusalem
2233 2244 2238 2254 '

122 2320 429 2375 superliminare
456 2316 632 2371 crapulae
661 2315 848 2357 omnibus
876 2313 1037 2368 populis
1064 2313 1105 2353 in
1134 2312 1324 2353 circuitu:
1354 2311 1424 2351 sed
1453 2315 1494 2351 et
1523 2310 1627 2349 Iuda
1654 2308 1730 2349 erit
1757 2307 1797 2347 in
1827 2306 2035 2347 obsidione

123 2384 267 2422 eontra
294 2376 524 2420 Ierusalem.
581 2378 596 2399 ³
622 2375 679 2415 Et
705 2374 798 2415 erit:
830 2373 878 2414 In
905 2373 968 2414 die
995 2372 1064 2413 illa
1089 2384 1241 2425 ponam
1270 2369 1488 2410 Ierusalem
1514 2367 1693 2420 lapidem
1720 2365 1850 2406 oneris
1878 2364 2034 2405 cunctis

123 2437 302 2494 populis:
326 2449 476 2484 omnes,
502 2434 571 2488 qui
592 2433 792 2474 levabunt
813 2445 914 2481 eam,
939 2430 1166 2472 concisione
1186 2429 1494 2470 lacerabuntur:
1518 2431 1559 2467 et
1581 2424 1820 2478 colligentur
1841 2423 2034 2463 adversus

124 2512 214 2539 eam
238 2495 376 2538 omnia
397 2507 521 2548 regna
543 2497 671 2534 terrae.
723 2494 738 2516 ⁴
763 2492 810 2532 In
833 2491 897 2532 die
920 2490 1000 2538 illa,
1026 2489 1125 2530 dicit
1146 2487 1360 2533 Dominus,
1385 2485 1613 2540 percutiam
1636 2496 1797 2525 omnem
1821 2494 1971 2535 equum
1994 2480 2035 2521 in

125 2562 346 2610 stuporem,
374 2558 415 2595 et
440 2564 693 2593 ascensorem
718 2550 802 2591 eius
826 2549 868 2591 in
893 2548 1136 2590 amentiam:
1163 2552 1204 2588 et
1228 2559 1348 2600 super
1373 2546 1540 2586 domum
1567 2543 1671 2584 Iuda
1695 2540 1874 2595 aperiam
1900 2538 2035 2580 oculos

125 2628 247 2663 meos,
277 2618 319 2654 et
346 2624 509 2655 omnem
535 2623 687 2664 equum
714 2608 959 2663 populorum
986 2606 1214 2661 percutiam
1242 2604 1436 2646 caecitate.

230 2692 246 2714 5
266 2689 323 2730 Et
343 2688 481 2729 dicent
501 2686 623 2727 duces
646 2685 750 2725 Iuda
770 2684 811 2724 in
833 2683 952 2725 corde
973 2695 1064 2724 suo:
1098 2680 1391 2722 Consortentur
1410 2677 1510 2718 mihi
1540 2675 1792 2716 habitatores
1816 2671 2034 2713 Ierusalem
2058 2713 2073 2730 a
2099 2669 2221 2730 gggmm

127 2751 168 2791 in
188 2748 366 2790 Domino
389 2745 642 2787 exercituum
663 2743 751 2784 Deo
774 2755 925 2783 eorum.
978 2742 993 2764 ⁶
1016 2740 1064 2781 In
1086 2739 1150 2781 die
1171 2738 1240 2779 illa
1260 2751 1411 2792 ponam
1434 2737 1555 2777 duces
1580 2734 1683 2774 Iuda
1703 2732 1809 2773 sicut
1830 2730 2035 2771 caminum
2067 2742 2213 2771 protectus

128 2808 230 2862 ignis
257 2807 299 2847 in
326 2804 456 2859 lignis,
488 2808 530 2844 et
557 2803 663 2844 sicut
690 2801 835 2843 faciem
864 2800 966 2854 ignis
994 2799 1036 2840 in
1064 2799 1193 2840 foeno:
1225 2802 1266 2838 et
1294 2795 1553 2837 devorabunt
1581 2792 1633 2833 ad
1662 2791 1884 2837 dexteram,
1916 2793 1958 2829 et
1985 2789 2038 2829 ad

128 2867 335 2908 sinistram
363 2876 502 2905 omnes
529 2861 702 2915 populos
729 2860 771 2901 in
799 2859 989 2900 cimuitu:
1020 2862 1061 2898 et
1087 2856 1346 2897 habitabitur
1374 2852 1592 2895 Ierusalem
1619 2862 1755 2891 rursus
1782 2848 1824 2888 in
1850 2847 1938 2888 loco
1967 2860 2039 2888 suo

129 2926 170 2967 in
195 2923 427 2965 Ierusalem.
482 2923 496 2945 ⁷
520 2920 577 2961 Et
599 2919 778 2961 salvabit
799 2917 1002 2959 Dominus
1025 2914 1292 2957 tabernacula
1316 2913 1430 2957 Iuda.
1456 2912 1561 2952 sicut
1583 2910 1624 2950 in
1647 2907 1863 2962 principio:
1888 2910 1937 2946 ut
1958 2918 2040 2947 non

130 2982 344 3037 magnifice
369 2980 563 3034 glorietur
588 2979 734 3020 domus
759 2976 909 3025 David,
939 2981 980 3017 et
1005 2974 1132 3028 gloria
1157 2972 1436 3015 habitantium
1465 2968 1683 3010 Ierusalem
1709 2970 1853 3007 contra
1880 2965 2038 3005 Iudam.

134 3047 148 3069 ³
175 3042 223 3083 In
248 3041 313 3083 die
337 3039 407 3080 illa
429 3042 618 3092 proteget
641 3036 844 3078 Dominus
869 3034 1122 3075 habitatores
1150 3031 1381 3079 Ierusalem,
1409 3034 1451 3070 et
1475 3028 1552 3069 erit
1577 3026 1646 3080 qui
1671 3023 1887 3067 offenderit
1913 3036 1961 3063 ex
1987 3022 2040 3063 eis

131 3102 173 3143 in
189 3101 252 3142 die
267 3099 347 3148 illa,
367 3096 483 3152 quasi
497 3096 653 3137 David:
672 3099 713 3136 et
728 3095 872 3136 domus
888 3093 1027 3134 David
1044 3092 1159 3146 quasi
1173 3091 1262 3139 Dei,
1280 3089 1386 3130 sicut
1401 3086 1566 3141 angelus
1581 3083 1749 3127 Domini
1763 3083 1804 3124 in
1821 3086 2041 3134 conspectu

131 3172 284 3202 eorum.

240 3236 255 3258 ⁹
285 3233 342 3274 Et
372 3231 448 3273 erit
477 3230 519 3271 in
549 3230 613 3270 die
642 3228 729 3269 illa:
762 3240 942 3281 quaeram
973 3231 1180 3268 conterere
1211 3236 1348 3266 omnes
1379 3222 1542 3267 Gentes,
1577 3231 1667 3272 quae
1697 3216 1868 3257 veniunt
1899 3218 2041 3255 contra
2074 3214 2214 3244 WS‘Orssffl

2073 3248 2213 3273 confixum

136 3292 366 3334 Ierusalem.
423 3291 459 3314 ¹⁰
485 3288 541 3329 Et
568 3287 777 3328 effundam
804 3299 925 3339 super
951 3286 1120 3327 domum
1146 3282 1295 3329 David,
1326 3286 1367 3322 et
1394 3292 1515 3333 super
1540 3277 1792 3318 habitatores
1822 3272 2038 3314 Ierusalem
2082 3284 2204 3313 punget,

135 3351 324 3406 spiritum
352 3348 503 3404 gratiae,
535 3351 577 3387 et
604 3358 788 3399 precum:
823 3349 884 3385 bet
913 3343 1111 3398 aspicient
1139 3342 1191 3383 ad
1218 3353 1294 3389 me,
1327 3351 1448 3393 quem
1477 3335 1750 3379 confixerunt:
1781 3336 1821 3373 et
1848 3331 2043 3385 plangent

269 3465 322 3507 11,
346 3464 388 3498 12
413 3464 484 3497 aMt
507 3464 559 3503 27,
585 3463 615 3497 9.
636 3482 678 3486 —-
697 3460 750 3503 12,
769 3460 812 3495 10
830 3460 888 3494 blo
908 3460 960 3499 19,
979 3460 1032 3493 37.

219 3528 470 3555 netzenauer,
492 3525 619 3557 Vulgata
639 3524 829 3550 clementina.
1785 3504 1835 3543 57
