2356 3760
392 491 1306 581 PROPHETIA
1387 492 2088 580 MICHAEAE.

507 720 547 769 I.
588 719 969 770 Comminatio
1009 720 1261 770 11Ιί0111919
1300 719 1613 784 prophetie.
1660 721 1694 779 l,
1726 720 1868 775 lffl3,
1897 721 1972 771 12.

912 810 950 849 1.
983 809 1198 850 Iudicium
1230 808 1325 859 Dei,
1354 808 1560 858 1,1—16.

117 886 227 933 ¹¹¹¹¹¹¹J⁴
383 881 419 923 1.
477 883 486 903 ¹
517 880 694 920 Verbum
724 880 903 925 Domini,
934 880 1043 933 quod
1070 880 1227 920 factum
1255 884 1316 920 est
1342 880 1395 920 ad
1420 879 1634 920 Michaeam
1661 880 1945 925 Morasthiten,
1990 880 2029 920 in
2056 880 2198 921 diebus

133 921 206 947 hm
281 939 466 982 Ioathan.
492 939 639 982 AchaZ.
663 945 702 980 et
725 939 909 979 Ezechize
929 952 1068 987 regum
1093 938 1214 979 Iuda:
1239 938 1348 992 quod
1370 938 1475 979 vidit
1496 951 1617 991 super
1637 938 1876 982 Samariam.
1901 944 1941 979 et
1965 939 2196 980 Ierusalem.

105 1049 219 1107 ἲξυἫ.
294 1047 307 1068 ”-’
333 1044 504 1085 “Audite
536 1043 673 1097 populi
705 1057 856 1093 omnes,
941 1050 982 1084 et
1012 1043 1205 1084 attendat
1235 1048 1355 1091 terra,
1388 1048 1429 1084 et
1458 1042 1671 1096 plenitudo
1702 1043 1804 1083 eius:

94 1091 250 1144 trigeri-321¹&
328 1108 369 1143 et
399 1103 453 1143 sit.
484 1103 685 1143 Dominus
717 1103 827 1143 Deus
861 1102 976 1143 vobis
1008 1102 1048 1142 in
1082 1106 1242 1149 test-em,
1328 1101 1531 1143 Dominus
1563 1102 1612 1142 de
1644 1101 1798 1155 templo
1830 1109 1973 1143 sancto
2005 1116 2090 1143 suo.

289 1166 304 1185 ²³
330 1162 453 1210 bQuia
485 1175 574 1202 ecee
604 1162 805 1202 Dominus
889 1161 1119 1214 egredietur
1148 1161 1197 1201 de
1225 1160 1314 1201 loco
1344 1174 1435 1201 suo:

326 1227 368 1261 et.
397 1221 627 1269 descendet,
661 1225 701 1261 et
731 1220 906 1261 calcabit
989 1233 1110 1273 super
1140 1219 1299 1260 excelsa
1328 1225 1455 1261 terrae.

291 1281 306 1304 4
327 1279 381 1320 Et
413 1284 706 1320 consumentur
736 1284 895 1320 montes
925 1279 1070 1319 subtus
1101 1291 1213 1319 eum:
1298 1284 1338 1319 et
1369 1278 1494 1319 valles
1524 1279 1763 1320 scindentur

327 1338 433 1379 sieut.
463 1352 550 1379 cera
583 1352 607 1378 a
635 1338 737 1379 facie
768 1339 881 1392 ignis.
967 1344 1006 1378 et
1037 1338 1141 1378 sicut
1172 1350 1301 1391 aquae,
1335 1350 1425 1391 (11199
1455 1338 1676 1378 decurrunt
1706 1338 1746 1377 in
1777 1350 1967 1391 praeceps.

101 1451 212 1488 911111(-
292 1444 306 1466 ⁵
330 1442 375 1483 In
406 1442 552 1484 scelere
585 1443 707 1484 Iacob
739 1455 857 1483 omne
888 1442 1010 1486 istud,
1096 1448 1135 1483 et
1166 1442 1206 1483 in
1237 1442 1414 1495 peccatis
1445 1442 1590 1483 domus
1623 1442 1758 1482 Israel.

86 1487 249 1544 ἒῗῗέἶᾷἷὲἶ
328 1502 438 1555 quod
467 1501 595 1542 scelus
627 1500 776 1542 Iacob?
852 1514 985 1541 nonne
1015 1500 1225 1542 Samaria?

78 1554 258 1584 ¹⁹¹¹³P¹¹¹¹¹⁰‘'²
327 1567 366 1601 et
398 1574 488 1614 quae
518 1560 676 1602 excelsa
709 1559 843 1600 Iudae?
928 1573 1062 1601 nonne
1095 1560 1340 1601 Ierusalem?

290 1621 305 1643 ⁶
326 1625 365 1660 et
398 1633 549 1672 ponam
582 1619 809 1660 Samariam
844 1619 958 1673 quasi
991 1631 1184 1659 acervum
1216 1618 1399 1672 lapidum
1432 1619 1473 1658 in
1506 1632 1600 1671 agro
1686 1632 1778 1659 cum
1811 1619 2027 1671 plantatur
2058 1619 2196 1660 vinea:

326 1684 367 1719 et
394 1678 609 1719 detraham
637 1678 678 1718 in
708 1677 855 1717 vallem
883 1677 1038 1731 lapides
1067 1677 1163 1727 eius,
1247 1682 1287 1718 et
1314 1677 1589 1718 fundamenta
1616 1677 1700 1717 eius
1728 1677 1931 1719 revelabo.

290 1738 304 1760 ⁷
326 1737 381 1777 Et
400 1737 537 1778 omnia
555 1736 761 1790 sculptilia
780 1736 863 1777 eius
883 1736 1161 1781 concidentur,
1236 1741 1276 1777 et
1295 1749 1434 1777 omnes
1454 1736 1658 1776 mercedes
1678 1736 1761 1776 eius
1781 1736 2075 1777 comburentur
2091 1737 2194 1790 igne,

325 1801 365 1836 et
397 1796 532 1836 omnia
563 1795 672 1836 idola
701 1795 784 1835 eius
814 1808 967 1848 ponam
998 1795 1037 1836 in
1068 1795 1359 1849 perditionem:

327 1854 421 1908 quia
439 1855 487 1895 de
504 1854 758 1895 mercedibus
775 1854 996 1894 meretricis
1014 1860 1262 1908 congregata
1277 1859 1386 1903 sunt,
1458 1859 1498 1894 et
1516 1867 1644 1907 usque
1661 1854 1713 1894 ad
1729 1854 1957 1895 mercedem
1974 1854 2196 1896 meretricis

537 1918 806 1954 revertentur.

99 2020 237 2083 ‘'s‘ssff'ss‘fffl
293 2020 308 2041 8
327 2018 458 2071 Super
486 2018 562 2059 hoc
592 2018 796 2072 plangam,
830 2025 869 2058 et
900 2017 1084 2058 ululabo:
1170 2018 1321 2058 vadam
1351 2017 1562 2071 spoliatus.
1595 2024 1634 2058 et
1665 2018 1817 2058 nudus:

96 2090 242 2155 exstiti—ini
326 2077 474 2118 faciam
505 2077 719 2130 planctum
749 2077 862 2118 velut
893 2077 1130 2120 draconum.
1215 2082 1255 2117 et
1285 2075 1443 2117 luctum
1475 2076 1590 2131 quasi
1620 2076 1913 2117 struthionum.

115 2160 222 2190 planu„
291 2138 305 2159 ⁹
327 2136 431 2184 Quia
462 2137 679 2189 desperata
708 2142 767 2176 est
798 2135 919 2189 plaga
948 2135 1044 2183 eius,
1131 2135 1227 2189 quia
1256 2135 1370 2176 venit
1399 2149 1528 2189 usque
1558 2136 1611 2176 ad
1643 2135 1801 2177 Iudam.

327 2194 462 2245 tetigit
492 2200 657 2248 portam
686 2194 826 2247 populi
857 2194 936 2234 mei
1018 2206 1147 2247 usque
1177 2194 1228 2234 ad
1261 2193 1492 2236 Ierusalem.

79 2300 260 2359 fflffgfflemssld
384 2300 417 2322 ¹⁰
446 2299 491 2339 In
520 2300 627 2340 Geth
656 2299 780 2340 nolite
808 2298 1068 2340 annunciare.
1098 2297 1288 2351 lacrymis
1316 2311 1365 2338 ne
1392 2297 1571 2351 ploretis,
1600 2298 1641 2339 in
1669 2299 1791 2339 domo
1818 2299 2003 2340 Pulveris
2030 2300 2197 2354 pulvere

96 2342 227 2395 ‘ms-irat.
278 2371 348 2399 vos
378 2358 642 2411 conspergite.
702 2360 731 2382 ¹¹
762 2358 816 2398 Et
846 2357 1018 2398 transite
1046 2357 1163 2398 vobis
1192 2356 1397 2398 habitatio
1425 2357 1613 2406 Pulchra,
1645 2358 1815 2398 confusa
1842 2357 2084 2411 ignominia:
2115 2373 2195 2400 non

273 2421 334 2457 est
361 2430 519 2470 egressa
547 2430 637 2471 quae
665 2417 828 2458 habitat
854 2417 895 2457 in
923 2416 1055 2457 exitu:
1084 2415 1298 2469 planctum
1324 2416 1483 2457 Domus
1511 2416 1646 2457 vicina
1672 2416 1844 2470 accipiet
1871 2430 1921 2457 ex
1948 2417 2076 2465 vobis,
2107 2431 2197 2472 quae

273 2476 390 2516 stetit
409 2475 584 2517 sibimet.
633 2478 664 2500 ¹²
683 2476 789 2524 Quia
806 2475 1013 2516 infirmata
1033 2481 1094 2515 est
1113 2475 1153 2515 in
1174 2475 1340 2523 bonum,
1363 2488 1453 2529 quae
1471 2475 1635 2516 habitat
1654 2475 1694 2515 in
1715 2475 2079 2518 amaritudinibus:
2101 2477 2195 2530 quia

272 2535 483 2575 descendit
509 2534 660 2575 malum
689 2548 712 2575 a
735 2534 913 2575 Domino
940 2534 979 2574 in
1005 2539 1169 2588 portam
1197 2534 1429 2575 Ierusalem.
1485 2536 1516 2558 ¹3
1542 2534 1759 2575 Tumultus
1787 2534 1994 2588 quadriga}
2017 2535 2196 2590 stuporis

275 2593 480 2634 habitanti
506 2594 668 2634 Lat-liis:
694 2593 940 2647 principium
965 2593 1123 2647 peccati
1147 2598 1208 2634 est
1232 2592 1323 2634 filiae
1347 2593 1455 2641 Sion,
1483 2593 1580 2647 quia
1603 2593 1643 2634 in
1668 2599 1709 2634 te
1732 2593 1902 2634 inventa
1926 2601 2023 2635 sunt.
2046 2594 2195 2635 scelera

279 2652 410 2693 lsrael.
473 2654 503 2676 ¹⁴
534 2653 758 2706 Propterea
789 2652 907 2693 dabit
938 2652 1165 2693 emissarios
1197 2665 1319 2706 super
1350 2652 1623 2693 hereditatem
1654 2652 1781 2693 Geth:
1815 2653 1961 2694 domus
1992 2653 2195 2695 Mendacii

272 2711 312 2751 in
343 2711 625 2764 deceptionem
656 2711 816 2765 regibus
849 2710 983 2752 Israel.
1044 2713 1075 2735 15
1104 2711 1250 2752 Adhuc
1280 2711 1470 2752 heredem
1500 2711 1705 2752 adducam
1735 2711 1811 2752 tibi
1841 2724 1932 2765 quae
1960 2711 2123 2753 habitas
2154 2712 2194 2753 in

274 2770 448 2810 Maresa:
483 2783 610 2823 usque
641 2771 692 2811 ad
724 2770 913 2811 Odollam
946 2770 1082 2810 veniet
1112 2770 1238 2823 gloria
1272 2770 1407 2811 Israel.
1468 2772 1502 2794 ¹⁶
1532 2769 1770 2815 Deca-lvare,
1803 2775 1844 2811 et
1876 2771 2046 2812 tondere.
2074 2783 2196 2825 super

274 2828 373 2869 filios
410 2829 645 2870 deliciarum
684 2836 866 2869 tuarum:
905 2828 1033 2869 dilata
1069 2829 1280 2869 calvitium
1318 2834 1437 2869 tuum
1473 2829 1578 2870 sicut
1614 2828 1770 2883 aquila:
1809 2829 2003 2883 quoniam
2040 2829 2194 2882 captivi

275 2887 387 2927 ducti
416 2893 512 2928 sunt
542 2901 591 2928 ex
622 2895 672 2929 te.

653 2994 691 3032 2.
723 2992 913 3032 Peccata
943 2991 1099 3044 populi
1131 3003 1183 3031 ac
1213 2992 1378 3032 ducum
1409 2992 1524 3043 eius,
1551 2993 1591 3042 2,
1610 2993 1736 3042 1—3,
1755 2992 1821 3032 12.

89 3059 249 3124 pffiffl'tjfn
278 3059 315 3102 2.
374 3063 381 3083 ¹
415 3060 484 3099 Vaz
515 3062 580 3114 (1111
612 3063 799 3115 cogitatis
832 3062 985 3107 inutile,
1071 3068 1110 3103 et
1142 3063 1366 3115 operamini
1395 3063 1549 3103 malum
1580 3063 1620 3103 in
1651 3062 1851 3103 cubilibus
1884 3062 2046 3103 vestris:

255 3115 259 3123 ’
331 3118 370 3158 111
401 3119 487 3158 luce
517 3121 720 3161 matutina
750 3121 907 3162 faciunt
938 3121 1048 3164 illud,
1135 3121 1328 3174 quoniam
1359 3127 1501 3163 contra
1531 3122 1664 3162 Deum
1695 3127 1755 3162 est
1784 3134 1930 3162 manus
1961 3134 2111 3162 eorum.

296 3180 310 3200 '-'
334 3177 384 3216 Et
416 3179 707 3230 concupierunt
738 3193 865 3233 agros.
899 3186 938 3221 et
969 3180 1169 3221 violenter
1198 3180 1392 3225 tulerunt,
1478 3185 1519 3221 et
1548 3185 1773 3234 rapuerunt
1803 3181 1963 3221 domos:

332 3242 370 3275 et
401 3236 758 3278 calumniabantur
789 3239 932 3284 virum,
965 3245 1005 3279 et
1034 3239 1200 3279 domum
1233 3239 1329 3285 eius,
1415 3239 1560 3284 virum,
1593 3245 1632 3279 et
1662 3239 1933 3280 hereditatem
1963 3239 2059 3280 eius.

295 3295 311 3318 ³
335 3293 487 3334 Idcirco
519 3294 601 3334 1199(
632 3296 729 3336 dicit
763 3298 978 3338 Dominus:

333 3352 435 3392 Eece
458 3366 529 3401 ego
553 3354 684 3403 cogito
708 3368 827 3408 super
851 3357 1045 3397 familiam
1071 3357 1190 3398 istam
1216 3357 1388 3397 malum:
1468 3357 1574 3398 unde
1596 3370 1678 3398 non
1702 3356 1894 3397 auferetis
1917 3355 2019 3397 colla
2043 3361 2191 3398 vestra.

331 3417 371 3451 et
401 3425 481 3452 non
512 3412 774 3452 ambulabitis
806 3415 979 3467 superbi,
1067 3415 1259 3469 quoniam
1292 3422 1453 3469 tempus
1484 3416 1706 3469 pessimum
1736 3421 1809 3457 est.

412 3515 442 3556 1,
468 3515 487 3548 2
511 3515 577 3548 ⁸»Dr
600 3518 652 3552 232,
681 3518 710 3553 [2
740 3517 768 3549 ls
794 3520 821 3550 l.
847 3522 874 3550 2.
913 3540 940 3541 j
964 3521 983 3551 ἰ]
1009 3521 1060 3553 bis
1086 3520 1137 3558 26,
1164 3522 1215 3553 21.
