2356 3760
135 123 167 163 9,
193 123 317 161 9-10,
345 123 361 155 7
906 125 1281 161 MACHABAEORIJM
1953 137 2028 177 943

135 215 259 256 etiam
294 214 485 256 fluctibus
521 214 641 255 maris
678 214 886 268 imperare,
924 230 1047 271 supra
1080 218 1305 260 humanum
1342 221 1508 262 modum
1544 224 1731 275 superbia
1766 226 1950 278 repletus,
1988 233 2027 267 et

135 273 337 314 montium
359 272 596 314 altitudines
618 272 659 313 in
680 277 835 314 statera
856 276 1095 327 appendere,
1120 290 1226 318 nune
1248 278 1484 320 humiliatus
1507 281 1558 320 ad
1580 285 1727 320 terram
1750 282 1789 322 in
1810 286 2028 332 gestatorio

134 332 390 385 portabatur,
414 331 674 372 manifestam
696 331 772 371 Dei
793 332 989 373 virtutem
1012 334 1052 374 in
1073 336 1288 389 semetipso
1312 342 1562 378 contestans:
1615 340 1630 362 ⁹
1651 339 1707 379 ita
1731 345 1773 380 ut
1796 342 1843 380 de
1866 356 2027 395 corpore

134 390 248 443 impii
281 403 436 430 vermes
471 389 726 434 scaturirent,
763 404 809 431 ac
843 390 1018 431 viventis
1052 392 1092 433 in
1126 393 1330 435 doloribus
1365 409 1502 435 carnes
1536 396 1618 437 eius
1653 397 1873 441 effluerent,
1910 401 2028 440 odore

134 448 258 488 etiam
285 448 389 489 illius
416 453 457 488 et
482 448 628 488 foetore
655 448 854 489 exercitus
880 455 1130 502 gravaretur.
1186 454 1221 475 ¹⁰
1247 457 1287 492 et
1314 453 1381 505 qui
1407 453 1527 506 paulo
1554 459 1649 495 ante
1675 454 1803 495 sidera
1831 457 1913 496 01011
1939 472 2030 497 eon-

134 506 289 560 tingere
315 519 356 547 se
383 506 674 553 arbitrabatur,
704 519 795 547 eum
823 520 940 548 nemo
968 513 1131 561 poterat
1157 515 1322 563 propter
1347 511 1649 552 intolerantiam
1675 513 1829 554 foetoris
1857 520 2028 567 portare.

239 567 269 589 11
303 565 409 605 Η1110
440 564 564 618 igitur
595 564 719 617 coepit
751 578 800 605 ex
830 566 945 619 gravi
977 567 1165 620 superbia
1196 569 1394 609 deductus
1427 570 1478 610 ad
1510 570 1755 623 agnitionem
1788 572 1847 611 sui
1880 573 2025 616 venire.
2074 577 2187 624 “renim

133 623 274 664 divina
294 622 527 664 admonitus
548 621 679 676 plaga,
703 637 773 676 per
791 629 1001 665 momenta
1021 624 1178 678 singula
1198 625 1402 667 doloribus
1423 627 1502 668 suis
1524 634 1740 677 augmenta
1762 630 2025 683 capientibus.
2069 620 2193 676 agissffim

133 683 165 706 ¹2
192 686 234 722 et
260 695 352 722 cum
378 694 452 722 nec
477 681 561 734 ipse
587 681 668 722 iam
695 682 884 723 foetorem
910 696 1029 724 suum
1055 684 1157 724 ferre
1184 690 1333 737 posset,
1362 685 1421 725 ita
1446 686 1521 726 ait:
1552 687 1709 726 Iustum
1737 693 1797 727 est
1822 689 2031 728 subditum

133 752 218 780 esse
243 740 343 789 Deo,
371 744 412 780 et
436 739 651 780 mortalem
677 753 759 781 non
783 741 899 794 paria
922 742 1008 783 Deo
1035 742 1194 783 sentire.
1250 745 1281 768 13
1306 744 1462 784 Orabat
1487 750 1623 784 autem
1649 744 1712 785 hic
1737 745 1925 786 scelestus
1950 747 2031 787 Do-

133 798 303 847 minum,
334 811 358 838 a
385 811 465 851 quo
493 811 574 839 non
603 803 707 839 esset
734 799 1051 841 misericordiam
1079 806 1381 842 consecuturus.
1438 803 1469 826 ¹4
1496 802 1550 842 Et
1579 802 1799 846 civitatem.
1830 805 1880 844 ad
1910 818 2030 857 quam

132 856 331 897 festinans
352 856 545 897 veniebat
565 862 612 897 ut
633 870 722 897 eam
744 858 796 899 ad
816 858 946 899 solum
968 859 1197 904 deduceret,
1222 872 1267 900 ac
1288 859 1545 913 sepulchrum
1567 866 1847 913 congestorum
1869 862 2030 906 faceret,

133 928 242 955 nunc
269 919 388 968 optat
413 914 582 955 liberam
609 916 793 957 reddere:
849 918 880 941 ¹5
907 922 948 957 et
976 917 1144 965 Iudaeos,
1176 932 1274 971 quos
1302 932 1375 958 nec
1401 918 1610 971 sepultura
1637 918 1799 972 quidem
1826 932 1866 959 se
1893 919 2033 972 dignos

132 973 384 1022 habiturum,
415 974 486 1014 sed
515 974 659 1014 avibus
689 988 734 1015 ac
763 974 855 1015 feris
885 975 1130 1028 diripiendos
1160 977 1420 1021 traditurum,
1451 981 1492 1017 et
1520 990 1610 1017 cum
1640 977 1818 1030 parvulis
1847 978 2034 1017 extermi-

132 1036 328 1073 naturum
358 1031 530 1079 dixerat,
562 1032 736 1085 aequales
766 1046 874 1074 nunc
903 1034 1218 1075 Atheniensibus
1248 1035 1453 1075 facturum
1484 1034 1713 1088 pollicetur:
1772 1037 1806 1059 1⁶
1836 1035 2034 1089 templum

133 1090 258 1131 etiam
283 1095 484 1139 sanctum,
512 1092 621 1144 quod
646 1091 755 1144 prius
781 1091 1071 1145 expoliaverat,
1099 1093 1262 1146 optimis
1287 1093 1402 1134 donis
1428 1098 1678 1139 ornaturum,
1706 1098 1746 1134 et
1770 1099 1912 1134 sancta
1936 1107 2035 1134 vasa

132 1148 514 1202 multiplicaturum,
532 1155 573 1189 et
588 1150 836 1202 pertinentes
852 1151 903 1191 ad
918 1151 1112 1192 sacrificia
1126 1156 1313 1204 sumptus
1328 1152 1377 1192 de
1391 1151 1615 1192 redditibus
1631 1152 1710 1192 suis
1726 1157 2031 1205 praestaturum:

133 1209 167 1232 ¹⁷
198 1220 319 1260 super
348 1207 445 1255 11330,
479 1212 520 1248 et
552 1207 735 1249 Iudaeum
767 1222 807 1249 se
838 1209 1035 1255 futurum,
1069 1214 1109 1250 et
1141 1223 1301 1250 omnem
1331 1209 1465 1250 locum
1496 1215 1612 1250 terrae
1642 1209 2031 1263 perambulaturum,

133 1271 175 1307 et
202 1265 520 1319 praedicaturum
549 1266 625 1307 Dei
653 1271 914 1320 potestatem.

239 1326 272 1348 ¹⁸
286 1325 365 1365 Sed
379 1338 460 1365 non
475 1326 726 1365 cessantibus
742 1325 946 1366 doloribus
963 1329 1269 1379 (supervenerat
1284 1325 1389 1365 enim
1404 1325 1445 1365 in
1460 1338 1551 1366 eum
1566 1325 1718 1365 iustum
1733 1326 1807 1365 Dei
1822 1325 2032 1378 iudicium)
2081 1327 2191 1386 5de2³

133 1384 350 1436 desperans
374 1383 535 1436 scripsit
558 1384 609 1424 ad
636 1384 792 1424 Iudaeos
815 1383 857 1423 in
880 1384 1048 1424 modum
1072 1383 1367 1436 deprecationis
1391 1383 1604 1436 epistolam
1628 1384 1711 1424 11100
1735 1383 2029 1424 continentem:
2082 1384 2188 1422 scribit,

133 1443 168 1466 ¹⁹
194 1441 417 1482 OPTIMIs
443 1441 600 1481 civibus
628 1441 773 1482 Iudaeis
799 1441 1017 1494 plurimam
1043 1440 1229 1490 salut-em,
1257 1446 1298 1481 et
1322 1442 1423 1481 bene
1449 1441 1593 1486 valere,
1621 1446 1662 1481 et
1687 1455 1769 1481 esse
1793 1441 1938 1486 felices,
1966 1453 2034 1481 rex

132 1504 175 1540 et
192 1499 379 1553 princeps
398 1499 638 1540 Antiochus.
686 1500 722 1523 2⁰
740 1499 781 1540 Si
801 1500 901 1540 bene
921 1499 1078 1547 valetis,
1100 1504 1139 1540 et
1160 1499 1229 1539 filii
1248 1499 1384 1543 vestri,
1406 1504 1447 1540 et
1466 1513 1515 1540 ex
1534 1499 1736 1539 sententia
1755 1499 1868 1540 vobis
1888 1503 2036 1539 cuncta

133 1562 241 1604 sunt,
269 1557 470 1598 maximas
497 1557 653 1610 agimus
678 1557 841 1611 gratias.
896 1560 927 1582 ²¹
954 1558 1009 1598 Et
1034 1571 1105 1611 ego
1131 1558 1171 1598 111
1198 1558 1435 1598 infirmitate
1461 1558 1720 1603 constitutus,
1749 1557 1871 1597 vestri
1898 1562 2032 1597 autem

133 1628 289 1657 memor
314 1616 484 1669 benigne
509 1629 692 1656 reversus
718 1617 767 1657 de
792 1616 965 1657 Persidis
990 1616 1098 1663 10013,
1126 1620 1167 1657 et
1191 1616 1428 1657 infirmitate
1452 1616 1566 1670 gravi
1591 1616 1875 1669 apprehensus,
1903 1628 2035 1655 neces-

133 1674 284 1715 sarium
309 1674 408 1714 duxi
430 1687 503 1727 pro
527 1674 733 1715 communi
758 1674 936 1715 utilitate
960 1688 1097 1715 curam
1121 1675 1287 1715 habere:
1339 1676 1370 1698 22
1393 1688 1473 1715 non
1497 1675 1712 1727 desperans
1736 1673 2032 1726 memetipsum,

133 1734 203 1774 sed
233 1746 345 1786 spem
376 1732 550 1773 multam
581 1733 735 1773 habens
766 1733 982 1787 effugiendi
1012 1733 1305 1774 infirmitatem.
1364 1735 1396 1757 ²³
1428 1732 1658 1786 Respiciens
1689 1737 1826 1773 autem
1857 1731 1965 1785 quod
1995 1736 2035 1771 et

136 1796 251 1845 pater
279 1804 404 1836 meus,
437 1791 583 1844 quibus
614 1791 865 1844 temporibus
894 1792 935 1832 111
963 1791 1059 1833 10013
1088 1791 1359 1845 superioribus
1389 1791 1565 1832 ducebat
1593 1791 1826 1836 exercitum,
1858 1789 2035 1831 ostendit

134 1850 204 1904 qui
224 1855 318 1903 post
339 1863 379 1890 se
400 1850 622 1903 susciperet
642 1850 938 1903 principatum:
987 1852 1018 1874 2⁴
1039 1855 1086 1891 ut
1106 1850 1138 1891 si
1160 1850 1257 1903 quid
1278 1849 1526 1891 contrarium
1548 1849 1758 1896 accideret,
1782 1853 1853 1889 aut
1874 1846 2035 1888 difficile

134 1909 408 1956 nunciaretur,
435 1907 606 1949 scientes
631 1908 683 1952 hi.
711 1908 780 1962 qui
804 1908 844 1948 in
869 1908 1098 1962 regionibus
1123 1913 1250 1953 erant,
1278 1908 1341 1949 cui
1365 1912 1469 1948 esset
1492 1920 1625 1948 rerum
1649 1920 1808 1947 summa
1831 1905 2033 1953 derelicta,

135 1981 217 2008 11011
240 1967 517 2008 turbarentur.
569 1968 600 1991 2⁵
623 1966 687 2008 Ad
710 1967 806 2012 haec,
831 1967 1089 2008 considerans
1112 1968 1161 2007 de
1184 1967 1368 2020 proximo
1392 1971 1579 2019 potentes
1603 1979 1795 2019 quosque,
1821 1970 1860 2005 et
1883 1963 2034 2004 vicinos

134 2025 387 2079 temporibus
409 2025 659 2074 insidiantes
683 2030 723 2066 et
743 2031 937 2066 eventum
959 2030 1234 2079 expectantes,
1258 2024 1466 2078 designavi
1486 2024 1613 2064 filium
1632 2037 1767 2064 meum
1788 2022 2035 2063 Antiochum

133 2097 280 2138 regem,
315 2097 435 2137 quem
466 2097 570 2137 saepe
602 2096 808 2124 recurrens
838 2084 879 2124 in
910 2084 1117 2137 superiora
1146 2097 1270 2134 regna
1298 2082 1437 2123 multis
1468 2087 1649 2122 vestrum
1680 2081 2035 2122 commendabam:

136 2148 177 2183 et
192 2142 332 2196 scripsi
347 2143 399 2183 ad
414 2156 506 2182 eum
523 2156 612 2195 quae
627 2142 811 2183 subiecta
825 2148 932 2183 sunt.
976 2144 1011 2166 2⁶
1026 2142 1106 2183 Oro
1121 2142 1260 2195 itaque
1276 2154 1359 2186 vos,
1377 2146 1418 2181 et
1432 2145 1526 2194 peto
1541 2153 1737 2181 memores
1753 2138 2036 2180 beneficiorum

135 2201 295 2255 publice
324 2205 366 2242 et
394 2200 600 2254 privatim,
633 2205 680 2241 ut
709 2201 987 2254 unusquisque
1017 2204 1229 2242 conservet
1258 2199 1378 2240 fidem
1409 2200 1460 2240 ad
1489 2212 1552 2239 me
1582 2203 1621 2239 et
1651 2199 1702 2239 ad
1731 2197 1857 2238 filium
1886 2209 2034 2237 meum.

135 2262 169 2284 2⁷
205 2259 373 2301 Confido
409 2259 529 2308 enim,
567 2273 659 2300 eum
694 2260 877 2301 modeste
913 2264 954 2300 et
987 2259 1165 2299 humane
1200 2263 1400 2301 acturum.
1438 2262 1477 2297 et
1513 2262 1749 2310 sequentem
1784 2254 2036 2308 propositum

135 2331 284 2366 meum,
314 2323 356 2358 et
381 2331 639 2359 communem
667 2318 781 2359 vobis
808 2318 904 2359 fore.

240 2378 276 2400 23
294 2376 423 2430 Igitur
438 2376 654 2424 homicida,
673 2382 714 2417 et
730 2376 990 2429 blasphemus
1008 2375 1178 2429 pessime
1194 2387 1418 2428 percussus,
1437 2381 1477 2414 et
1494 2378 1539 2414 ut
1555 2373 1638 2425 ipse
1655 2372 1752 2413 alios
1769 2374 2031 2413 tractaverat,
2075 2375 2202 2428 ssffliffif.

136 2448 299 2489 peregre
333 2435 374 2475 in
408 2435 617 2476 montibus
652 2435 870 2476 miserabili
905 2435 1019 2476 obitu
1054 2434 1142 2474 vita
1174 2433 1340 2474 functus
1375 2436 1446 2473 est.
1509 2433 1543 2455 2⁹
1579 2430 1863 2471 Transferebat
1897 2434 2033 2468 autem

137 2506 282 2547 corpus
309 2492 522 2547 Philippus
551 2493 824 2535 collactaneus
852 2493 954 2534 eius:
985 2492 1065 2546 qui,
1095 2496 1280 2532 metuens
1308 2490 1434 2531 filium
1463 2489 1664 2532 Antiochi.
1695 2489 1746 2529 ad
1773 2487 2036 2528 Ptolemaeum

136 2551 454 2595 Philometorem
480 2551 522 2592 in
550 2552 775 2606 AEgyptum
803 2552 915 2593 abiit.

472 2656 511 2696 3.
540 2655 675 2696 ludas
705 2654 931 2696 civitatem
962 2665 1014 2694 ac
1042 2653 1262 2706 templum
1292 2650 1479 2704 purgat,
1507 2651 1572 2702 10,
1591 2650 1710 2690 1—9.

242 2725 306 2769 10.
361 2727 375 2750 ¹
393 2725 652 2767 Machabaeus
672 2731 823 2774 autem,
844 2730 885 2766 et
905 2725 973 2779 qui
992 2738 1083 2765 cum
1103 2737 1148 2765 eo
1168 2728 1295 2771 erant,
1316 2721 1491 2763 Domino
1510 2733 1550 2760 se
1568 2724 1816 2772 protegente.
1838 2716 2035 2770 templum
2057 2752 2085 2776 et
2106 2717 2222 2775 ἔξω

139 2784 315 2838 quidem,
347 2789 389 2825 et
417 2784 628 2825 civitatem
657 2784 827 2837 recepit:
885 2786 899 2808 2
929 2796 1018 2824 aras
1047 2787 1198 2831 autern,
1231 2794 1331 2835 quas
1361 2779 1591 2832 alienigena?
1619 2789 1689 2830 per
1717 2775 1871 2829 plateas
1901 2780 2036 2815 extru-
2060 2786 2221 2811 demolitur.

139 2847 297 2891 xerant,
327 2842 508 2896 itemque
538 2842 708 2884 delubra
737 2842 954 2884 demolitus
984 2845 1056 2882 est.

243 2903 259 2926 ³
279 2904 320 2941 et
338 2905 513 2955 purgato
534 2900 700 2955 templo,
724 2900 834 2942 aliud
855 2900 981 2941 altare
1001 2900 1202 2940 fecerunt:
1225 2903 1266 2938 et
1286 2898 1334 2938 de
1354 2895 1489 2950 ignitis
1509 2894 1711 2947 lapidibus
1732 2892 1821 2945 igne
1841 2896 2036 2954 concepto
2076 2894 2207 2954 mnfflfg'i

139 2958 336 3000 sacrificia
355 2958 593 3000 obtulerunt
612 2964 706 3013 post
726 2959 946 3007 biennium,
970 2964 1010 2999 et
1029 2958 1251 3002 incensum,
1274 2960 1314 2996 et
1332 2954 1526 3000 lucernas,
1549 2957 1589 2993 et
1609 2964 1732 3005 panes
1752 2949 2037 3013 propositionis
2074 2964 2209 2989 sacrificia

139 3022 375 3072 posuerunt.
432 3019 448 3042 ‘¹
476 3018 632 3066 Quibus
660 3017 795 3071 gestis,
825 3018 1028 3071 rogabant
1054 3016 1277 3057 Dominum
1306 3011 1499 3066 prostrati
1527 3010 1567 3051 in
1597 3016 1758 3057 terram,
1789 3022 1837 3049 ne
1867 3007 2037 3072 amphus
2096 3000 2187 3027 0³⁹⁸·

140 3075 291 3117 talibus
312 3074 428 3116 malis
449 3075 693 3117 inciderent:
716 3077 787 3118 sed
807 3081 860 3124 et,
883 3076 916 3116 si
938 3075 1102 3129 quando
1123 3077 1369 3127 peccassent,
1392 3074 1439 3111 ut
1460 3070 1510 3110 ab
1532 3068 1618 3122 ipso
1639 3067 1778 3108 mitius
1800 3077 2041 3130 corriperen-

140 3139 220 3183 tur,
255 3139 297 3175 et
328 3147 410 3175 non
442 3134 638 3181 barbaris,
673 3148 720 3175 ac
752 3133 998 3187 blasphemis
1031 3132 1263 3174 hominibus
1296 3128 1564 3170 traderentur.
1639 3128 1654 3150 ⁵
1687 3126 1777 3174 Qua
1809 3125 1871 3165 die
1904 3129 2040 3186 autem

141 3192 342 3246 templum
372 3193 423 3233 ab
454 3191 686 3245 alienigenis
716 3192 920 3246 pollutum
950 3192 1096 3239 fuerat,
1129 3188 1297 3241 contigit
1328 3187 1468 3227 eadem
1499 3185 1562 3226 die
1592 3183 1914 3237 purificationem
1945 3182 2038 3222 11011.

141 3251 337 3304 vigesima
367 3250 513 3304 quinta
540 3250 701 3298 mensis,
734 3250 803 3304 qui
831 3250 912 3291 fuit
940 3249 1093 3291 Casleu.
2175 3291 2202 3304 ,-

247 3311 263 3334 6
287 3309 343 3350 Et
367 3322 459 3350 cum
484 3308 628 3349 laetitia
652 3308 794 3350 diebus
820 3313 911 3349 octo
938 3312 1107 3362 egerunt
1130 3306 1172 3346 in
1196 3304 1363 3345 modum
1389 3300 1756 3344 tabernaculorum.
1783 3297 2036 3339 recordantes
2054 3293 2224 3351 ⁵0¹¹ss{}‡1¹,¹¹‘·⁸'

142 3367 252 3421 quod
291 3372 387 3408 ante
426 3366 632 3408 modicum
673 3367 866 3421 temporis
907 3366 1014 3408 diem
1054 3364 1287 3406 sollemnem
1328 3359 1683 3402 tabernaculorum
1722 3357 1763 3398 in
1817 3354 2032 3417 montibus,
2046 3360 2232 3422 «ἰνςιέῑίἓιὲτῐῇζνέὴ

141 3429 183 3466 et
202 3425 243 3466 in
264 3425 463 3479 speluncis
486 3438 596 3467 more
618 3425 842 3466 bestiarum
863 3429 1040 3479 egerant.
1094 3425 1106 3447 ⁷
1128 3423 1300 3475 Propter
1321 3419 1430 3473 quod
1452 3418 1639 3472 Thyrsos,
1663 3421 1703 3457 et
1724 3427 1854 3455 ramos
1877 3411 2032 3450 virides.
