2356 3760
163 97 238 136 139,
263 97 404 137 7—142,
430 98 447 130 1
973 99 1263 134 PSALMORUM
1979 112 2053 154 561

186 192 199 214 ⁷
217 190 313 231 Dixi
343 191 539 232 Domino:
571 191 682 232 Deus
713 203 826 230 meus
857 203 897 231 es
928 196 992 232 tu:
1078 194 1226 247 exaudi
1255 195 1429 235 Domine
1459 209 1600 237 vocem
1622 198 1913 251 deprecationis
1943 217 2052 245 meae.

185 250 200 273 ⁸
217 249 403 297 Domine,
419 250 594 291 Domine
612 249 742 290 virtus
762 249 904 289 salutis
924 263 1040 291 meae:
1098 252 1353 294 obumbrasti
1372 267 1491 307 super
1510 261 1634 307 caput
1652 270 1785 298 meum
1805 260 1845 299 in
1864 262 1926 301 die
1946 262 2053 303 belli:

182 354 275 394 ⁹Ne
307 354 446 395 tradas
478 366 542 393 me
570 352 746 393 Domine
778 365 803 393 a
834 353 1030 395 desiderio
1062 367 1151 395 meo
1185 358 1404 408 peccatori:
1492 359 1776 412 cogitaverunt
1807 369 1948 404 contra
1980 379 2053 414 me,
2116 369 2199 395 devo·

423 425 472 452 ne
501 411 756 464 derelinquas
784 424 860 457 me.
892 425 942 453 ne
970 413 1075 454 forte
1105 414 1347 457 exaltentur.
2104 406 2214 429 mm*

162 474 197 496 ¹⁰
214 472 348 524 Caput
377 470 568 512 circuitus
598 482 755 510 eorum:
838 470 953 512 labor
981 471 1181 513 labiorum
1211 473 1389 526 ipsorum
1420 476 1573 528 operiet
1602 490 1679 518 eos.

162 532 192 554 ¹¹
213 530 370 570 Cadent
392 542 512 582 super
533 542 599 570 eos
622 528 827 577 carbones,
904 529 945 570 in
968 530 1101 584 ignem
1124 531 1283 572 deiicies
1306 545 1390 573 eos:
1467 534 1507 574 in
1530 535 1696 575 miseriis
1719 549 1799 577 non
1822 537 2055 580 subsistent.

162 591 192 613 ¹2
213 588 283 628 Vir
304 588 511 641 linguosus
534 600 615 628 non
639 587 834 640 dirigetur
855 588 896 629 in
920 594 1045 629 terra:
1120 589 1253 630 virum
1277 590 1473 632 iniustum
1498 593 1607 633 mala
1630 594 1791 646 capient
1814 595 1853 635 in
1877 596 2055 638 interitu.

161 649 193 671 ¹³
212 646 392 700 Cognovi
423 647 519 700 quia
546 646 669 686 faciet
697 646 897 688 Dominus
927 647 1122 688 iudicium
1150 648 1299 702 inopis:
1384 655 1425 690 et
1453 650 1678 691 vindictam
1707 665 1943 706 pauperum.

160 707 192 730 ¹⁴
212 705 506 746 Verumtamen
523 704 619 745 iusti
636 705 943 746 confitebuntur
959 707 1112 747 nomini
1130 712 1221 748 tuo:
1289 713 1330 748 et
1346 708 1597 750 habitabunt
1613 710 1712 751 recti
1729 724 1820 751 011111
1838 712 1955 753 vultu
1973 718 2055 754 tuo.

719 821 938 871 140(141).
970 820 1128 863 Oratio
1159 822 1500 876 dissipatorum.

265 892 278 915 1
307 889 493 931 Psalmus
522 890 671 932 David.
730 891 848 933 CXL.

210 983 384 1025 Domine
413 983 587 1024 clamavi
618 984 669 1025 ad
692 990 744 1033 te,
768 985 915 1026 exaudi
944 998 1026 1026 me:
1110 986 1275 1027 intende
1304 987 1394 1027 voci
1422 1000 1531 1035 meae,
1559 1001 1651 1028 cum
1675 988 1902 1030 clamavero
1924 990 1975 1030 ad
2004 996 2055 1031 te.
2074 992 2114 1016 ΝΡ
2129 999 2239 1018 ‘³0r1'¹¹¹11

179 1042 420 1096 2Dirigatur
459 1042 588 1084 oratio
632 1055 723 1083 mea
765 1043 870 1084 sieut
912 1044 1120 1085 incensum
1159 1045 1200 1086 in
1239 1050 1457 1099 conspectu
1488 1052 1578 1087 tuo:
1650 1046 1822 1089 elevatio
1861 1061 2056 1089 manuum
2078 1029 2246 1094 al'aissi‘ss'ls,

420 1114 604 1142 mearum
634 1102 874 1143 sacrificium
905 1104 1194 1157 vespertinum.

179 1162 194 1185 ³
212 1160 323 1202 Pone
352 1160 527 1201 Domine
557 1161 785 1202 custodiam
816 1162 873 1202 ori
903 1175 1010 1203 meo:
1095 1168 1136 1203 et
1165 1163 1315 1204 ostium
1345 1163 1661 1204 circumstantiae
1688 1163 1804 1205 labiis
1834 1165 1942 1207 meis,

178 1221 193 1244 ‘²
212 1219 303 1260 Non
321 1219 494 1260 declines
512 1232 731 1260 cormeum
749 1220 789 1260 in
803 1221 928 1261 verba
944 1221 1121 1269 malitiae,
1180 1222 1232 1262 ad
1247 1222 1498 1262 excusandas
1516 1222 1796 1263 excusationes
1813 1223 1853 1264 in
1870 1229 2056 1277 peccatis.

209 1277 311 1319 Cum
347 1278 580 1319 hominibus
617 1279 881 1332 operantibus
917 1279 1197 1333 iniquitatem:
1278 1286 1318 1320 et
1352 1293 1433 1321 non
1467 1280 1776 1322 communicabo
1803 1295 1894 1322 011111
1925 1282 2059 1323 electis

424 1350 574 1378 eorum.

178 1398 193 1420 ⁵
211 1395 409 1450 Corripiet
433 1409 497 1436 me
522 1396 652 1436 iustus
673 1396 714 1436 in
737 1396 1022 1445 misericordia,
1048 1403 1089 1438 et
1112 1396 1339 1450 increpabit
1363 1410 1445 1438 me:
1525 1397 1656 1438 oleum
1675 1404 1812 1439 autem
1837 1400 2059 1452 peccatoris

423 1468 503 1495 non
529 1455 757 1507 impinguet
781 1460 907 1508 caput
931 1468 1079 1496 meum.
1160 1456 1361 1504 Quoniam
1389 1456 1521 1497 adhuc
1542 1462 1582 1497 et
1608 1457 1736 1498 oratio
1762 1470 1854 1498 mea
1877 1458 1917 1498 in
1943 1458 2060 1498 bene-

419 1513 579 1567 placitis
609 1526 766 1554 eorum:

177 1573 192 1596 6
209 1572 391 1626 absorpti
406 1577 503 1613 sunt
517 1572 645 1613 iuncti
657 1578 784 1626 petrae
798 1573 948 1614 iudices
963 1586 1114 1614 eorum.
1171 1574 1353 1614 Audient
1365 1574 1491 1614 verba
1504 1587 1596 1614 mea
1611 1574 1802 1627 quoniam
1816 1579 2057 1628 potuerunt:

179 1631 316 1672 ⁷sicut
348 1631 574 1672 crassitudo
609 1636 725 1672 terrae
758 1637 905 1685 erupta
934 1638 995 1673 est
1024 1645 1143 1686 super
1176 1638 1338 1674 terram.
1426 1633 1637 1687 Dissipata
1669 1638 1765 1674 sunt
1798 1647 1888 1675 ossa
1920 1640 2059 1675 nostra

418 1703 531 1731 secus
560 1690 783 1731 infernum:

175 1785 190 1807 ⁸
208 1783 304 1837 quia
321 1784 373 1825 ad
391 1789 432 1824 te
443 1784 630 1831 Domine,
645 1783 820 1826 Domine
839 1783 943 1825 oculi
961 1783 1057 1824 mei:
1125 1783 1165 1825 in
1184 1790 1224 1825 te
1243 1785 1413 1837 speravi,
1434 1797 1515 1825 non
1535 1785 1692 1826 auferas
1711 1784 1889 1825 animam
1907 1798 2052 1826 meam.
2082 1785 2236 1846 fflgggss?

175 1844 190 1866 ⁹
207 1842 375 1884 Custodi
404 1856 469 1883 me
499 1856 523 1883 a
549 1842 707 1897 laqueo,
736 1856 857 1896 quem
882 1848 1118 1884 statuerunt
1147 1843 1263 1884 mihi:
1347 1848 1388 1884 et
1417 1856 1442 1884 a
1469 1844 1667 1884 scandalis
1697 1843 1954 1898 operantium
1983 1844 2055 1885 ini·
2226 1840 2230 1844 ’

418 1907 632 1955 quitatem.

155 1962 190 1984 ¹⁰
206 1960 365 2002 Cadent
396 1960 437 2001 in
469 1960 663 2002 retiaculo
697 1960 780 2001 eius
814 1966 1063 2014 peccatores:
1160 1961 1416 2015 singulariter
1448 1974 1537 2002 sum
1570 1975 1641 2015 ego
1675 1962 1802 2003 donec
1834 1966 2051 2002 transeam.

727 2076 800 2116 141
815 2076 948 2126 (142).
979 2076 1142 2116 Preces
1171 2076 1481 2129 periclitantis.

258 2149 272 2172 1
299 2147 534 2189 Intellectus
560 2148 708 2193 David,
737 2148 837 2188 Cum
865 2154 969 2188 esset
994 2147 1033 2187 in
1060 2147 1262 2201 spelunca,
1291 2148 1432 2189 oratio.
1495 2148 1540 2198 (1
1567 2147 1656 2200 Req.
1684 2146 1745 2188 24.
1757 2148 1778 2200 )
1806 2146 1947 2188 CXLI.

171 2252 311 2294 2Voce
346 2265 456 2293 amea
485 2253 536 2294 ad
565 2252 788 2294 Dominum
814 2251 1006 2293 clamavi:
1090 2265 1189 2293 voce
1218 2265 1310 2293 mea
1340 2253 1392 2294 ad
1421 2252 1643 2293 Dominum
1675 2252 1914 2305 deprecatus
1944 2264 2051 2292 sum:
2114 2251 2198 2277 ΡΜ-

172 2314 188 2336 ³
204 2311 384 2353 Effundo
405 2311 446 2352 in
467 2317 687 2365 conspectu
708 2311 791 2353 eius
813 2311 1038 2352 orationem
1059 2324 1204 2359 meam,
1263 2316 1304 2351 et
1324 2311 1630 2352 tribulationem
1651 2324 1784 2351 meam
1806 2316 1900 2351 ante
1920 2310 2051 2363 ipsum

413 2384 649 2424 pronuncio.

2111 2459 2145 2483 ut
2164 2465 2198 2483 ex

171 2466 186 2488 ⁴
205 2463 252 2504 In
279 2463 501 2505 deficiendo
523 2477 572 2505 ex
590 2477 654 2504 me
680 2465 868 2517 spiritum
894 2476 1042 2506 meum.
1124 2469 1165 2505 et
1191 2468 1237 2504 tu
1263 2463 1488 2516 cognovisti
1515 2463 1679 2504 semitas
1705 2474 1826 2503 meas.
2087 2493 2224 2524 angustiis

205 2522 252 2563 In
278 2522 346 2563 via
374 2522 461 2571 hac,
494 2536 577 2577 qua
605 2522 880 2571 ambulabam,
965 2523 1266 2563 absconderunt
1294 2522 1485 2576 laqueum
1515 2521 1624 2563 mihi.

170 2583 186 2606 ⁵
203 2580 519 2623 Considerabam
539 2582 591 2623 ad
603 2582 826 2630 dexteram,
843 2586 883 2622 et
901 2581 1111 2622 videbam:
1181 2586 1221 2622 et
1239 2594 1321 2622 non
1340 2587 1427 2622 erat
1440 2581 1509 2635 qui
1527 2584 1784 2634 cognosceret
1802 2592 1876 2620 me.

202 2640 329 2681 Periit
357 2641 454 2694 fuga
483 2654 507 2681 a
534 2654 611 2689 me,
695 2646 736 2681 et
764 2653 845 2681 non
875 2645 937 2680 est
967 2641 1035 2693 qui
1064 2641 1243 2694 requirat
1274 2641 1453 2680 animam
1483 2653 1627 2680 meam.

169 2735 185 2758 ⁶
201 2733 385 2775 Clamavi
407 2735 459 2775 ad
480 2739 521 2775 te
552 2733 738 2782 Domine,
773 2733 875 2774 dixi:
906 2734 966 2774 Tu
993 2746 1034 2774 es
1065 2746 1155 2787 spes
1176 2746 1278 2777 mea,
1354 2733 1487 2787 portio
1509 2745 1601 2772 mea
1620 2732 1660 2771 in
1682 2736 1791 2771 terra
1807 2730 2046 2770 viventium.
2080 2729 2228 2754 educat-ur·

169 2794 183 2817 ⁷
204 2793 375 2834 Intende
407 2793 459 2834 ad
490 2793 817 2847 deprecationem
848 2805 1000 2833 meam:
1081 2792 1177 2845 quia
1206 2792 1444 2832 humiliatus
1475 2804 1563 2832 sum
1595 2789 1724 2830 nimis.

201 2851 348 2892 Libera
377 2864 442 2892 me
471 2864 496 2892 a
522 2851 860 2906 persequentibus
888 2864 971 2892 me:
1056 2851 1153 2905 quia
1180 2851 1401 2892 confortati
1430 2855 1525 2891 sunt
1554 2861 1673 2902 super
1700 2860 1776 2888 me.

171 2912 186 2934 ⁸
203 2910 320 2952 Educ
337 2911 386 2951 de
409 2911 597 2952 custodia
619 2911 798 2951 animam
821 2923 954 2951 meam
1030 2910 1083 2951 ad
1105 2909 1383 2951 confitendum
1402 2908 1556 2950 nomini
1580 2914 1669 2948 tuo:

199 2982 264 3010 me
283 2974 504 3023 expectant
532 2969 640 3017 iusti,
725 2970 853 3010 donec
881 2969 1083 3010 retribuas
1112 2968 1223 3011 mihi.

738 3072 958 3123 142(143).
990 3071 1260 3113 obsecratio
1291 3071 1460 3112 auxilii.

147 3144 469 3242 (*XL11i)8almus
487 3143 636 3193 David,
657 3143 831 3192 Quando
849 3144 1171 3198 persequebatur
1188 3156 1281 3184 eum
1299 3141 1494 3183 Absalom
1513 3140 1617 3181 filius
1635 3140 1731 3181 eius.
1778 3139 1826 3191 (2
1843 3139 1932 3192 Req.
1954 3139 2014 3180 17.
2026 3140 2047 3191 )

196 3285 371 3326 Domine
406 3284 554 3326 exaudi
595 3284 821 3325 orationem
860 3297 1013 3325 meam:
1085 3284 1249 3325 auribus
1290 3282 1450 3336 percipe
1485 3280 1806 3323 obsecrationem
1839 3290 1971 3318 meam
2005 3276 2045 3316 in
2072 3275 2222 3339 gfgfflssgsjf

406 3343 581 3384 veritate
610 3348 701 3383 tua:
785 3343 933 3384 exaudi
962 3356 1026 3383 me
1055 3343 1097 3383 in
1126 3348 1199 3383 tua
1227 3341 1395 3382 iustitia.

278 3434 352 3476 141,
377 3435 398 3467 2
422 3435 511 3480 aSup
537 3435 589 3476 76,
615 3436 644 3469 2.

214 3497 465 3527 Hetzenaum,
490 3498 615 3529 Vulgata
637 3498 826 3524 clementina.
1789 3485 1839 3525 36
