2356 3760
148 131 179 172 τ,
203 131 322 171 36-8,
348 132 392 166 28
1012 130 1180 165 ESDRAE
1942 134 2044 176 1225

257 225 286 243 ³⁶
302 223 350 257 Et
366 222 448 262 dixi,
466 223 600 256 Primus
617 223 793 256 Abraham
810 226 950 267 propter
966 223 1162 258 Sodomitas
1179 224 1302 263 oravit,
1320 226 1356 257 et
1379 223 1460 266 Moy
1462 233 1513 256 ses
1538 234 1599 267 pro
1617 225 1770 268 patribus
1788 226 1847 270 qui
1863 227 1897 259 in
1914 226 2048 261 deserto

146 281 272 315 peccav
276 273 387 310 erunt,
432 271 459 289 ³⁷
482 272 517 303 et
538 269 596 313 qui
617 273 696 314 post
717 280 794 303 eum
816 280 877 313 pro
900 270 1002 304 Israel
1024 271 1060 304 in
1080 270 1200 304 diebus
1222 271 1347 309 Achaz,
1370 273 1405 303 et
1425 261 1602 309 Samuelis
1648 273 1676 290 ³³
1697 275 1731 304 et
1752 272 1866 306 David
1888 284 1948 318 pro
1971 285 2048 307 con-

145 317 323 356 fractione,
345 320 380 349 et
401 316 562 350 Salomon
585 327 645 360 pro
667 317 713 350 eis
735 316 794 359 qui
816 320 985 350 venerunt
1005 318 1039 350 in
1061 317 1380 351 sanctificationem.
1427 319 1455 336 ³⁹
1477 317 1523 350 Et
1546 317 1637 351 Elias
1660 328 1720 361 pro
1741 319 1792 352 his
1815 320 1873 363 qui
1895 320 2048 364 pluviam

146 366 363 408 acceperunt,
385 366 419 396 et
439 373 500 406 pro
520 366 657 396 mortuo
678 366 718 396 ut
737 363 879 402 viveret,
924 365 953 384 ⁴⁰
973 368 1008 398 et
1028 365 1191 398 Ezechias
1212 375 1272 408 pro
1293 364 1420 408 populo
1441 364 1476 397 in
1495 364 1614 397 diebus
1634 364 1874 405 Sennacherib,
1895 371 1929 400 et
1949 367 2050 401 multi

145 421 206 455 pro
221 409 350 443 multis.
390 411 414 428 ⁴¹
431 409 466 442 Si
482 420 559 453 ergo
575 409 678 443 modo
694 409 833 453 quando
849 411 1068 454 corruptibile
1084 411 1239 451 increvit,
1256 413 1291 444 et
1306 411 1475 444 iniustitia
1490 411 1722 455 multiplicata
1737 416 1798 451 est,
1815 416 1848 446 et
1864 418 2050 447 oraverunt

145 457 227 491 iusti
249 468 309 501 pro
331 456 459 500 impiis:
484 466 588 499 quare
611 460 646 490 et
667 467 758 489 nunc
779 457 826 490 sic
847 467 917 490 non
939 458 1021 491 erit?
1069 460 1095 477 ⁴²
1117 459 1164 492 Et
1186 457 1362 502 respondit
1385 457 1427 491 ad
1450 468 1514 497 me,
1538 461 1572 491 et
1594 458 1692 497 dixit
1717 459 1866 492 Praesens
1888 461 2048 494 saeculum

144 515 213 538 non
231 507 283 538 est
299 503 385 542 finis,
403 502 534 555 gloria
525 513 560 535 m
577 514 615 536 eo
632 503 791 546 frequens
808 508 940 538 manet:
960 508 1100 549 propter
1115 505 1179 538 hoc
1197 507 1383 538 oraverunt
1400 515 1460 548 pro
1477 504 1646 539 invalidis.
1688 507 1714 524 43
1730 506 1811 539 Dies
1828 507 1918 539 enirn
1935 507 2049 541 iudicii

145 551 209 585 erit
231 551 307 584 finis
330 549 493 594 temporis
516 549 627 589 huius,
651 554 686 584 et
708 550 845 584 initium
867 552 1031 596 temporis
1054 552 1179 585 futurae
1201 551 1484 591 immortalitatis
1509 552 1543 584 in
1566 562 1633 595 quo
1656 553 1818 586 transivit
1841 554 2047 597 corruptela.

145 600 172 618 ⁴⁴
188 598 301 632 soluta
317 601 369 631 est
384 596 662 640 intemperantia,
680 597 830 631 abscissa
845 602 897 631 est
912 598 1148 632 incredulitas:
1167 599 1274 632 crevit
1291 602 1408 632 autem
1425 587 1567 638 iustitia,
1586 602 1661 632 orta
1678 602 1729 633 est
1745 611 1766 632 v
1770 600 1882 635 eritas
1924 602 1950 619 ⁴⁵
1967 604 2050 634 tunc

144 645 235 679 enim
254 655 354 678 nemo
373 644 500 688 poterit
518 643 650 677 salvare
669 654 746 678 eum
766 645 825 688 qui
843 645 954 689 periit,
974 656 1084 690 neque
1103 646 1296 690 demergere
1315 645 1374 689 qui
1392 646 1485 679 vicit.
1507 646 1553 679 Et
1570 646 1740 690 respondi,
1783 648 1811 666 16
1830 650 1865 680 et
1883 647 1964 686 dixi,
1985 647 2051 680 Hic

144 695 197 726 est
216 702 327 726 sermo
348 701 443 724 meus
464 690 593 735 primus
614 695 647 724 et
668 692 884 732 novissimus,
907 693 1069 736 quoniam
1091 693 1210 726 melius
1231 696 1305 726 erat
1325 703 1395 726 non
1415 692 1495 726 dare
1516 696 1641 726 terrain
1662 693 1786 733 Adam
1808 694 1862 727 vel
1883 705 1959 728 cum
1980 695 2048 728 iam

145 739 305 779 dedisset,
330 748 481 772 coercere
501 748 579 771 eum
604 741 643 771 ut
666 749 735 771 non
759 742 925 791 peccaret.
974 742 1001 759 ⁴⁷
1028 739 1117 782 Quid
1141 740 1231 773 enim
1256 739 1394 784 prodest
1418 740 1612 773 hominibus
1636 740 1671 773 ιιι
1696 741 1854 784 praesenti
1877 741 1934 774 viv
1938 752 1991 774 ere
2014 741 2050 774 in

144 786 298 825 tristitia,
318 790 352 819 et
370 787 524 818 mortuos
543 795 677 828 sperare
697 785 931 829 punitionem?
975 788 1004 806 ⁴³
1024 787 1051 821 Ο
1070 790 1109 820 tu
1129 787 1211 831 quid
1230 787 1341 821 fecisti
1359 786 1490 819 Adam?
1512 786 1547 820 Si
1565 787 1655 820 enim
1673 790 1712 820 tu
1732 788 1890 831 peccasti,
1910 799 1979 821 non
1998 790 2049 821 est

144 833 258 867 factus
275 832 378 866 solius
395 834 476 865 tuus
494 842 602 871 casuS,
621 831 679 865 sed
697 835 732 866 et
747 836 864 866 noster
880 833 939 877 qui
955 844 997 867 ex
1014 836 1048 867 te
1066 834 1133 867 adv
1136 834 1278 868 enimus.
1320 835 1348 852 ⁴⁹
1367 833 1456 876 Quid
1474 833 1564 866 enim
1582 833 1721 878 prodest
1737 834 1845 873 nobis,
1863 835 1891 867 si
1908 835 2048 878 promis-

144 890 220 914 sum
245 883 297 913 est
319 878 417 912 nobis
441 878 635 912 immortale
659 882 811 923 tempus:
837 890 898 913 nos
924 884 1041 914 autem
1065 881 1225 914 mortalia
1250 892 1352 925 opera
1377 881 1525 925 egimus?
1575 881 1604 900 ⁵⁰
1629 880 1675 914 Et
1699 881 1862 924 quoniam
1887 881 2051 926 praedicta

144 929 196 960 est
219 926 317 960 nobis
341 925 497 970 perennis
520 936 607 970 speS‚
632 936 693 959 nos
717 937 797 959 vero
822 927 958 970 pessimi
982 928 1062 961 vani
1086 928 1169 961 facti
1192 938 1320 962 5ιιιιιιι5.
1369 929 1393 946 61
1419 927 1465 961 Et
1488 927 1651 971 quoniam
1675 928 1825 980 reposita
1848 932 1928 961 sunt
1951 929 2049 962 nobis

144 972 343 1007 habitacula
364 972 524 1006 sanitatis
547 976 581 1006 et
603 973 811 1007 securitatis:
836 984 897 1007 nos
920 985 1000 1008 vero
1022 975 1110 1008 male
1134 975 1327 1008 conversati
1349 985 1476 1008 sumuS.
1524 976 1550 993 ⁵²
1573 974 1619 1007 Et
1642 975 1805 1018 quoniam
1826 975 1977 1019 reposita
1999 978 2050 1009 est

144 1021 250 1065 gloria
273 1019 441 1053 Altissimi
464 1022 640 1064 protegere
664 1030 720 1053 eos
745 1020 804 1063 qui
828 1020 925 1054 tarde
950 1022 1143 1055 conversati
1167 1025 1263 1055 sunt:
1290 1032 1350 1054 nos
1375 1024 1492 1055 autem
1517 1021 1670 1066 pessimis
1696 1021 1758 1055 viis
1783 1021 2047 1056 ambulavimus.

145 1069 171 1087 63
197 1067 243 1101 Et
269 1067 433 1111 quoniam
459 1066 660 1100 ostendetur
684 1067 873 1111 paradisus,
901 1068 995 1102 cuius
1021 1070 1152 1102 fructus
1177 1069 1395 1113 incorruptus
1422 1072 1628 1112 perseverat,
1654 1069 1689 1102 in
1714 1079 1782 1112 quo
1809 1072 1860 1102 est
1885 1069 2049 1102 securitas

144 1118 179 1148 et
197 1113 344 1148 medela:
389 1115 415 1133 64
434 1124 494 1146 ιιο5
516 1123 595 1146 vero
615 1124 683 1147 non
703 1114 941 1158 ingrediemur.
962 1115 996 1148 ιιι
1017 1116 1157 1160 ingratis
1179 1116 1268 1149 enim
1287 1115 1368 1149 locis
1389 1115 1582 1149 conversati
1601 1125 1728 1150 sumus.
1773 1117 1799 1135 66
1819 1115 1866 1149 Et
1885 1116 2048 1160 quoniam

143 1172 245 1206 super
271 1160 386 1194 stellas
413 1160 595 1204 fulgebunt
622 1161 724 1194 facies
753 1172 869 1195 eorum
897 1162 956 1206 qui
983 1163 1230 1196 abstinentiam
1257 1163 1467 1196 habuerunt:
1509 1166 1633 1196 nostrae
1662 1166 1777 1196 autem
1805 1162 1908 1196 facies
1948 1174 2049 1207 super

143 1208 303 1242 tenebras
328 1208 441 1252 nigrae.
492 1208 521 1226 66
546 1218 615 1241 ιιοιι
640 1208 731 1241 enim
757 1209 984 1253 cogitavimus
1011 1210 1165 1243 viventes
1192 1210 1330 1253 quando
1357 1210 1577 1253 iniquitatem
1603 1209 1823 1249 faciebamus,
1850 1209 1943 1253 quod
1968 1210 2049 1243 inci·

2078 226 2113 250 de
2135 225 2225 250 certa-

2110 261 2195 286 minis

144 1256 276 1300 piemus
296 1258 374 1299 post
394 1256 541 1288 mortem
563 1254 646 1298 pati.
691 1256 718 1274 ⁵⁷
740 1255 787 1289 Et
806 1256 993 1300 respondit,
1016 1261 1049 1290 et
1070 1257 1169 1296 dixit,
1192 1257 1267 1290 Hoc
1287 1260 1337 1290 est
1359 1257 1629 1301 cogitamentum
1651 1257 1844 1290 certaminis
1866 1257 1959 1300 quod
1980 1268 2047 1290 cer·
2061 1258 2243 1289 necessitate,

143 1302 236 1336 tabit
250 1302 310 1346 qui
324 1312 425 1346 super
439 1304 566 1335 terram
582 1305 684 1335 natus
700 1305 751 1336 est
766 1302 879 1343 homo,
919 1305 947 1322 ⁵⁸
962 1308 1002 1337 ut
1016 1304 1044 1337 si
1058 1304 1170 1338 victus
1186 1304 1299 1343 fuerit,
1317 1304 1472 1348 patiatur
1487 1303 1579 1347 quod
1595 1303 1726 1336 dixisti:
1743 1304 1771 1337 si
1786 1306 1903 1337 autern
1919 1304 2050 1343 vicerit,

145 1349 284 1393 recipiet
303 1348 395 1392 quod
414 1348 504 1382 dico:
547 1350 575 1367 ⁵⁹
593 1349 757 1392 quoniam
775 1350 846 1383 haec
864 1353 915 1384 est
934 1350 1006 1384 vita
1025 1361 1129 1394 quam
1148 1351 1281 1394 Moyses
1300 1351 1389 1384 dixit
1407 1361 1484 1384 eum
1502 1351 1644 1389 viveret,
1665 1350 1708 1383 ad
1726 1350 1903 1395 populum,
1923 1350 2049 1390 dicens,

144 1396 239 1441 Elige
262 1395 326 1429 tibi
349 1395 470 1435 vitam,
494 1399 535 1429 ut
557 1396 665 1430 vivas.
715 1398 743 1417 ⁶⁰
766 1396 845 1430 Non
868 1397 1085 1431 crediderunt
1108 1401 1225 1431 autem
1248 1397 1288 1436 ei,
1312 1398 1370 1431 sed
1393 1408 1455 1431 nec
1478 1400 1555 1441 post
1579 1408 1656 1431 eum
1681 1397 1871 1441 prophetis:
1907 1397 1967 1430 sed
1989 1408 2051 1431 nec

144 1443 228 1477 mihi
247 1443 307 1487 qui
325 1442 460 1476 locutus
479 1453 555 1475 sum
575 1442 618 1476 ad
639 1453 705 1479 eos,
751 1445 776 1462 61
797 1444 960 1486 quoniam
980 1455 1049 1477 non
1068 1447 1156 1477 esset
1175 1444 1318 1477 tristitia
1336 1444 1371 1477 ιιι
1391 1444 1617 1488 perditionem
1637 1455 1764 1479 eorum.
1786 1445 1874 1477 sicut
1893 1444 2049 1477 futurum

144 1494 196 1524 est
215 1489 379 1535 gaudium
399 1499 500 1533 super
520 1499 586 1528 eos,
608 1489 732 1532 quibus
753 1500 915 1534 persuasa
933 1494 985 1524 est
1004 1490 1106 1525 salus.
1153 1492 1179 1510 ⁶²
1198 1491 1245 1524 Et
1264 1490 1434 1535 respondi,
1455 1494 1490 1523 et
1509 1490 1590 1530 dixi,
1612 1490 1687 1523 Scio
1708 1491 1864 1530 Domine,
1886 1491 2049 1534 quoniam

144 1540 288 1571 vocatus
312 1538 363 1570 est
385 1535 581 1569 Altissimus
605 1536 792 1570 misericors
816 1537 850 1570 in
874 1548 923 1577 eo,
947 1537 1040 1581 quod
1063 1538 1265 1571 misereatur
1287 1538 1338 1571 his
1362 1538 1421 1581 qui
1443 1537 1597 1571 nondum
1620 1537 1655 1570 in
1677 1537 1799 1571 saeculo
1823 1537 2049 1576 advenerunt,

147 1586 173 1604 ⁶³
197 1587 231 1618 et
255 1583 348 1627 quod
370 1583 550 1616 miseretur
572 1582 637 1616 illis
661 1583 720 1627 qui
743 1584 999 1618 conversionem
1023 1585 1155 1619 faciunt
1179 1585 1213 1618 in
1236 1585 1307 1629 lege
1330 1585 1416 1618 eius:
1467 1586 1493 1604 64
1517 1587 1550 1617 et
1574 1584 1776 1628 longanimis
1800 1587 1861 1623 est,
1887 1584 2050 1628 quoniam

143 1630 443 1675 longanimitatem
468 1633 609 1674 praestat
633 1630 684 1663 his
710 1630 768 1674 qui
792 1635 1022 1675 peccaverunt
1047 1632 1145 1675 quasi
1168 1632 1236 1665 suis
1261 1632 1434 1675 operibus:
1486 1633 1512 1650 66
1536 1635 1570 1665 et
1594 1631 1774 1665 munificus
1799 1634 1860 1671 est,
1887 1631 2050 1675 quoniam

144 1678 283 1723 quidem
304 1677 431 1711 donare
453 1677 529 1710 vult
550 1688 611 1721 pro
633 1677 826 1722 exigentiis:
865 1680 893 1697 66
915 1682 949 1712 et
970 1679 1088 1716 multae
1109 1678 1358 1718 misericordiae,
1381 1678 1543 1722 quoniam
1565 1678 1774 1722 multiplicat
1794 1678 1902 1722 magis
1924 1678 2050 1712 miseri-

145 1724 277 1759 cordias
298 1724 350 1758 his
372 1724 431 1768 qui
452 1728 634 1768 praesentes
656 1728 747 1765 sunt,
770 1728 804 1758 et
826 1725 885 1768 qui
907 1726 1153 1769 praeterierunt,
1176 1730 1210 1759 et
1232 1726 1290 1769 qui
1311 1726 1419 1759 futuri
1440 1729 1531 1759 sunt.
1580 1727 1606 1744 66
1629 1725 1664 1758 Si
1685 1725 1775 1758 enim
1796 1736 1865 1758 non
1886 1725 2050 1769 multipli-

144 1771 274 1806 caverit
297 1771 544 1804 misericordias
569 1782 662 1804 suas:
689 1782 758 1805 non
783 1772 1015 1806 vivificabitur
1039 1772 1200 1806 saeculum
1225 1784 1303 1806 cum
1328 1773 1379 1806 his
1404 1773 1463 1816 qui
1487 1772 1768 1805 inlrereditabunt
1792 1772 1826 1805 in
1851 1783 1899 1807 eo.
1951 1774 1979 1791 66
2004 1772 2051 1806 Et

144 1819 267 1853 donat:
292 1818 456 1862 quoniam
478 1818 505 1850 si
528 1828 596 1851 non
620 1818 801 1852 donaverit
823 1819 864 1853 de
887 1819 1044 1854 bonitate
1067 1831 1139 1860 sua,
1163 1823 1203 1853 ut
1226 1820 1417 1853 alleventur
1439 1819 1474 1853 hi
1496 1819 1555 1863 qui
1576 1819 1798 1863 iniquitatem
1820 1820 1984 1859 fecerunt,
2009 1819 2050 1852 de

144 1866 213 1900 suis
227 1865 471 1909 iniquitatibus
486 1875 555 1898 non
570 1865 697 1909 poterit
712 1865 821 1899 decies
836 1866 1015 1900 millesima
1030 1878 1108 1912 pars
1124 1867 1290 1900 vivificari
1303 1867 1493 1900 hominum.
1535 1868 1564 1885 ⁶⁹
1579 1866 1625 1899 Et
1640 1866 1742 1899 iudex
1757 1866 1784 1899 si
1798 1877 1867 1899 non
1881 1866 2051 1910 ignoverit

144 1913 195 1946 his
222 1912 281 1956 qui
308 1912 418 1945 curati
444 1917 525 1945 sunt
551 1912 655 1945 verbo
682 1913 763 1953 eius,
791 1916 826 1947 et
852 1913 1016 1948 deleverit
1041 1914 1302 1948 multitudinem
1329 1914 1604 1947 contentionum:
1633 1924 1702 1946 non
1728 1913 1882 1946 fortassis
1909 1913 2050 1946 derelin-

144 1962 331 2004 querentur·
353 1959 388 1992 in
412 1959 651 1992 innumerabili
675 1960 910 2000 multitudine,
934 1961 998 1994 nisi
1022 1962 1123 2006 pauci
1147 1961 1256 1996 valde.

254 2006 285 2041 8.
333 2008 343 2025 1
369 2006 417 2039 Et
437 2006 614 2050 respondit
635 2006 679 2040 ad
699 2017 765 2047 me,
788 2010 822 2041 et
844 2007 947 2041 dixit:
972 2008 1047 2042 Hoc
1068 2008 1229 2042 saeculum
1250 2008 1332 2042 iecit
1354 2008 1548 2041 Altissimus
1571 2010 1711 2052 propter
1731 2007 1869 2047 multos,
1891 2007 2049 2041 futurum

144 2058 261 2088 autem
287 2056 427 2098 propter
452 2063 589 2097 paucos.
639 2055 651 2073 ²
675 2053 797 2087 Dicam
823 2058 940 2088 autem
966 2066 1080 2089 coram
1105 2058 1140 2089 te
1165 2055 1424 2089 similitudinem
1450 2054 1570 2089 Esdra.
1598 2054 1777 2097 Quomodo
1803 2057 1920 2087 autem
1946 2054 2048 2088 inter-

144 2100 278 2145 rogabis
296 2103 435 2139 terram,
454 2103 489 2133 et
507 2099 598 2133 dicet
615 2100 692 2153 tibi,
709 2102 873 2145 quoniam
892 2102 990 2136 dabit
1007 2106 1134 2136 terram
1153 2103 1301 2136 multam
1318 2102 1426 2146 magis
1445 2102 1535 2135 unde
1554 2101 1616 2135 fiat
1634 2101 1747 2141 fictile,
1767 2112 1913 2145 parvum
1932 2104 2048 2134 autem

145 2148 320 2192 pulverem
339 2147 430 2180 unde
449 2157 571 2180 aurum
590 2147 645 2180 fit:
666 2148 713 2181 sic
733 2152 767 2181 et
786 2152 883 2182 actus
904 2149 1079 2193 praesentis
1099 2149 1222 2183 saeculi.
1266 2152 1277 2169 3
1296 2149 1398 2183 Multi
1417 2149 1557 2193 quidem
1576 2149 1681 2182 creati
1700 2152 1791 2188 sunt,
1813 2149 1913 2192 pauci
1933 2151 2049 2181 autem

144 2194 383 2228 salvabuntur.
429 2195 441 2213 4
462 2194 510 2227 Et
530 2194 700 2238 respond}
724 2198 759 2228 et
780 2195 865 2229 dixi:
890 2196 1044 2230 Absorbe
1065 2207 1143 2241 ergo
1166 2197 1282 2230 anima
1302 2207 1450 2235 sensum,
1473 2200 1508 2230 et
1529 2195 1656 2229 devora
1678 2195 1771 2238 quod
1792 2195 1893 2239 sapit.
1940 2196 1951 2214 6
1974 2206 2050 2228 con-

145 2241 271 2275 venisti
294 2241 384 2274 enim
408 2240 582 2281 obaudire,
607 2247 640 2274 et
665 2242 870 2286 prophetare
894 2243 1020 2277 volens.
1045 2243 1117 2276 Nec
1140 2243 1230 2276 enim
1253 2243 1318 2276 tibi
1341 2243 1463 2276 datum
1487 2245 1538 2276 est
1560 2242 1723 2286 spatium,
1748 2242 1812 2275 nisi
1835 2242 2050 2276 solummodo

146 2288 203 2322 vix
207 2299 271 2322 ere.
319 2289 331 2307 6
353 2287 381 2321 Ο
403 2287 560 2327 Domine,
583 2288 610 2321 si
631 2299 699 2321 non
722 2289 899 2332 permittes
921 2300 1018 2322 servo
1039 2292 1111 2329 tuo,
1134 2292 1173 2323 ut
1195 2300 1329 2322 oremus
1351 2299 1465 2323 coram
1486 2292 1531 2322 te.
1555 2292 1589 2322 et
1610 2288 1667 2321 des
1689 2288 1787 2322 nobis
1809 2299 1924 2322 semen
1946 2288 2049 2328 cordi,

145 2338 180 2369 et
203 2335 317 2368 sensui
341 2334 524 2374 culturam,
551 2335 640 2368 unde
665 2335 798 2369 fruct-us
823 2336 895 2376 fiat,
922 2336 1012 2370 unde
1037 2336 1152 2370 vivere
1177 2336 1285 2381 possit
1310 2336 1419 2369 omnis
1446 2325 1636 2379 corruptus,
1675 2335 1734 2378 qui
1759 2335 1913 2379 portabit
1937 2315 2050 2368 locuni

144 2381 311 2416 hominis?
359 2383 370 2401 ⁷
392 2381 490 2415 Solus
512 2382 601 2415 enim
623 2392 668 2422 es,
691 2386 724 2416 et
746 2393 813 2416 una
836 2383 1019 2427 plasmatio
1040 2394 1101 2417 nos
1123 2394 1240 2417 sumus
1261 2393 1427 2416 manuum
1448 2386 1599 2421 tuarum,
1621 2383 1710 2415 sicut
1729 2382 1864 2415 locutus
1886 2392 1935 2415 es:
1983 2384 1994 2401 ³
2016 2384 2051 2416 et

145 2428 319 2473 quomodo
337 2439 429 2462 nuno
446 2428 482 2461 in
500 2429 642 2462 matrice
662 2429 873 2473 plasmatum
892 2434 944 2464 est
962 2441 1094 2475 corpus,
1115 2434 1149 2464 et
1169 2434 1309 2474 praestas
1329 2430 1497 2463 membra:
1519 2433 1742 2463 conservatur
1759 2429 1794 2462 in
1812 2429 1888 2473 igne
1907 2432 1940 2462 et
1960 2439 2051 2473 aqua

143 2478 207 2510 tua
231 2475 372 2509 creatio:
399 2478 434 2509 et
457 2486 582 2509 novem
606 2476 780 2510 mensibus
805 2477 939 2521 patitur
961 2480 1023 2511 tua
1048 2477 1232 2522 plasmatio
1256 2480 1354 2511 tuam
1379 2480 1571 2510 creaturam
1597 2486 1672 2519 quae
1696 2476 1731 2508 in
1755 2486 1795 2509 ea
1831 2480 1947 2509 creata
1983 2478 2049 2509 est:

148 2525 160 2542 ⁹
177 2523 290 2567 ipsum
308 2525 425 2556 autem
443 2522 536 2566 quod
553 2526 680 2563 servat,
699 2526 734 2557 et
751 2524 844 2567 quod
861 2528 1029 2564 servatur,
1048 2527 1194 2568 utraque
1212 2524 1457 2558 servabuntur:
1477 2526 1682 2567 servataque
1701 2522 1908 2566 quandoque
1925 2523 2049 2556 iterum

144 2569 259 2603 reddit
279 2569 418 2609 matriX,
442 2580 518 2613 quae
539 2569 574 2603 ιιι
597 2580 637 2603 ea
658 2560 849 2606 creverunt.
895 2573 924 2592 ¹⁰
948 2571 1130 2616 Imperasti
1152 2571 1242 2604 eninr
1264 2582 1306 2605 ex
1328 2571 1408 2615 ipsis
1431 2570 1602 2609 membris,
1626 2570 1690 2604 hoc
1712 2574 1763 2603 est
1786 2569 1944 2603 mamillis
1967 2580 2050 2613 prae-

145 2617 223 2650 bere
245 2616 298 2649 lac
320 2616 449 2650 fructui
470 2616 712 2657 mamillarum,
759 2619 783 2637 ¹¹
809 2621 848 2652 ut
870 2618 1046 2652 nutriatur
1067 2618 1102 2651 id
1126 2618 1219 2662 quod
1242 2618 1452 2662 plasmatum
1476 2621 1527 2651 est
1551 2628 1658 2661 usque
1681 2617 1716 2650 ιιι
1738 2620 1875 2661 tempus
1899 2616 2049 2660 aliquod,

145 2668 180 2697 et
196 2666 316 2707 postea
331 2663 493 2707 disponas
509 2674 588 2697 eum
603 2667 672 2697 tuae
688 2665 936 2699 misericordiae.
976 2667 1002 2685 ¹²
1019 2666 1191 2699 Enutn'sti
1206 2676 1284 2699 eum
1300 2668 1363 2698 tua
1378 2665 1520 2703 iustitia,
1538 2668 1572 2697 et
1588 2664 1730 2697 erudisti
1746 2674 1824 2696 eum
1839 2664 1874 2696 ιιι
1889 2663 1960 2707 lege
1976 2666 2049 2703 tua,

145 2714 179 2743 et
201 2710 394 2754 corripuisti
413 2721 491 2744 eum
511 2713 572 2744 tuo
593 2711 785 2745 intellectu:
829 2714 856 2732 ¹³
877 2716 912 2746 et
930 2712 1153 2746 mortificabis
1174 2723 1263 2753 eum,
1285 2716 1324 2746 ut
1344 2716 1443 2745 tuam
1463 2715 1670 2745 creaturam:
1694 2714 1728 2744 et
1748 2710 1938 2744 vivificabis
1959 2721 2049 2750 eum,

146 2760 185 2791 ut
206 2768 291 2802 opus
313 2760 424 2791 tuum.
469 2759 496 2776 ¹⁴
516 2757 552 2791 Si
573 2768 650 2802 ergo
672 2758 856 2802 perdideris
879 2770 957 2792 eum
979 2759 1038 2803 qui
1057 2759 1165 2793 tantis
1187 2759 1361 2793 laboribus
1383 2759 1573 2803 plasmatus
1594 2761 1660 2791 est:
1683 2762 1744 2791 tuo
1766 2758 1858 2790 iussu
1879 2757 1977 2791 facile
1999 2761 2051 2790 est

146 2803 306 2843 ordinari,
329 2807 369 2837 ut
391 2806 425 2837 et
446 2804 481 2837 id
503 2804 596 2849 quod
618 2804 724 2839 fiebat
746 2810 949 2840 servaretur.
1011 2806 1091 2840 ⁰Et
1113 2817 1204 2840 nunc
1226 2806 1373 2839 Domine
1395 2805 1518 2844 dicam,
1542 2805 1583 2838 de
1606 2804 1699 2838 omni
1720 2804 1857 2837 homine
1879 2806 1919 2837 tu
1941 2804 2049 2848 magis

145 2851 224 2884 scis:
242 2850 284 2884 de
299 2850 426 2895 populo
442 2854 559 2885 autem
574 2855 647 2892 tuo,
664 2852 708 2885 ob
724 2862 826 2896 quem
843 2853 954 2886 doleo:
995 2855 1024 2873 16
1040 2853 1086 2886 Et
1102 2853 1143 2886 de
1158 2853 1350 2886 hereditate
1365 2855 1438 2891 tua,
1456 2856 1595 2918 prppter
1610 2862 1715 2903 quarn
1730 2851 1842 2895 lugeo:
1861 2854 1895 2884 et
1911 2854 2051 2895 propter

149 2897 263 2937 Israel,
284 2900 424 2942 propter
443 2908 546 2950 quem
564 2898 672 2932 tristis
692 2910 783 2933 sum:
805 2904 840 2933 et
859 2900 900 2933 de
922 2900 1036 2940 Iacob,
1058 2903 1198 2944 propter
1216 2910 1318 2943 quem
1339 2899 1451 2933 doleo:
1515 2898 1618 2932 ideo
1637 2898 1800 2942 incipiam
1820 2908 1915 2931 orare
1935 2908 2050 2931 coram

145 2947 180 2977 te
199 2954 259 2988 pro
277 2954 342 2984 me,
362 2947 396 2978 et
414 2955 474 2997 pro
493 2945 554 2978 eis:
575 2946 738 2989 quoniam
757 2946 857 2980 video
874 2947 989 2991 lapsus
1008 2950 1142 2980 nostros
1161 2947 1220 2990 qui
1237 2946 1472 2980 inhabitamus
1490 2948 1628 2979 terram.
1671 2946 1700 2964 ¹³
1718 2944 1784 2978 Sed
1803 2944 1920 2978 audivi
1939 2944 2050 2978 celeri-

145 2993 257 3024 tatem
276 2990 396 3024 iudicis
417 2992 477 3035 qui
496 2992 633 3026 futurus
654 2996 716 3027 est.
761 2995 790 3013 ¹⁹
812 2993 893 3027 Ideo
915 2994 996 3028 audi
1016 3005 1136 3028 vocem
1157 3004 1269 3027 meam
1290 2996 1325 3026 et
1345 2993 1494 3037 intellige
1515 3002 1707 3026 sermonem
1727 3002 1853 3032 meum,
1876 2996 1910 3025 et
1929 2991 2051 3034 loquar

146 3047 262 3071 coram
285 3040 330 3071 te.

257 3085 285 3103 ²⁰
305 3084 447 3118 Initium
465 3085 648 3119 verborum
663 3086 780 3120 Esdrae
798 3087 998 3143 priusquam
1017 3089 1261 3121 assumeretur:
1282 3089 1317 3120 et
1334 3086 1416 3126 dixi,
1431 3085 1588 3126 Domine,
1609 3086 1667 3129 qui
1684 3085 1857 3119 inhabitas
1876 3084 2048 3123 saeculum,

147 3131 242 3164 cuius
252 3130 341 3164 oculi
350 3131 497 3165 elevati
488 3142 524 3165 ιιι
538 3142 686 3176 superna
701 3136 735 3166 et
749 3143 840 3167 aere:
881 3136 905 3153 “-1
922 3137 956 3168 et
971 3134 1065 3168 cuius
1080 3135 1224 3168 thronus
1239 3132 1497 3172 inaestimabilis,
1514 3136 1548 3166 et
1563 3113 1670 3177 gioria
1682 3131 2046 3185 incomprehensibilis:

147 3177 201 3211 cui
218 3180 312 3210 astat
329 3178 496 3212 exercitus
515 3179 712 3223 angelorum
730 3190 807 3213 cum
824 3184 982 3220 tremore,
1023 3183 1049 3201 ²2
1067 3191 1213 3233 quorum
1230 3180 1379 3213 servatio
1396 3180 1432 3213 ιιι
1448 3184 1553 3213 vento
1571 3183 1606 3213 et
1621 3179 1691 3224 igni
1708 3178 1934 3212 convertitur:
1954 3188 2048 3210 curus

147 3224 290 3257 verbum
314 3235 444 3262 verum
467 3228 503 3258 et
524 3225 618 3260 dicta
639 3228 908 3270 perseverantia:
956 3230 982 3247 “-3
1005 3228 1099 3262 cuius
1122 3227 1224 3261 iussio
1241 3227 1350 3266 fortis,
1375 3230 1410 3260 et
1427 3226 1605 3270 dispositio
1623 3226 1797 3260 terribilis:
1822 3224 1916 3258 cuius
1935 3235 2049 3268 aspec-

147 3274 202 3304 tus
224 3271 366 3304 arefacit
387 3271 550 3314 abyssos,
572 3276 607 3306 et
626 3273 817 3325 indignatio
839 3274 1012 3308 tabescere
1033 3275 1117 3308 facit
1138 3278 1292 3313 montes,
1314 3276 1349 3307 et
1370 3273 1497 3333 veritas
1518 3273 1738 3307 testificatur:
1785 3273 1811 3291 ²⁴
1831 3271 1956 3304 exaudi
1977 3281 2049 3303 ora-

147 3317 276 3351 tionem
295 3318 384 3351 servi
402 3318 465 3358 tui,
485 3321 520 3353 et
538 3319 677 3353 auribus
697 3321 831 3373 percipe
851 3322 1082 3365 precationem
1102 3321 1256 3365 figmenti
1274 3320 1336 3354 tui.
1381 3320 1518 3353 0Dum
1537 3321 1626 3354 eninr
1647 3320 1704 3352 vix
1708 3330 1737 3354 o,
1757 3319 1892 3361 loquar:
1914 3320 1948 3350 et
1967 3317 2048 3349 dum

147 3364 254 3407 sapio,
277 3364 505 3409 respondebo:
553 3367 581 3385 ²⁶
603 3376 665 3399 nec
686 3367 846 3411 respicias
869 3368 987 3420 populi
1009 3368 1060 3402 tui
1083 3368 1218 3407 delicta,
1242 3367 1301 3401 sed
1324 3367 1383 3411 qui
1405 3367 1469 3400 tibi
1490 3367 1526 3400 ιιι
1548 3367 1694 3399 veritate
1717 3365 1881 3398 serviunt.
1945 3363 2050 3396 ⁷Nec

147 3410 332 3445 intendas
323 3412 430 3456 nnpia
446 3412 601 3456 gentium
618 3413 744 3453 studia,
764 3414 822 3447 sed
841 3415 898 3458 qui
917 3418 979 3448 tua
996 3415 1195 3449 testimonia
1213 3425 1290 3448 curn
1308 3414 1481 3447 doloribus
1500 3413 1746 3447 custodierunt
1789 3413 1817 3431 ²⁸
1835 3411 1905 3444 Nec
1923 3410 2049 3453 cogites

149 3457 207 3501 qui
220 3457 256 3491 in
270 3462 455 3503 conspectu
469 3462 530 3493 tuo
544 3459 628 3493 false
643 3470 730 3493 conv
733 3461 836 3494 ersati
850 3465 941 3502 sunt,
957 3461 1016 3495 sed
1029 3471 1218 3495 memorare
1232 3461 1291 3505 qui
1306 3472 1347 3494 ex
1361 3461 1542 3495 voluntate
1556 3464 1618 3493 tua
1631 3460 1789 3493 timorem
1805 3458 2048 3501 cognoverunt.

2136 2009 2171 2034 de

2078 2045 2226 2075 paucitate

2095 2080 2210 2106 salvan-

2101 2116 2205 2141 dorum

2108 3085 2198 3114 atque

2082 3119 2223 3144 damnan-

2101 3155 2204 3182 dorum
