2356 3760
121 137 154 179 8,
178 138 298 179 63-9,
323 139 365 173 14
988 138 1155 173 ESDRAE
1918 147 2019 187 1217

234 232 260 250 ⁶³
285 231 333 265 Et
358 242 436 266 cum
459 232 572 266 factus
597 231 717 265 fuisset
742 230 862 265 tertius
888 230 969 271 (1105,
996 234 1122 275 quarta
1146 235 1263 266 autem
1289 232 1342 266 die
1368 233 1597 277 ponderatum
1623 245 1755 275 aurum,
1782 242 1816 270 et
1841 241 2019 282 argentum
2060 237 2189 262 thesauri

121 277 290 311 traditum
306 281 358 312 est
373 278 408 312 in
424 278 526 312 domo
543 278 682 311 Domini
698 277 761 311 Dei
776 277 895 317 nostri,
913 278 1098 312 Marimoth
1115 279 1183 313 filio
1202 280 1269 313 lori
1284 280 1469 314 sacerdoti:
1512 282 1539 300 ὃ*
1555 284 1590 314 οῖ
1606 291 1683 314 011111
1700 282 1772 326 ipso
1790 288 1863 317 erat
1879 285 2021 318 Eleazar
2041 273 2208 301 traduntur,

121 323 210 358 filius
227 325 386 359 Phinees:
405 328 440 359 et
455 328 554 359 erant
570 335 647 358 cum
663 324 743 368 ipsis
762 324 904 358 Iosadus
921 325 1008 359 filius
1027 326 1114 365 Iesu,
1132 330 1167 360 et
1183 326 1323 366 Medias,
1341 330 1375 361 et
1392 327 1504 361 Banni
1520 327 1607 361 filius
1626 328 1752 362 Levitae
1770 330 1813 363 ad
1830 342 2020 371 numerum,

121 373 155 404 et
179 371 222 405 ad
247 372 380 415 pondus
405 372 572 406 universa.
624 373 650 391 ⁶⁵
674 371 721 404 Et
743 371 910 415 scriptum
934 375 986 406 est
1010 373 1143 417 pondus
1168 373 1319 418 ipsorum
1344 374 1463 407 eadem
1488 375 1580 408 hora.

234 420 262 438 ⁶⁶
289 419 355 462 Qui
381 422 498 453 autem
525 421 693 452 venerunt
719 428 760 451 ex
787 418 1002 462 captivitate,
1031 420 1231 453 obtulerunt
1257 420 1459 454 sacrificium
1487 421 1634 455 Domino
1661 422 1734 456 Deo
1763 423 1876 463 Israel,
1903 428 2020 458 tauros
2054 427 2194 452 sacrificia

121 464 301 499 duodecim
325 477 386 510 pro
411 465 503 499 omni
530 465 642 504 Israel,
668 464 789 498 arietes
814 465 990 509 octoginta
1014 477 1083 505 sex,
1134 468 1161 486 ⁶⁷
1187 478 1291 511 agnos
1315 468 1634 512 septuagintaduos,
1660 469 1769 503 hircos
1794 481 1854 514 pro
1880 474 2020 514 peccato
2038 464 2210 491 offeruntur,

120 511 312 551 duodecim,
338 516 373 546 et
398 523 458 557 pro
482 512 592 545 salute
617 522 738 545 vaccas
764 511 956 551 duodecim,
982 513 1098 546 omnia
1122 513 1156 546 in
1181 514 1383 548 sacrificium
1409 514 1558 549 Domini.

233 560 262 578 ⁶⁸
275 559 321 592 Et
334 559 525 604 relegerunt
538 561 708 603 praecepta
721 558 807 603 regis
820 559 988 603 regalibus
1002 559 1306 604 dispensatoribus,
1321 564 1355 594 et
1368 561 1556 606 subregulis
1570 562 1770 606 Coelesyn'ae,
1785 567 1820 597 et
1834 564 2018 597 Phoenicis:
2034 567 2128 591 “dicta
2143 566 2215 595 regis

119 608 156 639 et
180 605 495 640 honorificaverunt
521 608 669 650 gentem,
697 608 732 640 et
759 606 928 650 templum
956 606 1106 641 Domini.
2037 601 2211 632 releguntur.

337 685 372 722 6.
399 685 690 723 sanctificatio
719 687 1027 732 coniugiorum,
1053 687 1088 732 8,
1106 686 1237 732 69—9,
1254 687 1299 723 17
1329 687 1395 733 (cf.
1425 688 1501 724 Esr
1526 688 1561 733 9,
1579 688 1707 734 1-10,
1724 689 1800 735 17).

233 751 262 769 ⁶⁹
286 749 334 783 Et
357 749 603 783 consummatis
630 750 692 786 his,
720 754 936 785 accesserunt
962 751 1006 785 ad
1032 762 1087 785 me
1114 752 1297 796 praepositi,
1326 752 1491 786 dicentes:
1520 753 1599 785 Non
1625 756 1889 797 segregaverunt
1915 765 2019 798 genus
2040 757 2207 796 Transgres-

122 797 236 837 Israel,
253 800 288 830 et
304 796 482 840 principes,
500 799 535 830 et
550 797 753 836 sacerdotes,
771 801 806 831 et
822 798 962 837 Levitae‚
1005 800 1034 819 ⁷⁰
1050 801 1085 832 et
1101 798 1296 843 alienigena}
1312 802 1429 843 gentes
1446 802 1480 832 et
1496 800 1651 832 nationes
1669 803 1766 833 terrae
1782 801 2018 834 immunditias
2058 799 2099 851 11ἐο
2108 791 2199 851 ὲζξίῗι

119 855 198 877 51105
221 855 242 877 a
263 843 474 883 Chananaeis,
498 846 533 877 et
557 844 720 883 Hethaeis,
744 847 779 878 et
802 845 996 884 Pherezaeis,
1021 848 1055 879 et
1079 845 1252 885 Iebuzaeis,
1276 850 1310 879 et
1332 845 1504 885 Moabitis,
1529 849 1563 879 et
1585 846 1766 891 AEgyptiis,
1790 850 1824 880 et
1849 848 2018 882 Idumaeis.
2048 835 2188 894 affige't'm'

123 892 148 910 ⁷¹
163 890 336 924 coniuncti
350 890 439 923 enim
455 893 537 924 sunt
552 890 686 924 filiabus
701 902 818 925 eorum
833 895 868 925 et
881 892 955 935 ipsi.
973 896 1007 925 et
1024 892 1082 926 filii
1098 903 1225 926 eorum.
1244 897 1278 926 et
1294 893 1435 926 mistum
1452 896 1504 926 est
1519 903 1634 926 semen
1650 897 1808 927 sanctum
1825 894 2019 938 alienigenis

120 938 279 982 gentibus
299 940 412 971 terrae:
434 940 468 970 et
488 938 670 982 participes
690 942 788 972 erant
807 939 990 983 praepositi,
1012 943 1047 972 et
1066 940 1287 983 magistratus
1307 940 1500 983 iniquitatis
1520 940 1591 973 eius
1611 940 1654 974 ab
1674 941 1771 974 initio
1791 941 1895 985 ipsius
1916 941 2019 985 regni.

122 986 149 1004 ⁷²
171 984 218 1018 Et
238 995 320 1018 mox
341 987 381 1017 ut
402 984 519 1018 audivi
540 984 617 1024 ista,
640 985 788 1018 conscidi
810 986 1018 1019 vestimenta
1039 990 1074 1019 et
1095 996 1227 1020 sacrani
1249 987 1417 1020 tunicam:
1441 990 1476 1020 et
1496 987 1648 1020 lacerans
1670 987 1809 1031 capillos
1832 988 1964 1031 capitis,
1987 990 2022 1021 et

120 1031 275 1071 barbam,
297 1030 369 1064 sedi
389 1031 506 1064 dolens
528 1034 562 1065 et
582 1035 737 1067 moestus.
786 1034 812 1052 ⁷³
834 1032 880 1066 Et
895 1036 1130 1066 convenerunt
1151 1036 1324 1077 quotquot
1345 1036 1428 1067 tunc
1449 1034 1680 1067 movebantur
1699 1034 1735 1068 in
1756 1034 1859 1068 verbo
1882 1034 2021 1068 Domini

119 1078 184 1112 Dei
211 1078 325 1117 Israel,
364 1077 408 1111 ad
434 1088 488 1111 me
513 1078 686 1123 lugentem
712 1089 814 1123 super
838 1079 1058 1123 iniquitatem
1083 1080 1196 1117 istam,
1236 1084 1272 1114 et
1295 1080 1456 1114 sedebam
1483 1081 1589 1114 tristis
1616 1091 1723 1125 usque
1749 1081 1793 1115 ad
1818 1078 2021 1115 sacrificium

120 1125 364 1169 vespertinum.

233 1174 259 1191 ⁷⁴
284 1172 331 1205 Et
355 1182 559 1216 consurgens
585 1184 605 1206 a
628 1173 764 1213 ieiunio,
790 1174 958 1207 conscissa
983 1174 1111 1208 habens
1137 1174 1345 1208 vestimenta
1368 1177 1403 1208 et
1427 1185 1559 1208 sacram
1584 1174 1748 1214 tunicam,
1774 1175 2017 1219 ingeniculans
2048 1174 2078 1198 et
2100 1179 2198 1212 coram

120 1222 155 1253 et
179 1219 366 1252 extendens
391 1229 513 1252 manus
539 1219 583 1252 ad
608 1219 806 1257 Dominum,
858 1222 884 1240 ⁷⁵
909 1221 1080 1255 dicebam:
1107 1221 1253 1255 Domine
1279 1222 1438 1255 confusus
1464 1232 1550 1258 sum,
1589 1225 1623 1255 et
1647 1223 1812 1255 reveritus
1838 1233 1913 1255 sum
1939 1208 2213 1274 011ῖοᾱ9ξῗοᾞξξζῑ.

121 1265 244 1300 faciem
262 1268 371 1300 tuam.
417 1267 446 1285 ⁷⁵
466 1266 611 1300 Peccata
630 1267 719 1300 0111111
740 1271 857 1301 nostra
875 1268 1104 1312 multiplicata
1123 1271 1205 1302 sunt
1223 1279 1324 1312 super
1343 1269 1457 1312 capita
1475 1272 1603 1307 nostra,
1624 1271 1658 1302 et
1676 1269 1875 1312 iniquitates
1895 1272 2019 1302 nostrae
2208 1263 2214 1272 '

121 1313 283 1347 exaltatae
306 1319 388 1346 sunt
412 1323 518 1357 usque
543 1313 587 1347 ad
611 1314 740 1349 caelum.
791 1316 818 1334 ⁷⁷
844 1315 1014 1357 Quoniam
1038 1326 1057 1348 a
1081 1315 1293 1359 temporibus
1318 1318 1456 1359 patrum
1480 1318 1675 1349 nostrorum
1699 1326 1815 1349 sumus
1840 1316 1874 1348 in
1898 1326 2022 1359 magno

121 1363 262 1405 peccato
285 1370 392 1403 usque
414 1359 457 1393 ad
479 1359 570 1393 diem
591 1360 692 1396 hunc.
740 1363 768 1381 ⁷⁸
791 1362 836 1395 Et
858 1365 998 1406 propter
1019 1365 1160 1406 peccata
1180 1366 1308 1399 nostra,
1332 1366 1366 1396 et
1388 1366 1525 1406 patrum
1548 1365 1742 1396 nostrorum
1764 1373 1881 1396 sumus
1903 1362 2022 1395 traditi

122 1417 201 1441 cum
223 1406 388 1440 fratribus
411 1407 546 1447 nostris,
571 1412 605 1440 et
629 1418 705 1441 cum
729 1408 962 1442 sacerdotibus
986 1409 1125 1447 nostris,
1146 1409 1279 1452 regibus
1303 1412 1400 1442 terrae
1423 1410 1458 1442 in
1480 1409 1631 1453 gladium
1655 1413 1689 1443 et
1712 1409 1964 1453 captivitatem,
1988 1412 2023 1442 et

121 1453 411 1498 depraedationem
436 1464 513 1487 cum
539 1455 735 1487 confusione
761 1465 867 1498 usque
892 1455 927 1488 in
951 1455 1154 1488 hodiernum
1179 1455 1279 1490 diem.
1331 1457 1359 1474 ⁷⁹
1385 1456 1431 1488 Et
1455 1466 1546 1489 nunc
1571 1459 1741 1499 quantum
1766 1459 1818 1489 est
1841 1456 1905 1489 hoc
1930 1455 2023 1499 quod

122 1501 266 1545 contigit
289 1500 386 1534 nobis
410 1500 640 1534 misericordia
664 1501 724 1534 abs
749 1506 782 1535 te
807 1502 953 1535 Domine
978 1502 1081 1541 Deus,
1106 1507 1140 1535 et
1164 1502 1316 1546 relinque
1339 1502 1436 1535 nobis
1462 1502 1621 1542 radicem,
1646 1506 1681 1536 et
1703 1513 1828 1536 nomen
1852 1503 1886 1535 in
1910 1503 2023 1535 locum

123 1547 404 1581 sanctificationis
424 1550 503 1587 tuae,
549 1549 579 1568 ⁸⁰
598 1548 754 1593 detegere
772 1548 939 1582 luminare
959 1552 1115 1582 nostrum
1135 1549 1170 1582 in
1189 1549 1291 1582 domo
1311 1549 1451 1582 Domini
1470 1549 1533 1582 Dei
1552 1549 1670 1588 nostri,
1692 1549 1771 1583 dare
1791 1549 1888 1582 nobis
1909 1549 2022 1582 cibum

120 1596 155 1629 111
179 1594 272 1628 0111111
295 1597 449 1638 tempore
472 1594 647 1628 servitutis
671 1598 806 1630 nostrae.
857 1598 881 1615 ⁸¹
907 1596 954 1630 Et
977 1607 1054 1629 011111
1078 1596 1291 1635 serviremus,
1317 1607 1385 1629 11011
1409 1597 1535 1629 fuimus
1560 1596 1711 1630 derelicti
1735 1608 1755 1630 a
1778 1596 1925 1629 Domino
1951 1596 2022 1629 Deo

120 1644 253 1675 nostro:
279 1641 338 1675 sed
362 1641 543 1675 constituit
566 1653 627 1675 nos
651 1642 686 1675 in
709 1643 830 1686 gratia,
856 1654 984 1687 ponens
1008 1643 1106 1676 nobis
1130 1654 1222 1687 reges
1249 1644 1427 1676 Persarum
1452 1643 1532 1676 dare
1556 1643 1681 1682 cibum,
1731 1645 1758 1662 ’³²
1781 1647 1816 1676 et
1840 1643 2022 1676 clarificare

121 1688 290 1733 templum
303 1688 443 1721 Domini
456 1688 519 1721 Dei
531 1689 650 1729 nostri,
665 1692 698 1723 et
711 1689 877 1723 aedificare
891 1690 1025 1723 deserta
1037 1690 1129 1729 Sion,
1144 1690 1224 1723 dare
1237 1690 1334 1724 nobis
1348 1690 1575 1724 stabilitatem
1588 1690 1623 1723 in
1638 1690 1763 1730 Iudaea,
1778 1693 1812 1723 et
1827 1690 2020 1724 Ierusalem.

124 1737 151 1755 ⁸³
168 1735 215 1769 Et
230 1746 322 1769 nunc
339 1735 422 1779 quid
439 1735 583 1769 dicimus
601 1736 747 1769 Domine
764 1736 930 1770 habentes
947 1737 1038 1770 haec?
1058 1737 1270 1781 Transgressi
1287 1737 1377 1770 enirn
1394 1748 1511 1770 sumus
1530 1740 1699 1781 praecepta
1716 1740 1788 1773 tua,
1807 1747 1881 1780 quae
1899 1736 2023 1770 dedisti

121 1783 156 1816 in
175 1792 296 1816 manus
317 1793 500 1826 puerorum
519 1785 658 1816 tuorum
679 1784 935 1827 prophetarum,
978 1786 1005 1803 ⁸⁴
1024 1784 1153 1817 dicens:
1176 1784 1347 1826 Quoniam
1367 1787 1468 1823 terra,
1489 1784 1523 1817 in
1543 1794 1648 1827 quam
1667 1784 1832 1817 introistis
1853 1783 2023 1827 possidere

121 1829 358 1863 haereditatem
378 1829 459 1869 eius,
481 1832 572 1863 terra
592 1830 722 1873 polluta
743 1834 795 1864 est
815 1831 1150 1874 coinquinationibus
1171 1831 1437 1875 alienigenarum
1458 1834 1566 1869 terrae,
1588 1834 1622 1864 et
1642 1831 1868 1864 immunditiae
1887 1830 2022 1864 illorum

121 1877 339 1920 repleverunt
359 1887 434 1910 eam
454 1880 566 1910 totam
586 1877 807 1911 immunditia
826 1889 897 1913 sua.
944 1879 970 1897 ⁸⁵
991 1878 1036 1911 Et
1056 1889 1147 1911 nunc
1167 1878 1252 1911 filias
1274 1882 1403 1912 vestras
1424 1889 1493 1911 non
1513 1878 1724 1922 coniungetis
1745 1878 1819 1910 filiis
1840 1888 1968 1917 eorum,
1989 1880 2023 1911 et

122 1923 206 1957 filias
229 1934 346 1957 eorum
367 1934 437 1956 non
458 1923 630 1968 accipietis
652 1924 728 1958 filiis
750 1925 882 1964 vestris,
930 1927 959 1944 ⁸⁶
981 1928 1015 1959 et
1037 1936 1105 1959 non
1127 1925 1304 1969 inquiretis
1327 1936 1446 1969 pacem
1468 1925 1593 1958 habere
1615 1935 1692 1958 cum
1724 1925 1788 1958 illis
1817 1925 1909 1958 omni
1938 1927 2023 1958 tem-

122 1982 214 2015 pore,
240 1973 279 2004 ut
304 1970 551 2004 invalescentes
576 1971 791 2005 manducetis
817 1972 949 2016 optima
973 1976 1082 2011 terrae,
1108 1976 1143 2006 et
1167 1972 1404 2006 haereditatem
1430 1972 1644 2006 distribuatis
1669 1971 1744 2005 filiis
1770 1972 1890 2005 vestris
1916 1982 2023 2015 usque

121 2018 156 2051 in
170 2028 294 2051 aevum.
336 2019 363 2036 ⁸⁷
381 2017 428 2051 Et
443 2028 517 2061 quae
534 2018 739 2062 contingunt
753 2019 862 2057 nobis,
879 2019 994 2053 onmia
1009 2019 1097 2053 fiunt
1112 2022 1252 2063 propter
1267 2030 1369 2064 opera
1384 2023 1502 2053 nostra
1516 2019 1676 2063 maligna,
1693 2021 1727 2052 et
1742 2029 1867 2062 magna
1882 2020 2024 2062 peccata

122 2067 249 2099 nostra.
298 2066 327 2083 ³⁸
349 2064 396 2098 Et
418 2064 542 2099 dedisti
563 2065 661 2099 nobis
683 2065 788 2099 talem
811 2066 970 2106 radicem,
994 2069 1027 2100 et
1050 2077 1184 2100 rursum
1205 2067 1331 2100 reversi
1352 2077 1469 2100 sumus
1491 2065 1682 2110 transgredi
1703 2065 1855 2110 legitima
1876 2068 1948 2105 tua,
1972 2064 2023 2099 uti

123 2111 419 2145 commisceremur
436 2111 663 2146 immunditiae
682 2112 947 2157 alienigenarum
966 2113 1120 2157 gentium
1139 2116 1236 2147 terrae
1255 2114 1365 2148 huius.
1411 2115 1439 2132 ⁸⁹
1458 2113 1580 2146 Nonne
1599 2113 1750 2146 irasceris
1768 2113 1866 2146 nobis
1885 2112 2023 2156 perdere

122 2169 194 2198 nos,
221 2157 445 2202 quoadusque
469 2169 538 2192 non
563 2159 777 2203 relinquatur
802 2160 899 2193 radix
924 2163 959 2194 et
983 2171 1109 2194 nomen
1134 2161 1309 2194 nostrum?
1375 2162 1403 2180 ⁹⁰
1428 2160 1574 2193 Domine
1601 2160 1692 2193 Deus
1720 2160 1823 2193 Israel
1848 2170 1953 2193 verax
1978 2169 2022 2193 es.

122 2205 293 2239 Derelicta
312 2208 364 2239 est
383 2205 473 2238 enim
493 2206 591 2239 radix
609 2217 717 2250 usque
736 2207 771 2240 in
789 2207 992 2241 hodiernum
1012 2207 1113 2242 diem.
1159 2209 1183 2227 ⁹¹
1205 2207 1303 2247 Ecce,
1323 2218 1415 2241 nunc
1434 2218 1550 2241 sumus
1570 2207 1605 2240 in
1624 2210 1809 2251 conspectu
1829 2209 1889 2240 tuo
1909 2207 1943 2239 111
1962 2206 2023 2239 1111-

122 2252 314 2297 quitatibus
338 2252 472 2287 nostris.
497 2252 576 2286 Non
600 2255 651 2286 est
674 2254 763 2286 enim
788 2254 900 2287 adhuc
923 2256 1014 2287 stare
1038 2257 1118 2287 ante
1141 2256 1175 2287 te
1198 2254 1233 2287 in
1256 2254 1318 2288 his.

235 2301 262 2318 ⁹²
286 2299 333 2333 Et
356 2310 434 2333 cum
458 2299 633 2333 adorando
658 2301 878 2334 confiteretur
901 2301 1038 2339 Esdras,
1063 2300 1157 2339 flens,
1182 2301 1278 2334 humi
1302 2302 1493 2344 prostratus
1518 2302 1598 2334 ante
1622 2300 1801 2344 templum,
1827 2299 2021 2344 congregati
2074 2302 2177 2327 eiectio

122 2348 204 2380 sunt
221 2348 301 2380 ante
319 2357 397 2379 eum
415 2357 457 2379 ex
476 2346 660 2380 Ierusalem
678 2350 793 2381 turma
810 2358 936 2392 magna
953 2347 1063 2385 valde,
1083 2347 1157 2387 viri,
1177 2351 1211 2380 et
1228 2347 1394 2387 mulieres,
1414 2351 1449 2381 et
1466 2347 1615 2385 iuvenes,
1635 2350 1669 2380 et
1686 2346 1884 2381 iuvenculae.
1905 2346 2020 2380 Fletus
2060 2345 2192 2398 {flssgi‘UJ'

123 2393 214 2427 enim
238 2396 313 2426 erat
336 2403 480 2437 magnus
499 2393 534 2426 in
550 2393 625 2438 ipsa
639 2394 873 2430 multitudine.
916 2396 942 2414 ⁹³
959 2394 1006 2428 Et
1023 2405 1100 2428 cum
1117 2394 1308 2433 clamasset,
1336 2393 1512 2427 Iechonias
1528 2393 1634 2427 Ieheli
1651 2405 1692 2427 ex
1709 2393 1783 2427 filiis
1803 2393 1915 2432 Israel,
1934 2393 2021 2426 dixit
2059 2380 2177 2433 ‘nai-uin

123 2440 255 2474 Esdrae:
271 2439 342 2473 Nos
356 2439 391 2473 in
401 2440 588 2474 Dominum
603 2441 831 2485 peccavimus,
847 2442 939 2486 quod
954 2441 1195 2475 collocavimus
1210 2441 1307 2475 nobis
1322 2440 1356 2474 in
1369 2441 1629 2474 matrimonium
1643 2440 1799 2474 mulieres
1814 2440 2020 2484 alienigenas
2043 2444 2208 2469 decernitur

123 2498 165 2520 ex
175 2486 334 2531 gentibus
351 2489 459 2522 terrae.
489 2488 516 2506 ⁹⁴
527 2487 574 2521 Et
588 2498 679 2521 nunc
693 2499 727 2522 es
741 2500 843 2533 super
857 2499 993 2522 omnem
1009 2488 1123 2523 Israel.
1141 2489 1182 2522 In
1194 2488 1246 2521 his
1261 2499 1338 2533 ergo
1353 2488 1396 2521 sit
1410 2488 1647 2522 iusiurandum
1662 2498 1682 2521 a
1696 2487 1844 2521 Domino
1858 2487 2024 2531 expellere

125 2544 241 2567 omnes
255 2544 376 2567 uxores
388 2537 524 2568 nostras
537 2545 613 2578 quae
626 2546 668 2568 ex
680 2535 875 2580 alienigenis
888 2538 970 2570 sunt
982 2546 1060 2569 cum
1073 2535 1148 2569 filiis
1162 2546 1289 2570 earum.
1329 2537 1355 2554 ⁹⁵
1369 2535 1463 2569 Sicut
1477 2535 1541 2569 tibi
1553 2535 1729 2568 decretum
1741 2537 1793 2568 est
1806 2545 1826 2567 a
1838 2533 2023 2567 maioribus

122 2580 311 2614 secundum
328 2580 436 2625 legem
454 2581 594 2615 Domini
612 2592 777 2626 exurgens
796 2582 938 2627 explica.
983 2584 1012 2602 ⁹⁶
1030 2582 1084 2616 Ad
1102 2586 1136 2616 te
1155 2582 1245 2616 enim
1263 2585 1398 2627 spectat
1415 2582 1605 2627 negocium,
1625 2584 1660 2615 et
1676 2592 1738 2615 nos
1756 2584 1871 2615 tecum
1889 2591 2021 2614 sumus:

124 2627 266 2661 viriliter
285 2627 350 2662 fac.
399 2629 426 2647 ⁹⁷
449 2628 497 2661 Et
517 2639 683 2673 exurgens
705 2629 831 2663 Esdras
854 2630 1027 2663 adjuravit
1049 2629 1216 2674 principes
1238 2629 1455 2663 sacerdotum
1478 2632 1512 2662 et
1533 2629 1683 2667 Levitas,
1706 2631 1740 2662 et
1762 2638 1897 2662 0111110111
1922 2627 2024 2660 Israel

123 2675 234 2708 facere
256 2675 445 2708 secundum
467 2675 549 2715 haec,
573 2678 608 2709 et
629 2675 840 2712 iuraverunt.
888 2677 918 2712 9.
966 2678 977 2696 1
1001 2676 1048 2710 Εῖ
1070 2687 1235 2721 exurgens
1260 2676 1385 2709 Esdras
1409 2676 1452 2709 ab
1475 2680 1555 2709 ante
1578 2675 1705 2709 atrium
1727 2675 1857 2718 templi,
1882 2674 1967 2708 abiit
1989 2674 2024 2707 in

124 2721 385 2766 pastophorium
410 2721 565 2756 Ionathae
590 2722 649 2756 filii
672 2723 813 2761 Nasabi,
862 2726 873 2743 ²
897 2726 932 2757 et
956 2724 1151 2767 hospitatus
1176 2723 1242 2757 illic
1266 2734 1335 2757 non
1359 2723 1514 2767 gustavit
1538 2733 1673 2766 panem,
1699 2732 1760 2755 nec
1785 2722 1911 2764 aquam
1937 2721 2025 2754 bibit

123 2779 225 2812 super
241 2767 461 2812 iniquitatem
478 2769 721 2805 multitudinis.
763 2772 775 2790 ³
792 2770 839 2804 Et
855 2771 949 2804 facta
967 2774 1018 2804 est
1036 2770 1232 2814 praedicatio
1250 2770 1284 2803 in
1302 2770 1395 2803 omni
1414 2769 1540 2809 Iudaea,
1560 2773 1594 2802 et
1611 2769 1644 2802 in
1664 2768 1847 2802 Ierusalem
1866 2768 2024 2801 omnibus

125 2815 183 2858 qui
201 2817 299 2848 erant
316 2825 358 2848 ex
376 2815 580 2860 captivitate
597 2816 632 2850 in
652 2817 835 2851 Ierusalem
853 2818 1059 2862 congregati,
1101 2819 1113 2836 ⁴
1131 2820 1171 2850 ut
1188 2817 1395 2861 quicumque
1413 2827 1482 2850 non
1500 2815 1684 2850 occurrerit
1701 2815 1816 2855 biduo,
1836 2815 1890 2848 vel
1908 2814 2022 2848 triduo

125 2861 191 2895 diei
205 2861 393 2895 secundum
408 2861 572 2896 iudicium
587 2863 812 2898 assidentium
827 2864 1009 2904 seniorum,
1026 2864 1227 2898 tollerentur
1240 2863 1423 2898 facultates
1439 2873 1518 2903 suae,
1536 2866 1570 2896 et
1584 2863 1655 2906 ipse
1671 2862 1800 2895 alienus
1815 2861 2024 2895 iudicaretur

125 2919 145 2941 a
169 2908 389 2942 multitudine
414 2909 638 2953 captivitatis.

235 2956 247 2974 ⁵
262 2955 309 2988 Et
323 2956 518 3000 congregati
531 2960 613 2991 sunt
627 2968 743 2991 omnes
759 2958 818 3002 qui
832 2961 930 2992 erant
944 2969 985 2992 ex
1000 2958 1092 2991 tribu
1110 2957 1206 2997 Iuda,
1223 2960 1257 2991 et
1272 2956 1452 2990 Beniamin
1466 2956 1501 2990 in
1515 2956 1624 2989 tribus
1640 2955 1758 2989 diebus
1773 2955 1808 2988 in
1824 2955 2017 2989 Ierusalem.
2079 2954 2169 2993 atque

124 3001 179 3035 hic
196 3001 319 3035 mensis
338 3005 390 3035 est
406 3013 526 3043 nonus,
545 3003 615 3037 dies
633 3005 757 3038 mensis
775 3005 966 3039 vicesimus.
1011 3007 1022 3024 ⁶
1040 3005 1086 3038 Et
1104 3004 1192 3038 sedit
1210 3004 1318 3038 omnis
1335 3003 1523 3037 multitudo
1540 3003 1575 3036 in
1593 3013 1672 3036 area
1688 3002 1809 3046 templi
1826 3005 2020 3041 trementes,
2048 2990 2203 3019 perficitur.

125 3051 265 3093 propter
290 3048 448 3091 hyemem
476 3054 687 3093 praesentem.
740 3053 751 3071 ⁷
779 3051 826 3085 Et
852 3063 1017 3096 exurgens
1044 3051 1182 3090 Esdras,
1210 3051 1298 3084 dixit
1322 3050 1402 3084 illis:
1431 3050 1498 3083 Vos
1525 3050 1640 3094 inique
1666 3049 1792 3083 fecistis
1820 3049 2022 3082 collocantes

126 3095 222 3128 vobis
242 3095 278 3128 in
296 3095 555 3130 matrimonium
575 3108 696 3131 uxores
716 3098 932 3143 alienigenas,
953 3102 993 3132 ut
1012 3098 1182 3132 adderetis
1202 3098 1245 3131 ad
1267 3100 1407 3141 peccata
1429 3096 1541 3131 Israel.
1588 3098 1599 3116 ⁸
1620 3096 1666 3130 Et
1685 3107 1775 3130 nunc
1796 3096 1875 3129 date
1896 3096 2024 3128 confes-

125 3142 265 3181 sionem,
289 3145 324 3175 et
345 3143 636 3186 magnificentiam
658 3144 807 3179 Domino
830 3146 903 3179 Deo
926 3148 1065 3189 patrum
1087 3147 1297 3178 nostrorum:
1347 3146 1359 3163 9
1381 3147 1416 3177 οῖ
1438 3144 1589 3187 perficite
1612 3143 1828 3177 voluntatem
1850 3142 1966 3185 ipsius,
1990 3144 2025 3174 et

126 3188 289 3222 discedite
306 3200 326 3222 a
341 3189 499 3233 gentibus
517 3193 625 3231 terrae,
643 3194 678 3224 et
694 3191 737 3225 ab
754 3192 917 3226 uxoribus
935 3192 1139 3236 alienigenis
1181 3193 1210 3211 ¹0
1226 3191 1273 3224 Et
1290 3190 1453 3224 clamavit
1470 3190 1578 3223 omnis
1596 3189 1794 3229 multitudo,
1812 3192 1847 3222 et
1864 3189 2025 3221 dixerunt

127 3246 208 3269 voce
226 3246 366 3280 magna:
388 3235 484 3270 Sicut
502 3236 629 3276 dixisti,
649 3238 823 3273 faciemus.
866 3241 891 3259 11
912 3239 978 3273 Sed
997 3238 1160 3283 quoniam
1179 3238 1367 3271 multitudo
1386 3248 1511 3282 magna
1530 3240 1591 3277 est,
1612 3240 1647 3271 et
1665 3240 1800 3280 tempus
1819 3235 2023 3278 hybernum,

126 3285 160 3315 et
182 3293 251 3316 non
274 3293 454 3327 possumus
477 3283 695 3318 insubsidiati
717 3288 822 3319 stare:
848 3289 882 3319 et
903 3286 968 3320 hoc
991 3296 1075 3330 opus
1098 3296 1168 3318 non
1191 3288 1241 3318 est
1264 3285 1361 3318 nobis
1385 3284 1484 3317 unius
1508 3284 1584 3323 diei,
1607 3294 1717 3327 neque
1741 3282 1849 3315 bidui:
1875 3282 2023 3315 multum

127 3328 217 3362 enim
238 3329 274 3362 in
296 3330 347 3363 his
371 3330 602 3373 peccavimus:
649 3333 677 3351 1²
698 3334 792 3366 stent
815 3332 988 3377 praepositi
1010 3332 1253 3372 multitudinis,
1278 3334 1312 3365 et
1335 3342 1451 3364 omnes
1475 3331 1533 3375 qui
1555 3331 1733 3364 nobiscum
1756 3329 1966 3367 inhabitant,
1991 3330 2024 3361 et

127 3378 300 3419 quotquot
312 3376 442 3410 habent
454 3387 576 3410 uxores
589 3378 682 3422 apud
694 3389 729 3412 se
741 3379 957 3424 alienigenas,
993 3381 1020 3399 ¹³
1033 3382 1067 3413 et
1079 3379 1243 3412 assistant
1256 3381 1396 3422 accepto
1409 3381 1563 3422 tempore
1576 3388 1617 3410 ex
1630 3376 1722 3410 omni
1734 3376 1808 3409 loco
1823 3374 2022 3419 presbyteri.

127 3424 161 3454 et
182 3421 308 3456 iudices
330 3434 508 3467 usquequo
529 3424 667 3458 solvant
687 3425 773 3459 iram
794 3426 934 3460 Domini
954 3426 1082 3471 negotii
1103 3425 1214 3460 huius.
1259 3427 1286 3445 ¹⁴
1309 3425 1472 3459 Ionathas
1493 3427 1612 3457 autem
1634 3423 1720 3456 filius
1742 3422 1845 3461 Ezeli,
1868 3425 1903 3455 et
1925 3421 2022 3454 Ozias

128 3468 277 3503 Thecam
296 3473 519 3515 susceperunt
538 3471 726 3505 secundum
745 3473 832 3506 haec:
853 3476 888 3507 et
907 3473 1126 3513 Bosoramus,
1147 3475 1182 3506 et
1201 3472 1312 3511 Levis,
1332 3474 1367 3505 et
1385 3470 1612 3505 Sabbathaeus
1632 3469 1732 3503 simul
1752 3468 1923 3512 cooperati
1943 3470 2023 3500 sunt

200 3529 344 3556 Hetzen
355 3537 454 3561 aner,
478 3531 604 3563 Vulgata
624 3532 811 3559 Clementina.
1768 3526 1816 3566 77
