2356 3760
134 269 165 285 su
172 268 199 291 p-

93 297 240 327 plenu—um

96 332 238 362 quaedam.

78 2122 262 2154 Genealogia,

84 2419 254 2443 distributio

109 2455 230 2482 wallum,

110 2781 178 2798 ‹ujs'u
185 2780 231 2803 pa-

119 2810 222 2834 tiones.

275 172 353 210 344
1132 168 1273 201 LIBER
1302 169 1328 202 Ι.
1975 172 2007 212 4,
2033 173 2131 213 1-4,
2155 174 2197 207 42

380 264 416 306 4.
475 266 484 288 ¹
520 264 604 304 Filii
636 264 778 304 ειΙιιᾱειῑ
811 263 970 304 Phares.
1002 262 1171 303 llesron.
1201 270 1242 302 et
1268 262 1443 303 (liarmi.
1473 268 1514 302 et
1541 262 1642 304 Hur.
1672 268 1713 303 et
1738 262 1872 305 Sobal.
1929 266 1943 288 ‘²
1972 266 2076 306 Raia
2101 280 2195 308 vero

277 323 380 363 lilius
396 322 517 363 Sobal
534 323 673 375 genuit
695 321 855 363 lahath.
875 321 923 361 (le
941 334 1020 373 quo
1038 321 1123 361 nati
1141 328 1235 361 sunt
1254 321 1443 362 Ahuinai.
1463 327 1501 361 et
1519 321 1643 362 Laad.
1663 321 1725 361 11ae
1740 323 2002 375 cognationes
2018 325 2193 367 Sarathi.

274 384 289 405 ³
320 382 401 422 lsta
425 395 586 435 quoque
611 382 732 433 stirps
757 380 900 420 Etam:
934 379 1120 424 lezrahel,
1146 385 1186 420 et¹
1213 380 1378 421 lesema.
1406 386 1446 420 et
1473 380 1652 421 ledcbos.
1681 380 1839 421 Nomen
1865 395 2027 436 quoque
2050 384 2197 425 sororis

276 453 427 482 eorum.
465 439 741 492 Asalclphuni.
805 441 819 462 ⁴
854 438 1038 478 Phanuel
1073 444 1209 479 autem
1247 444 1364 492 pater
1398 439 1542 480 Gedor.
1580 444 1621 479 et
1659 439 1758 479 Ezer
1791 445 1908 493 pater
1943 441 2066 483 Hosa.
2129 443 2195 483 isti

276 505 370 539 sunt
397 499 463 538 tilii
494 499 579 538 Hur
601 497 860 551 primogeniti
886 497 1103 549 Ephratha
1126 498 1255 550 patris
1284 497 1532 538 Bethlehem.
1623 497 1750 538 Assur
1773 511 1867 540 vero
1892 500 2000 553 patri
2025 501 2197 542 Theeuae

276 566 388 598 erant
414 558 504 597 ‹lua›
527 570 683 599 uxores.
710 556 854 600 Halaa.
880 562 920 596 et
945 556 1091 597 Naa-ra.
1146 558 1161 580 ⁶
1188 556 1347 609 Peperit
1369 562 1506 596 autem
1531 556 1563 596 ei
1591 556 1736 603 Naara,
1762 557 1928 607 Oozam,
1953 564 1993 599 et
2015 559 2193 613 Hepher,

276 625 315 657 et
342 616 550 659 'l'hemani
579 623 615 656 et
644 615 878 656 Aliastliari.
908 615 971 655 isti
999 622 1094 655 sunt
1122 615 1188 655 filii
1218 615 1365 656 Naara.
1424 617 1436 638 ⁷
1467 615 1587 655 Porro
1615 614 1683 655 filii
1711 615 1856 664 Halaa,
1884 617 2039 667 Sereth,
2070 618 2193 667 lsaar‚

276 683 314 715 et
349 675 523 716 litlinan.
585 676 600 697 ⁸
629 676 704 715 (¹0s
734 680 870 714 autem
900 674 1041 727 genuit
1069 674 1200 716 Anob.
1233 680 1273 714 et
1302 674 1477 716 Soboba,
1509 679 1550 714 et
1578 674 1863 727 cognationem
1892 675 2096 718 Aharehel
2126 677 2195 718 filii

276 735 414 774 Arum.
466 737 481 756 ’⁴
505 734 595 774 Fuit
616 739 754 774 autem
782 733 894 773 labes
915 732 1092 785 inclytus
1115 745 1194 785 pra¹
1215 733 1410 773 fratribus
1431 732 1523 775 suis.
1546 738 1586 773 et
1606 738 1738 773 mater
1757 733 1841 774 eius
1860 735 2027 776 vocavit
2046 749 2195 777 nomen

276 793 379 833 illius
417 793 540 836 labes.
575 793 729 833 dicens:
764 792 869 840 Quia
899 791 1035 844 peperi
1066 805 1158 831 cum
1191 791 1229 831 in
1262 792 1408 833 dolore.
1473 794 1506 815 ¹⁰
1541 792 1752 832 luvocavit
1787 805 1879 833 vero
1915 794 2031 835 labes
2061 795 2195 835 Deum

277 851 411 894 lsrael.
448 852 602 892 dicens:
638 851 678 892 Si
713 851 954 891 benedicens
990 851 1241 891 benedixeris
1276 850 1386 895 mihi,
1423 857 1463 891 ct
1497 850 1733 891 dilataveris
1767 852 1963 893 terminos
1995 866 2118 902 meos,
2155 859 2197 895 et

277 911 395 951 luerit
424 924 570 951 manus
596 918 668 950 tua
697 924 867 952 mecum.
898 915 938 949 et
964 909 1104 949 feceris
1132 923 1195 949 ine
1223 922 1246 950 a
1273 909 1430 950 malitia
1459 923 1539 951 non
1566 910 1752 963 opprimi.
1784 910 1837 951 Et
1864 912 2058 964 praestitit
2084 913 2196 953 Deus

275 984 365 1024 ‹pia›
389 975 578 1023 precatus
602 976 673 1010 est.
730 971 756 992 ¹¹
783 969 905 1009 t'aleb
930 974 1067 1009 autem
1092 969 1220 1009 frater
1243 968 1323 1010 Sua
1347 969 1488 1021 genuit
1512 968 1656 1010 Mahir.
1684 969 1753 1022 qui
1777 969 1856 1010 fuit,
1879 975 1997 1023 pater
2020 971 2192 1013 Esthon.

277 1032 306 1053 ¹2
335 1029 458 1069 Porro
490 1029 648 1069 l<3st11011
675 1028 817 1081 genuit
846 1027 1096 1080 Betlnapha,
1128 1033 1168 1068 et
1197 1027 1356 1070 l'liesse,
1388 1033 1426 1068 et
1457 1027 1641 1068 Tehinna
1668 1034 1826 1080 patrem
1857 1029 1967 1070 urbis
1997 1030 2124 1071 Naas:
2154 1031 2195 1071 hi

275 1095 370 1129 sunt
402 1088 476 1128 viri
514 1087 657 1128 Reclia.
720 1089 750 1111 ¹³
779 1087 868 1126 Filii
900 1092 1037 1127 autem
1069 1086 1208 1130 Fenez.
1242 1086 1445 1131 Othoniel,
1479 1092 1519 1127 et
1548 1086 1700 1127 Saraia.
1734 1087 1857 1128 Porro
1889 1088 1958 1129 filii
1989 1089 2192 1135 Othoniel,

277 1147 478 1191 Hathath.
518 1152 557 1187 et
593 1146 817 1187 Maonathi.
884 1148 914 1169 ¹⁴
950 1145 1163 1186 Maonatlii
1198 1146 1339 1198 genuit
1375 1146 1526 1198 Oplira,
1565 1146 1707 1186 Saraia
1742 1151 1880 1186 autem
1915 1148 2058 1200 genuit
2096 1148 2195 1190 Ioab

274 1212 431 1259 patrem
459 1205 581 1246 Vallis
604 1205 826 1245 artificum:
851 1205 906 1244 ibi
929 1205 1079 1258 quippe
1102 1204 1278 1245 artifices
1299 1212 1426 1246 erant.
1481 1207 1510 1229 ¹⁵
1534 1204 1622 1245 Filii
1645 1218 1739 1245 vero
1763 1205 1885 1246 caleb
1908 1206 1977 1247 filii
2002 1207 2192 1260 Iephone,

280 1266 361 1308 Hir.
393 1273 432 1305 et
467 1265 549 1307 Ela,
582 1271 621 1305 et
653 1264 825 1305 Naham.
858 1263 946 1304 Filii
978 1277 1140 1317 quoque
1170 1263 1263 1304 Ela:
1295 1264 1433 1305 Cenez.
1494 1265 1528 1288 ¹⁶
1557 1263 1646 1304 Filii
1677 1278 1839 1318 quoque,
1872 1264 2048 1307 Ialeleel:
2080 1266 2193 1320 Ziph,

275 1332 315 1365 et
341 1324 480 1377 Zipha,
509 1324 657 1366 'rim-ia,
686 1329 725 1363 et
750 1323 901 1363 Asrael.
959 1324 991 1346 ¹⁷
1018 1323 1072 1363 Et
1098 1322 1165 1362 filii
1192 1322 1308 1366 Ezra.
1340 1323 1485 1367 lether.
1514 1329 1555 1363 et
1579 1323 1728 1371 Mored,
1756 1329 1795 1363 et
1822 1323 1970 1376 Epher,
1999 1330 2039 1366 et
2068 1325 2193 1372 Ialon,

273 1384 495 1436 genuitque
525 1383 708 1425 Mariam.
741 1388 779 1423 et
809 1382 1001 1425 Sammai,
1034 1388 1074 1422 et
1106 1382 1223 1422 Iesba
1251 1387 1410 1435 patrem
1444 1382 1654 1423 Esthamo.
1713 1384 1747 1405 ¹⁸
1777 1382 1891 1423 Uxor
1920 1397 2082 1437 quoque
2111 1384 2196 1425 eius

282 1443 431 1485 liulaia.
464 1442 620 1495 peperit
652 1442 769 1482 lared
798 1447 955 1494 patrem
987 1441 1132 1484 Gedor.
1164 1447 1203 1481 et
1234 1441 1371 1482 Heber
1399 1447 1558 1494 patrem
1587 1441 1730 1490 Socho,
1762 1447 1803 1481 et
1835 1441 2008 1483 Icuthiel
2035 1448 2196 1496 patrem

274 1503 419 1543 Zanoe.
444 1502 483 1542 hi
506 1507 644 1542 autem
668 1501 736 1541 filii
759 1500 915 1541 Bethiae
937 1499 1026 1540 filize
1049 1500 1284 1542 Pharaonis.
1311 1513 1433 1554 quam
1457 1500 1614 1553 accepit
1634 1500 1783 1541 Mered.
1836 1502 1870 1524 ¹⁹
1891 1501 1946 1541 Et
1966 1501 2037 1542 filii
2058 1502 2196 1543 uxoris

274 1561 413 1601 ‹idaia›
448 1561 593 1601 sororis
629 1560 789 1600 Naham
825 1559 952 1613 patris
987 1559 1105 1602 Ceila.
1143 1560 1294 1602 Garmi.
1347 1566 1386 1599 ct
1422 1559 1634 1607 Esthamo,
1673 1559 1740 1613 qui
1774 1559 1853 1600 fuit
1887 1560 1937 1600 de
1970 1560 2192 1602 Maehathi.

273 1622 309 1644 ²⁰
330 1620 414 1660 Filii
436 1633 597 1673 quoque
616 1620 767 1660 Simon.
788 1619 964 1661 Amnon,
986 1625 1026 1659 et
1046 1618 1183 1658 Rinna-
1201 1618 1304 1658 filius
1326 1618 1487 1660 Hanan.
1510 1624 1550 1659 et
1569 1617 1725 1659 Thilon.
1749 1618 1803 1658 Et
1823 1618 1891 1659 filii
1914 1619 2001 1663 lesi.
2023 1620 2192 1669 Zoheth‚

273 1687 312 1720 et
340 1679 589 1720 Benzolieth.
645 1680 676 1702 ²¹
702 1677 792 1718 Filii
823 1677 944 1719 bSela.
976 1677 1043 1717 filii
1071 1677 1192 1717 Iuda:
1224 1677 1306 1718 Her
1331 1683 1448 1730 pater
1473 1677 1619 1721 Lecha,
1648 1683 1689 1718 et
1714 1677 1855 1718 Laada
1880 1683 1998 1731 pater
2022 1679 2192 1725 Maresa,

273 1744 312 1779 et
344 1739 606 1791 cognationes
638 1738 783 1778 domus
815 1736 1073 1790 operantium
1107 1736 1274 1789 byssum
1306 1736 1347 1776 in
1382 1737 1511 1778 Domo
1544 1736 1774 1777 iuramenti.
1836 1738 1867 1761 22
1899 1737 1954 1778 Et
1986 1738 2055 1792 qui
2087 1745 2195 1779 stare

273 1798 367 1838 fecit
403 1797 548 1839 Solem.
588 1797 745 1850 virique
780 1795 993 1838 Mendacii.
1032 1801 1073 1836 et
1108 1796 1291 1838 Securus,
1330 1802 1370 1836 et
1410 1796 1646 1843 incendens,
1686 1795 1755 1849 qui
1790 1796 1993 1849 principes
2027 1797 2195 1839 fuerunt

273 1858 312 1897 in
336 1857 470 1899 Moab,
497 1862 537 1897 et
562 1856 628 1910 qui
653 1855 801 1897 reversi
825 1860 921 1895 sunt
945 1855 984 1895 in
1008 1855 1174 1895 Lahem.
1201 1854 1284 1895 haec
1310 1860 1448 1895 autem
1474 1856 1600 1896 verba
1622 1860 1774 1895 vetera.
1828 1856 1860 1879 ²³
1884 1855 1938 1895 Hi
1962 1861 2059 1897 sunt
2082 1856 2193 1910 figuli

274 1916 508 1956 habitantes
534 1916 573 1955 in
599 1914 942 1959 Plantationibus,
971 1920 1011 1955 et
1036 1914 1076 1954 in
1102 1914 1285 1966 Sepibus.
1315 1914 1424 1966 apud
1450 1927 1584 1967 regem
1609 1914 1648 1954 in
1675 1914 1864 1967 operibus
1891 1914 1986 1958 eius.
2016 1929 2195 1957 eommo-

273 1975 432 2029 ratique
463 1982 559 2015 sunt
589 1975 654 2015 ibi.

788 2050 826 2089 2.
859 2048 1195 2090 Generationes
1227 2048 1429 2100 Simeon,
1458 2050 1497 2100 4,
1517 2050 1688 2090 24—43.

382 2124 413 2146 '2¹
444 2121 533 2161 Filii
570 2120 767 2162 ‘'Simeon:
801 2120 974 2161 Namuel
1004 2128 1043 2161 et
1076 2121 1218 2163 iamin.
1257 2121 1375 2167 larib,
1408 2121 1521 2169 Zara¹7
1554 2121 1661 2162 Saul.
1721 2124 1752 2145 25
1781 2121 1932 2162 Sellum
1962 2121 2066 2163 filius
2096 2123 2192 2169 eius.

277 2182 460 2235 §lapsam
487 2180 591 2220 filius
617 2180 712 2222 eius.
740 2180 896 2219 Masma
924 2179 1028 2220 filius
1053 2180 1148 2221 eius
1204 2181 1239 2204 ²⁶
1263 2180 1351 2220 Filii
1378 2180 1554 2220 Masma:
1583 2180 1759 2221 Hainuel
1784 2180 1889 2221 filius
1914 2181 2010 2228 eius,
2038 2181 2196 2222 Zachur

278 2241 382 2281 lilius
413 2240 507 2281 eius.
542 2239 672 2280 Semei
705 2239 808 2279 filius
840 2238 935 2279 eius,
997 2240 1030 2262 '³⁷
1062 2239 1149 2279 Filii
1182 2239 1313 2280 Semei
1345 2239 1531 2284 sedecim,
1566 2245 1606 2280 et
1636 2239 1727 2280 filiae
1758 2253 1845 2280 sex:
1878 2240 2024 2280 fratres
2056 2246 2193 2281 autem

277 2300 360 2340 eius
378 2313 458 2340 non
477 2299 709 2338 habuerunt
728 2297 830 2338 filios
848 2298 1010 2341 multos.
1032 2303 1070 2338 et
1091 2298 1278 2339 universa
1297 2298 1485 2352 cognatio
1504 2312 1584 2339 non
1602 2299 1739 2352 potuit
1758 2299 1973 2352 adaequare
1991 2312 2194 2340 summam

278 2359 449 2399 filiorum
486 2358 597 2398 luda.

383 2420 416 2441 ²⁵
442 2417 749 2458 Habitaverunt
774 2423 911 2457 autem
936 2416 977 2456 in
1003 2416 1213 2460 Bersabee.
1241 2423 1281 2457 et
1304 2417 1478 2458 Molada.
1506 2422 1547 2457 et
1572 2416 1837 2460 Hasarsuhal.
1890 2419 1924 2441 2⁹
1949 2423 1989 2458 et
2012 2417 2053 2457 in
2078 2417 2192 2465 Bala,

279 2485 317 2518 et
344 2477 383 2517 in
411 2477 548 2523 Asom,
578 2482 616 2516 et
644 2476 684 2516 in
711 2475 879 2519 Tholad,
935 2478 970 2499 ³⁰
996 2481 1036 2516 et
1062 2475 1102 2515 in
1130 2476 1318 2521 Bathuel,
1348 2482 1387 2517 et
1414 2476 1454 2516 in
1482 2476 1650 2519 Horma.
1679 2483 1719 2517 et
1745 2476 1784 2516 in
1811 2475 1974 2530 Siceleg,
2029 2478 2061 2501 ³¹
2088 2482 2128 2517 et
2153 2477 2193 2517 in

281 2535 669 2577 Betlnnarchabotli.
705 2541 743 2575 et
775 2535 815 2574 in
849 2534 1121 2577 Hasarsusim.
1156 2540 1195 2575 et
1226 2535 1267 2575 in
1300 2535 1531 2577 Bethberai.
1566 2541 1606 2576 et
1637 2535 1677 2575 in
1709 2535 1878 2576 Saarirn.
1912 2535 1974 2576 hae
2005 2535 2194 2576 civitates

277 2608 413 2636 eorum
444 2608 570 2648 usque
598 2594 648 2634 ad
675 2607 807 2646 regem
835 2593 983 2635 David.
1039 2595 1071 2618 ³²
1099 2593 1212 2634 Villae
1239 2608 1401 2648 quoque
1428 2607 1585 2635 eorum:
1614 2594 1750 2636 Etam.
1781 2599 1821 2635 et
1846 2594 1945 2639 Aen,
1977 2595 2191 2641 Remmon,

277 2661 316 2695 et
341 2654 545 2696 Thochen
572 2661 611 2693 et
635 2653 757 2695 Asan.
784 2653 972 2693 civitates
998 2653 1189 2706 quinque.
1242 2655 1274 2677 ³³
1297 2653 1352 2694 Et
1376 2653 1553 2694 universi
1577 2653 1699 2694 viculi
1722 2666 1861 2695 eorum
1884 2666 1955 2706 per
1978 2653 2193 2694 circuitum

278 2713 493 2754 civitatum
522 2713 693 2753 istarum
719 2725 846 2765 usque
872 2713 923 2752 ad
951 2711 1062 2753 Baal.
1090 2712 1173 2753 haec
1200 2718 1260 2753 est
1285 2712 1488 2753 habitatio
1515 2725 1665 2762 eorum,
1694 2718 1735 2753 et
1759 2712 1916 2753 sedium
1943 2712 2189 2754 distributio.

384 2775 413 2801 ³³³
439 2772 635 2813 Mosobab
660 2785 821 2825 quoque
844 2776 883 2811 et
910 2771 1095 2815 Jemlech,
1121 2777 1161 2812 et
1186 2772 1278 2812 Iosa
1300 2771 1403 2812 filius
1426 2772 1612 2814 Amasiae.
1664 2773 1696 2796 ³⁵
1719 2778 1759 2812 et
1784 2771 1877 2814 Ioel,
1903 2777 1943 2812 et.
1968 2771 2065 2812 Iehu
2089 2771 2194 2812 filius

280 2832 449 2871 losabia·
478 2831 545 2871 filii
574 2831 723 2872 Saraiae
753 2831 819 2870 lilii
848 2830 966 2872 Asiel.
1024 2832 1059 2854 ³⁶
1087 2836 1127 2871 et
1156 2830 1350 2873 Elioenai.
1381 2836 1421 2871 et
1452 2831 1612 2873 lacoba.
1643 2837 1684 2871 et
1714 2830 1889 2873 Isuhaia.
1920 2836 1960 2871 et
1987 2829 2122 2874 Asaia.
2153 2835 2194 2871 et

278 2890 405 2932 Adiel.
436 2898 473 2930 et
509 2890 649 2932 lsmiel.
680 2896 719 2931 et
747 2890 915 2933 Banaia.
971 2891 1005 2913 ³⁷
1032 2889 1124 2929 Ziza
1153 2903 1315 2943 quoque
1341 2890 1445 2930 tilius
1472 2890 1617 2943 Sephei
1645 2889 1713 2930 filii
1739 2889 1858 2931 Allon
1886 2889 1955 2929 filii
1983 2889 2098 2930 Idaia
2124 2889 2193 2930 filii

278 2949 402 2990 Semri
438 2949 505 2989 tilii
538 2949 712 2990 Samaia.
773 2951 808 2973 ³⁸
842 2949 913 2989 lsti
947 2957 1042 2989 sunt
1074 2949 1274 2990 nominati
1306 2949 1506 3002 principes
1538 2949 1577 2989 in
1611 2949 1922 3001 cognationibus
1954 2948 2046 2996 suis,
2081 2954 2122 2989 et
2152 2949 2192 2989 in

280 3009 399 3048 domo
433 3009 682 3049 affinitatum
717 3021 880 3048 suarum
915 3007 1174 3061 multiplicati
1208 3015 1302 3048 sunt
1334 3008 1607 3049 vehementer.
1667 3010 1702 3031 ³⁹
1734 3008 1787 3048 Et
1819 3007 1989 3061 profecti
2021 3013 2116 3048 sunt
2147 3013 2192 3048 ut

281 3067 586 3111 ingrederentur
610 3068 646 3107 in
673 3068 811 3108 (iader
835 3081 961 3120 usque
986 3067 1037 3107 ad
1061 3066 1267 3107 Orientem
1296 3067 1421 3109 vallis.
1449 3072 1488 3108 et
1512 3073 1557 3108 ut
1583 3073 1809 3120 quaererent
1832 3079 1985 3120 pascua
2006 3066 2194 3120 gregibus

281 3127 371 3166 suis.
435 3129 466 3150 ¹⁰
501 3127 829 3180 lnveneruntque
859 3140 1029 3179 pascuas
1060 3126 1212 3168 uberes,
1246 3132 1285 3166 et
1315 3127 1433 3167 valdo
1464 3127 1601 3169 bonas.
1634 3134 1672 3166 et
1703 3133 1852 3166 terram
1881 3125 2122 3166 latissimam
2153 3131 2193 3166 et

282 3185 460 3237 quietam
483 3193 522 3226 ct
542 3186 728 3229 fertilem.
752 3186 791 3226 in
813 3199 891 3239 qua
913 3191 1008 3225 ante
1027 3185 1318 3226 habitaverant
1340 3186 1388 3226 de
1408 3186 1532 3238 stirpe
1552 3185 1691 3226 t'liam.
1740 3187 1768 3209 ⁴¹
1794 3185 1844 3225 Hi
1866 3197 1957 3237 ergo
1978 3190 2190 3228 venerunt.

282 3257 381 3296 quos
405 3258 524 3296 supra
550 3245 834 3298 descripsimus
859 3244 1113 3287 nominatim,
1140 3244 1179 3284 in
1203 3244 1344 3284 diebus
1370 3244 1551 3285 Ezechiae
1573 3244 1674 3297 regis
1701 3244 1820 3284 Iuda:
1846 3250 1884 3284 et
1907 3247 2194 3296 percusserunt

282 3302 544 3343 tabernacula
570 3317 720 3345 eorum.
748 3311 787 3344 et
814 3304 1066 3344 habitatores
1092 3303 1159 3356 qui
1185 3303 1341 3344 inventi
1366 3304 1528 3343 fuerant
1554 3303 1619 3345 ibi.
1648 3309 1688 3343 et
1712 3303 1950 3343 deleverunt
1975 3315 2041 3342 eos
2065 3315 2192 3355 usque

281 3361 318 3400 in
350 3368 586 3413 pra¹seiit‹·in
617 3363 742 3402 diem:
772 3363 1147 3415 liab‘itaveruntque
1174 3375 1246 3415 pro
1275 3363 1340 3406 eis,
1372 3362 1564 3416 quoniam
1594 3362 1817 3402 uberrimas
1843 3373 2015 3414 pascuas
2042 3361 2191 3401 ibidem

284 3428 528 3473 repererunt.
588 3423 618 3444 *²²
653 3422 709 3461 1)(ι
740 3422 829 3461 liliis
861 3434 1022 3475 quoque
1052 3421 1214 3461 Simeon
1246 3421 1434 3461 abierunt
1464 3421 1503 3461 in
1534 3427 1713 3461 montem
1747 3420 1832 3461 Seir
1862 3420 1935 3460 viri
1967 3419 2190 3473 quingenti.

413 3524 443 3564 4,
479 3525 492 3556 1
518 3524 589 3556 asin
613 3524 665 3559 38.
689 3525 723 3559 3:
749 3526 800 3560 443,
825 3526 881 3558 12:
909 3527 979 3568 Sup
1005 3526 1034 3557 2.
1062 3526 1090 3557 4.
1120 3545 1151 3548 Ἀ
1188 3525 1225 3557 21
1244 3525 1314 3556 bun
1332 3525 1384 3557 38.
1402 3526 1431 3557 Γ».
1526 3525 1567 3557 24
1587 3524 1724 3562 etin⁴16,
1742 3524 1791 3557 10.
