2356 3760
139 440 209 464 filios

105 475 241 502 Animon:

123 672 220 695 liberat

120 707 229 731 ludam>-

92 743 118 766 in
144 742 252 766 Galam!

90 1434 250 1465 relinquen>-

96 1471 123 1494 in
145 1470 243 1494 Iudaea

93 1506 247 1535 losephunl

77 1542 103 1565 et
121 1541 260 1571 Azariau„

106 1784 236 1809 Galilaeos

147 1827 195 1851 per

94 1855 247 1885 Simonem,

88 2076 255 2116 Galaaditas

99 2119 157 2142 ips(-
179 2120 243 2137 811111

103 2148 239 2176 Ionatha;

287 230 363 268 910
1140 225 1285 259 LIBER
1309 226 1336 260 I.
1973 230 2005 270 5,
2031 230 2128 271 6——5,
2153 230 2195 265 39

280 319 422 373 plicuit
446 320 497 360 ad
521 332 600 367 eos,
625 325 665 360 et
689 318 1061 360 anathematizavit
1083 331 1161 362 eos.
1187 324 1229 360 et
1250 318 1432 359 incendit
1455 324 1585 360 turres
1609 331 1748 360 eorum
1771 319 1853 373 igni
1876 334 1969 362 cum
1991 322 2193 372 omnibus,

280 378 348 431 qui
378 378 418 419 in
449 378 503 419 eis
535 384 662 419 erant.

389 438 403 460 ⁶
420 437 475 477 Et
494 436 684 477 transivit
702 437 753 476 ad
772 435 872 476 filios
889 435 1079 481 Ammon,
1100 441 1140 476 et
1157 435 1315 476 invenit
1331 449 1499 476 manum
1517 436 1678 481 fortem,
1699 441 1740 477 et
1755 437 1954 491 populum
1972 439 2193 492 copiosum,

281 500 320 535 et
350 495 609 536 Timotheum
640 495 783 534 ducem
814 493 1012 546 ipsorum:
1073 495 1086 517 ⁷
1115 499 1157 535 et
1185 494 1389 536 commisit
1417 508 1508 535 cum
1538 495 1592 536 eis
1620 495 1759 548 praelia
1786 496 1930 545 multa,
1960 502 2002 538 et
2030 498 2196 539 contriti

277 559 374 595 sunt
403 554 442 594 in
474 558 693 605 conspectu
725 565 876 600 eorum,
910 557 950 592 et
980 553 1179 605 percussit
1208 566 1293 595 eos:
1354 555 1369 576 8
1399 558 1440 594 81
1470 553 1578 606 cepit
1607 554 1736 595 Gazer
1766 554 1991 604 civitatem,
2023 561 2065 596 et
2094 556 2195 597 filias

278 612 374 656 eius.
406 619 445 652 et
474 624 657 651 reversus
686 616 747 651 est
775 610 815 651 in
846 610 1040 652 Iudeeam.

387 674 401 693 ⁹
427 670 475 710 Et
498 674 752 723 congregatae
772 674 868 710 sunt
887 674 1040 723 gentes,
1064 683 1154 724 quae
1174 675 1271 712 sunt
1290 669 1330 711 in
1351 670 1509 711 Galaad
1530 670 1727 712 adversus
1750 671 1966 720 Israelitas,
1991 672 2059 726 qui
2080 678 2198 714 erant

281 730 318 769 in
351 728 498 769 finibus
530 741 668 769 eorum
700 733 747 769 ut
778 727 968 769 tollerent
998 741 1082 770 eos:
1115 734 1157 770 81
1186 730 1380 782 fugerunt
1410 729 1450 769 in
1480 729 1716 770 Datheman
1748 730 2031 779 munitionem,
2091 733 2127 756 ¹⁰
2156 736 2198 773 81

219 832 227 837 ⁸
278 787 477 827 miserunt
505 786 662 827 litteras
691 787 742 827 ad
774 786 932 831 Iudam.
962 792 1004 828 et
1030 787 1176 828 fratres
1205 787 1301 835 eius,
1333 787 1531 828 dicentes:
1561 788 1825 841 Congregatae
1853 794 1950 830 sunt
1978 790 2196 831 adversum

278 859 350 886 nos
369 851 509 897 gentes
529 859 600 899 per
618 845 846 895 circuitum,
868 851 913 887 ut
933 859 1005 887 nos
1024 846 1231 887 auferant:
1280 849 1307 871 ¹¹
1330 851 1371 887 et
1389 851 1539 899 parant
1557 847 1705 896 venire,
1727 853 1767 888 et
1786 861 1985 901 occupare
2004 848 2197 890 munitio-

276 918 380 948 nem.
411 905 448 945 iu
478 918 600 958 quam
629 904 903 957 confugimus:
932 910 974 945 et
1000 905 1238 946 Timotheus
1266 910 1326 946 est
1353 906 1437 946 dux
1463 905 1664 946 exercitus
1691 919 1843 948 eorum.
1900 909 1930 931 12
1958 907 2077 948 Ν11118
2103 920 2196 960 ergo

276 963 380 1008 veni,
405 968 445 1003 et
467 963 574 1017 eripe
595 977 667 1005 nos
689 964 738 1004 de
759 964 949 1004 manibus
971 977 1122 1011 eorum,
1147 963 1244 1017 quia
1264 963 1410 1005 cecidit
1430 963 1656 1005 multitudo
1678 965 1727 1005 de
1748 965 1876 1006 nobis
1928 967 1959 990 13
1979 965 2036 1006 Ε1
2057 978 2197 1006 01111188

274 1021 421 1063 fratres
443 1022 583 1067 nostri,
608 1023 676 1076 qui
699 1028 815 1063 erant
835 1022 875 1063 in
897 1022 993 1064 locis
1016 1023 1162 1070 Tubin,
1185 1022 1391 1064 interfecti
1413 1027 1527 1063 sunt:
1551 1028 1592 1064 et
1613 1023 1800 1076 captivas
1821 1024 2031 1065 duxerunt
2051 1037 2197 1066 uxores

275 1093 427 1127 eorum,
451 1086 492 1122 et
511 1086 643 1129 natos,
667 1086 708 1121 et
728 1080 868 1134 spolia,
891 1086 932 1122 et
952 1087 1213 1134 peremerunt
1233 1081 1312 1122 illic
1333 1081 1415 1122 fere
1435 1080 1543 1122 mille
1564 1081 1684 1123 viros.
1734 1084 1766 1106 ¹⁴
1786 1081 1841 1123 Et
1861 1082 1996 1124 adhuc
2017 1082 2199 1136 epistolae

274 1139 527 1192 legebantur.
560 1146 601 1180 et
630 1153 720 1180 ecce
750 1139 817 1180 alii
847 1140 984 1181 nuncii
1014 1146 1217 1181 venerunt
1246 1141 1295 1181 de
1325 1139 1493 1181 Galilaea
1522 1140 1732 1182 conscissis
1762 1141 1922 1190 tunicis,
1954 1141 2197 1182 nunciantes

275 1199 499 1239 secundum
525 1198 651 1239 verba
676 1198 777 1239 haec:
832 1200 862 1222 ¹⁵
888 1198 1068 1240 dicentes
1094 1199 1331 1241 convenisse
1355 1199 1574 1240 adversum
1599 1212 1640 1240 se
1665 1213 1689 1240 a
1712 1199 1982 1248 Ptolemaida,
2010 1205 2051 1241 81
2075 1201 2195 1254 Tyro,

275 1263 315 1298 et
334 1257 502 1299 Sidone:
524 1262 565 1298 et
583 1257 739 1311 repleta
757 1262 819 1299 est
837 1258 968 1299 omnis
988 1257 1156 1299 Galilaea
1175 1257 1420 1312 alienigenis,
1443 1263 1490 1299 ut
1508 1271 1580 1299 nos
1600 1263 1857 1300 consumant.
1906 1261 1940 1283 ¹⁶
1961 1259 2018 1300 Ut
2037 1258 2199 1300 audivit

275 1320 414 1357 autem
450 1316 584 1362 Iudas.
617 1322 658 1357 et
687 1315 875 1370 populus,
909 1330 1113 1358 sermones
1143 1317 1255 1366 istos,
1288 1316 1483 1358 convenit
1512 1316 1680 1358 ecclesia
1708 1330 1859 1371 magna
1889 1318 2067 1371 cogitare
2099 1318 2194 1371 quid

275 1375 457 1415 facerent
483 1375 679 1416 fratribus
706 1375 799 1421 81118,
831 1375 900 1429 qui
926 1375 967 1416 in
996 1374 1261 1417 tribulatione
1289 1380 1417 1423 erant,
1447 1380 1489 1417 et
1515 1376 1863 1430 expugnabantur
1889 1377 1940 1417 ab
1969 1376 2036 1417 eis.

383 1435 414 1457 ¹⁷
439 1434 638 1487 Dixitque
664 1434 786 1475 Iudas
810 1434 964 1476 Simoni
988 1434 1105 1476 fratri
1129 1448 1219 1476 suo:
1246 1434 1359 1488 Elige
1384 1434 1459 1475 tibi
1483 1434 1602 1483 viros,
1629 1439 1671 1476 et
1694 1435 1810 1483 vade,
1837 1440 1878 1475 et
1900 1434 2028 1476 libera
2049 1435 2197 1476 fratres

277 1498 369 1534 tuos
394 1492 434 1533 in
459 1493 643 1534 Galilaea:
671 1506 742 1547 ego
769 1498 920 1541 autem,
948 1498 988 1534 et
1012 1493 1139 1534 frater
1162 1507 1276 1535 meus
1303 1493 1499 1535 Ionathas
1524 1493 1673 1535 ibimus
1698 1493 1738 1534 in
1763 1493 2028 1535 Galaaditim.
2083 1495 2117 1518 ¹⁸
2142 1494 2198 1535 Et

276 1551 440 1605 reliquit
467 1551 686 1605 losephum
712 1552 840 1594 filium
867 1552 1083 1599 Zachariae,
1111 1558 1152 1593 et
1177 1552 1368 1594 Azariam
1394 1553 1515 1594 duces
1542 1552 1683 1606 populi
1709 1566 1801 1593 cum
1827 1552 1988 1594 residuo
2014 1553 2196 1594 exercitu

273 1610 313 1651 in
336 1610 474 1651 ludaea
491 1612 544 1652 ad
562 1612 810 1652 custodiam:
852 1613 886 1635 ¹⁹
904 1616 945 1652 et
964 1611 1157 1665 praecepit
1177 1611 1265 1659 illis,
1282 1611 1437 1653 dicens:
1460 1611 1682 1652 Praeestote
1702 1610 1853 1665 populo
1875 1611 1986 1653 huic:
2009 1617 2050 1652 et
2070 1611 2197 1653 nolite

275 1669 426 1710 bellum
450 1670 706 1711 committere
729 1670 947 1711 adversum
970 1674 1123 1721 gentes,
1149 1671 1278 1711 donec
1300 1675 1567 1711 revertamur.
1619 1671 1655 1694 ²⁰
1677 1669 1733 1710 Et
1755 1670 1899 1723 partiti
1922 1675 2019 1711 sunt
2041 1670 2197 1712 Simoni

276 1728 351 1768 viri
376 1728 455 1768 tria
478 1728 615 1773 millia,
644 1733 690 1768 ut
714 1728 791 1769 iret
815 1728 854 1769 in
880 1728 1108 1770 Galilaeam:
1138 1728 1250 1770 Iudae
1274 1734 1414 1770 autem
1440 1734 1531 1770 octo
1556 1728 1684 1770 millia
1707 1728 1747 1770 in
1772 1728 2036 1770 Galaaditim.

383 1789 413 1811 21
444 1787 500 1828 Ε1
529 1787 631 1828 abiit
661 1787 801 1829 Simon
831 1787 872 1828 in
902 1787 1125 1834 Galilaeam,
1157 1792 1199 1828 et
1229 1787 1434 1829 commisit
1463 1787 1602 1841 praelia
1630 1787 1764 1829 multa
1792 1801 1885 1829 811111
1914 1787 2124 1841 gentibus:
2157 1792 2199 1829 et

278 1845 465 1887 contritae
483 1851 579 1887 sunt
596 1850 737 1899 gentes
756 1860 780 1887 a
797 1846 900 1887 facie
918 1846 1014 1895 eius,
1036 1852 1077 1887 et
1095 1852 1331 1900 persecutus
1350 1851 1412 1887 est
1430 1859 1496 1888 eos
1515 1859 1644 1900 usque
1663 1847 1715 1887 ad
1733 1852 1896 1900 portam
1942 1848 1974 1871 22
1992 1845 2198 1888 Ρ10181118-

276 1904 370 1945 idis:
401 1911 442 1945 et
471 1905 705 1946 ceciderunt
733 1906 783 1946 de
810 1905 1000 1959 gentibus
1029 1905 1112 1946 fere
1140 1905 1220 1946 tria
1247 1905 1375 1946 millia
1403 1905 1596 1954 virorum,
1628 1910 1669 1946 et
1697 1905 1856 1959 accepit
1884 1904 2015 1959 spolia
2042 1917 2195 1955 eorum,

276 1965 308 1987 2³
329 1970 368 2004 et
395 1964 618 2018 assumpsit
643 1978 721 2013 eos,
751 1964 819 2018 qui
845 1970 963 2006 erant
987 1964 1027 2005 in
1054 1963 1232 2011 Galilaea,
1261 1970 1303 2005 et
1327 1965 1368 2005 in
1393 1963 1560 2005 Arbatis
1586 1977 1679 2006 cum
1705 1964 1913 2013 uxoribus,
1942 1969 1982 2005 et
2008 1964 2128 2013 natis,
2156 1968 2198 2005 et

278 2022 479 2071 omnibus,
512 2036 601 2077 quae
630 2028 747 2064 erant
774 2023 862 2069 11118,
895 2028 936 2064 81
964 2023 1139 2064 adduxit
1168 2023 1208 2064 in
1240 2023 1421 2065 Iudaeam
1450 2036 1543 2065 cum
1571 2022 1716 2064 laetitia
1744 2036 1905 2077 magna.

382 2082 415 2106 2⁴
449 2081 506 2123 Et
542 2081 665 2123 Iudas
699 2082 972 2131 Machabaeus,
1010 2087 1051 2123 et
1088 2082 1284 2124 Ionathas
1319 2082 1447 2123 frater
1480 2081 1564 2123 eius
1600 2082 1852 2123 transierunt
1889 2081 2118 2130 Iordanem,
2155 2086 2198 2123 et

278 2140 468 2181 abierunt
499 2140 608 2182 viam
640 2141 763 2182 trium
795 2141 951 2182 dierum
982 2154 1054 2194 per
1083 2141 1302 2182 desertum.
1361 2143 1393 2166 25
1424 2141 1480 2182 Et
1510 2145 1774 2182 occurrerunt
1804 2141 1858 2181 eis
1890 2140 2123 2184 Nabuthaei.
2156 2146 2197 2181 et

275 2205 542 2253 susceperunt
564 2213 630 2241 eos
653 2200 831 2253 pacifice,
857 2206 897 2241 et
920 2205 1193 2240 narraverunt
1215 2200 1269 2240 eis
1293 2200 1441 2246 omnia,
1468 2213 1558 2253 quae
1580 2200 1815 2241 acciderant
1836 2199 2033 2241 fratribus
2056 2212 2197 2240 eorum

275 2258 316 2298 in
343 2258 615 2307 Galaaditide,
671 2260 706 2282 ²⁶
732 2264 773 2299 et
800 2258 896 2312 quia
921 2258 1041 2299 multi
1068 2272 1117 2299 ex
1144 2259 1198 2299 eis
1225 2258 1506 2312 comprehensi
1532 2264 1630 2300 sunt
1655 2259 1695 2299 in
1724 2259 1889 2307 Barasa,
1918 2263 1960 2299 et
1986 2259 2127 2307 Bosor,
2156 2262 2198 2299 et

275 2316 316 2357 in
344 2316 499 2362 Alimis,
529 2323 570 2358 et
597 2318 637 2358 in
665 2318 857 2371 Casphor,
889 2322 929 2358 et
955 2318 1134 2371 Mageth,
1165 2323 1205 2358 et
1233 2317 1440 2358 Carnaim:
1470 2317 1532 2358 hae
1560 2330 1699 2358 01111188
1727 2318 1916 2359 civitates
1944 2317 2126 2365 munitae,
2156 2321 2198 2358 et

276 2389 445 2429 magnae.
503 2378 536 2400 ²7
564 2376 643 2417 Sed
671 2382 712 2417 et
738 2377 779 2417 in
807 2376 949 2417 ceteris
977 2376 1216 2417 civitatibus
1244 2376 1516 2417 Galaaditidis
1544 2381 1738 2417 tenentur
1764 2375 2057 2429 comprehensi,
2088 2380 2129 2416 et
2155 2375 2197 2416 in

277 2434 501 2476 crastinum
535 2435 840 2476 constituerunt
873 2435 1091 2477 admovere
1125 2435 1349 2476 exercitum
1383 2434 1623 2476 civitatibus
1656 2435 1729 2481 his,
1766 2440 1808 2475 et
1840 2434 2194 2488 comprehendere,

277 2499 318 2534 et
339 2493 478 2535 tollere
499 2507 565 2535 eos
585 2494 626 2535 in
648 2507 730 2535 una
750 2494 825 2535 die.
875 2495 910 2518 ²⁸
930 2494 986 2535 Et
1006 2494 1212 2535 convertit
1234 2494 1369 2541 Iudas,
1393 2498 1434 2534 et
1454 2494 1655 2535 exercitus
1676 2493 1772 2542 eius,
1796 2493 1906 2535 viam
1927 2493 1968 2534 in
1988 2493 2196 2535 desertum

278 2552 406 2593 Bosor
432 2558 609 2606 repente,
639 2558 679 2594 et
705 2552 925 2606 occupavit
951 2552 1182 2594 civitatem:
1211 2558 1252 2593 et
1278 2552 1428 2594 occidit
1454 2566 1616 2594 onmem
1643 2551 1870 2594 masculum
1897 2552 1938 2593 in
1965 2565 2032 2593 ore
2057 2551 2194 2605 gladii,

278 2617 319 2651 et
338 2611 497 2664 accepit
517 2611 655 2652 omnia
673 2611 802 2665 spolia
821 2624 973 2657 eorum,
995 2617 1036 2652 et
1055 2612 1266 2653 succendit
1286 2625 1375 2652 eam
1395 2611 1488 2665 igni.
1537 2613 1572 2635 ‘²⁹
1591 2611 1647 2652 Et
1666 2616 1930 2653 surrexerunt
1948 2611 2042 2651 inde
2062 2615 2193 2659 nocte,

279 2676 320 2710 et
345 2670 463 2710 ibant
487 2683 616 2724 usque
642 2671 693 2711 ad
719 2670 1001 2711 munitionem.
1056 2672 1093 2695 ³⁰
1118 2670 1173 2711 Et
1197 2671 1353 2711 factum
1382 2676 1443 2711 est
1468 2670 1657 2715 diluculo,
1687 2683 1778 2711 cum
1805 2669 2034 2710 elevassent
2059 2668 2196 2711 oculos

278 2742 383 2775 suos,
412 2742 502 2770 ecce
527 2729 701 2783 populus
727 2729 893 2775 multus,
922 2729 1035 2770 cuius
1061 2743 1142 2771 non
1168 2734 1256 2770 erat
1281 2742 1484 2774 numerus,
1513 2734 1726 2783 portantes
1751 2728 1891 2777 scalas,
1920 2733 1961 2769 et
1985 2727 2196 2769 machinas

279 2792 325 2828 ut
358 2788 750 2841 comprehenderent
782 2787 1066 2836 munitionem,
1103 2793 1143 2829 et
1176 2793 1461 2842 expugnarent
1494 2801 1571 2829 808.
1633 2790 1665 2812 ³¹
1699 2788 1755 2828 Et
1788 2787 1893 2829 vidit
1928 2786 2063 2834 Iudas,
2101 2786 2197 2840 quia

279 2846 404 2899 erepit
430 2846 592 2895 bellum,
620 2852 661 2887 et
686 2847 838 2888 clamor
864 2846 955 2888 belli
981 2847 1165 2888 ascendit
1190 2848 1241 2888 ad
1267 2847 1408 2888 caelum
1435 2846 1540 2888 sicut
1565 2847 1678 2893 tuba,
1706 2851 1748 2887 et
1772 2846 1925 2888 clamor
1948 2858 2121 2899 magnus
2146 2846 2196 2886 de

279 2905 464 2945 civitate:
514 2907 546 2930 ³2
567 2911 608 2946 et
629 2906 732 2947 dixit
755 2905 949 2947 exercitui
971 2919 1061 2946 suo:
1085 2906 1272 2960 Pugnate
1293 2905 1412 2947 hodie
1433 2918 1505 2959 pro
1527 2905 1722 2946 fratribus
1744 2905 1902 2946 vestris.
1951 2906 1984 2929 3³
2005 2904 2061 2945 Et
2081 2903 2196 2944 venit

279 2964 409 3004 tribus
444 2964 652 3005 ordinibus
685 2971 780 3018 post
813 2978 892 3013 eos,
928 2969 969 3005 et
1002 2964 1339 3006 exclamaverunt
1372 2965 1494 3010 tubis.
1531 2969 1573 3005 et
1605 2964 1890 3005 clamaverunt
1922 2963 1962 3004 in
1997 2963 2192 3005 oratione.

278 3024 310 3046 ²³²
334 3022 387 3062 Et
411 3029 691 3075 cognoverunt
713 3029 847 3065 castra
870 3023 1073 3064 Timothei
1097 3023 1193 3076 quia
1214 3023 1474 3064 Machabaeus
1498 3028 1570 3068 881,
1596 3028 1637 3064 81
1658 3023 1896 3076 refugerunt
1918 3035 1943 3062 a
1963 3021 2067 3063 facie
2089 3021 2192 3062 eius:

280 3086 319 3121 et
348 3088 633 3133 percusserunt
661 3095 726 3123 eos
756 3082 876 3136 plaga
902 3095 1062 3136 magna.
1094 3088 1135 3122 et
1162 3082 1396 3123 ceciderunt
1424 3096 1473 3123 ex
1500 3081 1555 3123 eis
1583 3081 1624 3122 in
1652 3081 1715 3122 die
1743 3081 1811 3122 illa
1838 3081 1920 3122 fere
1949 3085 2040 3122 octo
2068 3079 2196 3120 millia

281 3139 471 3180 virorum.
525 3143 556 3164 ³5
584 3141 636 3181 Et
663 3141 832 3182 divertit
860 3141 982 3182 Iudas
1008 3141 1048 3182 in
1074 3141 1257 3194 Maspha.
1286 3147 1327 3182 et
1351 3140 1617 3194 expugnavit,
1646 3145 1687 3181 et
1712 3140 1820 3193 cepit
1845 3153 1953 3180 eam:
1981 3144 2022 3180 et
2047 3138 2195 3180 occidit

281 3211 442 3238 onmem
477 3200 699 3240 masculum
734 3200 829 3247 eius,
864 3205 905 3240 et
937 3199 1112 3253 sumpsit
1143 3199 1272 3253 spolia
1304 3199 1399 3247 eius,
1434 3204 1476 3240 et
1507 3198 1717 3240 succendit
1749 3211 1837 3239 eam
1870 3197 1964 3252 igni.
2025 3198 2061 3221 ³⁶
2094 3196 2194 3237 Inde

281 3257 468 3309 perrexit,
500 3262 540 3297 81
569 3259 674 3310 cepit
702 3259 874 3305 Casbon,
905 3263 946 3299 et
973 3258 1151 3311 Mageth,
1182 3265 1223 3298 81
1252 3259 1389 3301 Bosor.
1421 3263 1461 3299 81
1489 3257 1663 3311 reliquas
1691 3256 1880 3298 civitates
1908 3255 2192 3297 Galaaditidis.

279 3317 313 3338 ³⁷
341 3316 434 3355 Post
460 3315 542 3355 hmo
567 3322 704 3357 autem
729 3318 854 3358 verba
877 3317 1139 3371 congregavit
1164 3317 1402 3357 Timotheus
1426 3317 1649 3357 exercitum
1674 3315 1811 3360 alium.
1837 3320 1878 3356 et
1901 3320 2035 3356 castra
2057 3313 2195 3367 posuit.

280 3380 423 3414 contra
444 3374 617 3427 Raphon
638 3381 748 3415 trans
768 3381 1003 3417 torrentem.
1049 3377 1085 3399 ³⁸
1103 3375 1159 3416 Et
1176 3375 1287 3415 misit
1308 3376 1429 3416 ludas
1447 3375 1645 3429 speculari
1663 3374 1906 3415 exercitum:
1926 3378 1967 3413 et
1984 3372 2195 3414 renuncia—

280 3438 427 3473 verunt
449 3433 494 3477 81,
519 3433 716 3473 dicentes:
740 3434 845 3482 Quia
865 3439 1145 3475 convenerunt
1167 3435 1218 3475 ad
1240 3447 1331 3475 eum
1354 3447 1493 3475 omnes
1513 3439 1666 3487 gentes,
1690 3446 1780 3487 quae
1800 3432 1840 3473 in
1862 3431 2034 3472 circuitu
2054 3435 2195 3472 nostro

280 3498 388 3536 sunt,
420 3491 619 3531 exereitus
648 3492 800 3532 multus
830 3494 966 3534 nimis:
1022 3495 1057 3517 ³⁹
1085 3498 1125 3533 et
1152 3492 1310 3533 Arabas
1338 3493 1625 3533 conduxerunt
1651 3492 1692 3532 in
1720 3490 1915 3532 auxilium
1945 3490 2032 3537 sibi,
2063 3494 2104 3530 et
2131 3502 2195 3530 88-

279 3556 363 3591 8118
395 3555 620 3603 posuerunt
651 3556 763 3590 trans
795 3558 1030 3597 torrentem.
1064 3552 1198 3605 parati
1229 3551 1280 3592 ad
1312 3555 1352 3592 te
1383 3551 1519 3593 venire
1550 3551 1591 3592 in
1621 3549 1817 3604 praelium.
1850 3549 1907 3590 Et
1937 3548 2039 3590 abiit
2071 3547 2194 3589 Iudas
