2356 3760
96 102 127 136 3.
155 103 251 139 15--4,
277 103 317 135 14
964 100 1016 133 lis
1023 99 1130 132 DRAE
1909 109 1985 148 403

99 208 220 249 quam
249 195 290 235 in
320 194 517 235 universis
545 193 884 235 sollemnitatibus
913 192 1090 236 Domini.
1121 206 1210 245 quze
1238 201 1354 234 erant
1382 201 1634 239 eonseeratae,
1666 203 1703 236 et
1732 198 1772 238 in
1801 200 1987 240 omnibus

100 255 138 294 in
159 254 305 307 quibus
323 253 430 294 ultro
450 253 696 294 offerebatur
713 264 861 291 munus
879 251 1067 291 Domino.
1118 253 1133 274 ¹³
1152 252 1185 291 A
1205 252 1333 304 primo
1354 252 1416 293 die
1436 253 1582 293 mensis
1601 255 1760 306 septimi
1780 265 1989 310 emperunt.

99 313 240 353 offerre
268 312 548 354 holocaustum
577 309 771 350 Domino:
801 322 919 362 porro
950 309 1146 362 templum
1177 310 1250 350 Dei
1279 311 1460 352 nondmn
1490 312 1706 352 fundatum
1736 320 1832 354 erat.

598 413 636 452 2.
667 412 919 453 AEdlficatio
949 412 1102 465 templi
1133 412 1227 464 Dei,
1256 415 1294 463 3,
1314 413 1437 464 7—4‚
1458 413 1496 455 5.

208 490 220 511 ⁷
245 487 454 529 Dederunt
479 492 616 525 autem
639 484 830 537 pee-unias
853 483 1015 524 latomis
1039 489 1077 525 et
1102 485 1386 525 eaementariis:
1412 486 1545 525 eibum
1572 498 1742 538 quoque,
1769 493 1807 526 et
1831 493 1987 539 potum,
2015 489 2177 514 ·¹·'*¹¹¹‘¹0³¹¹i0

100 555 141 589 et
165 547 295 588 oleum
321 543 506 588 Sidoniis,
534 543 744 596 Tyriisque
770 549 816 583 ut
840 542 1041 583 deferrent
1067 542 1176 595 ligna
1199 543 1358 583 eedrina
1385 544 1433 584 de
1462 544 1614 584 Libano
1640 545 1691 585 ad
1717 558 1826 585 mare
1855 546 1988 598 Ioppe,
2009 528 2193 552 ⁹¹⁴¹¹''⁵”‘¹¹¹¹¹³

101 607 215 646 iuxta
244 604 352 657 quod
382 607 628 656 pra¹eeperat
655 602 783 654 Cyrus
812 614 881 642 rex
910 601 1122 641 Persarum
1153 601 1219 642 eis.

207 665 222 687 ⁸
247 663 364 703 Anno
391 668 527 702 autem
554 661 729 701 seeundo
756 661 958 701 adventus
983 673 1119 701 eorum
1147 660 1199 701 ad
1225 660 1421 713 templum
1449 661 1522 701 Dei
1548 660 1588 700 in
1616 660 1830 701 Ierusalem
1856 676 1991 702 mense
2008 661 2197 720 ‘¹¹¹¹J‚¹³¹¹¹}⁰¹¹¹³

100 722 289 765 seeundo.
324 728 533 774 coeperunt
570 719 790 760 Zorobabel
826 719 929 760 lilius
962 718 1168 764 Salathiel,
1204 725 1243 760 et
1284 719 1396 759 losue
1431 719 1533 759 lilius
1571 719 1742 764 losedee,
1778 727 1814 760 et
1851 720 1991 773 reliqui
2019 703 2172 721 mmmm

100 782 149 822 de
177 781 370 822 fratribus
400 792 537 820 eorum
567 778 815 823 Sacerdotes,
848 783 889 818 et
917 777 1081 821 Levitae.
1113 783 1154 819 et.
1183 791 1321 819 omnes
1351 778 1418 830 qui
1448 783 1645 818 venerant
1674 778 1722 818 de
1751 779 1993 830 exquiritate

100 840 139 880 in
174 838 398 882 Ierusalem,
427 843 466 878 et
494 837 795 878 constituerunt
821 836 986 877 Levitas
1013 850 1037 877 a
1063 837 1206 889 viginti
1234 836 1350 877 annis
1377 842 1417 877 et.
1443 849 1576 889 supra,
1606 842 1653 876 ut.
1680 846 1861 889 urgerent
1893 850 1993 889 opus

100 898 276 939 Domini.
336 899 351 922 ⁹
378 897 583 949 Stetitque.
618 896 730 937 losue
757 903 796 937 et
826 895 894 935 tilii
923 895 1018 940 eius,
1049 901 1088 936 et
1117 896 1263 936 fratres
1290 895 1385 939 eius,
1417 894 1633 938 t‘edmibel.
1664 901 1705 936 et
1733 895 1800 935 tilii
1829 896 1923 939 eius,
1954 903 1989 935 et

101 957 169 998 lilii
194 957 308 1005 luda,
334 955 449 1010 quasi
471 955 533 995 vir
555 968 670 998 unus.
696 961 743 996 ut
765 955 965 995 instarent
987 967 1106 1008 super
1129 968 1195 995 eos
1218 954 1285 1007 qui
1308 954 1509 995 sariebant
1537 967 1638 1006 opus
1660 954 1700 994 in
1725 954 1875 1007 templo
1900 954 1992 994 Dei:

101 1016 168 1056 filii
200 1015 412 1059 Henadad.
443 1022 483 1055 et
513 1013 581 1054 filii
611 1027 761 1056 eorum.
793 1019 833 1054 et
862 1014 1006 1054 fratres
1035 1027 1172 1054 eorum
1204 1013 1366 1054 Levitae.

207 1078 240 1099 ¹⁰
260 1074 449 1115 Fundato
471 1073 592 1125 igitur
613 1086 637 1113 a.
656 1072 921 1113 ezeinentariis
943 1072 1093 1126 templo
1116 1072 1290 1116 Domini,
1313 1077 1516 1113 steterunt.
1535 1072 1763 1112 saeerdotes
1784 1072 1823 1112 in
1844 1076 1989 1112 ornam
2009 1072 2187 1132 fflfflflfffwj

100 1148 171 1175 suo
198 1147 289 1175 cum
316 1133 444 1174 tubis:
473 1139 514 1173 et.
539 1132 693 1172 Levitae
718 1131 786 1172 filii
814 1131 951 1184 Asapli
979 1131 1018 1171 in
1045 1131 1252 1184 eymbalis,
1282 1136 1328 1171 ut,
1354 1130 1567 1171 laudarent
1596 1130 1724 1170 Deum
1752 1143 1822 1184 per
1848 1143 1991 1170 manus
2026 1115 2182 1168 'lifflkilssul-f?

100 1193 236 1233 David
257 1192 359 1246 regis
382 1191 514 1232 lsrael.
567 1193 594 1214 ¹¹
619 1190 671 1231 Et
695 1191 962 1231 eoneinebant
986 1190 1024 1230 in
1047 1190 1220 1243 liymnis,
1244 1196 1285 1230 et
1306 1189 1554 1230 confessione
1575 1189 1769 1229 Domino:
1793 1189 1992 1237 Quoniam

102 1253 242 1298 bonus,
269 1251 459 1305 quoniam
485 1251 524 1290 in
548 1256 743 1290 aeternum
769 1249 1041 1290 miserieordia
1063 1249 1146 1289 eius
1169 1261 1289 1301 super
1314 1247 1446 1288 lsrael.
1473 1247 1615 1287 Omnis
1639 1261 1799 1300 quoque
1823 1247 1995 1300 populus

100 1311 401 1352 vociferabatur
435 1309 609 1350 elamore
643 1322 789 1361 magno
826 1308 864 1348 in
901 1308 1105 1348 laudando
1140 1307 1374 1350 Dominum,
1412 1319 1456 1347 eo
1494 1306 1603 1359 quod
1637 1306 1855 1346 fundatum
1892 1313 1990 1346 esset

103 1370 298 1423 templum
320 1368 497 1410 Domini.
546 1370 577 1391 ¹²
595 1367 757 1420 plurimi
776 1367 899 1407 etiam
919 1367 968 1407 de
987 1366 1274 1406 Sacerdotibus
1293 1371 1331 1405 et
1354 1365 1516 1408 Levitis.
1539 1371 1579 1405 et
1600 1365 1798 1418 principes
1817 1370 1993 1417 patrum,

101 1435 141 1470 et
168 1428 352 1472 seniores,
383 1427 450 1480 qui
477 1427 665 1466 viderant
692 1425 889 1478 templum
918 1425 1027 1478 prius
1053 1437 1145 1465 eum
1172 1425 1390 1464 {ululatum
1419 1432 1534 1468 esset,
1563 1429 1598 1464 et
1629 1424 1705 1464 hoe.
1733 1423 1930 1476 templum
1956 1423 1994 1463 in

101 1487 225 1528 oeulis
243 1499 394 1531 eorum,
417 1485 572 1525 flebant
590 1497 687 1525 voee
706 1497 871 1535 magna:
892 1490 932 1524 et
950 1483 1068 1524 multi
1087 1483 1355 1524 vociferantes
1373 1483 1412 1523 in
1432 1482 1584 1526 la‘titia.
1605 1482 1819 1523 elevabant
1840 1495 1992 1523 vocem.

104 1549 133 1570 ¹²³
166 1546 248 1586 Nee-
279 1551 442 1598 poterat
474 1544 689 1597 quisquam
722 1556 935 1595 agnoscere.
967 1555 1107 1584 voeem
1140 1541 1324 1583 clamoris
1356 1541 1595 1585 laetantium,
1630 1548 1671 1582 et
1702 1555 1841 1582 voeem
1878 1541 1995 1581 fletus

102 1604 257 1658 populi:
282 1603 536 1645 commixtim
560 1603 665 1643 enim
689 1601 861 1655 populus
885 1602 1186 1642 wwiferabatur
1208 1601 1381 1642 elamore
1403 1614 1562 1649 magno,
1587 1606 1627 1641 et
1650 1613 1731 1641 vox
1753 1600 1996 1641 audiebatur

103 1663 250 1717 proeul.

205 1722 242 1765 ⁴.
300 1724 311 1746 ¹
340 1721 569 1762 Audieruut.
596 1728 732 1761 autem
762 1720 898 1761 hostes
929 1720 1049 1764 ludam
1079 1726 1116 1760 et
1151 1720 1372 1763 Beniamin,
1404 1719 1500 1772 quia.
1527 1718 1593 1758 lilii
1622 1718 1875 1771 eaptivitatis
1903 1718 1994 1758 zedi-
2023 1720 2179 1744 *rdfflfflssw

2056 1762 2145 1785 nsque

105 1784 271 1822 liearent.
288 1781 486 1834 templum
506 1780 682 1821 Domino
702 1780 787 1820 Deo
811 1778 948 1819 lsrael:
995 1781 1010 1803 2
1028 1786 1065 1819 et
1087 1779 1323 1819 aeeedentes
1342 1778 1392 1818 ad
1413 1777 1646 1822 Zorobabel,
1667 1784 1707 1818 et
1726 1777 1777 1817 ad
1796 1777 1994 1830 prineipes
2010 1791 2046 1815 aa
2073 1791 2191 1814 immun

103 1848 265 1894 patrum
302 1840 493 1881 dixerunt.
527 1839 599 1880 eis:
637 1839 896 1879 AEdilieemus
932 1838 1152 1881 vobiscum.
1191 1837 1286 1890 quia
1320 1837 1378 1877 ita
1412 1842 1452 1877 ut
1492 1850 1575 1879 vos,
1613 1836 1828 1889 quaerimus
1865 1836 1992 1876 Deum
2019 1833 2034 1850 ²¹
2059 1826 2182 1885 ssssffissfl'

102 1906 301 1941 vestrnm:
330 1912 419 1939 eeee
446 1911 519 1939 nos
545 1897 845 1938 immolavimus
872 1897 1059 1937 victimas
1086 1910 1110 1937 a
1135 1896 1276 1937 diebus
1303 1896 1403 1936 Asor
1433 1895 1607 1935 lladdan
1636 1895 1735 1947 regis
1763 1895 1897 1939 Assur,
1928 1894 1994 1947 qui
2018 1897 2184 1926 imvfflflssss'·

102 1959 273 1999 adduxit
303 1971 376 1998 nos
402 1958 491 1998 hue.
546 1959 562 1981 ³
592 1957 644 1997 Et
670 1956 774 1997 dixit
801 1956 855 1996 eis
883 1955 1116 1998 Zorobabel.
1146 1963 1187 1995 et
1220 1955 1343 1998 losue,
1372 1960 1409 1995 et
1439 1954 1579 2007 reliqui
1608 1953 1806 2007 principes
1833 1960 1995 2006 patrum

110 2017 244 2058 lsrael:
276 2017 364 2057 Non
392 2023 451 2057 est
479 2015 594 2057 vobis
620 2022 661 2056 et
686 2015 802 2056 nobis
829 2022 873 2055 ut
900 2014 1142 2055 aedificemus
1169 2014 1334 2054 donmm
1363 2014 1449 2054 Deo
1476 2020 1626 2056 nostro,
1655 2013 1723 2052 sed
1750 2012 1898 2065 nosipsi
1926 2011 1996 2052 soli

102 2076 392 2117 a=dilieabimus
412 2075 588 2115 Domino
611 2075 694 2114 Deo
715 2082 865 2116 nostro,
889 2074 989 2113 sieut
1012 2072 1199 2126 prawepit
1223 2073 1337 2113 nobis
1357 2074 1484 2124 Cyrus
1504 2085 1572 2111 rex
1596 2072 1818 2111 Persarum.
1866 2073 1880 2094 ¹
1903 2071 1997 2110 Fae-

104 2144 189 2176 tum
218 2142 279 2175 est
304 2134 427 2186 igitur
451 2139 498 2174 ut
523 2133 696 2186 populus
723 2139 838 2173 terra=
865 2132 1075 2185 impediret·
1105 2144 1248 2172 manus
1274 2130 1410 2184 populi
1445 2131 1562 2175 ludze,
1591 2137 1631 2170 et
1657 2131 1837 2170 turbaret
1866 2142 1932 2169 eos
1958 2129 1996 2169 in

101 2194 350 2235 zedifieando.
378 2195 393 2217 ⁵
405 2192 696 2233 Conduxerunt
715 2198 851 2233 autem
870 2192 1062 2232 adversus
1079 2204 1145 2231 eos
1160 2190 1446 2233 consiliatores.
1462 2196 1506 2230 ut
1521 2190 1775 2230 destruerent
1789 2188 1995 2229 eonsilium

103 2267 240 2294 eorum
255 2252 597 2294 onmibusdiobus
610 2251 702 2304 syri
720 2251 821 2300 regis
837 2251 1062 2294 Persarum,
1078 2257 1115 2290 et
1134 2262 1261 2302 usque
1277 2249 1328 2289 ad
1347 2262 1510 2299 regnum
1530 2248 1636 2288 Darii
1656 2248 1756 2299 regis
1775 2248 1995 2288 Persarum.

243 2371 282 2410 3.
312 2369 493 2409 Litterae
524 2369 582 2409 ad
612 2379 909 2408 successores
940 2367 1061 2407 Darii
1093 2367 1226 2416 datae,
1255 2367 1295 2417 4,
1313 2366 1444 2406 6—23
1474 2364 1536 2416 (cf
1553 2365 1643 2406 Neh
1664 2363 1858 2415 1,1—3).

210 2444 225 2466 ¹¹
261 2442 302 2482 ln
333 2454 454 2493 regno
485 2445 621 2481 autem
653 2440 826 2483 Assueri,
859 2440 897 2480 in
929 2439 1125 2493 prineipio
1156 2438 1263 2491 regui
1295 2437 1389 2479 eius.
1423 2437 1669 2489 seripserunt
1698 2434 1995 2475 aeeusationem
2021 2438 2063 2462 ΑΛ
2087 2438 2186 2461 Asffiw·

2038 2480 2100 2497 1”11111
2121 2479 2169 2497 SOU

104 2503 298 2543 adversus
328 2500 578 2541 habita-tores
614 2499 723 2540 luda!
753 2504 794 2540 et.
829 2498 1053 2539 Ierusalem.
2044 2508 2166 2535 xerxi»...

211 2562 225 2583 ⁷
253 2560 303 2600 Et
327 2560 368 2600 in
391 2559 533 2600 diebus
556 2558 794 2599 Artaxerxis
817 2557 976 2611 sei-ipsit
1002 2556 1182 2597 Beselam
1207 2555 1476 2599 Mithridates,
1503 2559 1543 2594 et
1567 2553 1753 2598 'l‘liabeeL
1780 2558 1821 2593 et.
1843 2551 1996 2605 reliqui,
2033 2554 2172 2614 egcrffiff·

105 2620 172 2674 qui
207 2624 323 2660 erant
357 2618 396 2658 in
432 2617 595 2659 consilio
631 2630 781 2662 eornm,
832 2617 882 2658 ad
919 2617 1185 2657 Artaxerxem
1222 2628 1353 2667 regem
1393 2614 1620 2654 l'ersarum:
1657 2611 1824 2665 epistola
1861 2616 1998 2651 autem
2039 2624 2160 2663 (10111111-

104 2677 374 2719 accusationis
401 2677 553 2730 seripta
579 2681 665 2717 era-t
692 2676 866 2730 Syriaee,
896 2681 934 2716 et
965 2675 1173 2727 legebatur
1199 2686 1381 2714 sermone.
1408 2674 1520 2726 Syro.
1580 2673 1595 2695 ³
1626 2672 1752 2711 Reum
1784 2669 1998 2713 Beelteem,
2036 2660 2171 2721 ¹¹²{s¹„¹1‡{‡J¹‘

103 2743 142 2779 et
165 2737 321 2778 Samsai
344 2736 475 2777 scriba
496 2736 739 2789 seripserunt
764 2734 976 2788 epistolam
1000 2747 1123 2774 unam
1147 2733 1196 2773 de
1222 2732 1435 2773 ierusalem
1461 2730 1675 2771 Artaxerxi
1700 2728 1791 2781 regi,
1816 2728 1997 2768 huiusce-

103 2796 231 2837 modi:
286 2797 302 2820 ⁹
328 2796 458 2836 Reum
488 2794 701 2838 Beelteem,
729 2801 763 2834 et
794 2793 950 2834 Samsai
975 2793 1117 2837 seriba..
1145 2799 1183 2833 et
1210 2791 1350 2845 reliqui
1376 2790 1650 2831 eonsiliatores
1676 2800 1825 2831 eorum,
1855 2787 1994 2830 Diuaei,

103 2861 143 2896 et
171 2854 543 2908 Apha.1-satl1aohaei.
573 2852 806 2907 'l'erplialzei
839 2852 1056 2906 Apbarszei.
1088 2851 1283 2896 Erebua‘i,
1317 2849 1540 2903 Babylonii,
1570 2846 1835 2890 Susanovhaei,
1868 2845 1994 2888 bievi.

103 2921 144 2956 et
159 2913 373 2957 AElaniitae.
417 2914 453 2938 ¹⁰
466 2920 507 2953 et.
521 2913 640 2953 ceteri
657 2913 705 2952 de
721 2912 932 2956 Gentibus,
951 2924 1051 2965 quas
1068 2910 1278 2951 transtulit.
1292 2908 1530 2961 Asenapbar
1544 2918 1713 2956 magnus
1728 2911 1769 2945 et
1782 2904 1994 2957 gloriosus:

102 2979 141 3014 et
165 2973 350 3014 habitare
373 2985 440 3012 eas
462 2972 558 3012 feeit,
580 2972 618 3011 in
643 2971 881 3012 eivitatibus
903 2970 1106 3015 Samariae,
1131 2976 1172 3010 et>
1195 2969 1233 3009 in
1257 2967 1418 3021 reliquis
1442 2965 1668 3016 regionibus
1693 2971 1805 3004 trans
1828 2963 1995 3004 Flumen

104 3033 142 3072 in
169 3045 286 3086 paee:
340 3033 389 3084 (¹¹
419 3031 506 3071 Hoe
532 3036 593 3071 est.
619 3030 826 3083 exemplar
851 3029 1042 3083 epistolze,
1072 3041 1194 3082 quam
1222 3027 1417 3067 miserunt
1445 3026 1495 3065 ad
1523 3024 1632 3068 eum)
1659 3022 1875 3063 Artaxerxi
1901 3021 1993 3073 regi.

102 3091 205 3131 servi
235 3090 307 3135 tui,
339 3090 412 3130 viri
444 3089 511 3143 qui
540 3095 634 3129 sunt
665 3095 777 3129 trans
809 3088 1009 3131 Fluvium,
1040 3087 1212 3128 salutem
1243 3086 1395 3127 dieunt.
1456 3086 1484 3107 ¹2
1517 3084 1666 3123 Notum
1698 3082 1751 3122 sit
1779 3081 1870 3133 regi,
1903 3081 1998 3133 quia

109 3150 242 3194 ludaei,
278 3149 345 3203 qui
379 3149 646 3189 ascenderunt
680 3160 704 3187 a
736 3153 776 3188 te
808 3148 858 3188 ad
893 3160 976 3190 nos,
1011 3153 1209 3187 venerunt
1243 3145 1281 3185 in
1323 3142 1532 3183 lerusalem
1566 3141 1776 3181 civitatem
1810 3139 1995 3180 rebellem

102 3214 143 3250 et
176 3209 405 3262 pessimam,
444 3220 565 3261 quam
602 3206 803 3247 aedificant
840 3212 1073 3246 extruentes
1108 3218 1244 3245 nmros
1279 3203 1373 3244 eius.
1411 3208 1452 3241 et>
1487 3200 1659 3254 parietes
1695 3204 1993 3251 eoiiiponentes.

104 3269 135 3292 ¹³
162 3268 278 3308 Nune.
303 3267 425 3319 igitur
448 3272 591 3307 notum
619 3265 671 3305 sit
695 3265 787 3318 regi,
816 3265 912 3318 quia
936 3264 966 3304 si
991 3264 1136 3305 eivitas
1161 3263 1225 3303 illa
1252 3261 1453 3302 redilieata
1478 3259 1609 3301 fuerit.
1637 3263 1678 3298 et,
1702 3257 1805 3297 muri
1831 3257 1913 3297 eius
1939 3256 1994 3295 in-

101 3326 286 3372 staurati,
318 3325 531 3368 tributum.
562 3330 601 3365 et
630 3324 815 3377 vectigal,
845 3329 887 3364 et.
913 3336 1070 3364 annuos
1097 3322 1250 3363 reditus
1277 3332 1356 3361 non
1385 3320 1556 3363 dabunt,
1587 3325 1627 3357 et
1655 3329 1781 3369 usqne
1808 3316 1858 3355 ad
1888 3326 1994 3365 reges

101 3385 185 3426 haee
215 3397 324 3427 noxa
354 3384 571 3437 perveniet.
633 3385 662 3407 ¹⁴
697 3383 778 3424 Nos
808 3388 944 3423 autem
977 3394 1174 3422 memores
1204 3379 1307 3421 salis.
1342 3378 1449 3431 quod
1480 3378 1519 3417 in
1552 3375 1703 3430 palatio
1734 3373 1990 3414 eomedinms.

101 3452 141 3485 et
168 3444 264 3498 quia
288 3443 468 3484 lzesiones
494 3442 594 3495 regis
622 3441 757 3482 videre
783 3441 896 3481 nefas
922 3441 1117 3482 dueimus.
1147 3439 1292 3479 ideireo
1319 3437 1500 3477 misimus
1527 3443 1561 3476 et
1593 3433 1872 3475 nuneiavimus
1898 3427 1988 3479 regi.

1710 3501 1782 3540 203*
