2356 3760
88 161 143 201 22,
168 159 311 199 27-24,
336 158 356 192 5
855 156 1228 191 DEUTERONOMII
1915 164 1989 204 163

91 258 233 294 contra
258 253 428 292 fratrem
455 263 586 298 suum,
616 254 657 290 et
684 249 832 290 occidit
859 249 1038 289 animam
1066 249 1161 296 eius,
1191 248 1250 289 ita
1276 254 1318 289 et
1343 249 1478 302 puella
1503 263 1693 303 perpessa
1719 258 1790 294 est.
1845 256 1878 278 2⁷
1906 254 1989 294 sola

91 316 178 352 erat
207 311 249 351 in
279 323 393 363 agro:
425 307 631 355 clamavit,
664 311 705 347 et
735 307 867 347 nullus
900 307 1019 347 affuit
1050 307 1118 360 qui
1148 307 1337 347 liberaret
1367 320 1468 348 eam.

196 371 230 393 2⁸
252 369 313 410 aSi
330 366 531 409 invenerit
548 365 610 406 vir
626 365 803 418 puellam
823 365 1031 418 virginem,
1053 378 1142 418 quae
1160 378 1241 406 non
1258 366 1384 406 habet
1401 378 1607 418 sponsum,
1628 372 1669 407 et
1687 369 1989 421 apprehendens
2009 370 2036 415 ⁸}
2058 375 2113 393 ⁰0¹¹
2134 369 2177 392 2¹⁹·

91 427 355 469 concubuerit
381 438 473 466 cum
499 424 579 472 illa,
609 428 650 464 et
675 436 736 464 res
764 424 816 464 ad
842 424 1037 464 iudicium
1063 424 1238 464 venerit:
1293 426 1328 447 2⁹
1355 424 1471 464 dabit
1499 424 1567 477 qui
1594 425 1787 466 dormivit
1814 439 1905 466 cum
1932 441 1989 471 ea,
2018 405 2168 432 woman*

91 487 199 540 patri
224 485 367 540 puellae
393 482 692 537 quinquaginta
717 481 833 523 siclos
859 482 1027 535 argenti,
1056 486 1097 523 et
1122 482 1292 522 habebit
1318 495 1406 522 eam
1433 495 1612 531 uxorem,
1642 484 1737 536 quia
1761 484 1994 525 humiliavit

90 545 220 586 illam:
250 557 332 584 non
361 542 513 596 poterit
542 540 747 582 dimittere
777 553 867 581 earn
896 540 1052 581 cunctis
1083 540 1224 581 diebus
1254 540 1349 581 vitae
1378 553 1470 581 suae.

198 605 236 629 ³⁰
266 602 358 643 Non
389 600 564 654 accipiet
592 599 714 641 homo
745 612 916 640 uxorem
945 599 1075 653 patris
1105 599 1178 647 sui,
1220 612 1294 639 nec
1322 599 1525 640 revelabit
1556 600 1855 653 operimentum
1895 602 1990 642 eius.
2027 599 2167 657 &12:33⁹

195 666 259 710 23.
315 668 328 690 1
367 665 460 706 Νο11
495 663 668 704 intrabit
705 663 912 704 eunuchus
951 663 1104 703 attritis
1142 662 1206 703 vel
1244 663 1468 716 amputatis
1506 663 1702 704 testiculis
1740 670 1781 705 et
1818 665 1993 705 abscisso
2010 640 2187 704 desarcenhis

92 730 263 775 veretro,
292 723 500 766 ecclesiam
527 721 705 763 Domini.
764 724 778 747 2
808 722 899 762 Non
926 721 1174 775 ingredietur
1200 734 1388 769 mamzer,
1418 722 1504 774 hoc.
1522 726 1593 769 est,
1624 722 1673 762 de
1700 728 1831 763 scorto
1859 728 1992 771 natus,
2005 715 2198 775 emfflmffl'

90 785 132 825 in
154 784 363 826 ecclesiam
384 781 562 825 Domini,
587 794 714 834 usque
737 780 790 821 ad
811 780 1011 821 decimam
1032 780 1346 834 generationem.
1397 782 1412 804 3
1437 780 1712 821 bAmmonites
1735 785 1775 821 et
1796 781 1995 821 Moabites
2104 769 2124 779 η

92 843 217 884 etiarn
243 847 337 896 post
364 840 563 882 decimam
589 838 892 893 generationem
920 851 1001 880 non
1028 838 1244 879 intrabunt
1271 838 1479 879 ecclesiam
1505 839 1683 884 Domini,
1712 839 1752 879 in
1780 844 1994 879 aeternum:

91 904 107 927 ⁴¹
139 901 234 956 quia
263 900 482 942 noluerunt
511 898 627 939 vobis
660 910 864 938 occurrere
895 910 987 938 curn
1018 910 1123 951 pane
1154 903 1196 938 et
1226 910 1333 950 aqua
1363 897 1404 937 in
1434 897 1502 937 via
1533 897 1696 950 quando
1727 898 1871 951 egressi
1902 898 1996 938 estis

93 961 141 1002 de
169 960 367 1014 AEgypto:
397 963 438 999 et
466 957 562 1011 quia
588 957 873 997 conduxerunt
900 961 1042 997 contra
1070 961 1110 997 te
1139 956 1309 996 Balaam
1339 955 1466 996 filium
1495 956 1599 996 Beer
1626 956 1675 996 de
1702 956 1998 1009 Mesopotamia

92 1019 230 1073 Syriae‚
260 1023 308 1060 ut
334 1016 594 1058 malediceret
621 1015 714 1056 tibi:
769 1017 785 1039 5
814 1020 855 1055 et
882 1015 1013 1055 noluit
1040 1015 1241 1056 Dominus
1268 1015 1379 1055 Deus
1408 1019 1502 1055 tuus
1532 1014 1669 1055 audire
1700 1014 1880 1063 Balaam,
1912 1027 1998 1055 ver-

93 1078 226 1132 titque
257 1075 585 1118 maledictionem
616 1074 698 1115 eius
729 1074 770 1114 in
801 1074 1124 1115 benedictionem
1156 1079 1283 1117 tuam,
1317 1086 1362 1114 eo
1395 1073 1503 1126 quod
1534 1073 1718 1127 diligeret
1747 1078 1798 1114 te.
1861 1075 1876 1097 ⁶
1907 1073 1998 1114 Non

93 1136 215 1178 facies
236 1149 329 1176 cum
349 1135 404 1176 eis
424 1146 578 1188 pacem,
602 1146 674 1173 nec
695 1145 850 1186 quaeras
871 1132 926 1174 eis
948 1133 1056 1173 bona
1075 1132 1231 1173 cunctis
1252 1132 1393 1173 diebus
1415 1132 1510 1172 vitae
1530 1136 1612 1172 tuae
1631 1132 1672 1171 in
1692 1132 1995 1185 sempiternum.

96 1197 110 1219 ⁷
136 1196 229 1237 Non
254 1192 553 1236 abominaberis
580 1192 819 1239 Idumaeum,
848 1191 944 1244 quia
967 1192 1093 1232 frater
1117 1196 1212 1232 tuus
1237 1196 1315 1232 est:
1342 1204 1415 1231 nec
1440 1190 1692 1243 AEgyptium,
1721 1191 1816 1243 quia
1840 1190 1999 1231 advena

94 1254 208 1295 fuisti
223 1254 265 1294 in
281 1258 389 1294 terra
404 1252 499 1293 eius.
548 1253 562 1274 s
579 1250 656 1299 Qui
673 1250 759 1291 nati
775 1250 927 1291 fuerint
943 1264 991 1290 ex
1008 1250 1075 1298 eis,
1093 1250 1216 1291 tertia
1230 1249 1489 1303 generatione
1504 1248 1720 1289 intrabunt
1735 1249 1775 1289 in
1791 1249 1999 1289 ecclesiam

94 1312 270 1354 Domini.

201 1374 216 1396 ⁹
249 1370 422 1420 Quando
455 1381 634 1422 egressus
666 1368 788 1409 fueris
822 1367 1015 1408 adversus
1047 1367 1183 1407 hostes
1216 1371 1308 1407 tuos
1340 1366 1381 1406 in
1414 1378 1606 1419 pugnam,
1641 1366 1842 1406 custodies
1875 1370 1915 1406 te
1948 1365 2000 1405 ab
2020 1365 2054 1425 2³.ss
2077 1365 2187 1424 Πωῗᾰῑ·

95 1430 205 1472 omni
223 1443 264 1471 re
281 1428 403 1470 mala.
449 1430 485 1452 1⁰
501 1427 541 1468 Si
558 1426 681 1467 fuerit
698 1427 804 1467 inter
821 1439 892 1466 vos
910 1426 1044 1471 homo,
1066 1425 1134 1478 qui
1152 1430 1351 1465 nocturno
1370 1424 1549 1477 pollutus
1567 1424 1621 1464 sit
1638 1424 1805 1471 somnio,
1826 1423 2000 1477 egredie-
2031 1407 2063 1424 '¹³
2075 1406 2188 1464 rffiz’ro-

95 1495 162 1530 tur
188 1494 305 1530 extra
332 1492 476 1535 castra,
534 1488 563 1509 ¹¹
591 1490 632 1525 et
659 1498 739 1526 non
767 1490 1004 1529 revertetur,
1034 1484 1272 1537 priusquam
1301 1483 1352 1524 ad
1379 1495 1591 1536 vesperam
1618 1482 1779 1523 lavetur
1806 1495 1930 1536 aqua:
1960 1486 2001 1523 et

95 1553 189 1602 post
210 1547 302 1589 solis
327 1558 515 1588 occasum
539 1544 788 1597 regredietur
812 1543 852 1584 in
877 1548 1021 1584 castra.
1078 1545 1108 1567 12
1134 1542 1314 1583 Habebis
1336 1541 1470 1582 locum
1492 1546 1610 1583 extra
1633 1546 1778 1587 castra,
1806 1541 1858 1581 ad
1880 1553 2001 1594 quem

95 1606 309 1661 egrediaris
340 1605 392 1646 ad
425 1603 621 1657 requisita
654 1608 822 1649 naturae,
887 1604 917 1626 ¹3
949 1614 1089 1656 gerens
1124 1600 1321 1655 paxillum
1355 1601 1395 1641 in
1430 1599 1577 1641 balteo.
1622 1613 1796 1654 cumque
1838 1599 1999 1648 sederis,

95 1665 222 1707 fodies
255 1677 327 1719 per
359 1663 585 1711 circuitum,
614 1667 655 1702 et
680 1666 816 1714 egesta
841 1661 966 1702 humo
993 1660 1145 1714 operies
1199 1662 1229 1685 ¹⁴
1255 1673 1335 1713 quo
1361 1659 1564 1700 relevatus
1590 1673 1629 1699 es
1654 1659 1871 1711 (Dominus
1894 1658 2001 1699 enim

95 1726 205 1766 Deus
231 1730 327 1765 tuus
353 1721 540 1763 ambulat
559 1720 599 1761 in
620 1720 753 1761 medio
775 1725 1012 1767 castrorum,
1036 1724 1083 1760 ut
1103 1725 1219 1760 eruat
1240 1724 1291 1762 te,
1315 1724 1355 1758 et
1375 1718 1515 1758 tradat
1536 1718 1609 1758 tibi
1631 1718 1812 1758 inimicos
1833 1718 1944 1771 tuos)
1961 1721 2003 1757 et

96 1783 178 1825 sint
198 1788 333 1824 castra
352 1786 426 1822 tua
454 1784 607 1826 sancta,
640 1784 681 1819 et
708 1777 808 1819 nihil
836 1779 876 1819 in
906 1779 960 1819 eis
991 1783 1188 1831 appareat
1217 1777 1418 1818 foeditatis
1448 1790 1496 1817 ne
1526 1776 1781 1830 derelinquat
1808 1782 1860 1817 te.

200 1843 232 1866 ¹5
253 1841 345 1882 Non
370 1840 505 1880 trades
531 1851 694 1878 servum
713 1837 891 1878 Domino
917 1851 1001 1881 suo,
1043 1837 1109 1890 qui
1138 1837 1189 1876 ad
1215 1842 1254 1877 te
1280 1835 1517 1889 confugerit.
1573 1837 1607 1859 ¹⁶
1632 1835 1839 1876 habitabit
1863 1839 1999 1875 tecum
2036 1839 2070 1878 ae
2090 1845 2173 1878 ,servo

97 1902 137 1942 in
162 1900 262 1950 loco,
292 1899 360 1954 qui
387 1899 421 1939 ei
447 1897 657 1952 placuerit,
686 1902 727 1937 et
752 1896 793 1937 in
820 1910 901 1936 una
928 1895 1090 1936 urbium
1117 1901 1281 1936 tuarum
1308 1895 1549 1948 requiescet:
1577 1907 1626 1935 ne
1653 1894 1866 1935 contristes
1893 1905 1997 1933 eum.
2039 1874 2172 1905 mg't'm'

202 1961 235 1984 1⁷
264 1959 356 2000 Non
383 1957 459 1998 erit
485 1956 676 1997 meretrix
703 1956 751 1996 de
781 1955 940 1995 filiabus
970 1954 1104 2003 Israel,
1134 1967 1206 1995 nec
1233 1958 1434 1994 scortator
1460 1953 1508 1993 de
1539 1952 1629 1993 filiis
1658 1951 1791 1993 Israel.
1849 1953 1882 1975 1²3
1910 1951 2001 1991 Non
2023 1949 2057 1974 de
2078 1949 2188 1977 50011111

97 2019 238 2060 offeres
262 2017 490 2058 mercedem
514 2013 740 2069 prostibuli,
768 2027 840 2054 nec
865 2014 1041 2067 pretium
1067 2013 1175 2053 canis
1200 2012 1241 2053 in
1267 2012 1387 2053 domo
1412 2011 1577 2051 Domini
1602 2011 1677 2051 Dei
1703 2011 1775 2059 tui,
1804 2009 2002 2063 quidquid

97 2077 197 2119 illud
217 2081 279 2118 est
300 2075 410 2130 quod
429 2073 607 2115 voveris:
632 2073 727 2126 quia
747 2073 998 2113 abominatio
1020 2076 1081 2112 est
1101 2077 1321 2124 utrumque
1343 2070 1453 2124 apud
1472 2069 1695 2110 Dominum
1716 2070 1849 2110 Deum
1870 2073 2001 2109 tuum.

203 2138 237 2160 1⁹
265 2135 357 2176 Non
383 2132 601 2174 foenerabis
628 2131 745 2172 fratri
773 2136 844 2172 tuo
873 2132 925 2171 ad
952 2143 1118 2171 usuram
1146 2130 1372 2183 pecuniam,
1403 2141 1475 2168 nec
1502 2129 1647 2182 fruges,
1677 2141 1750 2168 nec
1778 2126 2004 2181 quamlibet
2029 2124 2063 2149 ‘³³
2091 2130 2184 2152 ⁰³¹¹&

99 2195 221 2236 aliam
248 2207 351 2235 rem:
408 2194 444 2216 '20
471 2191 542 2232 sed
571 2190 712 2231 alieno.
743 2190 876 2231 Fratri
906 2195 1044 2230 autem
1074 2194 1145 2229 tuo
1175 2189 1328 2241 absque
1358 2200 1480 2228 usura
1508 2187 1560 2235 id,
1593 2200 1672 2240 quo
1701 2186 1866 2239 indiget,
1898 2198 2005 2227 com-

99 2253 302 2295 modabis:
335 2256 382 2292 ut
410 2250 626 2292 benedicat
655 2249 730 2290 tibi
759 2249 959 2289 Dominus
989 2248 1099 2289 Deus
1130 2253 1225 2288 tuus
1255 2247 1295 2287 in
1326 2246 1435 2287 omni
1467 2258 1585 2299 opere
1615 2252 1686 2286 tuo
1716 2245 1756 2286 in
1787 2245 1920 2293 Terra,
1953 2244 2005 2284 ad

101 2326 224 2367 quam
251 2310 483 2365 ingredieris
511 2308 810 2363 possidendam.

204 2373 236 2396 2¹
262 2370 365 2412 Cum
389 2373 535 2410 votum
561 2367 719 2408 voveris
745 2367 923 2408 Domino
949 2366 1036 2407 Deo
1063 2371 1146 2411 tuo,
1176 2378 1256 2406 non
1283 2364 1465 2405 tardabis
1492 2363 1675 2404 reddere:
1705 2363 1801 2416 quia
1825 2362 2004 2415 requiret
2036 2361 2071 2386 ‘¹³
2092 2360 2177 2390 V⁰ti³=

102 2431 202 2472 illud
222 2429 423 2471 Dominus
445 2428 556 2468 Deus
579 2431 686 2467 tuus.
712 2430 753 2467 et
774 2425 806 2466 si
828 2430 1010 2467 moratus
1033 2425 1168 2471 fueris,
1192 2423 1453 2477 reputabitur
1475 2422 1549 2463 tibi
1571 2422 1611 2462 in
1634 2426 1859 2475 peccatum.
1911 2422 1942 2444 2²
1964 2419 2005 2460 Si

101 2488 274 2531 nolueris
295 2486 485 2542 polliceri,
510 2485 664 2539 absque
685 2490 853 2538 peccato
875 2484 962 2525 eris.
999 2479 1046 2508 *23
1067 2483 1187 2532 Quod
1208 2487 1347 2523 autem
1369 2480 1491 2522 semel
1513 2493 1714 2534 egressum
1737 2484 1798 2520 est
1819 2480 1867 2520 de
1888 2478 2006 2519 labiis

102 2549 194 2597 tuis,
225 2545 471 2594 observabis,
501 2549 543 2585 et
569 2544 691 2585 facies
719 2543 824 2584 sicut
850 2542 1071 2597 promisisti
1099 2542 1276 2583 Domino
1304 2541 1391 2581 Deo
1420 2545 1504 2587 tuo,
1535 2544 1576 2580 et
1601 2539 1765 2593 propria
1792 2538 2006 2579 voluntate

103 2612 144 2648 et
173 2619 239 2648 ore
268 2611 340 2647 tuo
368 2604 528 2646 locutus
558 2616 611 2644 es.

207 2667 239 2690 2⁴
268 2665 474 2719 Ingressus
502 2662 666 2703 vineam
692 2661 867 2714 proximi
894 2661 967 2709 tui,
998 2660 1163 2701 comede
1190 2672 1292 2700 uvas
1322 2662 1524 2712 quantum
1551 2657 1627 2697 tibi
1654 2655 1869 2710 placuerit:
1898 2655 2005 2696 foras
2041 2656 2176 2716 ξθῖἰὶξζξξ

103 2729 242 2767 autem
267 2737 318 2765 ne
346 2722 486 2763 efferas
514 2726 663 2762 tecum.
718 2721 750 2743 2⁵
776 2719 818 2760 Si
844 2719 1058 2760 intraveris
1085 2719 1127 2759 in
1154 2723 1331 2772 segetem
1359 2716 1477 2757 amici
1504 2717 1577 2765 tui,
1606 2716 1766 2768 franges
1793 2714 1935 2767 spicas,
1966 2718 2007 2753 et
2171 2710 2176 2717 '

103 2797 228 2824 manu
261 2786 461 2823 conteres:
495 2779 597 2820 falce
630 2783 769 2819 autem
800 2791 882 2819 non
914 2783 1054 2819 metes.

208 2847 272 2891 24.
327 2849 342 2871 1
365 2845 406 2888 Si
437 2843 655 2898 cacceperit
676 2843 799 2884 homo
824 2856 1004 2891 uxorem,
1031 2847 1072 2883 et
1094 2841 1285 2883 habuerit
1309 2854 1410 2889 eam,
1437 2846 1479 2881 et
1502 2853 1583 2881 non
1606 2838 1807 2878 invenerit
1830 2837 2005 2891 gratiam
2038 2836 2181 2895 ‘ffissgg'ge

105 2911 200 2948 ante
227 2905 362 2948 oculos
390 2904 473 2945 eius
500 2906 667 2957 propter
693 2901 873 2955 aliquam
899 2902 1149 2943 foeditatem:
1179 2901 1328 2941 scribet
1352 2899 1533 2940 libellum
1559 2896 1727 2951 repudii,
1757 2901 1798 2936 et
1825 2896 1941 2937 dabit
1966 2895 2007 2935 in

106 2979 230 3006 manu
257 2964 375 3011 illius,
406 2967 448 3004 et
475 2962 659 3003 dimittet
687 2974 777 3001 earn
806 2961 854 3001 de
884 2961 1004 3002 domo
1034 2973 1118 3001 sua.
1175 2961 1190 2983 '³
1218 2959 1400 3012 Cumque
1429 2970 1587 3012 egressa
1615 2955 1789 2996 alterum
1817 2954 2012 2995 maritum

105 3024 280 3072 duxerit,
335 3025 351 3047 3
377 3026 419 3063 et
443 3021 509 3062 ille
537 3032 698 3074 quoque
726 3019 857 3060 oderit
883 3033 985 3068 eam,
1015 3018 1252 3072 dederitque
1280 3018 1314 3058 ei
1340 3017 1521 3058 libellum
1547 3014 1717 3068 repudii,
1747 3018 1788 3054 et
1814 3012 2012 3054 dimiserit

106 3083 156 3124 de
182 3083 303 3124 domo
329 3094 414 3129 sua,
441 3079 506 3120 vel
531 3084 638 3119 certe
664 3083 849 3119 mortuus
874 3078 1015 3119 fuerit:
1069 3080 1084 3102 4
1110 3091 1191 3118 non
1216 3076 1368 3130 poterit
1393 3076 1501 3129 prior
1525 3073 1695 3115 maritus
1721 3073 1895 3126 recipere
1921 3084 2010 3112 eam

106 3142 149 3182 in
172 3153 360 3182 uxorem:
388 3139 484 3192 quia
507 3137 666 3191 polluta
690 3141 762 3185 est,
791 3142 832 3177 et
857 3136 1141 3178 abominabilis
1166 3136 1278 3176 facta
1302 3139 1364 3176 est
1388 3147 1524 3175 coram
1547 3131 1744 3174 Domino:
1772 3144 1821 3171 110
1846 3142 2011 3184 peccare

106 3200 230 3241 facias
260 3199 425 3240 Terram
453 3202 581 3245 tuam,
613 3208 737 3250 quam
764 3195 964 3236 Dominus
992 3196 1103 3236 Deus
1132 3200 1227 3235 tuus
1256 3193 1471 3234 tradiderit
1498 3192 1573 3233 tibi
1601 3190 1899 3245 possidendam.

211 3260 226 3283 5
246 3258 348 3299 Cum
369 3255 568 3309 acceperit
586 3254 708 3295 homo
728 3267 858 3308 nuper
876 3267 1056 3302 uxorem,
1079 3267 1161 3295 non
1180 3252 1372 3307 procedet
1392 3252 1444 3292 ad
1464 3251 1626 3299 bellum,
1648 3262 1721 3290 nec
1741 3249 1775 3289 ei
1797 3247 2006 3301 quippiam
2046 3248 2174 3306 ffgaffiff

107 3316 360 3358 necessitatis
384 3315 619 3368 iniungetur
642 3311 826 3366 pubficae,
854 3314 924 3354 sed
950 3313 1117 3354 vacabit
1142 3312 1295 3365 absque
1321 3310 1441 3364 culpa
1465 3310 1576 3352 domi
1601 3321 1694 3352 suae,
1723 3312 1769 3348 ut
1794 3319 1874 3347 uno
1902 3318 2007 3346 anno
2162 3299 2167 3305 ’

108 3375 270 3416 laetetur
297 3387 391 3415 cum
419 3385 544 3414 uxore
573 3385 657 3413 sua.

240 3489 281 3524 28
305 3489 379 3523 aEx
403 3490 456 3530 22,
481 3489 532 3523 16.
559 3508 602 3513 -
625 3487 678 3529 23,
707 3486 727 3520 3
746 3485 835 3520 bNm
859 3488 912 3528 22,
937 3488 972 3528 5;
998 3486 1074 3520 Neh
1099 3486 1151 3526 13,
1177 3487 1205 3519 1.
1232 3506 1275 3510 -
1298 3484 1352 3527 24,
1375 3485 1393 3519 1
1420 3485 1489 3519 th
1510 3485 1542 3525 5,
1565 3484 1622 3522 31;
1648 3481 1700 3521 19,
1724 3481 1758 3519 7;
1783 3479 1838 3512 Mo
1859 3478 1911 3516 10,
1934 3477 1963 3509 4.

1727 3538 1800 3577 11*
