2356 3760
137 97 169 138 6,
194 98 313 138 :zo—T,
340 97 380 131 15
955 97 1219 131 SAPIENTIAE
1950 109 2025 150 607

190 196 231 232 θῖ
260 190 433 240 dilectio,
463 191 649 233 custodia
676 191 810 244 legum
840 189 943 231 illius
980 196 1058 231 est:
1149 192 1366 233 custoditio
1389 198 1526 233 autem
1552 193 1695 247 legum,
1734 201 2025 242 consummatio

112 284 115 286 -
398 250 711 303 incorruptionis
740 254 818 289 est:

139 310 174 332 2⁰
190 309 439 362 incorruptio
463 313 601 349 autem
622 307 722 348 facit
744 319 828 347 esse
851 307 1081 360 proximum
1097 308 1196 349 Deo.
1255 311 1285 332 21
1308 309 1644 363 Concupiscentia
1665 311 1802 364 itaque
1825 316 2028 367 sapientiae

400 366 564 408 deducit
594 366 645 406 ad
674 378 841 418 regnum
871 371 1126 419 perpetuum.

139 427 171 449 22
191 426 232 467 Si
257 439 348 480 ergo
374 424 631 466 delectamini
658 423 831 470 sedibus
862 429 903 464 θῖ
928 425 1095 477 sceptris
1120 437 1141 465 0
1166 438 1277 478 reges
1301 427 1451 479 populi,
1531 426 1682 480 diligite
1707 429 1958 481 sapientiam,
1985 437 2031 472 ut

399 484 439 524 in
469 488 711 536 perpetuum
756 483 941 535 regnetis.
1081 485 1113 508 ²3
1157 483 1309 537 diligite
1353 484 1487 525 lumen
1533 486 1740 539 sapientiae
1784 500 1921 528 omnes
1966 490 2031 542 qui

400 542 579 596 praeestis
608 541 779 595 populis.

295 658 395 709 ΙΙΙ.
435 658 654 709 Natura
695 658 998 723 sapientiae
1037 624 1467 722 commendatae,
1507 661 1555 721 6,
1582 661 1776 723 24—9,
1803 661 1880 712 19.

570 748 609 788 1.
641 747 865 790 Omnibus
896 749 1156 790 hominibus
1185 749 1325 802 patet,
1354 750 1393 800 6,
1412 751 1557 802 24—7,
1576 751 1615 791 6.

139 820 171 844 2⁴
190 819 287 873 quid
327 824 388 860 θεῖ
434 824 573 860 autem
621 820 832 873 sapientia.
879 825 920 860 et
967 820 1313 873 quemadmodum
1354 820 1466 861 facta
1513 820 1565 861 sit
1603 822 1790 862 referam:
1870 827 1911 863 et
1955 835 2033 863 non
2072 822 2095 845 ⁵
2099 822 2203 847 ¹0¹¹¹0¹¹

401 878 649 919 abscondam
678 892 701 919 a
729 879 844 920 vobis
874 884 1129 919 sacramenta
1156 880 1243 921 Dei.
2050 857 2227 922 'ngififiiigiug

192 937 261 977 sed
283 937 333 977 ab
362 937 477 978 initio
502 937 1022 991 nativitatisinvestigabo,
1094 944 1134 978 et
1159 951 1308 991 ponam
1334 938 1375 979 in
1399 938 1529 979 lucem
1559 939 1768 980 scientiam
1797 939 1912 985 illius,
1997 944 2038 980 et

400 1009 482 1037 non
510 997 724 1050 praeteribo
755 997 988 1038 veritatem:

140 1056 171 1079 ²⁵
190 1067 320 1108 neque
349 1068 441 1095 cum
483 1054 638 1096 invidia
679 1056 913 1096 tabescente
955 1055 1031 1096 iter
1071 1056 1249 1097 habebo:
1319 1056 1511 1109 quoniam
1553 1056 1645 1097 talis
1686 1057 1806 1097 homo
1843 1069 1924 1098 non
1963 1056 2038 1097 erit

401 1114 604 1168 particeps
634 1114 853 1167 sapientiae.

140 1173 175 1196 ²⁶
191 1171 414 1213 Multitudo
437 1178 576 1213 autem
598 1173 843 1226 sapientium
866 1173 1019 1214 sanitas
1041 1177 1102 1214 θεῖ
1130 1174 1236 1215 orbis
1258 1178 1476 1214 terrarum:
1553 1178 1594 1214 et
1614 1186 1684 1213 rex
1706 1173 1864 1226 sapiens
1886 1173 2038 1215 stabili-

400 1236 586 1272 mentum
616 1231 755 1285 populi
784 1237 856 1273 est.

140 1291 174 1314 2⁷
192 1290 299 1343 Ergo
330 1290 500 1344 accipite
532 1291 785 1344 disciplinam
816 1304 886 1344 per
916 1303 1118 1331 sermones
1148 1303 1270 1338 meos
1356 1294 1397 1331 et
1426 1290 1606 1343 proderit
1635 1290 1763 1331 vobis,

142 1395 177 1438 7.
233 1397 246 1418 ¹
274 1395 372 1435 Sum
401 1396 565 1448 quidem
593 1400 634 1435 et
661 1408 732 1447 ego
760 1394 942 1435 mortalis
969 1394 1103 1442 homo,
1133 1393 1271 1443 similis
1298 1394 1498 1441 omnibus,
1580 1400 1622 1435 et
1647 1408 1697 1435 ex
1722 1407 1864 1448 genere
1892 1394 2037 1435 terreni
2078 1401 2204 1454 ,ἓξὲξ-εἶς

400 1453 516 1499 illius,
549 1453 617 1506 qui
646 1453 755 1506 prior
782 1452 916 1493 factus
945 1458 1017 1497 θεῖ,
2090 1453 2192 1490 siunins

191 1517 233 1552 et
253 1512 294 1552 in
311 1517 453 1552 ventre
477 1511 620 1552 matris
643 1511 840 1565 figuratus
865 1525 954 1552 sum
980 1524 1084 1560 caro,
1155 1513 1169 1535 2
1196 1512 1334 1552 decem
1355 1512 1555 1552 mensium
1577 1517 1758 1565 tempore
1783 1511 2038 1565 acoagulatus
2107 1507 2174 1525 ‘³³³⁰'

401 1584 490 1611 sum
524 1570 565 1611 in
599 1571 804 1624 sanguine.
894 1584 943 1611 ex
976 1570 1126 1611 semine
1159 1570 1345 1619 hominis,
1381 1575 1423 1611 θῖ
1456 1570 1752 1612 delectamento
1786 1571 1915 1612 somni
1948 1584 2040 1612 con—

401 1630 601 1671 veniente.

159 1691 175 1713 ³
192 1689 248 1729 Et
276 1701 348 1742 ego
377 1693 499 1729 natus
529 1688 664 1742 accepi
688 1702 945 1730 communem
971 1701 1115 1734 aerem,
1187 1694 1229 1729 et
1256 1689 1297 1729 in
1326 1688 1509 1729 similiter
1536 1689 1690 1730 factam
1719 1688 1847 1730 decidi
1876 1693 2036 1737 terram,

402 1752 443 1788 et
471 1747 645 1801 primam
675 1761 816 1789 vocem
846 1747 1016 1788 similem
1046 1747 1234 1788 omnibus
1264 1747 1376 1789 emisi
1405 1747 1579 1801 plorans.

160 1809 175 1831 ⁴
193 1807 234 1848 in
262 1806 553 1848 involumentis
582 1807 762 1847 nutritus
791 1820 893 1853 sum,
924 1811 966 1847 et
994 1807 1097 1847 curis
1126 1806 1295 1860 magnis.

160 1867 175 1890 ⁵
195 1866 323 1907 Nemo
371 1865 478 1906 enim
527 1879 577 1906 ex
626 1866 785 1919 regibus
829 1866 938 1906 aliud
982 1865 1129 1906 habuit
1174 1865 1406 1906 nativitatis
1456 1865 1630 1908 initium.
1721 1867 1736 1890 ⁶
1772 1865 1906 1906 bUnus
1948 1877 2039 1919 ergo

403 1924 594 1965 introitus
624 1930 685 1965 est
714 1925 902 1965 omnibus
932 1925 984 1965 ad
1013 1925 1155 1973 vitam,
1187 1929 1228 1965 et
1257 1924 1395 1965 similis
1425 1925 1569 1966 exitus.

573 2041 611 2080 2.
641 2040 785 2080 Mater
815 2042 1014 2080 omnium
1044 2041 1271 2080 bonorum
1302 2040 1387 2090 est,
1414 2041 1453 2090 7,
1474 2041 1619 2080 7—21.

160 2112 175 2133 7
194 2111 366 2164 Propter
393 2111 470 2152 hoc
499 2110 653 2164 optavi.
685 2116 726 2151 et
755 2111 877 2151 datus
916 2115 977 2151 est
1005 2109 1104 2151 mihi
1133 2123 1290 2151 sensus·
1390 2116 1431 2151 et
1458 2110 1659 2159 invocavi,
1691 2116 1733 2152 et
1761 2111 1873 2151 venit
1904 2111 1944 2151 in
1976 2124 2039 2152 me
2064 2110 2221 2170 Tffifflss?

403 2169 568 2223 spiritus
596 2169 823 2223 sapientiae:

163 2232 237 2271 Bet
265 2229 465 2283 praeposui
504 2228 614 2269 illam
650 2229 781 2282 regnis
823 2233 865 2269 et
903 2228 1077 2277 sedibus
1166 2233 1207 2268 et
1247 2228 1411 2269 divitias
1451 2228 1548 2269 nihil
1595 2242 1678 2269 esse
1717 2229 1814 2269 duxi
1854 2229 1892 2268 in
1934 2242 2038 2269 com-

404 2288 616 2342 paratione
645 2287 762 2328 illius.

162 2351 177 2372 9
202 2360 291 2388 cnec
313 2346 549 2400 comparavi
570 2346 625 2387 illi
647 2347 823 2400 lapidem
842 2347 1083 2400 pretiosum:
1162 2346 1353 2399 quoniam
1371 2359 1488 2387 omne
1513 2358 1655 2386 aurum
1678 2346 1718 2386 in
1738 2346 2039 2399 comparatione

403 2405 519 2453 illius,
546 2418 669 2446 arena
692 2410 753 2445 θεῖ
776 2405 933 2459 exigua,
1012 2410 1053 2446 et
1076 2410 1291 2458 tamquam
1314 2405 1447 2446 lutum
1472 2405 1740 2445 aestimabitur
1763 2408 1974 2457 argentum
1998 2404 2039 2444 in

404 2468 624 2517 conspectu
652 2463 768 2505 illius.

144 2527 179 2549 ¹⁰
195 2525 324 2578 Super
344 2523 517 2564 salutem
536 2528 577 2563 θῖ
594 2523 767 2576 speciem
786 2523 907 2564 dilexi
925 2523 1047 2569 illam,
1105 2528 1146 2563 et
1162 2523 1353 2577 proposui
1375 2536 1446 2576 pro
1461 2522 1548 2563 luce
1565 2522 1712 2563 habere
1729 2521 1855 2562 illam:
1914 2534 2038 2574 quon-

403 2583 484 2623 iam
514 2581 820 2636 inextinguibile
850 2588 911 2623 est
938 2581 1075 2623 lumen
1104 2582 1219 2623 illius

144 2645 173 2667 11
193 2620 424 2683 dVenerunt
446 2646 583 2682 autem
606 2641 705 2681 mihi
727 2641 864 2682 omnia
886 2642 994 2682 bona
1021 2641 1173 2694 pariter
1195 2654 1286 2681 cum
1310 2641 1387 2689 illa,
1465 2645 1505 2681 et
1526 2638 1827 2680 innumerabilis
1849 2639 2039 2679 honestas

404 2713 474 2754 per
502 2713 647 2740 manus
676 2699 792 2747 illius

145 2762 175 2784 ¹2
192 2765 234 2801 et
275 2760 438 2801 laetatus
479 2772 569 2800 sum
610 2759 651 2799 in
693 2759 899 2800 omnibus:
944 2759 1136 2812 quoniam
1179 2759 1448 2799 antecedebat
1488 2770 1550 2798 me
1592 2757 1670 2797 ista
1709 2755 1918 2808 sapientia,
1996 2758 2039 2795 et

405 2818 643 2872 ignorabam
674 2818 866 2871 quoniam
896 2818 1040 2859 horum
1071 2818 1253 2859 omnium
1282 2822 1414 2858 mater
1442 2821 1512 2857 est.

144 2880 176 2902 13
196 2878 329 2926 Quam
362 2877 445 2918 sine
477 2877 639 2918 fictione
672 2876 804 2925 didici,
849 2881 890 2918 et
921 2877 1005 2917 sine
1037 2876 1192 2917 invidia
1224 2876 1488 2921 communico,
1575 2878 1615 2914 et
1646 2873 1903 2914 honestatem
1935 2871 2039 2913 illius

403 2948 485 2977 non
514 2936 731 2977 abscondo.

145 2998 175 3020 ¹⁴
198 2995 386 3036 Infinitus
419 2995 526 3035 enim
558 2995 773 3035 thesaurus
806 2998 867 3035 est
899 2994 1148 3035 hominibus:
1237 3007 1315 3047 quo
1349 2993 1417 3046 qui
1450 2992 1509 3032 usi
1542 2995 1648 3039 sunt,
1693 2990 1909 3043 participes
1941 2989 2038 3029 facti

404 3058 501 3094 sunt
530 3053 718 3094 amicitiae
745 3053 833 3101 Dei,
917 3058 1083 3107 propter
1112 3052 1330 3106 disciplinae
1359 3052 1466 3092 dona
1495 3048 1779 3091 commendati.

145 3162 175 3184 ¹⁵
195 3158 293 3199 Mihi
320 3162 457 3199 autem
484 3158 598 3199 dedit
621 3158 732 3199 Deus
758 3158 888 3199 dicere
914 3171 964 3199 ex
994 3158 1208 3205 sententia,
1289 3161 1329 3196 et
1353 3167 1592 3208 praesumere
1619 3154 1741 3208 digna
1765 3154 1921 3202 horum,
1951 3165 2039 3206 quae
2064 3151 2217 3213 etmffiffjx

403 3217 502 3257 mihi
531 3217 700 3258 dantur:

197 3276 389 3329 quoniam
418 3276 502 3329 ipse
531 3275 739 3329 sapientiae
768 3276 853 3317 dux
881 3280 953 3324 est,
1037 3280 1078 3316 et
1106 3274 1349 3328 sapientium
1379 3272 1634 3314 emendator:

149 3439 206 3479 13
231 3391 416 3479 {lstssssalgg
432 3391 626 3432 10‚10.—
650 3392 670 3425 6
694 3391 777 3426 blob
803 3393 833 3432 1,
859 3392 915 3431 2];
939 3392 956 3424 1
979 3390 1054 3424 Tim
1075 3391 1224 3430 6,-
1247 3390 1268 3422 9
1292 3388 1371 3422 eloh
1392 3388 1444 3429 28,
1468 3388 1523 3427 153
1547 3388 1590 3420 Pr
1610 3387 1641 3427 8,
1667 3388 1716 3419 11.
1744 3406 1783 3409 —
1809 3387 1848 3419 11
1867 3385 1904 3416 dl
1932 3383 1982 3425 Rg
2003 3380 2033 3420 3,
