2356 3760
292 213 367 254 758
1099 209 1376 244 PROPHETIA
1917 213 1970 253 35,
1998 213 2139 255 17—36‚
2165 215 2206 248 22

125 306 248 372 ggfjffis
398 307 432 330 1⁷
468 305 622 347 Idcirco
656 304 740 345 haec
773 303 872 344 dicit
904 303 1105 344 Dominus
1138 304 1403 353 exercituum,
1438 304 1548 344 Deus
1584 304 1724 344 Israel:
1759 304 1864 346 Ecce
1897 319 1968 359 ego
2002 308 2205 349 adducam

109 377 262 407 affligetur.
293 378 413 418 super
444 365 557 407 Iuda,
590 370 630 404 et
659 375 779 415 super
807 374 946 402 omnes
976 361 1229 403 habitatores
1262 362 1480 403 Ierusalem
1511 363 1742 403 universam
1773 364 2049 415 afflictionem,
2082 380 2206 420 quam

290 424 450 465 locutus
472 437 560 464 sum
585 422 800 462 adversum
823 420 922 464 11103,
947 433 992 461 90
1015 421 1125 474 quod
1146 421 1306 462 locutus
1327 434 1417 462 sum
1440 422 1491 462 ad
1512 422 1611 464 illos.
1636 427 1677 462 et
1697 435 1778 463 non
1801 423 2037 465 audierunt:
2059 425 2207 466 vocavi

290 482 390 525 illos,
424 489 463 523 et
495 495 575 522 non
606 479 905 533 responderunt
936 479 1045 520 mihi.

104 540 271 606 Rssssssssffiff
400 544 433 565 ¹⁸
455 539 604 581 Domui
627 545 766 579 autem
790 537 1111 579 Rechabitarum
1134 539 1239 580 dixit
1261 539 1469 579 Ieremias:
1495 539 1592 580 Haec
1613 539 1712 580 dicit
1732 539 1933 581 Dominus
1955 542 2207 583 exercituum

100 612 272 637 afficientur.
293 600 404 640 Deus
439 598 573 639 lsrael:
602 598 680 639 Pro
708 610 753 637 eo
782 597 891 650 quod
918 597 1112 638 obedistis
1139 604 1342 651 praecepto
1372 597 1556 639 Ionadab
1583 599 1711 651 patris
1738 599 1875 642 vestri.
1905 604 1945 639 et
1972 601 2207 642 custodistis

293 659 428 699 omnia
455 657 656 697 mandata
682 656 778 701 91113,
809 661 850 695 et
876 655 1027 696 fecistis
1055 657 1256 703 universa,
1288 670 1378 709 quae
1406 656 1597 710 praecepit
1624 657 1758 698 vobis:
1815 659 1849 682 ¹⁹
1875 658 2098 711 Propterea
2123 659 2208 701 haec

291 717 388 757 dicit
422 716 623 757 Dominus
656 714 910 755 exercituum
943 715 1054 755 Deus
1090 715 1230 755 Israel:
1267 715 1358 756 Non
1392 715 1552 756 deficiet
1585 715 1647 756 vir
1679 716 1728 757 de
1761 716 1886 769 stirpe
1923 717 2105 758 Ionadab
2139 718 2209 759 filii

293 775 472 818 Rechab.
504 780 617 815 stans
645 774 685 814 in
715 778 935 827 conspectu
964 787 1053 815 meo
1083 774 1239 815 cunctis
1268 774 1422 814 diebus.

519 903 615 953 Xl.
656 901 917 953 Historia
958 901 1220 952 Ieremiae
1258 901 1574 967 prophetae,
1614 899 1700 953 36.
1729 902 1915 965 1—45‚
1944 904 1992 954 5.

293 995 331 1035 1.
355 993 549 1047 Scriptio
572 992 992 1043 comminationum,
1024 992 1242 1033 crematio
1264 993 1526 1043 voluminis,
1557 993 1721 1034 iterata
1748 994 1952 1046 scrIptiQ
1980 994 2047 1046 36,
2065 996 2211 1037 1—32.

106 1063 219 1088 Baruch
235 1071 269 1088 ΘΧ
400 1065 463 1108 36.
520 1067 530 1089 1
558 1065 613 1105 Et
636 1065 793 1105 factum
819 1068 880 1104 est
904 1063 945 1104 in
970 1077 1076 1105 anno
1103 1068 1250 1117 quarto
1277 1064 1435 1105 Ioakim
1460 1064 1529 1104 filii
1556 1064 1671 1105 losiae
1693 1065 1796 1118 regis
1822 1065 1943 1106 Iuda:
1969 1066 2126 1107 factum
2151 1072 2214 1108 est

93 1107 131 1123 on
154 1099 282 1123 Ieremia*

110 1135 265 1175 commina-
295 1125 465 1165 verbum
493 1124 569 1165 hoc
597 1124 648 1164 ad
678 1122 890 1163 Ieremiam
919 1136 942 1163 a
968 1123 1158 1172 Domino,
1189 1123 1343 1163 dicens:
1399 1125 1413 1147 2
1441 1122 1551 1164 Tolle
1578 1123 1771 1164 volumen
1797 1123 1899 1174 libri,
1929 1130 1970 1166 et
1997 1126 2144 1166 scribes
2171 1126 2212 1166 in

134 1173 241 1231 ζὲζζῗζξῖ,
296 1198 340 1224 90
373 1183 510 1224 omnia
541 1182 678 1230 verba,
713 1195 802 1235 quae
832 1181 992 1222 locutus
1023 1195 1112 1222 sum
1145 1182 1219 1223 tibi
1252 1182 1469 1223 adversum
1503 1182 1626 1222 Israel
1657 1188 1698 1223 et
1730 1182 1888 1232 Iudam,
1922 1188 1963 1225 et
1994 1184 2211 1225 adversum

295 1254 434 1283 omnes
457 1247 617 1293 gentes:
645 1254 669 1281 a
692 1241 767 1289 die,
796 1254 878 1294 qua
899 1240 1060 1281 locutus
1085 1254 1175 1281 sum
1201 1241 1253 1281 ad
1278 1246 1318 1281 te
1342 1254 1392 1281 ex
1417 1241 1559 1282 diebus
1586 1241 1700 1282 Iosiae
1724 1254 1853 1295 usque
1878 1243 1930 1283 ad
1955 1243 2061 1284 diem
2086 1243 2210 1284 hanc:

291 1304 307 1326 ³
330 1301 368 1342 Si
393 1300 498 1341 forte
522 1300 714 1341 audiente
737 1300 858 1341 domo
885 1299 989 1340 Iuda
1011 1300 1201 1340 universa
1223 1299 1344 1348 mala,
1371 1313 1461 1353 quae
1483 1313 1554 1353 ego
1578 1300 1711 1354 cogito
1734 1300 1866 1341 facere
1890 1301 1956 1345 eis,
1981 1307 2214 1343 revertatur

293 1359 573 1413 unusquisque
607 1372 631 1400 a
664 1358 731 1399 via
764 1372 837 1398 sua
869 1358 1062 1411 pessima:
1099 1364 1140 1399 et
1173 1358 1374 1412 propitius
1408 1371 1473 1400 ero
1507 1358 1730 1412 iniquitati,
1782 1365 1823 1399 et
1855 1366 2024 1413 peccato
2059 1373 2210 1402 90111111.

293 1421 307 1443 1
337 1419 512 1459 Vocavit
540 1431 632 1471 ergo
663 1417 853 1458 Ieremias
884 1417 1045 1458 Baruch
1074 1417 1202 1458 filium
1232 1418 1380 1459 Neriae:
1411 1422 1452 1458 et
1479 1417 1640 1471 scripsit
1669 1417 1831 1459 Baruch
1860 1432 1909 1459 ex
1939 1432 2004 1460 ore
2035 1419 2214 1461 Ieremiae

296 1491 435 1519 omnes
466 1490 669 1518 sermones
699 1476 877 1525 Domini,
912 1490 1012 1529 quos
1041 1477 1203 1518 locutus
1234 1482 1295 1517 est
1325 1477 1377 1517 ad
1407 1490 1500 1517 eum
1530 1477 1571 1517 111
1602 1476 1810 1518 volumine
1839 1477 1948 1518 libri:

113 1534 265 1595 insffigsssffi
400 1539 415 1561 5
447 1542 488 1577 et
518 1536 711 1590 praecepit
743 1535 933 1576 Ieremias
966 1536 1140 1585 Baruch,
1174 1536 1328 1576 dicens:
1362 1535 1448 1589 Ego
1481 1535 1640 1576 clausus
1672 1548 1773 1580 sum.
1808 1549 1880 1577 nec
1912 1537 2027 1578 valeo
2058 1538 2214 1591 ingredi

297 1597 464 1637 domum
495 1595 673 1636 Domini.
736 1596 751 1618 ⁶
782 1595 995 1647 Ingredere
1026 1607 1118 1648 ergo
1149 1600 1207 1641 tu,
1241 1600 1281 1635 et
1310 1594 1395 1647 lege
1426 1595 1474 1635 de
1505 1594 1723 1640 volumine,
1756 1595 1797 1635 in
1829 1609 1908 1648 quo
1939 1596 2134 1650 scripsisti
2165 1610 2215 1637 ex

295 1668 361 1696 ore
386 1668 475 1695 meo
503 1655 629 1695 verba
652 1653 818 1694 Domini
845 1653 1037 1693 audiente
1062 1653 1213 1707 populo
1240 1653 1280 1693 in
1306 1653 1427 1694 domo
1454 1653 1620 1694 Domini
1646 1653 1686 1693 in
1712 1654 1776 1694 die
1801 1654 1957 1695 ieiunii:
1984 1655 2149 1708 insuper
2174 1662 2215 1696 et

295 1713 487 1755 audiente
510 1713 699 1753 universo
724 1712 839 1759 Iuda,
866 1712 934 1765 qui
958 1712 1131 1753 veniunt
1153 1712 1203 1753 de
1226 1712 1464 1753 civitatibus
1488 1712 1581 1759 suis,
1606 1712 1711 1766 leges
1735 1712 1808 1753 eis:
1862 1714 1876 1736 ⁷
1899 1713 1940 1754 Si
1963 1714 2068 1754 forte
2092 1715 2215 1755 cadat

295 1773 425 1814 oratio
453 1785 592 1813 eorum
619 1772 660 1812 in
687 1776 908 1824 conspectu
935 1771 1114 1818 Domini,
1143 1776 1184 1812 et
1209 1776 1442 1812 revertatur
1468 1771 1749 1825 unusquisque
1777 1785 1800 1812 a
1825 1771 1894 1813 via
1920 1785 1994 1813 sua
2019 1773 2212 1826 pessima:

297 1831 490 1885 quoniam
526 1844 698 1884 magnus
733 1830 845 1871 furor
880 1835 921 1870 et
955 1830 1183 1883 indignatio
1219 1835 1291 1874 est.
1330 1843 1454 1883 quam
1488 1830 1650 1871 locutus
1686 1836 1747 1871 est
1781 1831 1983 1872 Dominus
2019 1832 2214 1873 adversus

296 1890 493 1944 populum
524 1889 644 1931 hunc.
706 1891 721 1913 ⁸
751 1889 807 1930 Et
836 1889 932 1930 fecit
964 1889 1125 1930 Baruch
1156 1889 1260 1930 filius
1292 1889 1423 1930 Neriae
1452 1889 1570 1930 iuxta
1600 1889 1748 1938 omnia,
1783 1903 1872 1943 quae
1901 1896 2151 1944 praeceperat
2181 1890 2215 1932 ei

299 1949 489 1990 Ieremias
523 1949 735 2002 propheta,
770 1947 905 2001 legens
939 1961 988 1988 ex
1021 1948 1229 1989 volumine
1262 1961 1466 1989 sermones
1500 1948 1666 1989 Domini
1699 1948 1739 1988 in
1774 1949 1895 1990 domo
1929 1949 2107 1991 Domini.

140 2010 244 2069 ἰῗζξιξῐζ,
407 2010 422 2032 ⁹
450 2008 626 2049 Factum
655 2013 717 2048 est
746 2013 884 2048 autem
914 2007 954 2047 in
985 2021 1091 2048 011110
1122 2007 1266 2061 quinto
1298 2007 1456 2048 Ioakim
1486 2007 1555 2047 filii
1587 2007 1702 2048 Iosiae
1730 2008 1831 2061 regis
1863 2007 1978 2057 Iuda,
2009 2008 2050 2048 in
2078 2021 2216 2049 mense

123 2080 261 2110 easiesm,
300 2081 426 2108 nono:
461 2067 789 2120 praedicaverunt
821 2066 1016 2112 ieiunium
1050 2067 1090 2106 in
1124 2070 1345 2120 conspectu
1378 2066 1545 2107 Domini
1579 2066 1689 2107 omni
1721 2066 1872 2120 populo
1906 2067 1947 2107 in
1983 2067 2214 2115 Ierusalem,

298 2133 338 2167 et
357 2126 555 2167 universae
572 2125 841 2174 multitudini,
863 2138 953 2178 quae
970 2125 1225 2166 confluxerat
1242 2126 1291 2166 de
1310 2125 1548 2166 civitatibus
1569 2125 1673 2166 Iuda
1689 2125 1729 2166 in
1751 2125 1982 2167 Ierusalem.
2029 2128 2065 2150 1⁰
2081 2126 2216 2180 Legit-

300 2198 377 2239 que
406 2185 567 2225 Baruch
595 2198 643 2225 ex
670 2184 877 2225 volumine
904 2197 1107 2225 sermones
1137 2184 1316 2225 Ieremiae
1341 2184 1381 2224 in
1410 2185 1530 2225 domo
1558 2184 1725 2225 Domini
1751 2186 1792 2224 in
1818 2184 2110 2238 gazophylacio
2138 2185 2216 2226 Ga-

299 2244 436 2285 mariae
466 2243 535 2284 filii
565 2243 731 2296 Saphan
762 2243 913 2287 scribae,
946 2243 986 2283 in
1017 2243 1220 2284 vestibulo
1252 2243 1458 2296 superiori,
1492 2243 1532 2283 in
1562 2243 1735 2284 introitu
1765 2249 1895 2297 portae
1924 2257 2042 2285 novae
2071 2244 2217 2285 domus

300 2303 466 2344 Domini
497 2303 688 2343 audiente
719 2302 828 2342 omni
858 2302 1021 2355 populo.

106 2358 282 2425 3322?ssssssssss
406 2364 436 2386 11
475 2362 659 2414 (fumque
697 2361 878 2401 audisset
915 2360 1104 2402 Michaeas
1142 2360 1246 2401 filius
1285 2360 1487 2402 Gamariae
1524 2360 1594 2401 filii
1631 2361 1798 2414 Saphan
1837 2374 1975 2402 omnes
2014 2375 2217 2403 sermones

137 2418 252 2459 witam
302 2421 468 2462 Domini
495 2434 544 2461 ex
569 2419 690 2461 libro:
746 2421 777 2444 ¹²
804 2420 1014 2460 descendit
1039 2420 1080 2460 in
1107 2420 1276 2461 domum
1302 2419 1404 2473 regis
1431 2420 1483 2460 ad
1508 2419 1847 2473 gazophylacium
1874 2420 2032 2462 scribae:
2060 2425 2101 2462 et
2127 2433 2218 2462 ecce

299 2480 354 2521 ibi
376 2492 515 2520 omnes
536 2478 737 2532 principes
759 2479 976 2519 sedebant:
999 2478 1181 2519 Elisama
1201 2479 1344 2524 scriba,
1369 2483 1408 2519 et
1430 2478 1597 2519 Dalaias
1618 2478 1722 2520 filius
1743 2479 1922 2525 Semeiae,
1946 2484 1987 2520 et
2007 2479 2217 2520 Elnathan

301 2539 404 2579 filius
432 2538 634 2582 Achobor,
664 2544 705 2579 et
732 2538 944 2579 Gamarias
972 2538 1076 2578 filius
1104 2537 1283 2591 Saphan,
1313 2543 1354 2579 et
1381 2537 1567 2579 Sedecias
1595 2537 1699 2578 filius
1729 2537 1941 2587 Hananiae,
1972 2543 2013 2579 et
2040 2538 2218 2579 universi

301 2597 513 2651 principes.
568 2599 600 2621 ¹³
626 2596 681 2638 Et
706 2597 919 2637 nunciavit
944 2596 998 2637 eis
1024 2597 1214 2638 Michaeas
1240 2596 1378 2638 omnia
1403 2597 1540 2645 verba,
1569 2610 1659 2650 quae
1685 2597 1844 2638 audivit
1869 2597 2027 2650 legente
2055 2597 2217 2638 Baruch

302 2670 350 2698 ex
382 2656 588 2697 volumine
618 2656 658 2696 in
690 2656 855 2696 auribus
886 2655 1037 2709 populi.
1097 2658 1129 2680 ¹⁴
1158 2656 1357 2696 Miserunt
1386 2655 1527 2709 itaque
1558 2669 1696 2696 omnes
1727 2655 1927 2710 principes
1959 2656 2011 2696 ad
2041 2656 2216 2703 Baruch,

304 2716 394 2756 Iudi
425 2715 552 2755 filium
584 2714 803 2755 Natlianiae
832 2714 901 2755 filii
931 2715 1123 2759 Selemiae,
1156 2714 1224 2755 filii
1255 2714 1389 2763 Chusi,
1422 2714 1620 2755 dicentes:
1652 2714 1865 2763 Volumen‚
1898 2728 1947 2755 ex
1978 2728 2057 2768 quo
2086 2714 2218 2768 legisti

303 2775 494 2815 audiente
514 2774 676 2827 populo,
699 2787 812 2814 sume
831 2773 871 2813 in
890 2786 1014 2814 manu
1035 2778 1119 2820 tua,
1141 2778 1182 2814 et
1201 2774 1305 2815 veni.
1328 2773 1439 2814 Tulit
1457 2786 1549 2827 ergo
1572 2773 1732 2814 Baruch
1751 2773 1856 2814 filius
1877 2773 1914 2814 N
1917 2773 2007 2814 eriae
2025 2773 2218 2815 volumen

302 2834 343 2874 in
365 2846 489 2873 manu
512 2846 597 2881 sua,
621 2838 662 2873 et
684 2832 797 2873 venit
819 2832 871 2873 ad
893 2845 970 2873 903.
1022 2834 1053 2857 ¹5
1076 2833 1131 2873 Et
1153 2832 1345 2873 dixerunt
1367 2833 1418 2873 ad
1441 2845 1551 2872 eum:
1575 2833 1689 2876 Sede.
1714 2838 1755 2873 et
1774 2831 1860 2886 lege
1882 2832 1967 2873 haec
1987 2832 2029 2873 in
2052 2832 2217 2873 auribus

304 2892 463 2933 nostris.
492 2892 548 2932 Et
571 2891 669 2945 legit
695 2891 857 2932 Baruch
882 2891 923 2931 in
950 2891 1114 2933 auribus
1141 2904 1291 2932 eorum.
1346 2893 1381 2916 ¹⁶
1409 2891 1538 2945 Igitur
1563 2904 1655 2932 cum
1682 2891 1891 2932 audissent
1916 2891 2054 2932 omnia
2078 2891 2215 2937 verba,

304 2952 608 3004 obstupuerunt
634 2951 913 3003 unusquisque
941 2951 992 2990 ad
1018 2951 1251 3003 proximum
1278 2963 1409 2999 suum,
1439 2955 1480 2991 et
1506 2950 1698 2991 dixerunt
1725 2950 1777 2991 ad
1805 2949 1985 2990 Baruch:
2016 2949 2218 2991 Nunciare

305 3010 499 3050 debemus
524 3009 606 3063 regi
632 3022 771 3050 omnes
797 3022 1000 3050 sermones
1025 3009 1136 3050 istos.
1192 3010 1225 3033 ¹⁷
1252 3009 1307 3050 Et
1332 3009 1689 3062 interrogaverunt
1714 3021 1819 3052 eum.
1848 3009 2046 3049 dicentes:
2076 3008 2220 3049 Indica

306 3069 421 3109 nobis
453 3068 658 3121 quomodo
690 3068 884 3121 scripsisti
916 3081 1054 3109 omnes
1086 3081 1289 3109 sermones
1319 3068 1418 3109 istos
1449 3081 1499 3109 ex
1530 3080 1595 3109 ore
1626 3067 1721 3108 eius.
1783 3070 1816 3091 ¹⁸
1846 3067 1964 3108 Dixit
1994 3072 2132 3108 autem
2163 3067 2218 3108 eis

312 3127 486 3167 Baruch:
518 3127 579 3167 Ex
606 3140 672 3168 ore
699 3140 770 3168 suo
798 3127 1044 3180 loquebatur
1071 3127 1184 3180 quasi
1212 3126 1346 3180 legens
1373 3127 1425 3167 ad
1452 3139 1515 3167 me
1543 3139 1682 3167 omnes
1709 3139 1912 3167 sermones
1938 3126 2049 3167 istos.
2078 3132 2119 3167 et
2145 3139 2218 3179 ego

306 3186 529 3225 scribebam
558 3186 597 3226 in
624 3185 830 3226 volumine
856 3190 1100 3227 atramento.
1155 3187 1190 3209 ¹9
1214 3186 1270 3226 Et
1295 3185 1486 3226 dixerunt
1512 3184 1712 3239 principes
1739 3185 1791 3226 ad
1818 3185 1998 3225 Baruch:
2025 3185 2150 3229 Vade,
2178 3190 2220 3225 et

307 3244 552 3285 abscondere
583 3251 626 3285 tu
658 3251 700 3286 et
732 3245 932 3293 1919111103,
965 3250 1006 3285 91
1035 3257 1152 3285 1191110
1184 3244 1286 3285 39101
1315 3244 1383 3285 11111
1414 3244 1512 3285 sitis.

116 3300 289 3361 “g{,1¹[{’‡,²1'‡{{'¹
414 3304 449 3326 ²⁰
479 3303 531 3343 Et
561 3303 725 3357 ingressi
754 3309 850 3344 sunt
879 3304 929 3344 ad
958 3316 1092 3356 regem
1120 3303 1161 3343 in
1191 3303 1359 3343 atrium:
1391 3315 1508 3356 porro
1538 3302 1729 3344 volumen
1759 3302 2151 3344 commendaverunt
2177 3302 2219 3343 in

129 3360 275 3411 sciqditot
308 3360 598 3414 gazophylacio
636 3362 826 3403 Elisamae
862 3362 1019 3403 scribae:
1058 3367 1099 3402 et
1136 3362 1436 3403 nunciaverunt
1472 3361 1662 3402 audiente
1699 3374 1789 3415 rege
1826 3373 1964 3402 omnes
2001 3374 2216 3402 sermones.

135 3414 272 3473 ᾞρξξῗῗξζ]
311 3421 340 3444 ²¹
363 3419 554 3472 Misitque
574 3433 644 3459 rex
667 3421 756 3461 Iudi
777 3426 823 3462 ut
844 3427 1022 3461 sumeret
1042 3419 1252 3461 volumen:
1276 3420 1343 3474 qui
1364 3420 1510 3461 tollens
1530 3420 1629 3461 illud
1649 3421 1699 3461 de
1717 3419 2009 3473 gazophylacio
2030 3419 2220 3460 Elisamae

309 3478 460 3521 scribae,
481 3478 576 3528 legit
596 3479 786 3519 audiente
804 3492 906 3531 rege,
928 3485 969 3520 et
987 3479 1184 3520 universis
1202 3479 1465 3532 principibus.
1488 3479 1556 3533 qui
1575 3479 1743 3520 stabant
1762 3478 1867 3519 circa
1884 3491 2031 3531 regem.
2078 3480 2110 3502 2²
2130 3479 2219 3519 Rex

310 3545 447 3578 autem
469 3537 639 3578 sedebat
659 3537 698 3577 in
721 3538 841 3579 domo
864 3538 1024 3579 hiemali
1047 3538 1087 3578 in
1109 3551 1245 3579 mense
1266 3551 1392 3579 nono:
1416 3544 1456 3579 et
1477 3538 1611 3591 posita
1632 3543 1720 3578 erat
1740 3537 1855 3578 arula
1875 3550 2010 3578 coram
2032 3550 2077 3578 eo
2099 3537 2221 3590 plena
