2356 3760
277 84 379 125 1224
1112 81 1257 115 LIBER
1281 81 1340 116 IV.
1939 84 1972 125 6,
1996 83 2116 124 36-7,
2141 83 2184 117 35

813 173 848 208 3.
877 172 936 208 De
964 173 1154 209 adventu
1182 172 1363 219 Domini,
1389 172 1424 218 6,
1441 172 1575 218 36-9,
1593 172 1651 209 26.

113 243 219 268 esdras
382 241 411 258 ³⁶
429 239 476 273 Et
493 238 624 273 facturn
643 241 694 272 est
711 239 745 272 in
764 241 888 271 octava
906 242 1017 275 nocte,
1037 241 1071 271 et
1089 249 1146 271 cor
1163 248 1277 271 meum
1295 237 1506 272 turbabatur
1522 238 1647 272 iterato
1665 237 1700 271 in
1716 247 1782 278 me,
1801 242 1837 272 et
1853 239 1941 284 coepi
1958 239 2052 284 loqui
2070 250 2184 275 coram

82 278 247 304 lamentans
270 286 457 321 Altissimo.
508 287 535 305 ³⁷
563 285 853 320 Inflammabatur
877 285 967 318 enim
993 285 1132 329 spiritus
1158 296 1254 318 meus
1280 285 1391 325 valde,
1418 288 1452 319 et
1477 285 1593 319 anima
1617 295 1695 319 mea
1719 285 1939 321 anxiabatur.
1988 289 2017 307 ³⁸
2042 291 2077 321 et
2101 287 2184 328 dixi,

270 334 298 368 Ο
318 334 476 373 Domine,
494 333 637 377 loquens
655 332 789 366 locutus
808 343 842 365 es
860 332 904 365 ab
922 332 1020 365 initio
1039 336 1203 366 creaturae
1221 332 1256 365 in
1274 332 1384 376 primo
1402 332 1456 365 die
1474 332 1599 372 dicens,
1620 332 1698 366 Fiat
1716 333 1835 366 caelum
1854 336 1889 367 et
1906 337 2012 368 terra:
2032 337 2067 368 et
2083 338 2184 368 tuum

269 381 414 414 verbum
432 391 516 425 opus
535 380 735 424 perfectum.
775 381 803 398 ³⁹
822 379 867 412 Et
884 382 959 413 erat
975 383 1058 413 tunc
1076 379 1226 423 spiritus,
1252 384 1286 412 et
1302 380 1452 413 tenebrae
1470 379 1809 420 circumferebantur,
1828 383 1862 414 et
1879 380 2064 421 silentium,
2081 392 2184 415 sonus

269 428 362 462 vocis
385 428 532 461 hominis
555 426 708 460 nondum
732 429 807 460 erat
829 426 889 459 abs
912 429 957 461 te.
1004 428 1033 446 ⁴⁰
1056 427 1152 460 Tunc
1174 426 1291 460 dixisti
1314 426 1356 460 de
1378 426 1547 460 thesauris
1570 427 1638 461 tuis
1662 427 1804 471 proferri
1825 427 1942 461 lumen
1963 428 2184 468 luminosum,

269 485 338 520 quo
353 478 534 519 appareret
548 484 633 518 opus
647 477 758 508 tuum.
797 475 821 492 ⁴¹
840 473 885 507 Et
900 473 953 507 die
967 473 1117 507 secundo
1133 474 1253 508 creasti
1269 474 1428 518 spiritum
1444 473 1663 513 firmamenti,
1679 477 1713 508 et
1727 474 1905 518 imperasti
1918 475 1948 508 ei
1962 478 2001 509 ut
2016 474 2185 509 divideret

268 526 303 555 et
323 522 526 555 divisionem
545 522 674 554 faceret
693 521 783 554 inter
802 531 921 564 aquas,
942 524 982 555 ut
1002 531 1080 565 pars
1100 521 1259 565 quaedam
1280 531 1415 554 sursum
1435 520 1617 560 recederet,
1640 531 1717 565 pars
1737 532 1817 554 vero
1838 521 1996 555 deorsum
2016 526 2182 556 maneret.

268 571 296 589 ⁴²
315 569 361 602 Et
381 568 484 602 tertia
504 568 557 601 die
576 568 754 612 imperasti
774 568 871 612 aquis
893 568 1089 612 congregari
1108 568 1142 601 in
1162 568 1311 612 septima
1330 570 1428 612 parte
1447 570 1561 602 terrae:
1582 579 1641 602 sex
1661 579 1742 602 vero
1762 571 1876 612 partes
1896 569 2032 603 siccasti
2051 572 2086 603 et
2106 580 2184 603 con-

267 616 424 655 servasti,
449 619 487 649 ut
511 626 552 648 ex
575 615 626 648 his
649 615 719 648 sint
741 625 856 648 coram
879 618 914 648 te
937 615 1171 649 ministrantia
1193 615 1364 648 seminata
1386 626 1406 648 a
1429 614 1513 655 Deo,
1537 617 1572 648 et
1595 615 1698 650 culta.
1746 617 1772 635 ⁴³
1795 615 1947 649 Verbum
1970 616 2060 649 enim
2083 618 2184 651 tuum

268 662 443 707 processit,
466 666 499 696 et
522 673 607 707 opus
628 662 749 696 statim
771 662 887 697 fiebat.
933 664 960 682 ⁴⁴
982 662 1151 696 Processit
1172 662 1262 696 enirn
1284 662 1399 695 subito
1420 662 1553 696 fructus
1575 662 1808 696 multitudinis
1830 662 2028 703 immensus,
2051 665 2086 697 et
2106 673 2184 698 con-

268 709 486 754 cupiscentiae
510 714 630 754 gustus
655 709 895 749 multiformes,
920 712 955 743 et
978 709 1076 743 flores
1101 709 1211 743 colore
1235 709 1455 747 immutabili,
1481 712 1516 743 et
1540 709 1659 743 odores
1683 710 1900 744 odoramenti
1923 709 2183 755 investigabilis,

268 760 303 791 et
325 757 378 790 die
401 757 506 790 tertia
527 757 599 790 haec
621 757 714 790 facta
737 760 829 791 sunt.
877 758 903 776 ⁴⁵
926 756 1059 800 Quarta
1082 760 1199 790 autem
1223 756 1276 790 die
1299 756 1477 801 imperasti
1499 756 1570 790 fieri
1592 756 1670 790 solis
1694 757 1921 801 splendorem,
1944 756 2034 791 lunae
2055 757 2183 798 lumen,

266 804 444 838 stellarum
468 804 742 849 dispositionem:
791 806 820 823 ⁴²⁵
843 806 877 837 et
900 804 1077 848 imperasti
1099 804 1157 844 eis,
1181 806 1221 837 ut
1243 803 1455 838 deservirent
1477 803 1595 837 futuro
1619 803 1791 848 plasmato
1814 804 1954 839 homini.
2002 806 2030 824 ⁴⁷
2054 804 2184 848 Quinto

267 854 386 885 autem
410 851 464 885 die
489 851 606 885 dixisti
630 851 785 896 septimae
810 851 911 895 parti,
937 851 996 884 ubi
1021 854 1094 884 erat
1119 861 1211 895 aqua
1235 854 1452 895 congregata,
1478 853 1517 884 ut
1542 853 1736 895 procrearet
1759 851 1932 892 animalia,
1958 855 1993 885 et
2016 851 2183 892 volatilia,

267 902 302 932 et
322 899 444 943 pisces:
465 904 499 931 et
518 899 567 931 ita
587 898 703 933 fiebat.
747 900 776 917 ⁴⁸
795 909 885 942 aqua
905 901 1014 938 muta,
1035 902 1068 931 et
1088 898 1159 931 sine
1179 898 1295 932 anima
1314 909 1390 942 quae
1409 897 1474 931 Dei
1491 902 1580 932 nutu
1598 897 1820 938 iubebantur,
1840 898 2004 932 animalia
2021 898 2183 939 iaciebat,

267 949 307 979 ut
324 957 365 979 ex
384 946 447 979 hoc
465 945 635 979 mirabilia
652 948 714 979 tua
731 945 888 979 nationes
907 949 1076 980 enarrent.
1119 947 1148 965 ⁴⁹
1167 945 1212 979 Et
1230 948 1314 979 tunc
1332 945 1543 979 conservasti
1560 945 1646 979 duas
1665 945 1812 979 animas:
1831 956 1957 979 nomen
1974 946 2034 979 uni
2051 946 2184 980 vocasti

268 993 423 1032 Henoch,
445 996 479 1026 et
498 1003 623 1026 nomen
643 992 801 1026 secundae
822 993 954 1026 vocasti
974 992 1180 1032 Leviathan,
1224 994 1253 1013 ⁵⁰
1272 995 1307 1026 et
1326 992 1494 1037 separasti
1514 1003 1554 1026 ea
1573 992 1616 1026 ab
1637 992 1814 1027 alterutro.
1836 992 1915 1026 Non
1935 993 2026 1026 enim
2045 995 2185 1038 poterat

266 1040 416 1084 septima
431 1051 520 1084 pars,
544 1040 603 1073 ubi
619 1044 693 1074 erat
708 1050 799 1084 aqua
814 1042 1032 1084 congregata,
1050 1050 1170 1084 capere
1185 1051 1234 1075 ea.
1281 1041 1306 1059 ⁵¹
1323 1040 1369 1073 Et
1384 1039 1509 1073 dedisti
1523 1039 1667 1073 Henoch
1684 1051 1789 1073 unam
1804 1043 1950 1084 partem,
1966 1050 2042 1084 quae
2056 1040 2185 1074 siccata

267 1091 319 1120 est
335 1087 437 1120 tertio
455 1087 519 1127 die,
537 1091 576 1121 ut
592 1087 727 1121 habitet
744 1087 777 1120 in
795 1098 834 1121 ea
850 1087 909 1121 ubi
925 1090 1007 1121 sunt
1023 1090 1158 1121 montes
1175 1087 1276 1122 mille.
1317 1088 1344 1106 ⁵²
1360 1087 1554 1121 Leviathan
1571 1090 1689 1120 autem
1706 1087 1831 1121 dedisti
1847 1087 2031 1132 septimam
2048 1091 2184 1132 partem

267 1134 457 1173 humidam,
483 1137 517 1167 et
541 1135 687 1168 servasti
710 1145 797 1174 eam,
823 1138 862 1168 ut
886 1134 948 1168 fiat
971 1135 1006 1167 in
1030 1134 1291 1168 devorationem
1316 1134 1440 1178 quibus
1465 1134 1527 1174 vis,
1553 1137 1587 1168 et
1611 1134 1750 1178 quando
1775 1135 1837 1169 vis.
1885 1136 1912 1154 ⁵³
1935 1134 2041 1169 Sexto
2065 1137 2183 1168 autem

266 1181 320 1215 die
343 1182 521 1226 imperasti
543 1185 652 1221 terrae,
676 1185 716 1215 ut
739 1185 869 1215 crearet
892 1192 1006 1215 coram
1030 1186 1064 1215 te
1086 1181 1253 1221 iumenta,
1278 1185 1312 1215 et
1335 1181 1473 1221 bestias,
1497 1186 1532 1215 et
1555 1181 1705 1226 reptilia:
1753 1183 1780 1201 ⁵⁴
1802 1185 1837 1215 et
1859 1192 1961 1226 super
1982 1181 2034 1215 his
2057 1181 2182 1221 Adam,

266 1239 369 1273 quem
389 1228 599 1262 constituisti
619 1229 742 1263 ducem
760 1239 862 1273 super
881 1229 1039 1262 omnibus
1059 1229 1159 1262 factis
1178 1239 1254 1273 quae
1273 1228 1394 1269 iecisti,
1415 1232 1449 1262 et
1468 1239 1510 1262 ex
1528 1240 1567 1262 eo
1586 1229 1764 1262 educimur
1781 1239 1843 1262 1105
1862 1239 1990 1268 01111105,
2011 1239 2183 1273 quemque

265 1276 395 1320 elegisti
416 1276 593 1320 populum.
638 1278 664 1295 ⁵⁵
686 1276 768 1310 Haec
788 1280 905 1310 autem
926 1276 1042 1310 omnia
1061 1276 1131 1309 dixi
1153 1287 1268 1310 coram
1288 1279 1322 1309 te
1343 1276 1501 1316 Domine,
1523 1276 1605 1320 quia
1624 1279 1765 1320 propter
1783 1286 1844 1310 nos
1865 1276 1988 1310 creasti
2007 1276 2181 1310 saeculum.

265 1324 295 1342 ⁵⁶
317 1323 485 1357 Residuas
507 1328 623 1357 autem
645 1328 762 1368 gentes
784 1323 827 1357 ab
849 1323 962 1357 Adam
983 1326 1084 1357 natas
1106 1323 1224 1357 dixisti
1245 1334 1300 1357 eas
1321 1323 1370 1356 nil
1390 1333 1471 1363 esse,
1494 1326 1529 1357 et
1550 1324 1714 1368 quoniam
1735 1323 1851 1357 salivae
1872 1323 2068 1357 assimilatae
2089 1326 2182 1364 sunt,

265 1373 300 1404 et
320 1371 418 1414 quasi
438 1370 648 1404 stillicidium
669 1371 710 1404 de
732 1381 812 1405 vase
832 1371 990 1404 similasti
1010 1371 1263 1404 abundantiam
1283 1381 1412 1405 eorum.
1457 1372 1484 1390 ⁵⁷
1506 1370 1553 1404 Et
1571 1381 1663 1404 nunc
1683 1371 1842 1411 Domine,
1863 1381 1950 1411 ecce,
1970 1371 2045 1404 istae
2064 1374 2182 1415 gentes

266 1428 342 1461 quae
361 1418 396 1451 in
415 1418 560 1451 nihilum
580 1418 757 1462 deputatae
776 1422 868 1458 sunt,
885 1421 1065 1462 coeperunt
1082 1417 1252 1451 dominari
1268 1417 1388 1457 nostri,
1404 1420 1439 1451 et
1453 1417 1633 1451 devorare:
1670 1420 1698 1437 ⁵⁸
1717 1428 1779 1451 nos
1799 1421 1917 1452 autem
1936 1418 2084 1462 populus
2100 1420 2182 1451 tuus

266 1475 369 1509 quem
388 1466 520 1499 vocasti
539 1465 805 1510 primogenitum
824 1465 1039 1509 unigenitum
1058 1465 1295 1498 aemulatorem
1309 1467 1421 1504 tuum,
1436 1464 1558 1498 traditi
1575 1475 1693 1498 sumus
1710 1465 1746 1498 in
1763 1465 1923 1499 manibus
1939 1475 2071 1499 eorum:
2104 1466 2133 1484 ⁵⁹
2149 1468 2184 1498 et

265 1512 293 1545 si
309 1516 450 1556 propter
463 1523 524 1546 nos
539 1519 692 1546 creatum
703 1516 754 1546 est
769 1512 942 1552 saeculum‚
954 1522 1059 1556 quare
1072 1523 1142 1545 non
1156 1511 1386 1546 hereditatem
1402 1511 1615 1556 possidemus
1631 1522 1709 1546 cum
1724 1512 1866 1546 saeculo?
1886 1512 2074 1556 Usquequo
2088 1511 2180 1546 haec?

78 1579 117 1619 ‘2²¹'
138 1579 241 1619 angelo
382 1589 408 1610 a.
457 1578 466 1595 ¹
493 1576 541 1609 Et
564 1576 696 1609 factum
722 1580 783 1615 est,
810 1587 887 1610 011111
912 1576 1062 1610 finissem
1087 1576 1181 1620 loqui
1205 1576 1312 1610 verba
1334 1576 1417 1616 haec,
1442 1576 1565 1609 missus
1590 1579 1642 1610 est
1666 1575 1710 1610 ad
1733 1586 1788 1610 me
1813 1576 1952 1621 angelus
1977 1577 2037 1620 qui
2060 1577 2183 1610 missus

82 1617 238 1641 instruitur
265 1622 379 1656 fuerat
401 1622 445 1656 ad
466 1633 521 1657 me
544 1623 660 1667 primis
682 1623 852 1663 noctibus,
899 1625 911 1643 ‘²
933 1627 968 1657 et
989 1623 1078 1657 dixit
1100 1624 1144 1657 ad
1166 1634 1231 1664 me,
1254 1623 1360 1668 Surge
1382 1623 1504 1664 Esdra‚
1528 1626 1562 1657 et
1584 1623 1665 1657 audi
1687 1634 1858 1658 sermones
1881 1634 1966 1668 quos
1989 1624 2068 1657 veni
2088 1623 2184 1668 loqui

265 1670 310 1704 ad
329 1674 373 1704 te.
418 1672 429 1689 ³
449 1670 495 1703 Et
514 1670 595 1710 dixi,
616 1671 770 1715 Loquere
790 1671 883 1705 Deus
902 1681 1009 1706 meus.
1031 1671 1077 1704 Et
1096 1670 1185 1704 dixit
1204 1670 1248 1705 ad
1267 1681 1332 1711 me,
1352 1670 1446 1704 Mare
1465 1671 1618 1715 positum
1637 1674 1689 1704 est
1707 1671 1742 1704 in
1760 1671 1913 1715 spatioso
1931 1671 2017 1711 loco,
2037 1674 2078 1704 ut
2094 1674 2183 1705 esset

264 1717 375 1751 altum
395 1720 430 1751 et
447 1718 669 1751 immensum:
713 1720 725 1737 ⁴
744 1719 808 1752 erit
826 1722 943 1752 autem
963 1718 993 1752 ei
1010 1718 1174 1752 introitus
1192 1718 1227 1752 in
1247 1722 1393 1763 angusto
1412 1717 1486 1752 loco
1505 1718 1648 1762 positus,
1669 1721 1709 1751 ut
1727 1721 1816 1752 esset
1834 1718 1952 1751 similis
1970 1718 2180 1752 fluminibus

264 1766 275 1784 ὃ
299 1764 381 1807 Quis
404 1765 494 1798 enim
517 1765 633 1799 volens
656 1765 803 1799 voluerit
824 1765 955 1810 ingredi
977 1776 1081 1805 mare,
1105 1769 1139 1800 et
1161 1765 1276 1800 videre
1298 1776 1388 1806 eum,
1411 1765 1465 1799 vel
1487 1765 1657 1799 dominari
1678 1765 1764 1799 eius:
1788 1765 1816 1798 si
1836 1776 1906 1799 non
1927 1765 2103 1799 transierit
2123 1776 2182 1799 an-

263 1816 414 1856 gustum,
441 1813 476 1846 in
500 1813 721 1846 latitudinem
747 1813 921 1857 quomodo
948 1813 1062 1847 venire
1088 1813 1234 1858 poterit?
1288 1815 1300 1832 ‘⁵
1326 1813 1415 1846 Item
1441 1812 1545 1852 aliud,
1572 1813 1701 1847 Civitas
1727 1816 1779 1846 est
1802 1812 1984 1853 aedificata,
2010 1816 2045 1847 et
2069 1812 2184 1857 posita

263 1859 298 1893 in
321 1859 394 1893 loco
419 1860 617 1904 campestri:
644 1864 694 1894 est
718 1864 836 1894 autem
860 1860 961 1905 plena
984 1861 1139 1894 omnium
1163 1860 1343 1894 bonorum.
1393 1861 1404 1879 ⁷
1428 1860 1590 1894 introitus
1614 1860 1685 1893 eius
1709 1862 1876 1905 angustus
1900 1863 1935 1893 et
1957 1860 1992 1893 in
2015 1860 2183 1905 praecipiti

263 1907 406 1950 positus.
430 1911 469 1940 ut
490 1913 578 1941 esset
599 1918 619 1941 a
640 1908 768 1941 dextris
791 1907 930 1952 quidem
952 1908 1048 1952 ignis,
1071 1919 1092 1941 a
1111 1908 1256 1942 sinistris
1277 1918 1369 1952 aqua
1390 1908 1475 1941 alta:
1524 1910 1535 1925 ⁸
1556 1907 1681 1941 semita
1701 1911 1819 1941 autem
1840 1910 1892 1941 est
1912 1918 1982 1941 una
2001 1907 2074 1941 sola
2093 1907 2184 1941 inter

263 1965 319 1987 eos
337 1955 460 1998 posita,
478 1955 542 1988 hoc
559 1958 620 1994 est,
638 1955 728 1989 inter
744 1955 856 1999 ignem
874 1958 908 1989 et
924 1966 1063 1999 aquam,
1082 1958 1121 1988 ut
1136 1966 1206 1988 non
1223 1955 1339 1999 capiat
1354 1955 1489 1995 semita,
1506 1955 1571 1988 nisi
1587 1954 1804 1988 solummodo
1821 1955 2006 1999 vestigium
2021 1955 2180 1989 hominis

266 2003 277 2020 ⁹
293 2001 328 2034 Si
344 2006 461 2035 autern
477 2002 618 2036 dabitur
634 2002 755 2036 civitas
771 2002 903 2036 homini
917 2002 952 2036 in
967 2002 1208 2042 hereditatem,
1225 2003 1253 2036 si
1267 2013 1460 2046 numquam
1476 2002 1712 2047 antepositum
1729 2001 1918 2046 periculum
1933 2002 2182 2046 pertransierit,

263 2049 438 2092 quomodo
460 2049 605 2094 accipiet
626 2050 855 2083 hereditatem
876 2050 994 2083 suam?
1042 2052 1071 2070 ¹⁰
1092 2050 1140 2083 Et
1161 2049 1243 2089 dixi,
1265 2050 1320 2084 Sic
1341 2050 1500 2084 Domine,
1523 2049 1570 2083 Et
1591 2049 1680 2083 dixit
1702 2049 1746 2083 ad
1766 2060 1832 2089 me,
1855 2049 1909 2083 Sic
1930 2053 1997 2083 est:
2020 2051 2056 2082 et
2078 2048 2182 2083 Israel

264 2106 353 2139 pars.
401 2098 426 2115 ¹¹
452 2096 597 2140 Propter
619 2108 675 2130 eos
699 2097 790 2130 enim
812 2097 877 2130 1001
900 2097 1074 2135 saeculum,
1099 2100 1133 2130 et
1157 2096 1296 2141 quando
1320 2100 1551 2140 transgressus
1575 2100 1627 2130 est
1650 2096 1763 2130 Adam
1787 2096 2052 2130 constitutiones
2075 2106 2181 2136 meas,

262 2142 455 2176 iudicatum
480 2146 531 2177 est
556 2143 649 2187 quod
672 2144 805 2177 factum
830 2149 891 2178 est.
940 2145 967 2163 ¹²
991 2144 1038 2177 Et
1061 2144 1145 2177 facti
1169 2147 1251 2177 sunt
1274 2144 1436 2177 introitus
1461 2144 1561 2177 huius
1586 2143 1699 2177 saeculi
1724 2143 1872 2188 angusti,
1897 2147 1933 2177 et
1956 2143 2122 2183 dolentes,
2147 2146 2183 2177 et

263 2190 438 2223 laboriosi:
462 2191 563 2235 pauci
584 2194 701 2224 autem
723 2195 757 2225 et
779 2191 870 2226 mali.
894 2194 928 2224 et
951 2191 1178 2235 periculorum
1200 2191 1305 2235 pleni:
1329 2194 1364 2224 et
1384 2190 1500 2224 labore
1522 2201 1729 2235 magnopere
1749 2191 1839 2224 fulti.
1893 2192 1919 2210 ¹³
1940 2201 2022 2224 nam
2043 2190 2180 2224 maioris

263 2237 376 2271 saeculi
403 2238 564 2271 introitus
591 2238 733 2282 spatiosi
761 2242 796 2272 et
821 2238 940 2278 securi,
968 2245 1003 2272 et
1028 2238 1192 2272 facientes
1219 2238 1493 2271 immortalitatis
1520 2238 1683 2272 fructum.
1734 2239 1761 2257 ¹⁴
1787 2238 1822 2271 Si
1848 2248 1925 2282 ergo
1951 2237 2180 2282 ingredientes

262 2295 333 2318 non
354 2284 494 2318 fuerunt
516 2285 656 2329 ingressi
679 2286 738 2329 qui
760 2286 896 2325 vivunt,
920 2288 1066 2330 angusta
1090 2289 1124 2319 et
1146 2296 1238 2319 vana
1259 2285 1345 2319 haec:
1369 2296 1438 2318 11011
1460 2288 1625 2329 poterunt
1647 2285 1794 2329 recipere
1817 2295 1893 2329 quae
1915 2289 1997 2318 sunt
2018 2284 2179 2328 reposita.

264 2333 290 2350 ¹⁵
313 2332 414 2366 Nunc
438 2343 515 2376 ergo
539 2343 644 2376 quare
667 2336 705 2366 tu
730 2333 957 2373 conturbaris,
982 2343 1059 2366 cum
1083 2333 1126 2365 sis
1151 2332 1400 2376 corruptibilis?
1426 2335 1461 2366 et
1484 2332 1567 2376 quid
1590 2332 1737 2366 moveris
1760 2336 1810 2371 tu,
1835 2342 1913 2366 cum
1935 2332 1980 2365 sis
2003 2331 2177 2366 mortalis?

264 2380 292 2398 ¹⁸
315 2379 361 2413 Et
383 2390 488 2423 quare
509 2390 577 2413 non
600 2380 761 2424 accepisti
782 2380 816 2413 in
839 2380 939 2413 corde
961 2385 1021 2414 tuo
1043 2380 1136 2424 quod
1158 2383 1210 2413 est
1230 2380 1399 2419 futurum,
1421 2379 1480 2413 sed
1502 2379 1595 2423 quod
1616 2379 1651 2413 in
1672 2379 1851 2424 praesenti?
1898 2380 1926 2398 ¹⁷
1950 2378 2126 2423 Respondi
2146 2382 2182 2412 et

263 2426 346 2466 dixi,
369 2426 576 2460 Dominator
597 2427 755 2468 Domine,
778 2438 854 2460 ecce
875 2427 1074 2471 disposuisti
1096 2427 1167 2471 lege
1188 2430 1261 2467 tua,
1284 2427 1448 2471 quoniam
1470 2426 1552 2460 iusti
1573 2426 1819 2460 hereditabunt
1840 2426 1922 2466 haec,
1944 2426 2041 2471 impii
2063 2429 2180 2459 autem

265 2474 436 2518 peribunt.
480 2476 508 2493 ¹⁹
530 2474 617 2508 Iusti
635 2477 753 2508 autem
771 2475 883 2508 ferent
901 2478 1059 2518 angusta,
1080 2478 1256 2518 sperantes
1275 2474 1438 2518 spatiosa.
1460 2474 1518 2518 qui
1537 2474 1628 2507 enim
1646 2474 1750 2518 impie
1769 2476 1957 2518 gesserunt,
1977 2476 2015 2507 at
2033 2476 2181 2517 angusta

264 2521 356 2565 passi
374 2528 466 2560 sunt,
487 2528 521 2554 et
541 2522 694 2565 spatiosa
712 2532 781 2555 non
802 2521 980 2556 videbunt.
1025 2524 1053 2541 ¹⁹
1074 2522 1119 2555 Et
1139 2521 1227 2555 dixit
1247 2521 1291 2554 ad
1310 2532 1375 2561 me,
1395 2521 1426 2554 N
1431 2532 1475 2554 on
1494 2526 1546 2554 est
1564 2521 1667 2555 iudex
1687 2532 1790 2565 super
1808 2521 1932 2560 Deum,
1952 2531 2063 2564 neque
2082 2520 2180 2554 intel·
2351 2531 2356 2555 'A

263 2568 369 2612 ligens
395 2579 497 2612 super
522 2568 748 2602 Altissimum.
799 2570 827 2589 ²⁰
854 2569 1003 2602 Pereunt
1028 2569 1118 2602 enim
1143 2569 1245 2602 multi
1270 2574 1465 2613 praesenteS,
1492 2568 1574 2612 quia
1598 2568 1782 2613 negligitur
1806 2578 1882 2612 quae
1908 2568 2105 2612 anteposita
2129 2570 2181 2600 est

265 2615 328 2648 Dei
348 2615 411 2649 lex,
457 2618 480 2635 ²¹
502 2615 670 2649 Mandans
690 2616 781 2650 enim
800 2616 983 2650 mandavit
1002 2616 1094 2649 Deus
1115 2616 1343 2655 venientibus,
1365 2615 1504 2659 quando
1524 2619 1704 2655 venerunt,
1725 2615 1808 2659 quid
1827 2615 1992 2649 facientes
2012 2615 2179 2654 viverent,

264 2668 299 2696 et
318 2662 400 2706 quid
421 2662 643 2696 observantes
663 2674 732 2697 non
752 2663 965 2707 punirentur.
1011 2665 1036 2682 2²
1057 2663 1102 2697 Hi
1122 2666 1238 2697 autem
1258 2674 1327 2696 non
1346 2666 1428 2696 sunt
1447 2663 1610 2707 persuasi,
1630 2666 1665 2696 et
1685 2662 1970 2696 contradixerunt
1988 2662 2028 2702 ei,
2049 2665 2083 2695 et
2102 2672 2180 2695 con-

264 2710 454 2743 stituerunt
473 2710 536 2743 sibi
557 2711 750 2754 cogitamen
771 2710 948 2750 vanitatis,
992 2712 1018 2730 23
1037 2715 1071 2744 et
1091 2714 1343 2755 proposuerunt
1363 2710 1427 2744 sibi
1447 2710 1756 2743 circumventiones
1776 2709 1990 2749 delictorum,
2011 2712 2046 2743 et
2064 2719 2180 2752 super-

265 2756 426 2790 dixerunt
442 2757 618 2791 Altissimo
632 2768 701 2791 non
716 2768 797 2793 0550,
814 2762 848 2791 et
863 2758 935 2791 vias
951 2758 1021 2791 eius
1036 2768 1105 2790 non
1120 2762 1366 2802 cognoverunt,
1405 2759 1430 2776 ²⁴
1445 2762 1479 2790 et
1493 2757 1601 2801 legem
1616 2757 1686 2790 eius
1701 2760 1916 2801 spreverunt,
1932 2759 1967 2790 et
1980 2756 2179 2800 sponsiones

265 2803 335 2836 eius
350 2804 620 2848 abnegaverunt,
635 2809 669 2838 et
682 2805 716 2838 in
729 2805 888 2849 legitimis
903 2805 972 2838 eius
987 2804 1089 2838 fidem
1102 2816 1172 2838 non
1184 2805 1392 2845 habuerunt,
1406 2809 1441 2838 et
1454 2815 1557 2849 opera
1570 2804 1640 2838 eius
1653 2815 1723 2837 non
1736 2804 1962 2848 perfecerunt.
2000 2804 2026 2822 ²⁵
2039 2806 2180 2847 propter

265 2850 328 2883 hoc
356 2851 463 2885 Esdra
489 2863 599 2885 vacua
624 2853 751 2891 vacuis,
778 2856 812 2885 et
838 2852 937 2896 plena
963 2852 1080 2896 plenis.

70 2910 104 2936 de
119 2911 250 2950 adventu
379 2911 407 2927 ²⁶
428 2909 515 2943 Ecce
536 2915 674 2954 tempus
696 2911 821 2950 veniet,
844 2914 879 2944 et
900 2911 964 2944 en't
985 2910 1124 2954 quando
1146 2910 1287 2944 venient
1307 2911 1403 2954 signa
1424 2921 1501 2954 quae
1523 2910 1664 2954 praedixi
1686 2910 1760 2949 tibi,
1783 2913 1818 2943 et
1839 2909 2021 2954 apparebit
2041 2919 2178 2953 sponsa,

72 2946 249 3008 Iaeuassssr‘ssfff
267 2960 301 2988 et
321 2966 545 2999 apparescens
567 2957 768 2991 ostendetur
788 2968 863 3002 quae
884 2969 974 2991 nunc
994 2957 1199 2991 subducitur
1218 2961 1323 2991 terra:
1369 2959 1396 2976 ‘-‘⁷
1417 2961 1451 2990 et
1472 2957 1581 2991 omnis
1602 2957 1661 3001 qui
1680 2957 1845 2990 liberatus
1873 2960 1925 2990 est
1945 2956 1986 2990 de
2006 2955 2178 3000 praedictis

230 3002 235 3011 ’
266 3002 374 3038 malis,
400 3003 470 3047 ipse
498 3004 625 3038 videbit
649 3005 819 3038 mirabilia
843 3016 927 3039 mea.
977 3006 1005 3024 ²⁸
1031 3005 1255 3038 Revelabitur
1278 3005 1368 3038 enirn
1393 3004 1480 3038 filius
1504 3015 1598 3037 meus
1625 3004 1754 3037 IESUS
1779 3014 1857 3037 cum
1880 3003 1931 3037 his
1955 3003 2014 3047 qui
2038 3013 2116 3037 cum
2139 3013 2178 3036 eo

265 3055 357 3087 sunt,
373 3055 407 3083 et
422 3050 704 3085 iucundabuntur
719 3053 777 3096 qui
792 3052 896 3085 relicti
913 3056 995 3085 sunt
1008 3052 1042 3085 in
1058 3052 1155 3085 annis
1171 3052 1440 3095 quadringentis.
1480 3053 1508 3071 ²⁹
1524 3052 1569 3085 Et
1585 3052 1647 3085 erit
1662 3057 1739 3095 post
1755 3062 1862 3085 annos
1877 3051 1949 3089 hos,
1966 3054 2000 3084 et
2014 3050 2179 3083 morietur

267 3096 353 3130 tilius
376 3108 470 3130 meus
494 3097 731 3137 ClllzlsTl's,
755 3104 788 3133 et
811 3110 927 3132 01111105
950 3099 1008 3143 qui
1029 3099 1279 3143 spiramentum
1302 3099 1432 3132 habent
1453 3099 1622 3132 homines:
1669 3101 1698 3118 ³⁰
1719 3102 1753 3132 et
1775 3102 1996 3132 convertetur
2016 3097 2177 3131 saeculum

266 3143 300 3176 in
320 3144 503 3187 antiquum
523 3145 694 3178 silentium
715 3147 834 3180 diebus
853 3152 997 3190 septem,
1017 3147 1105 3179 sicut
1125 3147 1158 3179 in
1180 3146 1346 3190 prioribus
1366 3146 1509 3182 iudiciis.
1529 3146 1579 3180 ita
1597 3150 1637 3179 ut
1656 3156 1755 3179 nemo
1775 3145 2042 3189 derelinquatur.
2086 3145 2110 3163 ³¹
2131 3143 2178 3176 Et

266 3191 330 3223 erit
351 3198 428 3234 post
448 3192 517 3225 dies
538 3198 681 3236 septem.
702 3198 735 3226 et
756 3194 965 3227 excitabitur
985 3193 1076 3237 quod
1097 3193 1250 3226 nondum
1273 3193 1391 3237 vigilat
1411 3193 1584 3233 szeculum,
1605 3197 1638 3226 et
1659 3193 1823 3226 morietur
1843 3196 2057 3236 corruptum:
2097 3192 2124 3209 ³²
2143 3193 2178 3224 et

265 3242 356 3270 terra
382 3238 500 3272 reddet
525 3250 599 3283 quae
624 3239 657 3272 in
683 3250 719 3272 ea
745 3241 932 3279 dormiunt,
958 3246 993 3274 et
1017 3240 1128 3284 pulvis
1153 3241 1211 3283 qui
1234 3240 1269 3273 in
1294 3251 1332 3273 eo
1356 3241 1490 3274 silentio
1516 3240 1687 3279 habitant,
1713 3244 1747 3273 et
1771 3239 2010 3284 promptuaria
2031 3237 2178 3271 reddent

266 3295 342 3327 quae
357 3285 402 3318 eis
418 3286 667 3320 commendata?
681 3291 761 3319 sunt
777 3288 909 3321 animae.
949 3290 975 3307 ³³
991 3288 1035 3321 Et
1051 3288 1259 3321 revelabitur
1274 3287 1468 3320 ,altissimus
1483 3298 1585 3331 super
1597 3287 1713 3320 sedem
1727 3287 1853 3326 iudicii,
1869 3291 1903 3320 et
1918 3284 2177 3330 pertransibunt

265 3332 419 3371 miseriae,
446 3339 478 3366 et
504 3333 746 3377 longanimitas
772 3335 1043 3378 congregabitur.
1093 3337 1120 3354 ³⁴
1147 3334 1315 3368 Iudicium
1341 3339 1458 3367 autem
1483 3334 1592 3368 solum
1618 3334 1820 3372 remanebit,
1846 3333 1972 3366 veritas
1997 3332 2116 3371 stabit,
2142 3335 2176 3364 et

267 3378 349 3412 fides
367 3380 593 3413 convalescet.
636 3383 661 3399 ‘²⁵’
679 3385 712 3414 et
731 3392 814 3424 opus
833 3382 1071 3425 subsequetur,
1091 3384 1126 3416 et
1141 3392 1269 3415 merces
1287 3381 1499 3421 ostendetur,
1517 3386 1552 3415 et
1569 3381 1708 3415 iustitiae
1727 3381 1929 3425 vigilabunt,
1948 3383 1981 3413 et
1999 3378 2176 3413 iniustitiae

267 3436 334 3459 non
361 3426 642 3462 dominabuntur.
2340 3451 2351 3494 2
