2356 3760
110 143 161 182 16,
187 142 327 177 17—16,
354 141 395 174 24
869 136 1245 171 MACHABAEORLM
1924 139 1997 180 931

110 247 224 276 arma
250 247 334 279 sua,
364 238 404 275 et
431 232 689 273 intraverunt
716 230 757 270 in
784 228 1029 273 convivium,
1059 233 1099 268 et
1127 229 1359 269 occiderunt
1387 241 1491 272 eum,
1521 233 1560 268 et
1588 229 1686 268 duos
1714 229 1812 270 filios
1840 230 1934 277 eius,
1963 235 2003 270 et

111 293 310 347 quosdam
334 304 479 346 pueros
504 290 599 332 eius.
652 290 686 313 ¹⁷
710 293 750 329 et
774 286 869 328 fecit
893 286 1173 339 deceptionem
1196 300 1387 340 magnam
1411 286 1452 326 in
1477 285 1610 329 Israel.
1637 291 1676 326 et
1700 288 1873 327 reddidit
1898 287 2003 328 mala

138 364 181 392 ro
212 350 339 392 bonis.

110 365 135 405 p
215 411 249 433 ¹⁸
267 409 322 450 Et
340 407 499 461 scripsit
516 407 601 447 haee
618 404 874 451 Ptolemaeus‚
895 408 935 443 et
953 402 1063 443 misit
1080 402 1162 456 regi
1180 408 1225 443 ut
1244 403 1426 443 mitteret
1444 402 1477 443 ei
1496 402 1716 443 exercitum
1734 402 1774 442 in
1794 402 1987 442 auxilium
2019 409 2045 430 vt
2064 405 2191 435 manni·

394 467 401 473 .
494 465 501 472 .
744 462 751 468 .
787 461 794 469 .
1201 461 1207 466 .
1546 461 1552 467 .
1580 461 1586 467 .
1671 460 1677 466 .
1747 460 1754 466 .
1826 462 1833 473 ,
1991 436 1999 451 ’
2016 441 2080 465 dem
2098 441 2207 464 firmare

110 472 151 508 et
170 468 349 508 traderet
369 480 404 507 ei
422 477 637 520 regionem,
659 467 699 503 et
719 466 906 503 civitates
926 474 1076 505 eorum,
1099 466 1140 501 et
1158 461 1325 501 tributa.
1374 462 1408 485 ¹⁹
1427 461 1481 501 Et
1500 465 1609 501 misit
1629 459 1725 500 ahos
1745 473 1785 500 in
1804 460 2001 501 &azaram
2071 475 2140 503 vuit,

111 525 250 566 tollere
271 526 484 566 Ioannem:
505 528 545 564 et
564 520 736 562 tribunis
755 520 865 561 misit
884 518 1086 573 epistolas.
1107 524 1153 559 ut
1172 519 1355 559 venirent
1375 519 1426 559 ad
1444 532 1495 562 se.
1517 524 1556 559 et
1575 519 1688 559 daret
1708 518 1760 558 eis
1780 523 2003 571 argentum,

113 590 154 625 et
184 596 340 628 aurum,
373 588 413 623 et
443 582 561 623 dona.
619 581 655 604 ²⁰
681 579 737 620 Et
764 578 861 619 alios
889 577 1000 618 misit
1027 590 1223 630 occupare
1252 576 1480 622 Ierusalem,
1511 582 1550 617 et
1577 582 1758 617 montem
1786 575 1937 629 templi.

215 643 246 666 ²¹
273 641 329 682 Et
353 651 599 694 praeourrens
627 637 805 691 quidam,
834 635 1045 677 nunciavit
1073 635 1216 676 Ioanni
1241 635 1281 675 in
1307 635 1474 683 Gazara,
1505 634 1598 688 quia
1624 634 1740 687 periit
1766 639 1882 687 pater
1907 633 2001 681 eius,
2040 670 2053 694 Ι
2084 634 2146 685 ⁵⁴³¹

111 705 151 740 et
173 700 319 740 fratres
342 699 437 743 eius,
462 703 504 739 et
527 696 622 750 quia
642 696 753 736 misit
776 701 816 736 te
840 707 1000 749 quoque
1023 693 1205 734 interfici.
1257 695 1288 717 ²2
1311 693 1368 733 Ut
1392 693 1549 733 audivit
1572 699 1721 740 autem,
1746 693 2005 732 vehementer
2053 676 2176 742 Ξῖἶῖιᾞιὲ]

112 758 298 811 expavit:
321 763 362 798 et
383 755 690 809 comprehendit
713 754 831 799 viros,
856 753 925 807 qui
945 757 1143 793 venerant
1164 751 1329 805 perdere
1351 764 1455 796 euni,
1479 756 1518 791 et
1541 750 1686 791 oceidit
1708 763 1791 790 eos:
1816 749 2004 803 cognovit
2055 740 2161 770 nequ*

112 817 219 857 enim
249 816 345 870 quia
374 814 611 869 quaerebant
640 826 732 854 eum
762 812 938 866 perdere.

826 914 1085 964 Conclusio,
1114 913 1180 964 16,
1199 914 1251 953 23
1271 924 1307 953 s,

217 991 250 1014 2³
269 988 325 1029 Et
345 992 477 1029 cetera
498 999 729 1028 sermonum
752 984 926 1033 Ioannis,
950 988 990 1024 et
1010 982 1206 1024 bellorum
1227 982 1322 1030 eius,
1345 986 1386 1023 et
1406 981 1604 1022 bonarum
1626 979 1838 1025 virtutum,
1862 977 2007 1031 quibus
2030 979 2085 1004 ΚΘΕ
2108 979 2192 1009 8θὲῒὲ

112 1047 274 1089 fortiter
293 1046 427 1101 gessit,
451 1051 491 1087 et
513 1044 669 1086 aedifieii
690 1056 910 1086 murorum.
935 1055 1034 1096 quos
1057 1041 1250 1085 extruxit.
1274 1046 1315 1081 et
1335 1053 1468 1081 rerum
1488 1043 1693 1092 gestarum
1715 1039 1816 1078 eius:
1865 1037 1897 1060 ²4
1918 1048 2007 1077 ecee
2054 1015 2168 1073 1⁰a³iiiii¹³

112 1106 198 1147 haec
223 1105 374 1158 scripta
397 1109 493 1145 sunt
518 1104 558 1144 in
582 1103 684 1144 libro
710 1102 865 1143 dierum
890 1100 1104 1142 sacerdotii
1129 1099 1224 1148 eius,
1252 1112 1300 1140 ex
1327 1111 1405 1153 quo
1430 1097 1562 1138 faetus
1588 1102 1647 1138 est
1673 1096 1856 1150 princeps
1881 1106 2008 1135 sacer·
2042 1084 2181 1115 Quum*

115 1165 259 1206 dotum
289 1168 381 1217 post
411 1168 570 1217 patrem
601 1174 731 1204 suum.

1740 3499 1815 3541 ω*
