2356 3760
101 470 173 489 neve
196 464 233 488 ab

94 499 238 524 hmrcticis

73 535 258 560 seducamur.

84 1564 158 1593 Qui-0
172 1564 249 1589 Dens

82 1600 176 1625 iustus
197 1604 250 1625 est.

94 1635 239 1659 iustitiam

91 1671 242 1700 iaciamus,

79 1742 113 1765 ut
133 1740 181 1764 filii
202 1740 252 1764 Dei

116 1782 215 1802 sunus.

109 2036 227 2059 peccat-a

117 2068 217 2091 autem

101 2109 111 2125 x
120 2103 235 2132 iternns,

114 2330 148 2347 nv
172 2323 220 2348 filii

113 2358 221 2383 diaboli

273 74 374 115 1186
750 70 973 105 EPISTOLA
1010 70 1045 104 Β.
1073 68 1266 103 IOANNIS
1293 68 1521 104 APOSTOLI
1550 68 1697 103 PRIMA
1940 71 1971 110 2,
1996 70 2116 111 15—3,
2142 71 2182 104 17

271 165 312 206 in
333 164 461 214 vobis,
483 172 524 205 et
544 163 697 205 vicistis
717 164 952 217 malignum.
1003 164 1033 187 ¹5
1054 162 1189 203 Nolite
1209 161 1371 215 diligere
1392 162 1604 211 mundum,
1626 176 1758 216 neque
1777 176 1836 212 ea,
1859 176 1948 216 quae
1966 164 2007 205 in
2028 164 2182 205 mundo

273 230 380 265 sunt.
411 223 452 264 Si
482 222 570 277 quis
599 222 730 275 diligit
760 222 972 266 mundum,
1004 234 1084 261 non
1113 226 1175 262 est
1203 220 1380 261 charitas
1412 220 1542 262 Patris
1571 220 1610 261 in
1641 234 1705 261 eo:
1764 222 1798 245 ¹⁶
1827 221 2021 275 quoniam
2049 237 2184 272 omne⁷

275 282 383 336 quod
419 290 479 323 est
514 282 554 322 in
590 282 755 322 mundo.
793 280 1123 333 concupiscentia
1156 279 1286 320 carnis
1321 285 1394 329 est,
1431 285 1472 320 et
1506 279 1837 333 concupiscentia
1870 279 2091 331 oculorum,
2142 288 2182 323 et

274 340 464 393 superbia
492 340 604 381 vitae:
636 353 724 393 quie
753 352 832 379 non
860 346 920 379 est
948 352 997 379 ex
1025 338 1158 388 Patre,
1189 337 1258 379 sed
1286 351 1335 379 ex
1362 338 1516 379 mundo
1543 343 1616 380 est.
1674 340 1706 363 ¹⁷
1735 338 1790 379 Et
1816 338 1994 380 mundus
2022 340 2182 386 transit.

273 409 311 440 et
343 398 672 452 concupiscentia
699 397 794 439 eius.
826 397 904 446 Qui
933 404 1071 438 autem
1100 397 1199 438 facit
1227 397 1487 438 voluntatem
1511 396 1599 446 Dei,
1630 402 1770 438 manet
1797 396 1838 438 in
1866 403 2076 439 aeternum.

381 460 415 483 1⁸
447 457 589 506 Filioli,
624 457 846 498 novissima
879 457 978 497 hora
1009 462 1088 498 est:
1124 461 1163 497 et
1196 456 1302 497 sicut
1334 455 1505 497 audistis
1539 456 1635 509 quia
1667 455 1943 498 Antichristus
1976 456 2109 498 venit:
2144 463 2185 498 et

275 531 381 558 111111(
412 516 653 557 Antichristi
682 516 798 557 multi
828 515 926 558 facti
955 522 1069 563 sunt;
1100 515 1207 556 unde
1235 515 1396 564 scimus,
1428 514 1524 568 quia
1551 514 1774 556 novissima
1800 514 1901 555 hora
1927 520 2000 556 est.
2057 516 2093 539 ¹⁹
2121 515 2185 556 Ex

275 576 388 616 nobis
413 575 661 628 prodierunt,
685 575 752 616 sed
776 588 856 615 non
879 581 996 616 erant
1016 587 1065 615 ex
1087 574 1215 615 nobis.
1265 586 1374 622 nam,
1397 573 1430 614 si
1450 572 1624 615 fuissent
1643 586 1694 614 ex
1714 573 1844 623 nobis,
1865 573 2183 626 permansissent

275 635 415 687 utique
439 634 668 675 nobiscum:
695 633 763 674 scd
787 639 835 675 ut
857 633 1062 674 manifesti
1087 633 1169 674 sint
1192 632 1386 686 quoniam
1409 645 1491 672 non
1514 637 1612 673 sunt
1635 645 1774 673 omnes
1798 645 1848 673 ex
1870 631 1998 673 nobis.
2048 634 2084 657 ²⁰
2105 632 2184 674 Sed

275 706 345 733 vos
370 693 603 734 unctionem
626 692 787 733 habetis
811 706 835 733 a
856 692 1020 739 Sancto,
1046 698 1086 733 et
1108 691 1236 732 nostis
1260 690 1408 732 omnia.
1460 693 1491 715 ²¹
1516 690 1608 731 Non
1631 690 1771 744 scripsi
1794 690 1909 732 vobis
1935 691 2050 744 quasi
2073 691 2184 745 igno-

272 751 458 793 rantibus
491 751 720 801 veritatem,
754 751 823 792 sed
856 751 971 805 quasi
1002 750 1222 791 scientibus
1254 763 1362 790 eain:
1395 754 1437 790 et
1468 749 1662 803 quoniam
1694 762 1813 791 omne
1844 749 2105 791 mendacium
2135 763 2185 791 ex

273 811 447 851 veritate
468 823 549 852 non
569 817 641 852 est.
690 812 721 834 ²²
742 810 840 858 Quis
860 815 921 851 est
940 809 1130 858 mendaX,
1151 809 1228 850 nisi
1247 809 1291 859 is,
1343 808 1383 849 ui
1403 814 1524 863 negat
1547 808 1741 861 quoniam
1763 808 1873 850 Iesus
1893 813 1955 849 est
1975 808 2183 850 Christus?

274 869 350 910 Hic
379 875 439 910 cst
467 869 756 917 Antichristus,
787 868 855 922 qui
884 874 1007 921 negat
1034 868 1212 917 Patrem,
1242 873 1284 909 et
1345 867 1471 908 ilium.
1528 869 1560 891 23
1588 867 1743 916 Omnis,
1774 867 1843 920 qui
1870 872 1994 921 negat
2021 867 2184 917 Filium,

273 942 346 969 nec
370 928 535 968 Patrem
559 927 696 969 habet.
751 927 819 981 qui
843 927 1062 968 confitetur
1089 927 1246 975 Filium,
1272 932 1314 967 et
1336 926 1503 967 Patrem
1526 925 1663 967 habet.
1717 927 1748 950 2⁴
1771 925 1854 967 Vos
1879 925 1989 980 quod
2013 925 2185 968 audistis

273 986 325 1027 ab
356 986 484 1029 initio.
519 986 560 1028 in
592 986 707 1027 vobis
739 992 996 1039 permaneat:
1030 986 1071 1026 Si
1102 985 1143 1026 in
1175 985 1291 1026 vobis
1322 984 1592 1038 permanserit
1624 984 1734 1038 quod
1766 984 1937 1026 audistis
1969 984 2022 1025 ab
2053 984 2184 1030 initio,

273 1051 314 1086 et
336 1059 407 1086 vos
428 1045 469 1085 in
492 1045 605 1095 Filio,
629 1051 670 1086 et
691 1045 813 1086 Patre
835 1045 1064 1086 manebitis.
1115 1046 1146 1069 25
1168 1043 1225 1086 Et
1244 1044 1330 1085 haec
1352 1049 1413 1085 est
1433 1043 1703 1097 repromissio,
1728 1056 1853 1098 quam
1873 1043 1958 1097 ipse
1980 1043 2184 1097 pollicitus

274 1111 333 1145 est
359 1104 488 1148 nobis.
517 1104 647 1145 vitam
673 1110 880 1146 aeteriiam.
935 1105 970 1128 2⁶
997 1103 1095 1145 Haec
1120 1103 1260 1157 scripsi
1286 1102 1402 1143 vobis
1428 1102 1477 1144 de
1503 1102 1577 1152 his,
1607 1102 1676 1156 qui
1702 1102 1904 1144 seducunt
1929 1115 2014 1144 vos.
2069 1104 2104 1127 ²⁷
2130 1102 2187 1143 Et.

274 1176 345 1203 vos
375 1163 622 1213 unctionem,
654 1176 777 1217 quam
807 1162 1018 1216 accepistis
1048 1162 1100 1203 ab
1128 1175 1186 1211 eo,
1216 1167 1385 1203 maneat
1412 1161 1453 1202 in
1481 1161 1610 1202 vobis.
1641 1160 1698 1203 Et
1726 1174 1807 1202 non
1835 1174 1996 1203 necesse
2025 1161 2187 1203 habetis

274 1228 320 1263 ut
347 1222 491 1275 aliquis
519 1222 665 1263 doceat
692 1235 782 1263 vos:
812 1222 882 1263 sed
909 1221 1014 1263 sieut
1040 1221 1180 1262 unctio
1207 1221 1291 1262 eius
1318 1221 1439 1262 docet
1466 1233 1537 1261 Vos
1565 1220 1614 1261 de
1642 1220 1843 1269 omnibus,
1873 1226 1914 1262 et
1941 1233 2083 1262 verum
2111 1227 2184 1264 est.

273 1286 313 1322 et
340 1294 421 1322 non
449 1287 509 1323 est
537 1280 808 1322 mendacium.
838 1280 894 1322 Et
921 1280 1026 1322 sicut
1053 1280 1193 1321 docuit
1221 1293 1311 1321 vos:
1340 1284 1504 1321 manete
1531 1279 1573 1320 in
1601 1292 1658 1320 e0.

632 1398 703 1449 Il.
744 1397 984 1448 Iustitia
1021 1396 1290 1448 facienda
1329 1396 1435 1458 est,
1474 1396 1523 1457 2,
1551 1395 1751 1457 28—4‚
1780 1396 1828 1446 6.

738 1489 776 1529 1.
809 1487 1104 1529 sanctitatem
1135 1487 1379 1537 sectemur,
1406 1488 1447 1538 2,
1466 1487 1619 1537 28—3,
1639 1487 1726 1526 102.

379 1560 413 1582 ²8
444 1558 499 1600 Et
529 1572 636 1599 nnnc
668 1558 777 1599 filioli
808 1564 971 1600 manete
1001 1558 1043 1599 in
1073 1571 1137 1599 eo:
1170 1564 1217 1599 ut
1248 1571 1341 1599 cum
1372 1557 1619 1612 apparuerit,
1652 1557 1877 1599 habeamus
1908 1556 2112 1607 fiduciam,
2145 1564 2187 1599 et

274 1631 354 1658 non
383 1617 683 1658 confundamur
709 1617 761 1658 ab
788 1630 833 1658 eo
860 1617 901 1658 in
929 1616 1112 1659 adventu
1139 1617 1234 1658 eins.
1291 1618 1326 1641 2⁹
1352 1616 1393 1657 Si
1420 1616 1529 1658 scitis
1558 1616 1752 1670 quoniam
1779 1616 1909 1657 iustus
1937 1621 2010 1665 est,
2039 1616 2185 1658 scitote

276 1676 470 1730 quoniam
497 1682 538 1718 et
564 1676 706 1725 omnis,
736 1676 805 1730 qni
831 1676 930 1718 facit
955 1675 1169 1725 iustitiam,
1197 1689 1247 1716 ex
1272 1675 1360 1730 ipso
1385 1681 1507 1716 natus
1535 1682 1607 1717 est.

379 1734 416 1778 3.
472 1738 485 1759 ¹
516 1735 661 1776 Videte
689 1735 850 1789 qualem
876 1735 1121 1776 charitatem
1147 1734 1261 1776 dedit
1287 1733 1402 1775 nobis
1428 1734 1563 1784 Pater,
1592 1740 1639 1775 ut
1664 1733 1734 1774 filii
1759 1733 1836 1774 Dei
1862 1733 2120 1775 nominermu·
2145 1740 2187 1775 et

274 1794 411 1835 simus.
438 1794 606 1848 Propter
624 1794 700 1836 hoc
720 1794 897 1835 mundus
917 1807 999 1835 non
1020 1794 1136 1836 novit
1154 1807 1246 1834 nos:
1270 1793 1366 1847 quia
1383 1806 1465 1834 non
1485 1793 1603 1835 novit
1622 1806 1726 1834 eum.
1775 1794 1790 1817 2
1811 1792 2055 1842 Charissimi,
2077 1805 2185 1834 nunc

273 1853 343 1893 filii
364 1853 438 1894 Dei
462 1867 619 1894 snmus:
643 1858 683 1895 et
703 1853 887 1894 nondum
909 1853 1101 1907 apparuit
1123 1853 1221 1907 quid
1242 1853 1402 1894 erimus.
1426 1852 1582 1893 Scimus
1605 1851 1800 1906 quoniam
1820 1865 1914 1893 cum
1935 1851 2183 1905 apparuerit,

274 1912 421 1953 similes
445 1912 480 1953 ei
503 1912 669 1954 erimus:
697 1912 890 1966 quoniam
914 1912 1143 1953 videbimus
1168 1925 1261 1954 eum
1284 1911 1404 1953 sicuti
1427 1916 1499 1953 est.
1551 1913 1567 1936 3
1590 1911 1645 1952 Et
1670 1910 1812 1959 omnis,
1839 1909 1908 1964 qui
1930 1909 2057 1952 habet
2081 1911 2187 1951 hanc

274 1984 386 2025 spem
414 1971 456 2012 in
485 1984 543 2015 eo.
574 1971 804 2013 sanctificat
832 1985 885 2021 se,
915 1971 1021 2012 sicut
1048 1976 1089 2012 et.
1116 1971 1180 2012 ille
1209 1976 1374 2011 sanctus
1403 1976 1476 2011 est.

380 2032 395 2054 ⁴
421 2030 575 2079 Omnis,
605 2030 672 2084 qni
699 2030 798 2071 facit
823 2036 1050 2083 peccatum,
1079 2036 1121 2071 et
1145 2029 1409 2083 iniquitatem
1434 2028 1551 2070 facit:
1580 2034 1621 2070 et
1646 2034 1862 2082 peccatum
1888 2033 1950 2070 θεῖ
1975 2028 2184 2082 iniquitas.

275 2091 290 2113 5
312 2089 366 2130 Et
388 2089 497 2130 scitis
521 2089 615 2142 quia
636 2089 700 2129 ille
723 2089 914 2142 apparuit
935 2096 981 2129 ut
1003 2094 1172 2142 peccata
1194 2094 1334 2129 nostra
1353 2087 1532 2128 tolleret:
1559 2093 1620 2128 aet
1640 2093 1857 2140 peccatum
1878 2086 1919 2128 in
1940 2099 1986 2128 eo
2008 2100 2090 2128 non
2112 2093 2184 2128 est.

277 2150 291 2171 '³
318 2147 472 2190 Omnis,
503 2147 571 2201 qui
597 2147 638 2188 in
666 2160 712 2188 eo
739 2154 890 2197 manet,
920 2160 1001 2188 non
1028 2153 1188 2201 peccat:
1218 2153 1258 2188 et
1286 2146 1428 2192 omnis,
1459 2146 1528 2200 qui
1554 2151 1709 2199 peccat,
1738 2159 1820 2186 non
1847 2145 1953 2186 vidit
1979 2159 2084 2195 eum,
2112 2159 2186 2187 nec

274 2207 466 2260 cognovit
494 2220 598 2248 eum.
658 2209 671 2229 ⁷
700 2206 844 2255 Filioli‚
873 2220 993 2247 nemo
1022 2219 1101 2246 vos·
1122 2205 1303 2246 seducat.
1334 2205 1412 2253 Qui
1440 2204 1540 2246 facit
1567 2204 1780 2253 iustitiam,
1810 2204 1941 2246 iustus
1971 2211 2049 2245 est:
2080 2204 2184 2245 sicut

273 2270 313 2305 vt
342 2265 407 2305 ille
436 2265 566 2306 iustus
597 2271 669 2306 θεῖ.

381 2328 396 2347 ’⁵‘
432 2324 530 2372 bQui
562 2324 661 2365 facit
692 2331 920 2376 peccatum,
956 2338 1005 2365 ex
1037 2323 1200 2364 diabolo
1233 2328 1312 2364 est:
1349 2322 1542 2376 quoniam
1575 2322 1627 2363 ab
1659 2322 1776 2363 initio
1809 2321 1995 2363 diabolus
2028 2329 2183 2375 peccat.

85 2394 250 2419 tuduinum·-
280 2383 324 2423 In
348 2383 423 2423 hoc
449 2382 640 2436 apparuit
665 2382 789 2423 Filius
814 2382 902 2431 Dei,
930 2389 976 2424 ut
1000 2382 1197 2423 dissolvat
1223 2395 1345 2435 opera
1369 2381 1532 2422 diaboli.
1588 2383 1604 2405 ⁹
1628 2380 1783 2431 Omnis,
1811 2380 1880 2434 qui
1904 2386 2026 2422 natus
2051 2385 2113 2422 θεῖ
2137 2394 2187 2421 ex

113 2678 225 2702 sun-itas

105 2719 110 2737 t
119 2721 123 2737 1
131 2717 158 2737 at
166 2721 233 2737 vrna

119 2758 134 2773 :1
160 2749 219 2773 Deo

276 2442 374 2490 Deo,
396 2447 610 2494 peccatum
632 2455 712 2482 non
732 2441 849 2483 facit:
872 2441 1067 2496 quoniam
1086 2454 1223 2482 semen
1243 2440 1367 2493 ipsius
1387 2439 1427 2480 in
1448 2453 1494 2481 eo
1514 2445 1667 2489 manet,
1689 2445 1730 2481 et
1748 2453 1830 2480 non
1850 2444 1987 2492 potest
2005 2452 2184 2493 peccare.

278 2500 471 2553 qnoniam
498 2514 546 2541 ex
577 2501 659 2541 Deo
686 2506 807 2542 natus
833 2506 906 2542 est.
962 2502 996 2525 ¹⁰
1023 2500 1067 2540 Ῑ11
1094 2500 1170 2541 hoc
1196 2499 1403 2540 manifesti
1429 2504 1526 2539 sunt
1550 2498 1640 2539 Filii
1666 2498 1754 2547 Dei,
1781 2504 1823 2539 et
1847 2497 1917 2538 filii
1943 2497 2106 2539 diaboli.

810 2605 848 2643 2.
880 2603 1062 2644 Fratres
1094 2603 1359 2655 diligamus,
1386 2604 1426 2653 3,
1446 2603 1650 2643 10b—22.

381 2675 521 2716 Omnis
551 2674 618 2727 qui
647 2687 726 2714 non
755 2679 815 2715 est
843 2674 984 2717 iustus.
1015 2688 1096 2715 non
1124 2680 1185 2715 est
1212 2688 1261 2715 ex
1287 2674 1388 2724 Deo,
1418 2679 1459 2715 et
1487 2673 1555 2727 qui
1582 2686 1663 2714 non
1692 2673 1823 2726 diligit
1850 2673 2018 2714 fratrem
2045 2686 2183 2714 sunm:

278 2737 302 2757 ¹¹
334 2733 526 2787 qnoniam
552 2733 636 2773 hfec
661 2740 722 2774 est
747 2733 1022 2782 annunciatio,
1052 2746 1175 2787 quam
1200 2732 1370 2774 audistis
1396 2732 1447 2773 ab
1472 2731 1601 2781 initio,
1635 2739 1699 2773 cnt
1723 2731 1900 2785 diligatis
1926 2731 2183 2773 alterutrum.

82 2784 257 2814 ¹'¹'“⁹“'³¹'“¹¹“
279 2795 308 2816 ¹‘-'
333 2792 424 2833 Non
449 2792 553 2833 sicut
579 2792 711 2839 ι1011111,
739 2791 807 2846 qui
831 2805 881 2832 ex
904 2791 1081 2843 maligno
1106 2797 1205 2841 erat,
1231 2798 1271 2832 et
1296 2791 1444 2833 occidit
1467 2791 1635 2832 fratrem
1659 2804 1790 2832 suum.
1817 2790 1873 2831 Et
1895 2795 2062 2843 propter
2086 2790 2186 2844 quid

114 2912 228 2940 signum

103 2948 168 2971 vit-a·
190 2949 242 2976 est,

89 3179 256 3209 ‹›x··111plu1n

279 2850 423 2891 oceidit
452 2850 569 2892 eum?
597 2850 801 2899 Quoniam
828 2864 951 2904 opera
976 2850 1059 2891 eius
1086 2850 1265 2904 maligna
1291 2855 1425 2891 erant:
1453 2849 1588 2891 fratris
1616 2855 1754 2890 autem
1781 2849 1877 2898 eius,
1905 2849 2024 2890 iusta.

387 2911 415 2933 ¹³
444 2909 574 2951 Nolite
598 2909 735 2950 mirari
758 2910 915 2959 fratres,
941 2909 973 2949 si
997 2909 1084 2950 odit
1108 2922 1179 2950 vos
1202 2909 1392 2950 mundus.
1445 2910 1476 2933 ¹⁴
1500 2909 1583 2949 Nos
1607 2908 1754 2949 scimus
1779 2907 1973 2962 quoniam
1996 2907 2185 2949 translati

280 2982 418 3009 sumus
446 2968 494 3008 de
523 2974 651 3009 morte
679 2968 731 3009 ad
759 2968 900 3017 vitam,
931 2967 1124 3021 quoniam
1152 2967 1355 3021 diligimus
1382 2968 1539 3008 fratres.
1575 2967 1670 3015 eQui
1697 2979 1778 3007 non
1806 2966 1950 3019 diligit,
1978 2972 2119 3007 manet
2144 2966 2184 3006 in

283 3034 428 3068 morte:
488 3029 516 3050 ¹⁵
545 3027 685 3076 onmis,
717 3027 784 3080 qui
813 3026 899 3068 odit
926 3027 1094 3068 fratrem
1121 3040 1253 3077 suum,
1281 3026 1486 3067 homicida
1512 3031 1583 3067 est.
1613 3025 1669 3066 Et
1696 3025 1805 3066 scitis
1834 3025 2025 3078 quoniam
2056 3024 2184 3064 omnis

281 3085 483 3126 homicida
511 3098 591 3125 non
619 3085 744 3127 habet
773 3086 901 3126 vitam
930 3091 1124 3127 {eternam
1152 3085 1191 3125 in
1220 3085 1437 3138 semetipso
1466 3090 1712 3125 manentem.

378 3147 385 3168 ¹
396 3147 410 3168 ‘⁵
425 3144 457 3184 ῐἸ
461 3158 483 3184 11
499 3144 574 3184 hoc
585 3145 848 3195 cognovimus
861 3144 1103 3185 charitatem
1114 3143 1201 3190 Dei,
1213 3144 1406 3197 quoniam
1418 3143 1483 3184 ille
1493 3143 1673 3184 animam
1687 3155 1801 3183 suam
1816 3155 1888 3195 pro
1900 3141 2016 3182 nobis
2028 3141 2160 3195 posuit
2176 3155 2183 3180 :

121 3214 226 3239 curisti
280 3208 321 3243 et
344 3216 415 3244 nos
441 3203 634 3244 debemus
661 3216 730 3255 pro
756 3203 947 3244 fratribus
973 3203 1129 3243 animas
1154 3215 1314 3256 ponere.
1368 3204 1400 3227 ¹⁷
1429 3202 1527 3250 aQui
1551 3200 1742 3242 habuerit
1766 3200 2042 3242 substantiam
2065 3199 2184 3241 huius

83 3252 262 3276 exerceatur.

281 3262 433 3303 mnndi.
465 3269 505 3303 et
536 3261 680 3302 viderit
713 3262 878 3302 fratrem
907 3275 1026 3302 suum
1056 3261 1339 3303 necessitatem
1369 3260 1530 3309 habere,
1561 3266 1602 3302 ct
1631 3259 1819 3301 clauserit
1848 3259 2001 3300 Viscera
2029 3271 2103 3298 sna
2132 3258 2182 3298 ab

411 3364 442 3403 3,
468 3365 557 3396 5³1>⁴
582 3366 635 3404 33,
660 3366 695 3398 ij:
723 3366 739 3396 1
772 3365 827 3396 l’tr
852 3366 881 3404 2,
903 3366 954 3398 222.
1006 3386 1021 3387 ’ν
1047 3368 1066 3397 :³¹
1086 3366 1143 3398 blo
1168 3365 1198 3398 8.
1219 3365 1270 3398 44.
1327 3386 1337 3387 ἡ
1366 3366 1403 3397 II
1430 3364 1484 3397 010
1512 3364 1562 3404 13,
1586 3364 1642 3403 34;
1671 3364 1722 3403 15,
1746 3364 1794 3397 12.
1888 3362 2072 3401 1:21112114,
2094 3362 2122 3395 8.
2145 3383 2154 3384 ff
2176 3382 2183 3383 ff

281 3412 320 3444 1-1.
347 3412 414 3444 ‹Lx-
442 3413 492 3449 1³⁴,
520 3412 569 3444 17.
621 3433 637 3434 ἡ
667 3413 704 3444 m
738 3411 789 3444 ro
815 3413 867 3450 111,
893 3412 943 3446 13.
1003 3433 1011 3434 ff
1038 3413 1078 3445 17
1105 3413 1181 3445 &lac
1206 3413 1236 3451 2,
1266 3413 1314 3445 15.
