2356 3760
150 128 181 168 2,
206 128 305 168 6—3,
331 128 371 161 12
931 125 1078 159 LieER
1110 126 1262 160 exem
1999 133 2046 171 43

150 221 259 262 misit
285 234 410 262 unam
436 235 455 261 e
482 220 712 261 famulabus
739 220 838 259 suis:
868 226 905 259 et
934 219 1101 260 allatam
1158 223 1172 243 '³'
1198 221 1391 272 aperiens,
1421 233 1665 273 cernensque
1691 224 1732 262 in
1759 238 1803 263 ea
1831 224 2047 276 parvulum

150 280 391 333 vagientem,
417 280 580 319 miserta
605 278 698 327 eius,
724 278 799 318 ait:
824 279 885 318 De
906 278 1132 319 infantibus
1156 278 1421 319 Hebrfeormn
1443 284 1504 318 est
1526 278 1600 319 hic.
1654 280 1667 301 ⁷
1692 281 1762 320 t'ui
1785 294 1894 322 soror
1914 283 2045 335 pueri:

153 339 231 387 Vis,
250 338 395 392 inquit,
415 342 462 377 ut
479 338 641 385 vada-m,
661 341 702 377 et
719 350 861 377 vocem
878 337 954 377 tibi
972 337 1178 377 mulierem
1199 337 1425 386 1190119301,
1448 350 1536 390 quae
1553 337 1706 377 nutrire
1725 340 1852 390 possit
1868 340 2047 382 infantu-

148 397 257 438 lum?
314 399 328 420 0
356 395 600 449 Respondit:
628 395 752 436 Vade.
782 395 965 435 Perrexit
990 395 1124 448 puella
1150 402 1189 435 et
1216 396 1382 436 vocavit
1409 404 1581 436 matrem
1608 409 1735 436 suam.
1793 399 1807 420 0
1834 398 1897 437 Ad
1925 412 2047 451 qua-m

149 455 284 496 locuta
317 454 399 495 filia
428 454 669 494 Pharaonis:
702 454 862 507 Accipe,
896 454 965 497 ait.
1000 467 1169 507 puerum
1201 454 1337 501 istum,
1372 459 1411 494 et
1444 454 1551 494 nutri
1584 454 1699 494 mihi:
1734 468 1804 507 ego
1836 456 1941 496 dabo
1974 458 2047 497 tibi

150 513 373 555 mercedem
403 518 529 553 tuam.
562 512 748 565 Suscepit
777 512 930 557 mulier,
963 517 1004 552 et
1033 512 1207 553 nutrivit
1237 526 1425 565 puerum:
1458 512 1726 567 adultumque
1757 514 1925 555 tradidit
1960 515 2048 556 filia·

147 572 380 613 Pharaonis.
436 573 471 595 10
496 572 625 620 Quem
650 570 718 611 illa
743 571 960 624 adoptavit
984 571 1025 611 in
1051 571 1183 611 10911111
1213 571 1294 619 filii,
1323 571 1568 625 vocavitque
1594 584 1740 612 nomen
1767 572 1849 612 eius
1875 572 2046 626 Moyses.

147 630 300 672 dicens:
333 631 437 679 Quia
466 630 514 670 de
544 643 651 683 aqua
680 629 755 670 tuli
785 643 888 670 eum.

251 691 281 713 11
317 690 363 729 111
396 689 536 729 diebus
568 688 643 728 iliis
675 693 895 742 postquam
927 695 1110 729 creverat
1141 689 1312 742 Moyses,
1353 702 1549 742 ²¹egressus
1583 694 1643 729 est
1675 690 1727 729 ad
1759 690 1902 730 iratres
1935 700 2183 731 suasa-1252<

2101 745 2116 759 υ
2141 743 2148 750 ,

147 748 333 801 viditque
349 747 616 788 afflictionem
632 760 783 795 eorum,
802 753 843 787 et
859 747 992 787 virum
1009 747 1248 801 :Egyptium
1265 748 1560 801 percutientem
1579 748 1781 801 quendam
1799 749 1847 788 de
1866 748 2046 790 Hebraeis

146 807 339 847 fratribus
358 806 450 847 suis.
498 809 529 830 1²
547 806 729 859 Cumque
747 806 1098 858 circumspexisset
1115 807 1194 846 huc
1212 811 1335 859 atque
1352 806 1457 851 illue,
1478 811 1517 846 et
1536 806 1691 847 1111111111]
1710 807 1847 847 adesse
1866 807 2046 856 vidisset,

146 878 380 918 percussum
407 865 646 918 AEgyptium
673 864 886 905 abscondit
913 864 1064 905 sabulo.
1122 866 1156 889 13
1181 865 1237 905 Et
1263 878 1440 919 egressus
1468 865 1530 905 die
1558 865 1683 906 altero
1711 866 1922 919 conspexit
1948 866 2048 906 duos

147 924 340 965 Hebraeos
371 924 570 964 rixantes:
605 923 789 977 dixitque
823 923 857 963 ei
891 923 959 977 qui
991 924 1168 964 faciebat
1200 923 1406 964 iniuriam:
1442 924 1574 971 Quare
1607 924 1783 977 percutis
1815 925 2047 978 proximum

146 983 288 1023 tuum?
343 985 371 1006 11
397 982 474 1031 Qui
498 982 724 1036 respondit:
751 982 848 1031 Quis
874 987 913 1022 te
938 982 1152 1023 constituit
1176 983 1398 1035 principem
1424 988 1464 1023 et
1488 982 1661 1023 iudicem
1685 996 1804 1036 super
1827 983 1924 1024 nos?
1950 997 2047 1024 1111111

147 1041 324 1083 occidere
353 1054 416 1081 me
447 1046 490 1081 tu
522 1041 594 1087 vis,
627 1041 730 1081 sicut
758 1041 841 1081 heri
873 1041 1053 1082 occidisti
1085 1041 1347 1094 Egyptium?
1380 1042 1533 1082 Timuit
1561 1042 1732 1095 Moyses,
1765 1047 1805 1082 et
1835 1042 1909 1082 ait:
1942 1042 2048 1090 Quo-

146 1100 267 1141 modo
296 1099 433 1153 palam
461 1100 618 1140 factum
647 1106 708 1141 est
737 1100 907 1141 verbum
936 1100 1071 1140 istud?

250 1161 280 1183 15
316 1159 567 1212 Audivitque
604 1159 762 1199 Pharao
799 1172 1023 1199 sermonem
1061 1160 1178 1202 hune,
1218 1165 1257 1199 et
1295 1160 1502 1213 qmerebat
1539 1160 1716 1200 occidere
1753 1160 1938 1213 Moysen:
1978 1160 2046 1213 qui

145 1218 300 1271 fugiens
330 1218 379 1258 de
409 1223 626 1271 s·011spectu
657 1218 751 1263 91113,
783 1223 964 1258 moratus
995 1224 1055 1258 est
1085 1219 1124 1258 in
1155 1219 1276 1258 Terra
1304 1218 1480 1260 Madian.
1513 1223 1554 1258 et
1582 1218 1687 1258 sedit
1715 1218 1831 1259 iuxta
1860 1224 2042 1272 puteum.

148 1278 183 1301 10
200 1277 330 1317 Erant
348 1284 485 1317 autem
503 1277 702 1317 sacerdoti
719 1277 884 1317 Madian
902 1282 1057 1330 septem
1079 1277 1179 1320 filiae.
1201 1291 1289 1330 qme¹
1308 1283 1507 1317 venerunt
1525 1277 1577 1317 ad
1594 1277 1859 1317 hauriendam
1878 1291 2046 1331 aquam:

145 1341 186 1376 et
203 1335 379 1389 impletis
398 1335 605 1376 canalibus
625 1336 829 1389 adaquare
848 1336 1067 1387 cupiebant
1085 1349 1220 1385 greges
1240 1336 1366 1388 patris
1385 1336 1457 1376 sui.
1507 1337 1538 1359 ¹⁷
1557 1336 1832 1389 Supervenere
1849 1341 2044 1389 pastores.

145 1399 186 1435 et
215 1394 418 1435 eiecerunt
448 1408 531 1434 eas:
564 1395 817 1447 surrexitque
848 1394 1018 1447 Moyses.
1052 1400 1091 1434 et
1122 1395 1295 1434 defensis
1326 1394 1479 1447 puellis.
1514 1395 1739 1448 adaquavit
1769 1408 1863 1435 oves
1894 1408 2044 1435 earum.

146 1455 180 1477 ¹⁸
199 1454 297 1502 Quae
317 1466 409 1493 cum
427 1453 689 1493 revertissent
708 1453 760 1493 ad
781 1452 935 1506 Raguel
954 1460 1112 1506 patrem
1134 1468 1263 1497 suum,
1287 1454 1389 1493 dixit
1410 1454 1461 1494 ad
1481 1467 1565 1493 eas:
1586 1454 1666 1494 Cur
1684 1454 1858 1494 velocius
1878 1454 2046 1494 venistis

145 1511 287 1552 solito?
341 1512 375 1535 ¹9
402 1512 732 1565 Responderunt:
760 1512 830 1553 vir
855 1512 1070 1565 AEgyptius
1095 1512 1285 1553 liberavit
1310 1526 1381 1552 nos
1407 1512 1455 1553 de
1481 1525 1605 1553 manu
1630 1518 1858 1566 pastorum:
1887 1513 2049 1566 insuper

145 1576 185 1611 et
211 1570 349 1611 hausit
377 1584 527 1623 aquam
557 1571 779 1620 nobiscum,
810 1577 1035 1624 potumque
1065 1571 1176 1612 dedit
1206 1571 1361 1611 ovibus.
1419 1573 1454 1595 2⁰
1482 1572 1537 1611 At
1564 1571 1646 1612 ille:
1679 1572 1757 1613 Ubi
1787 1572 1870 1612 est?
1901 1571 2046 1625 inquit,

145 1631 277 1678 Quare
298 1629 506 1670 dimisistis
526 1630 757 1670 hominem?
779 1636 923 1670 vocate
944 1643 1037 1670 eum
1058 1636 1103 1670 ut
1125 1631 1313 1670 comedat
1333 1644 1492 1683 panem.
1545 1632 1575 1654 '2¹
1600 1631 1757 1671 Iuravit
1777 1644 1867 1684 ergo
1888 1631 2048 1684 Moyses

145 1688 254 1742 quod
273 1688 477 1728 habitaret
498 1702 590 1729 cum
609 1703 666 1729 eo.
720 1689 987 1742 bAecepitque
1007 1689 1229 1742 Sephoram
1252 1689 1376 1729 filiam
1396 1689 1479 1730 eius
1501 1703 1684 1730 uxorem:
1733 1691 1763 1713 22
1784 1703 1873 1743 quae
1891 1689 2047 1743 peperit

144 1748 178 1788 ei
206 1747 345 1796 fliium,
374 1760 493 1800 quem
520 1749 683 1788 vocavit
709 1748 888 1793 Gersam,
917 1748 1070 1788 dicens:
1098 1748 1265 1788 Advena
1293 1748 1351 1788 tui
1376 1748 1416 1788 in
1442 1754 1546 1788 terra
1573 1748 1714 1790 aliena.
1742 1748 1927 1789 Alterum
1953 1761 2047 1788 vero

144 1806 311 1860 peperit,
340 1819 461 1859 quem
486 1807 652 1847 vocavit
676 1806 840 1848 Eliezer.
869 1806 1022 1847 dicens:
1051 1808 1159 1847 Deus
1186 1808 1292 1847 9111111
1321 1807 1445 1859 patris
1472 1808 1548 1847 mei
1575 1807 1737 1848 adiutor
1762 1820 1874 1847 meus
1900 1807 2048 1860 eripuit

144 1878 207 1905 me
237 1865 286 1905 de
315 1878 438 1905 manu
468 1865 702 1907 Pharaonis.

619 1958 657 1998 3.
687 1957 847 1997 Divina
876 1958 1036 1997 missio
1066 1957 1253 2007 Moysis,
1282 1958 1321 2006 2,
1340 1958 1486 2007 23—4‚
1506 1958 1569 1997 31.

247 2027 279 2049 ‘²3
304 2025 403 2064 Post
428 2023 604 2064 multum
631 2035 724 2063 vero
751 2023 943 2076 temporis
971 2028 1153 2063 mortuus
1180 2028 1241 2062 est
1264 2036 1334 2062 rex
1361 2023 1545 2075 AEgypti:
1574 2029 1615 2064 et
1639 2023 1946 2077 ingemiscentes
1976 2023 2045 2063 filii

148 2083 278 2132 131391,
294 2087 457 2136 propter
472 2095 594 2135 opera
608 2081 817 2122 vociferati
833 2087 946 2121 sunt:
965 2081 1227 2134 ascenditque
1243 2080 1394 2122 elamor
1409 2094 1547 2121 eorum
1564 2082 1616 2122 ad
1625 2082 1759 2123 Deum
1775 2082 1826 2122 ab
1843 2082 2042 2135 operibus.

144 2144 175 2166 ²⁴
194 2142 249 2182 Et
268 2141 427 2183 audivit
445 2141 642 2194 gemitum
662 2153 811 2188 eorum,
834 2154 879 2180 ac
898 2140 1131 2180 reeordatus
1152 2145 1212 2180 est
1230 2140 1392 2180 foederis
1413 2140 1522 2194 quod
1539 2140 1695 2195 pepigit
1713 2154 1805 2181 cum
1824 2141 2044 2186 Abraham,

146 2201 270 2250 Isaac,
298 2204 340 2241 et
366 2200 500 2241 Iacob.
554 2201 586 2223 2²³
612 2199 667 2239 Et
691 2200 869 2252 respexit
895 2200 1093 2240 Dominus
1123 2198 1223 2240 filios
1257 2197 1374 2239 [srael
1400 2205 1439 2239 et
1466 2200 1658 2252 cognovit
1682 2214 1760 2241 eos.

248 2258 285 2302 3.
340 2262 353 2283 1
373 2259 532 2312 Moyses
554 2263 692 2299 autem
711 2259 905 2311 pascebat
927 2272 1021 2299 oves
1044 2258 1179 2298 Iethro
1201 2258 1324 2298 soceri
1345 2259 1404 2298 sui
1426 2258 1644 2299 sacerdotis
1666 2259 1848 2299 Madian:
1871 2272 2044 2312 eumque

145 2320 338 2359 minasset
356 2331 516 2372 gregem
537 2317 588 2358 ad
607 2317 797 2357 interiora
819 2317 977 2361 deserti,
1001 2317 1114 2357 venit
1134 2316 1182 2356 ad
1207 2321 1387 2357 montem
1411 2317 1483 2357 Dei
1506 2317 1653 2358 Horeb.
1703 2320 1716 2341 ²
1745 2318 2044 2371 ⁰App÷miitque

144 2377 178 2418 ei
200 2377 400 2418 Dominus
424 2377 464 2417 in
491 2376 657 2416 flamma
680 2376 781 2429 ignis
806 2376 854 2415 de
879 2376 1011 2416 medio
1036 2376 1142 2416 rubi:
1170 2380 1210 2416 et
1234 2375 1401 2416 videbat
1426 2377 1535 2429 quod
1558 2377 1682 2417 rubus
1707 2377 1877 2426 arderet,
1904 2381 1945 2417 et
1967 2389 2048 2416 11011

143 2436 458 2477 combureretur.
516 2438 531 2459 ³³
560 2435 675 2475 Dixit
705 2448 795 2488 ergo
826 2435 1002 2488 Moyses:
1034 2435 1204 2483 Vadam,
1237 2440 1276 2475 et
1306 2435 1452 2475 videbo
1483 2435 1680 2475 visionem
1708 2436 1813 2476 hane
1844 2448 2046 2488 magnam,

145 2508 267 2548 quare
291 2508 372 2535 non
397 2495 660 2535 comburatur
683 2494 819 2534 rubus.
872 2496 886 2517 ⁴
910 2494 1083 2534 Cernens
1108 2498 1247 2534 autem
1269 2494 1470 2534 Dominus
1495 2494 1605 2547 quod
1628 2499 1810 2548 pergeret
1835 2494 1886 2534 ad
1910 2494 2048 2535 viden-

144 2554 254 2603 dum,
282 2553 449 2594 vocavit
473 2566 565 2593 eum
591 2553 639 2593 de
666 2553 798 2593 medio
823 2553 926 2601 rubi,
954 2558 995 2593 et
1020 2553 1095 2593 ait:
1123 2553 1293 2606 Moyses,
1322 2553 1492 2606 Moyses.
1521 2553 1599 2601 Qui
1623 2553 1850 2607 respondit:
1877 2553 2046 2593 Adsum.

143 2615 157 2637 5
187 2613 243 2653 At
270 2611 352 2652 ille:
386 2612 445 2653 Ne
476 2612 700 2665 appropies,
732 2611 877 2665 inquit,
909 2612 1005 2652 huc:
1037 2611 1146 2652 solve
1176 2611 1497 2652 calceamentum
1527 2612 1575 2652 de
1604 2612 1775 2665 pedibus
1806 2612 1904 2652 tuis:
1935 2611 2045 2652 locus

143 2671 262 2721 enim,
283 2671 324 2711 in
345 2684 424 2724 quo
444 2675 539 2715 stas,
562 2676 670 2711 terra
688 2675 830 2711 sancta
849 2675 921 2712 est.
973 2672 988 2694 0
1007 2670 1062 2710 Et
1081 2670 1156 2710 ait:
1181 2669 1287 2723 dEgo
1308 2683 1398 2710 sum
1418 2670 1527 2710 Deus
1547 2671 1674 2724 patris
1695 2671 1766 2719 tui,
1789 2671 1898 2711 Deus
1918 2671 2046 2711 Abra-

144 2730 251 2778 ham,
271 2730 382 2771 Deus
404 2729 529 2775 Isaac,
551 2734 593 2770 et
610 2729 720 2770 Deus
741 2729 875 2770 Iacob.
897 2729 1124 2770 Abscondit
1142 2729 1300 2782 Moyses
1320 2729 1464 2769 faeiem
1485 2743 1618 2769 suam:
1640 2743 1720 2770 non
1740 2730 1846 2770 enim
1867 2729 2046 2769 audebat

144 2789 319 2842 aspicere
349 2794 491 2830 contra
518 2788 664 2829 Deum.

250 2849 264 2871 ⁷
288 2847 361 2889 Cui
384 2847 442 2888 ait
463 2847 682 2888 Dominus:
708 2846 799 2888 Vidi
824 2847 1088 2887 afflictionem
1112 2847 1250 2900 populi
1274 2847 1351 2887 mei
1375 2847 1415 2887 in
1440 2847 1630 2900 AEgymo.
1657 2852 1697 2887 et
1720 2847 1937 2888 clamorem
1961 2847 2043 2887 91113

145 2906 283 2947 audivi
311 2911 477 2960 propter
506 2906 698 2947 duritiam
728 2918 866 2947 eorum
897 2906 965 2959 qui
994 2910 1174 2959 praesunt
1203 2905 1407 2960 operibus:
1469 2909 1483 2929 '³'
1512 2912 1553 2946 et
1582 2906 1707 2947 sciens
1738 2906 1917 2947 dolorem
1946 2905 2041 2949 eius,

144 2965 331 3005 descendi
350 2970 398 3006 ut
414 2964 580 3005 liberem
599 2978 692 3006 eum
711 2965 760 3005 de
779 2965 967 3005 manibus
986 2964 1284 3018 AEgyptiorum,
1306 2969 1348 3004 et
1366 2964 1536 3005 educam
1555 2965 1604 3005 de
1624 2969 1731 3005 terra
1748 2964 1817 3005 illa
1835 2965 1876 3005 in
1896 2969 2046 3005 terram

146 3024 306 3071 bonam,
326 3028 367 3064 et
381 3023 616 3077 spatiosam,
633 3023 675 3064 in
692 3028 842 3063 terram
859 3037 948 3076 quae
966 3023 1057 3063 fluit
1071 3022 1175 3063 laete
1193 3027 1233 3063 et
1248 3022 1375 3072 melle,
1395 3023 1447 3063 ad
1462 3023 1550 3064 loca
1565 3023 1794 3067 Chananaei.
1814 3028 1854 3063 et
1871 3022 2044 3066 Hethaei.

145 3086 185 3122 et
213 3082 448 3131 Amorrhaei,
481 3086 522 3123 et
550 3082 761 3131 Pherezaei,
793 3086 835 3123 et
864 3081 1017 3130 Hevaei,
1049 3086 1091 3122 et
1122 3082 1300 3123 Iebusaei.
1362 3083 1377 3105 ⁹
1406 3081 1566 3122 Clamor
1595 3095 1686 3135 ergo
1718 3082 1892 3123 ffliorum
1923 3080 2046 3121 Israel

146 3140 258 3182 venit
284 3140 337 3181 ad
362 3154 444 3181 me:
474 3141 637 3195 vidique
665 3141 931 3182 afflictionem
957 3153 1107 3187 eorum,
1138 3154 1219 3194 qua
1246 3141 1296 3181 ab
1324 3140 1526 3194 AEgyptiis
1554 3141 1851 3194 opprimuntur.
1908 3142 1942 3164 10
1968 3139 2047 3180 Sed

146 3199 249 3248 veni,
269 3204 309 3240 et
325 3199 490 3240 mittam
506 3204 547 3240 te
564 3200 616 3240 ad
632 3199 899 3248 Pharaonem,
918 3203 965 3239 ut
981 3199 1127 3240 educas
1144 3199 1341 3252 populum
1358 3212 1505 3248 meum,
1527 3199 1628 3240 filios
1648 3199 1770 3240 Israel
1786 3199 1834 3240 de
1852 3199 2044 3252 AEgypto.

146 3260 176 3282 11
200 3257 397 3311 Dixitque
421 3258 581 3310 Moyses
606 3258 658 3298 ad
681 3259 833 3299 Deum:
861 3257 958 3306 Quis
984 3271 1073 3298 sum
1098 3271 1168 3310 ego
1194 3263 1241 3298 ut
1265 3258 1416 3298 vadam
1441 3258 1493 3298 ad
1516 3258 1783 3307 Pharaonem,
1811 3264 1851 3298 et
1876 3258 2046 3298 educam

149 3316 248 3357 filios
276 3316 398 3357 Israel
424 3316 472 3357 de
498 3316 701 3370 AEgyptoP
754 3318 786 3341 12
813 3316 889 3365 Qui
916 3316 1020 3356 dixit
1046 3316 1097 3356 ei:
1126 3316 1211 3370 Ego
1238 3329 1303 3357 ero
1330 3322 1483 3356 tecum:
1512 3322 1552 3357 et
1576 3317 1652 3358 hoc
1677 3316 1845 3358 habebis
1871 3316 2041 3369 signum,

148 3452 188 3486 12
224 3405 495 3487 261ἒ31ξ1ὸ111ἐ
512 3408 562 3441 24.
589 3428 631 3431 -
654 3407 694 3441 21
711 3408 786 3440 blnf
801 3407 853 3448 18,
869 3408 888 3440 2
905 3418 936 3447 s;
962 3408 980 3440 1
998 3407 1064 3440 Par
1083 3406 1201 3447 23,15.
1230 3427 1270 3431 —
1295 3407 1326 3449 3
1351 3407 1390 3440 20
1408 3408 1473 3441 Act
1498 3408 1527 3448 τ,
1553 3408 1604 3441 30.
1632 3428 1672 3431 —
1697 3408 1716 3441 6
1739 3408 1811 3441 th
1835 3408 1887 3446 22,
1907 3406 1963 3445 32:
1991 3404 2044 3437 Me

192 3479 199 3493 ,
274 3464 281 3493 ;
337 3463 353 3486 c
377 3475 395 3486 „1
422 3480 429 3494 ,
454 3454 474 3487 r]
499 3481 506 3488 .

2112 1162 2139 1184 et
2163 1161 2191 1184 in

2095 1195 2210 1219 Madian

2109 1231 2192 1261 rugit.

2085 2027 2113 2051 Di
2121 2028 2164 2050 »mi
2171 2034 2223 2052 nus

2063 2062 2134 2087 tilios
2155 2062 2239 2087 israel

2089 2098 2213 2127 respicit.

2091 2262 2117 2284 in
2140 2260 2211 2284 mim

2095 2295 2206 2319 ardenti·

2085 2334 2216 2361 app-alet,

2090 2843 2210 2872 Moysen

2058 2879 2241 2903 liberatorem

2105 2914 2192 2944 eligit,
