2356 3760
177 855 249 880 Τι’·ἱῐίς

133 892 196 919 capt
205 891 293 914 ivitas

111 926 150 949 1:21
157 925 300 956 bylonicu.

137 1043 286 1066 conversio

118 1079 147 1102 et
159 1077 303 1106 libr-ratio,

149 1288 275 1312 iruinitio

172 1324 251 1347 urbis

127 1364 158 1381 :rc
184 1361 292 1383 restau-

110 1395 183 1418 ratio
194 1395 299 1421 cultus.

130 1777 241 1807 reliqua
265 1777 293 1801 in

122 1812 241 1836 historia
261 1819 300 1837 rc-

124 1855 190 1877 guul
211 1848 298 1872 lsrael

125 1885 151 1908 ci
174 1884 202 1907 iu
223 1883 296 1908 libro

162 1919 262 1943 Huzai.

150 2315 274 2345 Tempus

150 2357 272 2380 imperii.

124 2439 255 2468 nequitia
271 2440 298 2463 et

119 2475 303 2503 inum-uiten-

139 2511 181 2534 tia
203 2511 283 2541 regis,

160 2679 266 2703 oeeisio

178 2715 249 2739 eius.

152 3073 277 3103 Tempu<

153 3116 273 3138 nupt-rii.

161 3198 266 3220 eximin

122 3233 307 3261 putasti—21³.

148 3325 282 3354 purgatis,

125 3362 206 3384 terra—
223 3360 294 3384 luda

140 3397 169 3421 et
192 3395 290 3425 lsrael,

315 165 392 206 396
1160 162 1306 197 LIBER
1332 164 1378 197 ΙΙ.
1985 167 2039 204 33,
2065 167 2186 205 7—34,
2210 168 2230 200 3

317 258 496 308 auguria.
537 257 728 298 maleficis
767 257 923 297 artibus
963 256 1220 301 inserviebat,
1262 257 1442 297 habebat
1480 270 1615 298 seeum
1656 271 1806 311 magos.
1848 265 1888 300 et
1926 261 2227 303 incantatores:

316 318 528 370 multaque
553 317 661 357 mala
687 320 878 368 operatus
904 321 963 355 est
989 328 1124 356 coram
1152 316 1327 357 Domino
1354 322 1399 356 ut
1425 316 1602 357 irritaret
1627 330 1731 358 eum.
1789 319 1802 341 ⁷
1828 318 2023 372 Seulptile
2051 334 2225 374 quoque.

318 382 358 417 et
380 375 585 417 eonflatile
609 376 766 421 sigruum
790 374 924 427 posuit
949 374 988 414 in
1011 375 1131 415 domo
1155 375 1241 417 Dei.
1271 374 1338 414 nde
1362 388 1443 428 qua
1464 375 1623 416 loeutus
1645 382 1705 417 est
1729 377 1840 417 Deus
1862 378 1914 417 ad
1936 378 2087 423 David.
2111 386 2152 420 et
2175 380 2227 420 ad

317 435 573 475 Salomonem
598 434 721 473 tilium
746 433 841 476 eius.
865 433 1019 473 dicens:
1045 433 1091 473 ln
1113 434 1233 474 domo
1256 433 1331 473 hae
1352 440 1390 474 et
1414 434 1453 474 in
1482 434 1708 479 Ierusalem,
1734 449 1856 488 quam
1879 436 1978 487 elegi
1999 438 2048 478 de
2071 439 2226 479 eunetis

318 495 506 535 tribubus
542 492 670 535 lsrael.
703 505 851 544 ponam
882 505 1028 532 nomen
1058 506 1191 533 meum
1224 492 1262 531 in
1292 493 1597 545 sempiternum.
1658 496 1673 516 ⁸
1702 494 1755 534 Et
1786 495 1939 536 moveri
1969 509 2050 537 non
2079 497 2225 537 faciam

318 554 461 606 pedem
500 551 614 591 lsrael
654 551 702 591 de
741 557 859 595 terra.
901 563 1024 603 quam
1063 551 1211 592 tradidi
1249 552 1435 603 patribus
1473 564 1630 593 eorum:
1673 552 1728 593 ita
1766 553 1987 595 dumtaxat
2024 555 2056 595 si
2095 561 2227 596 eusto-

317 612 463 652 dicrint
494 612 624 650 facere
656 623 745 663 quae
776 610 945 662 praecepi
977 610 1042 655 eis,
1083 616 1356 663 ‹·1meta1nque
1387 610 1525 661 legem.
1558 617 1599 651 et
1628 612 1886 657 ceremonias.
1920 620 2044 667 atque
2079 614 2226 654 iudicia

319 683 387 723 per
416 683 583 710 manum
614 669 755 722 Moysi.
816 671 831 692 ⁹
869 669 992 719 igitur
1024 670 1229 710 Manasses
1261 669 1423 710 seduxit
1458 670 1615 714 ludam,
1648 676 1687 710 et
1720 671 1973 712 habitatores
2009 673 2225 714 Ierusalem

317 735 361 770 ut
402 730 581 769 facerent
624 727 775 768 malum
820 741 940 781 super
982 742 1122 769 omnes
1163 734 1323 779 gentos,
1372 742 1472 781 quas
1517 729 1775 770 subverterat
1818 730 2019 772 Dominus
2061 745 2086 772 a
2126 732 2227 772 facie

318 787 489 829 tiliorum
533 787 661 827 lsrael.

426 854 459 876 ¹⁰
474 853 735 905 Locutusque
752 858 811 892 est
828 852 1027 893 Dominus
1045 852 1097 892 ad
1113 865 1217 893 cum.
1236 856 1276 892 et
1293 852 1345 892 ad
1361 851 1558 905 populum
1574 852 1690 899 illius,
1709 858 1749 893 et
1766 854 1977 895 attendere
1994 854 2224 896 noluerunt.

323 915 354 937 ¹¹
396 912 550 952 Idcirco
591 911 875 964 superinduxit
917 911 971 951 eis
1011 911 1212 964 principes
1253 911 1454 951 exercitus
1495 911 1595 960 regis
1631 912 1908 965 Assyriorum:
1951 920 2227 967 ceperuntque

318 972 543 1015 Manassen.
576 977 615 1011 et
647 971 832 1011 vinctum
864 970 1029 1012 catenis.
1063 976 1187 1023 atquc
1219 970 1483 1023 compedibus
1515 971 1721 1011 duxerunt
1752 971 1792 1011 in
1825 972 2091 1025 Babylonem.

423 1044 453 1065 ¹²
489 1041 564 1089 Qui
601 1046 821 1094 postquam
858 1046 1151 1090 coangustams
1186 1046 1258 1085 est.
1297 1040 1430 1081 oravit
1466 1041 1689 1081 Dominum
1725 1042 1857 1082 Deum
1894 1055 2031 1083 suum:
2068 1048 2109 1084 et
2144 1043 2225 1093 egit

318 1101 602 1154 pmnitentiam
638 1099 756 1140 valde
790 1112 925 1140 coram
961 1101 1045 1140 Deo
1079 1105 1244 1153 patrum
1278 1113 1455 1140 suorum.
1519 1102 1550 1124 ¹³
1582 1100 1916 1154 Deprecatusque
1950 1107 2011 1142 est
2044 1115 2149 1146 eum.
2176 1095 2224 1142 *et

317 1159 545 1201 obsecravit
582 1159 757 1199 intente:
796 1165 835 1199 et
873 1158 1083 1199 exaudivit
1121 1159 1346 1200 orationem
1384 1159 1479 1202 eius.
1519 1159 1763 1213 reduxitque
1799 1174 1891 1200 eum
1931 1160 2149 1201 Ierusalem
2186 1160 2225 1201 in

318 1232 484 1272 reguum
513 1232 644 1262 suum.
675 1223 715 1259 et
745 1218 934 1271 cognovit
965 1218 1171 1258 Manasses
1201 1218 1309 1271 quod
1338 1218 1539 1259 Dominus
1568 1218 1651 1272 ipse
1680 1224 1783 1260 esset
1812 1220 1934 1260 Deus.

423 1291 454 1313 Μ
483 1289 581 1330 Post
611 1289 694 1329 baec
725 1288 941 1329 {edificavit
972 1301 1132 1329 murum
1163 1294 1279 1329 extra
1310 1288 1520 1329 civitatem
1551 1289 1687 1329 David
1718 1290 1769 1330 ad
1799 1290 2063 1331 Occidentem
2093 1290 2225 1332 Gibon

315 1349 356 1388 in
381 1347 576 1390 convalle.
604 1348 655 1388 ab
681 1348 850 1389 introitu
877 1353 1004 1401 porta}
1030 1348 1198 1401 piscium
1225 1360 1295 1400 per
1319 1347 1534 1388 circuitum
1559 1361 1687 1401 usque
1712 1348 1764 1388 ad
1789 1348 1931 1402 ophel.
1952 1354 1999 1389 ‘et
2025 1349 2225 1389 exaltavit

315 1407 427 1447 illum
464 1408 742 1447 vehementer:
780 1407 1076 1460 constituitque
1111 1407 1311 1460 principes
1346 1407 1546 1447 exercitus
1581 1408 1621 1447 in
1656 1407 1814 1448 ermetis
1848 1407 2088 1448 civitatibus
2124 1408 2227 1449 Iuda

315 1466 502 1507 munitis:
554 1468 584 1490 ¹5
607 1472 645 1506 et
669 1465 839 1506 abstulit
863 1466 958 1506 deos
981 1466 1142 1509 alienos.
1168 1471 1207 1506 et
1230 1465 1491 1506 simulacrum
1514 1466 1562 1506 de
1585 1466 1705 1507 domo
1728 1467 1912 1507 Domini:
1937 1479 2027 1507 aras
2050 1480 2224 1521 quoque.

316 1539 416 1579 quas
432 1526 584 1565 fecerat
602 1525 641 1565 in
658 1531 798 1566 monte
816 1525 960 1565 domus
976 1525 1155 1568 Domini,
1174 1530 1213 1565 et
1231 1525 1271 1564 in
1291 1524 1521 1568 Ierusalem,
1541 1530 1579 1565 et
1598 1525 1765 1578 proiecit
1783 1526 1919 1566 onmia
1937 1532 2055 1566 extra
2070 1526 2224 1566 urbem.

315 1586 348 1608 ¹⁶
374 1585 497 1625 Porro
524 1584 772 1625 instauravit
798 1583 926 1624 altare
951 1583 1129 1626 Domini.
1157 1589 1196 1623 et
1223 1583 1451 1623 immolavit
1478 1597 1598 1637 super
1623 1583 1720 1624 illud
1748 1585 1948 1630 victimas,
1977 1590 2016 1625 et
2044 1585 2224 1638 paeifiea.

315 1650 355 1685 et
380 1644 561 1684 laudem:
589 1643 863 1697 praecepitque
892 1643 1003 1683 Iudae
1030 1647 1075 1682 ut
1102 1642 1269 1682 serviret
1296 1642 1474 1683 Domino
1502 1643 1586 1683 Deo
1616 1642 1750 1684 Israel.
1806 1645 1839 1667 ¹⁷
1867 1645 2065 1685 Attamen
2093 1644 2225 1685 adhuc

315 1703 489 1756 populus
519 1702 760 1744 immolabat
790 1702 830 1742 in
860 1701 1026 1742 excelsis
1054 1701 1232 1742 Domino
1262 1701 1349 1742 Deo
1379 1714 1464 1742 suo.

424 1774 457 1797 ¹⁸
481 1773 652 1826 Reliqua
675 1778 813 1813 autem
835 1778 1041 1826 gestorum
1064 1773 1269 1813 Manasse:
1293 1778 1332 1813 et
1356 1772 1582 1813 obsecratio
1605 1771 1690 1812 eius
1712 1772 1764 1812 ad
1786 1772 1919 1813 Deum
1940 1786 2078 1813 suum:
2102 1774 2228 1814 verba

318 1846 478 1886 quoque
509 1833 758 1876 Yidentium,
792 1831 861 1885 qui
890 1831 1165 1885 loquebantur
1195 1832 1247 1872 ad
1277 1845 1368 1872 eum
1400 1831 1439 1871 in
1470 1831 1632 1872 nomine
1662 1831 1828 1872 Domini
1858 1831 1934 1872 Dei
1966 1832 2100 1877 lsrael,
2133 1845 2227 1873 eon-

318 1892 502 1932 tinentur
522 1892 562 1931 in
583 1891 836 1933 sermonibus
856 1904 996 1944 regum
1019 1890 1152 1931 lsrael.
1204 1893 1238 1914 ¹9
1259 1891 1399 1931 Oratio
1423 1904 1584 1943 quoque
1606 1890 1688 1930 eius
1710 1896 1749 1931 et
1771 1890 1992 1935 exauditio,
2017 1896 2057 1932 et
2078 1896 2228 1932 cuneta

316 1957 496 2004 peccata.
523 1957 647 2003 atque
672 1956 944 2003 contemptus.
970 1950 1058 1991 loca
1081 1950 1217 1993 etiam.
1244 1950 1283 1990 in
1310 1950 1457 2003 quibus
1480 1949 1697 1990 aedificavit
1722 1949 1889 1993 excelsa,
1916 1955 1956 1990 et
1980 1950 2077 1990 fecit
2101 1950 2223 1991 lucos

315 2016 354 2051 et
392 2016 550 2051 statuas
589 2016 812 2063 antequam
851 2016 985 2062 ageret
1024 2009 1323 2062 poenitentiam.
1392 2008 1543 2061 scripta
1579 2014 1674 2049 sunt
1712 2008 1752 2048 in
1790 2009 2044 2049 sermonibus
2083 2008 2224 2049 Hozai.

314 2071 350 2093 20
379 2070 584 2110 Dormivit
616 2082 707 2121 ergo
738 2069 946 2109 Manasses
976 2082 1067 2109 cum
1099 2068 1284 2121 patribus
1315 2068 1408 2110 suis,
1441 2074 1480 2108 et
1512 2067 1756 2121 sepelierunt
1786 2081 1878 2108 eum
1909 2067 1950 2108 in
1981 2068 2102 2109 domo
2133 2080 2225 2108 sua:

316 2128 582 2182 regnavitque
611 2142 682 2182 pro
711 2142 756 2169 eo
787 2128 890 2168 filius
919 2128 1003 2168 eius
1030 2128 1176 2168 Amon.

733 2234 772 2273 2.
802 2232 947 2273 Amon
980 2243 1062 2272 rex
1092 2231 1277 2283 quintus
1308 2231 1527 2281 decimuS‚
1555 2232 1621 2282 33,
1640 2231 1818 2272 21-25.

422 2307 451 2329 '³¹
477 2305 807 2359 Vigintiduorum
833 2317 1032 2345 annorum
1057 2309 1144 2344 erat
1169 2304 1302 2344 Amon
1328 2317 1419 2344 eum
1444 2316 1609 2357 regnare
1634 2302 1833 2355 coepisset.
1861 2309 1900 2342 et
1925 2303 2085 2343 (luobus
2111 2302 2227 2342 annis

317 2365 503 2419 regnavit
532 2365 572 2405 in
605 2363 834 2405 Ierusalem.

421 2432 452 2454 22
482 2430 676 2483 Fecitque
707 2428 860 2469 malum
891 2428 931 2468 in
962 2434 1181 2481 conspectu
1213 2427 1389 2473 Domini,
1422 2427 1526 2467 sicut
1556 2427 1706 2467 fecerat
1738 2426 1944 2466 Manasses
1974 2432 2092 2478 pater
2122 2426 2224 2466 eius:

317 2495 355 2529 et
381 2489 537 2530 eunctis
560 2489 688 2532 idolis.
716 2502 805 2541 quae
828 2488 1034 2528 Manasses
1058 2488 1192 2527 fuerat
1216 2487 1453 2533 fabricatus,
1480 2485 1708 2527 immolavit
1734 2490 1858 2538 atque
1883 2484 2062 2526 servivit.
2117 2487 2148 2509 23
2172 2485 2226 2526 Et

316 2562 397 2589 non
422 2554 482 2589 est
506 2548 703 2589 reveritus
726 2547 871 2587 taciem
894 2546 1072 2590 Domini.
1099 2546 1203 2587 sicut
1227 2546 1424 2587 reveritus
1449 2551 1509 2586 est
1532 2545 1740 2586 Manasses
1764 2549 1881 2597 pater
1904 2543 2006 2584 eius:
2032 2549 2072 2584 et
2096 2543 2225 2584 multo

317 2608 471 2648 maiora
500 2607 681 2660 deliquit.

424 2675 455 2697 '24
485 2675 668 2725 t'umque
698 2672 975 2712 coniurassent
1007 2671 1201 2711 adversus
1231 2684 1321 2711 eum
1354 2669 1458 2710 servi
1488 2669 1560 2712 sui,
1593 2669 1883 2709 interfecerunt
1913 2681 2005 2707 eum
2035 2667 2075 2707 in
2105 2667 2226 2708 domo

319 2745 402 2772 sua.
452 2734 483 2756 25
504 2732 627 2772 Porro
649 2731 801 2784 reliqua
825 2730 960 2784 populi
982 2729 1216 2772 multitudo.
1239 2729 1349 2770 eaesis
1369 2729 1426 2774 iis,
1450 2729 1519 2782 qui
1538 2729 1672 2769 Amon
1693 2732 1985 2781 percusserant,
2008 2726 2221 2767 constituit

318 2804 451 2845 regem
486 2792 632 2832 Iosiam
664 2790 788 2831 filium
821 2790 904 2830 eius
935 2802 1006 2843 pro
1037 2802 1095 2829 eo.

546 2908 667 2959 Vll.
708 2908 891 2958 iosias
932 2923 1035 2957 rex
1076 2908 1279 2957 sextus
1320 2906 1594 2957 decimus,
1633 2902 1934 2965 34‚1—36.
1963 2904 2002 2953 1.

583 3001 621 3040 1.
651 2999 924 3040 Instauratio
954 2998 1109 3050 templi
1141 2998 1184 3039 et
1213 2997 1415 3038 inventio
1446 2997 1546 3037 libri
1577 2996 1710 3048 legis,
1739 2996 1805 3046 34,
1824 2995 1969 3034 1—28.

423 3071 486 3115 34.
543 3074 554 3095 ¹
587 3072 689 3112 Octo
727 3077 945 3111 ¹›ainiorum
976 3078 1061 3110 erat
1098 3070 1220 3110 losias
1251 3082 1342 3109 cum
1374 3081 1539 3117 regnare
1571 3067 1770 3121 coepisset,
1804 3073 1843 3108 et
1876 3066 2045 3120 triginta
2075 3071 2114 3105 et
2146 3078 2225 3106 uuo

319 3144 424 3171 auno
455 3131 638 3184 regnavit
668 3131 707 3170 iu
743 3130 968 3170 Ierusalem.

425 3199 438 3219 ”-’
462 3195 655 3248 Fecitque
680 3195 789 3249 quod
812 3202 898 3235 erat
923 3200 1077 3234 rectum
1103 3193 1141 3233 in
1166 3199 1385 3246 conspeetu
1410 3192 1586 3236 Domini,
1612 3197 1651 3232 et
1676 3190 1904 3231 ambulavit
1929 3190 1969 3230 in
1993 3188 2066 3229 viis
2091 3189 2226 3229 David

321 3254 446 3306 patris
475 3255 553 3294 sui:
587 3268 665 3295 uon
697 3254 916 3295 declinavit
948 3266 1077 3306 neque
1108 3253 1159 3293 ad
1190 3253 1390 3295 dextram.
1425 3264 1553 3303 neque
1584 3251 1635 3291 ad
1665 3250 1883 3290 sinistram.

423 3327 438 3347 ³¹
465 3324 622 3364 Octavo
651 3332 787 3364 autem
816 3338 922 3364 anno
950 3323 1059 3374 regni
1087 3323 1159 3366 sui.
1189 3336 1278 3363 cum
1308 3321 1440 3362 adbuc
1468 3326 1571 3361 esset
1600 3333 1709 3374 puer.
1739 3320 1862 3373 eoepit
1891 3331 2066 3372 quaerere
2092 3319 2225 3359 Deum

322 3383 449 3436 patris
472 3384 531 3423 sui
555 3384 708 3423 David:
734 3389 773 3423 et
797 3383 1036 3423 duodecimo
1061 3395 1166 3423 anno
1192 3388 1408 3435 postquam
1436 3393 1599 3433 regnare
1622 3385 1814 3432 coeperat,
1840 3377 2056 3418 mundavit
2081 3377 2224 3418 Iudam

452 3510 471 3543 7
497 3511 533 3542 ai
562 3509 614 3553 ng
638 3509 669 3547 8,
696 3510 744 3542 is
774 3530 815 3533 -
840 3511 892 3550 34,
919 3512 935 3543 1
963 3511 1000 3543 122
1028 3510 1079 3551 ng
1105 3510 1157 3545 22,
1184 3511 1212 3542 1.
