2356 3760
124 149 177 189 16,
207 148 351 188 10—1·7‚
376 149 417 181 14
777 149 917 183 BEATI
942 149 1134 185 IOANNIS
1159 150 1383 185 APOSTOLI
1424 140 1427 142 “
1924 153 2023 194 1203

123 247 270 282 verunt
286 254 435 282 nomen
450 241 527 283 Dei
542 241 732 283 habentis
747 247 997 295 potestatem
1013 255 1133 296 super
1147 243 1220 284 has
1237 243 1388 297 plagas,
1407 256 1537 297 neque
1555 252 1721 297 egerunt
1737 245 2023 298 poenitentiam

122 304 169 341 ut
197 299 342 341 darent
370 299 427 341 illi
455 300 636 354 gloriam.

227 370 262 393 ¹⁰
288 368 346 410 Et
373 369 541 422 quintus
569 369 746 423 Angelus
775 369 921 411 effudit
948 370 1127 423 phialam
1156 385 1272 412 suam
1300 385 1420 424 super
1448 372 1582 413 sedem
1612 371 1768 413 bestiae:
1800 379 1839 414 et
1866 374 2022 414 factum
2064 375 2191 435 ¹⁹32ssssssae

121 434 183 468 est
205 439 374 480 regnum
399 427 483 468 eius
508 427 781 476 tenebrosum,
808 434 849 470 61
872 430 1319 471 commanducaverunt
1342 430 1499 483 linguas
1524 443 1616 471 suas
1640 443 1723 483 prae
1747 430 1899 471 dolore:
1927 434 1957 456 ¹¹
1982 438 2023 473 et
2114 418 2130 442 g
2166 430 2170 440 '

122 485 509 539 blasphemaverunt
542 486 676 526 Deum
710 486 793 527 caeli
827 499 910 539 prae
943 486 1159 537 doloribus,
1196 493 1237 530 61
1270 488 1503 529 vulneribus
1537 488 1630 538 suis,
1667 495 1706 530 et
1740 501 1821 530 non
1856 495 2024 543 egerunt

121 543 409 597 poenitentiam
438 557 488 585 ex
518 544 704 597 operibus
733 545 825 586 suis.

226 614 257 637 ¹²
275 612 331 654 Et
350 618 488 654 sextus
507 613 684 666 Angelus
705 614 849 656 effudit
867 614 1048 668 phialam
1066 628 1181 657 suam
1201 616 1242 657 in
1260 616 1412 658 flumen
1430 616 1532 658 illud
1549 630 1743 670 magnum
1762 617 2021 670 Euphraten:
2036 623 2220 654 cougregatie

121 677 163 713 et
188 671 358 713 siccavit
384 684 535 725 aquam
563 672 658 716 eius.
688 678 734 714 ut
761 679 1059 727 praepararetur
1083 674 1151 714 via
1177 674 1337 728 regibus
1365 674 1416 715 ab
1445 681 1535 716 ortu
1563 675 1666 716 solis
1724 678 1755 700 ¹3
1781 676 1837 717 Et
1864 675 1948 716 vidi
1975 676 2024 717 de
2073 665 2181 689 regum'

122 742 188 770 ore
210 729 408 779 draconis,
433 735 473 771 et
495 729 544 771 de
567 743 633 772 ore
656 730 806 781 11681116,
830 738 871 773 61
893 732 942 773 de
965 745 1031 773 ore
1052 733 1418 786 pseudoprophetae
1440 733 1604 787 spiritus
1627 740 1707 775 tres
1729 734 1960 774 immundos
1982 734 2023 774 in

121 788 289 829 modum
310 801 515 830 ranarum.
566 791 597 814 11
618 789 724 831 Sunt
744 790 851 831 enim
873 791 1037 844 spiritus
1060 791 1352 833 daemoniorum
1373 791 1568 833 facientes
1590 792 1715 846 signa,
1739 798 1779 833 et
1799 793 2027 845 procedunt

122 847 175 887 ad
191 860 302 900 reges
320 847 447 888 totius
465 853 582 888 161116
599 861 839 902 congregare
855 848 943 890 illos
961 849 1002 890 in
1019 850 1202 903 praelium
1220 850 1273 890 ad
1290 849 1397 891 diem
1413 862 1609 904 magnum
1627 850 1919 904 omnipotentis
1936 851 2024 892 Dei.

122 907 153 929 ¹⁵
182 905 306 946 aEcce
332 906 451 947 venio
477 906 581 948 sicut
605 906 681 948 fur.
711 907 862 948 Beatus
889 908 958 961 qui
983 907 1137 962 vigilat,
1165 914 1206 950 et
1231 908 1411 950 custodit
1436 909 1683 950 vestimenta
1708 922 1792 957 sua,
1819 922 1869 950 ne
1894 909 2026 949 nudus

121 963 318 1013 ambulet,
338 970 379 1006 et
396 964 564 1006 videant
582 965 879 1018 tiupitudinem
898 966 992 1008 61118.
1039 968 1074 991 ¹⁴³
1090 967 1146 1008 Et
1163 967 1424 1021 congregabit
1441 966 1528 1008 illos
1545 967 1586 1008 in
1602 967 1749 1017 locum,
1770 967 1839 1021 qui
1856 973 2028 1008 vocatur

121 1021 321 1064 Hebraice
349 1023 620 1077 Armagedon.

226 1094 259 1117 ¹⁷
286 1092 343 1134 Et
369 1093 566 1146 septimus
585 1093 763 1147 Angelus
791 1094 935 1136 effudit
962 1094 1142 1149 phialam
1170 1109 1285 1136 suam
1311 1095 1352 1136 in
1380 1108 1525 1144 aerem,
1547 1101 1586 1136 et
1614 1095 1741 1135 exivit
1768 1108 1849 1135 vox
1875 1095 2219 1156 1111111116ᾗ(ἐξἔξεξῐῐῑζξοῧῒύς

120 1151 170 1191 (16
199 1151 352 1204 templo
382 1165 405 1192 a
433 1151 593 1202 throno,
624 1152 778 1193 dicens:
808 1152 983 1194 Factum
1012 1159 1084 1195 est.
1142 1155 1176 1178 ¹⁸
1204 1154 1259 1195 Et
1287 1154 1399 1195 facta
1426 1160 1522 1195 sinit
1550 1153 1721 1208 fulgura,
1753 1159 1793 1194 et
1822 1166 1952 1202 Voces,
1983 1158 2024 1194 et
2073 1166 2184 1197 grando
2208 1150 2230 1160 ‘⁷

120 1209 315 1259 tonitrua,
344 1216 385 1251 et
410 1215 665 1252 terraemotus
690 1211 823 1252 factus
850 1217 910 1253 est
936 1225 1120 1265 magnus,
1149 1212 1277 1266 qualis
1304 1225 1530 1265 numquam
1556 1211 1634 1253 fuit
1661 1225 1709 1253 ex
1736 1225 1816 1265 quo
1841 1211 2023 1252 homines
2070 1208 2185 1233 ΜΨ·

120 1268 287 1309 fuerunt
309 1281 430 1322 super
451 1275 619 1310 terram:
644 1269 735 1311 talis
759 1276 1025 1316 terraemotus,
1050 1271 1105 1311 sic
1127 1284 1310 1325 magnus.
1362 1273 1397 1296 1⁹
1419 1271 1474 1312 Et
1495 1271 1607 1311 facta
1629 1277 1689 1311 est
1711 1270 1855 1312 civitas
1877 1283 2027 1323 magna

119 1326 161 1367 in
176 1332 257 1368 tres
273 1333 428 1380 partes:
446 1333 487 1369 et
502 1327 690 1369 civitates
706 1328 900 1370 Gentium
917 1329 1160 1370 ceciderunt.
1179 1336 1219 1370 et
1236 1329 1424 1383 Babylon
1439 1342 1589 1383 magna
1603 1329 1716 1370 venit
1731 1328 1772 1369 in
1788 1328 2025 1370 memoriam

121 1390 217 1426 ante
240 1384 387 1435 Deum,
413 1385 508 1427 dare
531 1386 587 1427 illi
611 1386 776 1428 calicem
801 1387 885 1427 vini
908 1387 1198 1441 indignationis
1222 1387 1290 1428 irae
1314 1388 1408 1429 eius.
1462 1390 1497 1413 2⁰
1520 1388 1575 1428 Et
1600 1387 1728 1428 omnis
1752 1386 1885 1428 insula
1907 1386 2024 1440 fugit,

121 1449 162 1485 et
192 1450 352 1486 montes
384 1457 465 1485 non
497 1450 592 1486 sunt
623 1445 792 1486 inventi.
853 1447 884 1470 2¹
916 1445 971 1486 Et
1001 1445 1156 1499 grando
1187 1458 1337 1499 magna
1367 1446 1471 1486 sicut
1503 1445 1706 1486 talentum
1738 1445 1947 1486 descendit
1977 1444 2026 1485 de

121 1501 216 1543 61610
245 1502 286 1543 111
315 1502 517 1544 homines:
549 1509 589 1544 et
619 1502 1008 1557 blasphemaverunt
1037 1504 1171 1545 Deum
1200 1504 1383 1545 homines
1413 1510 1580 1557 propter
1607 1504 1771 1557 plagam
1799 1502 2024 1557 grandinis:

122 1561 315 1615 quoniam
342 1574 491 1615 magna
516 1562 627 1603 facta
653 1567 714 1603 est
739 1561 1012 1604 vehementer.

372 1672 444 1722 ΙΙ.
483 1672 725 1724 Eversio
764 1672 1082 1738 Babylonis
1121 1688 1361 1738 magnae,
1402 1672 1475 1735 17,
1504 1672 1679 1733 1—19,
1708 1672 1785 1723 10.

545 1762 584 1802 1.
613 1762 831 1803 Meretrix
861 1774 1033 1815 magna
1062 1763 1350 1814 describitur,
1379 1763 1604 1814 izi—18.

226 1833 289 1876 17.
346 1835 358 1857 1
388 1831 444 1873 Ε1
478 1832 590 1873 venit
624 1845 727 1874 unus
762 1832 811 1873 de
845 1839 1000 1887 septem
1033 1833 1209 1887 Angelis,
1247 1833 1315 1887 qui
1348 1833 1558 1875 habebant
1592 1840 1748 1886 septem
1782 1831 1951 1886 phialas,
1987 1839 2028 1872 et
2064 1834 2202 1896 ξξῠξθῐῇῡ

120 1891 280 1933 106111118
310 1896 372 1932 681
399 1903 572 1940 1116611111,
604 1891 758 1932 dicens:
789 1891 891 1932 Veni
921 1891 1135 1933 ostendam
1164 1892 1240 1933 tibi
1269 1892 1577 1933 damnationem
1605 1891 1826 1932 meretricis
1855 1903 2024 1944 magnae,
2076 1876 2185 1944 anpgenq

123 1964 212 2004 quae
237 1950 350 1991 sedet
375 1962 494 2003 super
519 1963 645 2004 aquas
669 1949 833 2000 multas,
887 1952 901 1974 2
926 1964 1018 1992 cum
1044 1964 1125 2005 qua
1149 1951 1338 1992 fornicati
1363 1957 1459 1992 sunt
1482 1963 1592 2005 reges
1618 1957 1746 1999 161116,
1773 1955 1814 1991 61
1838 1949 2026 1990 inebriati
2080 1941 2183 1966 ¹⁰⁸¹¹¹¹¹

121 2015 218 2051 sunt
241 2008 309 2063 qui
331 2008 567 2050 inhabitant
590 2014 740 2050 terram
763 2009 812 2049 de
834 2009 930 2050 Vino
952 2009 1254 2063 prostitutionis
1278 2010 1372 2050 eius.
1424 2012 1439 2034 3
1462 2010 1516 2050 Et
1539 2008 1709 2050 abstulit
1732 2022 1796 2048 me
1818 2008 1858 2048 in
1881 2007 2026 2061 spiritu

121 2069 162 2109 in
192 2068 409 2109 desertum.

226 2137 282 2178 Et
320 2135 404 2177 vidi
442 2135 651 2177 mulierem
691 2137 899 2178 sedentem
939 2150 1059 2190 super
1097 2137 1271 2178 bestiam
1310 2138 1552 2187 coccineam,
1592 2137 1756 2191 plenam
1794 2135 2026 2177 nominibus
2069 2137 2194 2160 matrem

2056 2171 2206 2196 abomina-

122 2195 396 2249 blasphemiae,
413 2194 634 2236 habentem
651 2195 789 2249 capita
803 2201 973 2249 septem,
992 2201 1032 2237 61
1048 2209 1200 2237 60111116
1215 2196 1366 2238 (1666111.
1411 2196 1656 2238 4Ε1111111161
1671 2200 1759 2236 erat
1774 2193 2028 2236 circumdata
2068 2206 2193 2246 tion-um,

121 2267 314 2309 purpura,
348 2259 388 2294 61
419 2253 594 2302 60661110,
628 2259 668 2295 61
699 2254 890 2295 1116111616
921 2267 1031 2303 61110,
1065 2260 1105 2295 61
1136 2254 1271 2307 lapide
1302 2254 1491 2307 pretioso,
1526 2261 1566 2295 et
1596 2253 1838 2307 margaritis,
1872 2252 2025 2293 habens
2061 2242 2201 2307 ,gssrgffie

121 2313 313 2367 poculum
338 2325 506 2353 aureum
530 2312 572 2352 in
596 2325 723 2353 manu
747 2325 832 2361 sua,
859 2311 1025 2366 plenum
1051 2312 1368 2361 abominatione,
1396 2318 1437 2354 61
1460 2312 1723 2353 immunditia
1746 2310 2025 2352 fornicationis
2040 2313 2221 2372 Sffiffigrfflss‘

122 2371 224 2413 eius:
282 2372 297 2396 5
327 2370 384 2412 Ε1
413 2370 454 2411 111
484 2370 618 2412 fronte
649 2370 733 2412 eius
763 2383 913 2412 nomen
943 2371 1159 2424 scriptum:
1190 2371 1451 2424 Mysterium:
1484 2370 1672 2424 Babylon
1702 2382 1863 2423 magna,
1895 2373 2028 2410 mater

122 2429 452 2478 fornicationum,
480 2434 520 2470 et
546 2428 901 2471 abominationum
926 2434 1054 2471 terrae.
1112 2431 1127 2454 ⁶
1152 2429 1208 2471 Et
1234 2429 1318 2470 vidi
1343 2429 1553 2471 mulierem
1579 2429 1732 2470 ebriam
1759 2428 1808 2469 de
1833 2426 2028 2480 sanguine

122 2493 370 2537 sanctorum,
401 2493 443 2529 et
471 2487 521 2528 de
550 2487 745 2542 sanguine
773 2494 1003 2542 martyrum
1034 2488 1137 2529 Iesu.
1170 2488 1226 2530 Et
1254 2488 1425 2530 miratus
1455 2501 1543 2530 sum
1574 2501 1666 2529 cum
1696 2486 1887 2527 vidissem
1916 2484 2026 2526 illam

122 2546 392 2589 admiratione
420 2558 580 2601 magna.

229 2618 243 2640 ⁷
263 2615 319 2657 Et
339 2615 445 2658 dixit
463 2615 561 2656 mihi
581 2616 777 2671 Angelus:
800 2616 933 2665 Quare
953 2616 1134 2658 miraris?
1156 2616 1243 2671 Ego
1264 2616 1396 2658 dicam
1417 2616 1492 2658 tibi
1513 2620 1813 2657 sacramentum
1833 2612 2022 2661 mulieris,
2083 2612 2173 2641 atque

2044 2652 2206 2670 sacramen-

122 2681 164 2717 et
187 2675 338 2723 bestiae,
365 2687 455 2728 quae
475 2680 618 2728 portat
641 2687 743 2725 eam,
770 2688 860 2730 quae
882 2675 1009 2717 habet
1032 2675 1170 2729 capita
1192 2681 1361 2729 septem,
1388 2681 1429 2717 et
1452 2687 1603 2716 cornua
1627 2673 1777 2714 decem.
1833 2673 1848 2696 8
1872 2671 2022 2719 Bestia,
2038 2681 2103 2706 tum
2119 2680 2220 2706 bestia>

124 2747 248 2788 quam
273 2733 424 2782 vidisti,
451 2733 542 2781 fuit,
571 2738 612 2774 et
635 2746 718 2774 non
742 2739 816 2783 est,
843 2738 884 2776 et
909 2746 1125 2775 ascensura
1149 2739 1210 2775 est
1235 2734 1284 2775 de
1310 2733 1470 2787 abysso,
1498 2739 1538 2774 et
1562 2732 1603 2773 in
1628 2731 1839 2773 interitum
1865 2729 1958 2770 ibit:
1986 2736 2028 2770 et

122 2791 383 2833 mirabuntur
408 2791 687 2833 inhabitantes
714 2796 865 2833 terram
893 2793 1084 2846 (quorum
1111 2805 1193 2833 non
1220 2797 1316 2833 sunt
1343 2792 1495 2846 scripta
1521 2791 1688 2832 nomina
1713 2789 1755 2830 in
1782 2788 1903 2829 Libro
1930 2787 2027 2829 vitae

124 2864 148 2891 a
167 2849 461 2892 constitutione
480 2850 641 2904 mundi)
660 2849 846 2892 videntes
868 2850 1054 2900 bestiam,
1078 2864 1168 2904 quae
1188 2857 1287 2900 erat,
1310 2857 1351 2892 et
1370 2863 1452 2891 non
1473 2855 1544 2891 est.
1596 2851 1612 2874 ⁹
1631 2848 1687 2889 Et
1706 2847 1770 2888 hic
1792 2852 1853 2888 est
1873 2859 2024 2911 sensus,

125 2908 194 2963 qui
226 2908 353 2950 habet
386 2908 641 2963 sapientiam.
677 2908 844 2962 Septem
878 2908 1033 2962 capita:
1069 2914 1225 2962 septem
1258 2914 1418 2950 montes
1453 2914 1560 2957 sunt,
1597 2919 1716 2960 super
1751 2918 1850 2959 quos
1884 2904 2028 2945 muher

124 2966 249 3016 sedet,
281 2972 323 3008 et
350 2980 461 3021 reges
491 2972 648 3020 septem
678 2972 785 3008 sunt.
844 2969 880 2992 ¹⁰
909 2967 1098 3021 Quinque
1127 2967 1372 3017 ceciderunt,
1403 2980 1507 3009 unus
1538 2971 1611 3015 est,
1643 2971 1684 3006 et
1713 2963 1815 3005 alius
1844 2963 2026 3004 nondum

124 3025 255 3067 venit:
279 3031 320 3067 et
341 3038 433 3066 cum
455 3024 624 3075 venerit,
649 3030 810 3078 oportet
830 3025 945 3066 illum
967 3025 1089 3067 breve
1110 3030 1272 3080 tempus
1293 3039 1468 3067 manere.
1519 3027 1549 3050 1¹
1572 3025 1627 3065 Et
1648 3023 1791 3071 bestia,
1816 3034 1905 3075 quae
1926 3025 2024 3069 erat,

125 3089 166 3125 et
186 3096 267 3124 non
287 3088 366 3124 est:
388 3089 430 3125 et
449 3083 538 3137 ipsa
558 3088 707 3124 octava
726 3088 805 3124 est:
827 3088 868 3124 et
888 3083 937 3124 de
957 3090 1114 3138 septem
1134 3090 1207 3134 est,
1230 3090 1271 3126 61
1290 3084 1331 3125 111
1351 3084 1563 3125 1111611111111
1583 3082 1710 3123 vadit.
1760 3083 1792 3106 12
1812 3081 1867 3121 Et
1888 3079 2026 3119 decem

125 3155 288 3191 cornua,
310 3154 400 3195 quae
416 3141 568 3191 vidisti,
589 3141 728 3182 decem
744 3154 855 3196 reges
874 3147 988 3184 sunt:
1009 3143 1077 3196 qui
1094 3156 1264 3196 regnum
1281 3142 1465 3184 nondum
1484 3146 1739 3195 acceperunt,
1759 3138 1829 3180 sed
1845 3142 2026 3191 potesta-

125 3208 210 3242 tem
227 3205 442 3254 tamquam
458 3213 569 3253 reges
587 3213 670 3241 una
685 3199 786 3241 hora
802 3200 1003 3255 accipient
1019 3206 1113 3255 post
1130 3200 1315 3243 bestiam.
1362 3203 1394 3226 13
1413 3201 1467 3241 Η1
1485 3213 1612 3241 unum
1630 3197 1840 3240 consilium
1858 3194 2023 3241 habent,

126 3264 168 3300 61
191 3259 401 3307 virtutem,
428 3263 470 3299 et
493 3263 744 3312 potestatem
768 3271 885 3300 suam
910 3258 1050 3301 bestiae
1075 3259 1252 3301 tradent.
1306 3261 1339 3284 14
1364 3259 1419 3300 Hi
1444 3272 1536 3300 cum
1560 3258 1677 3312 Agno
1702 3254 1958 3318 pugnabunt,
1985 3259 2025 3293 et

127 3317 265 3371 Agnus
289 3317 425 3358 vincet
447 3316 554 3357 illos:
581 3316 797 3370 bquoniam
819 3316 1019 3359 Dominus
1044 3317 1301 3359 dominorum
1325 3324 1398 3365 est,
1424 3324 1464 3359 et
1490 3318 1578 3358 Rex
1600 3327 1751 3368 regum,
1777 3318 1818 3354 et
1842 3325 1910 3366 qul
1933 3322 2024 3352 cum

126 3375 194 3416 illo
222 3382 330 3426 sunt,
361 3375 509 3424 vocati,
541 3374 668 3425 electi,
700 3380 741 3417 et
769 3375 917 3417 fideles.

258 3470 310 3511 16,
335 3471 376 3504 15
401 3446 473 3505 aM}
496 3472 548 3512 24,
574 3471 630 3513 43;
657 3472 703 3505 Le
727 3473 779 3513 12,
805 3473 861 3513 393
888 3473 958 3517 sup
983 3473 1013 3513 3,
1039 3472 1068 3506 3.
1096 3492 1136 3495 -
1163 3472 1214 3512 17,
1239 3472 1282 3505 14
1304 3472 1343 3504 br
1369 3471 1442 3505 rim
1469 3471 1498 3510 6,
1526 3471 1580 3508 153
1609 3468 1663 3501 ruf
1688 3467 1739 3500 19.
1766 3466 1816 3564 166.

1747 3525 1768 3563 'J
1800 3525 1820 3548 *
