2356 3760
269 189 347 229 810
1080 181 1356 216 PROPHETIA
1893 185 1944 225 23,
1973 185 2113 225 14—23,
2140 186 2182 220 45

268 280 425 334 polluta
453 285 557 320 esset
586 276 651 317 via
679 289 759 316 una
788 276 1014 316 ambarum.
1072 277 1103 300 11
1130 275 1186 316 Et
1212 275 1330 316 auxit
1355 275 1644 317 fornicationes
1672 289 1783 317 suas:
1813 291 1987 332 cumque
2014 279 2183 320 vidisset

268 339 375 380 viros
397 338 580 391 depictos
600 336 641 376 in
663 335 828 388 pariete.
852 334 1046 387 imagines
1068 334 1351 375 Chaldaeorum
1372 347 1582 388 expressas
1603 334 1816 385 coloribus,
1866 338 1898 361 ¹⁵
1918 342 1959 378 et
1979 338 2182 380 accinctos
2209 356 2215 360 ·

268 397 413 438 balteis
437 409 563 444 renes,
590 399 630 435 et
655 394 779 434 tiaras
804 392 954 433 tinctas
979 392 1018 432 in
1044 393 1248 446 capitibus
1271 406 1424 441 eorum,
1449 394 1625 434 formam
1649 394 1800 434 ducum
1825 395 2020 445 omnium,
2046 396 2183 438 simili-

269 456 454 496 tudinem
479 455 652 496 11110111111
681 451 915 505 B·1by,lonis
944 456 1142 505 ttriaeque
1167 451 1462 497 Chaldaeorum,
1490 452 1530 492 in
1557 465 1639 517 qua
1664 453 1741 493 orti
1766 455 1965 503 511111,16
1988 454 2184 497 insanivit

267 527 388 569 super
413 527 479 555 eos
506 510 835 563 (oncupistentia
861 524 905 551 0(
911 509 1068 550 1110111111
1095 523 1274 560 suorum,
1303 516 1343 551 et
1369 511 1478 551 misit
1505 511 1673 552 nuncios
1700 512 1752 552 ad
1777 525 1844 553 eos
1869 513 1910 553 in
1936 513 2182 556 Chaldaeam

268 575 301 598 ¹⁷
337 573 520 625 Cumque
556 570 763 610 19111559111
798 569 850 609 ad
885 581 973 609 eam
1010 568 1079 609 filii
1116 569 1339 622 Babylonis
1374 570 1426 610 ad
1462 569 1592 610 cubile
1626 583 1913 621 mammarum
1950 572 2185 625 polluerunt

267 646 355 673 eam
373 630 523 684 stupris
540 629 632 672 51115,
651 634 691 669 91
706 627 865 681 polluta
880 632 939 668 est
957 628 1008 668 ab
1024 628 1090 672 915,
1108 633 1150 669 91
1165 634 1353 668 saturata
1368 634 1429 669 est
1444 628 1582 669 anima
1596 628 1680 669 eius
1696 630 1748 669 ab
1765 629 1850 671 illis.
1895 631 1930 654 ¹⁸
1944 631 2184 672 Denudavit

268 703 429 744 quoque
462 687 751 729 fornicationes
786 699 890 735 suas,
927 692 967 727 et
1001 687 1275 739 discooperuit
1308 687 1573 738 ignominiam
1607 700 1742 728 suam:
1778 693 1819 729 ct
1850 689 2015 730 recessit
2047 690 2186 730 anima

267 762 354 789 mea
382 749 433 788 ab
459 761 516 790 ea,
545 747 649 787 sicut
674 750 893 786 recesserat
919 745 1056 786 anima
1080 759 1171 786 mea
1196 759 1219 785 a
1243 758 1378 786 sorore
1403 746 1499 787 eius.
1553 747 1589 770 1⁹
1612 746 1906 800 Multiplicavit.
1930 748 2036 788 enim
2062 749 2184 790 forni-

266 807 446 848 cationes
464 820 569 849 suas.
589 805 805 845 recordans
823 804 907 844 dies
925 804 1209 845 adolescentiae
1226 817 1319 847 suae,
1341 804 1488 857 quibus
1505 804 1709 846 fornicata
1725 805 1842 846 estin
1861 806 1985 847 Terra
2000 806 2182 861 AEgypti.

265 869 301 891 20
330 866 385 906 Et
415 865 611 905 insanivit
640 863 808 904 libidine
837 876 958 916 super
987 863 1252 903 concubitum
1283 876 1435 912 eorum,
1469 876 1643 917 quorum
1673 877 1812 905 carnes
1843 870 1940 906 sunt
1969 871 2016 906 ut
2045 879 2184 907 carnes

266 925 491 965 asinorum:
514 929 553 964 et
575 923 678 964 sicut
700 922 833 962 fluxus
854 934 1051 974 equorum
1072 921 1207 962 fluxus
1227 935 1379 963 eorum.
1428 923 1459 946 2¹
1480 922 1536 963 Et
1556 922 1733 963 visitasti
1753 922 1881 964 scelus
1902 924 2186 966 adolescentiae

265 989 359 1026 11199.
386 983 549 1037 quando
572 982 746 1022 subacta
767 986 862 1021 sunt
884 980 925 1020 in
947 980 1127 1033 AEgypto
1150 981 1277 1021 ubera
1297 986 1382 1029 tua,
1407 986 1448 1022 et
1470 981 1689 1022 confractae.
1710 987 1807 1023 sunt
1828 996 2019 1024 mammae
2038 984 2185 1036 puber—

266 1043 364 1083 tatis
395 1049 485 1082 tuae.

69 1102 250 1163 Νξὲιξξζξυὲ
372 1103 403 1125 ²2
439 1101 662 1153 Propterea
697 1097 854 1141 Ooliba.
894 1098 977 1138 11999
1014 1098 1113 1139 dicit
1148 1098 1350 1139 Dominus
1386 1098 1515 1139 Deus:
1553 1099 1658 1140 Ecce
1694 1112 1766 1153 ego
1802 1100 2009 1142 suscitabo
2046 1114 2185 1142 omnes

84 1173 225 1213 ιωροφιε-
267 1165 469 1201 9111910195
498 1164 590 1200 11105
617 1164 761 1199 contra
788 1162 840 1200 19
870 1157 919 1197 de
947 1157 1094 1210 quibus
1122 1157 1275 1198 satiata
1301 1163 1363 1198 951
1389 1157 1527 1198 anima
1553 1162 1644 1198 tua:
1673 1163 1715 1199 et
1741 1160 1994 1213 congregabo
2022 1173 2088 1201 eos
2117 1161 2186 1201 ad-

79 1209 241 1275 fflggffls
266 1232 428 1259 191511111
456 1224 495 1259 19
521 1218 561 1258 111
588 1217 771 1263 9119111111,
827 1218 859 1240 ²³
884 1215 1005 1256 Filios
1034 1216 1269 1269 Babvlonis,
1298 1222 1339 1257 et
1365 1217 1574 1258 11111191505
1600 1217 1822 1266 Chaldaeos,
1850 1218 2017 1267 nobiles,
2045 1223 2187 1273 tyran-

265 1291 420 1331 nosque
455 1283 495 1317 et
531 1276 743 1340 principes,
781 1288 919 1316 omnes
955 1274 1056 1315 filios
1091 1275 1364 1329 Assyriorum
1400 1275 1567 1317 iuvenes
1600 1276 1735 1317 forma
1767 1277 1937 1331 egregia,
1973 1278 2108 1327 duces,
2145 1283 2186 1319 et

264 1337 529 1390 magistratus
568 1348 666 1376 111111
670 1347 789 1377 ersos
829 1333 1030 1398 principes
1068 1334 1311 1387 principum
1351 1339 1392 1375 et
1428 1335 1662 1376 nominatos
1699 1348 1929 1376 ascensores
1967 1349 2185 1390 equorum:

262 1397 294 1420 ²⁴
327 1402 366 1436 91
400 1395 565 1435 venient
598 1406 719 1447 super
750 1398 790 1434 te
823 1392 1012 1433 instructi
1045 1406 1176 1438 curru,
1211 1398 1251 1434 et
1283 1398 1386 1437 rota.
1420 1393 1645 1435 multitudo
1678 1394 1943 1448 populorum:
1975 1395 2111 1445 lorica,
2145 1401 2186 1436 et

263 1454 418 1508 clypeo,
451 1459 492 1495 et
521 1453 635 1507 galea
667 1452 939 1493 armabuntur
969 1457 1113 1492 contra
1142 1457 1182 1492 te
1213 1452 1412 1505 undique:
1445 1458 1486 1493 et
1515 1453 1622 1494 dabo
1654 1466 1791 1494 coram
1820 1453 1875 1494 eis
1905 1453 2113 1499 iudicium.
2145 1460 2187 1495 et

262 1513 506 1554 iudicabunt
531 1519 570 1553 te
594 1511 752 1552 iudiciis
776 1511 868 1552 suis.
921 1512 954 1535 2⁵
977 1511 1032 1551 Et
1055 1523 1206 1564 ponam
1232 1511 1362 1552 zelum
1386 1524 1522 1552 meum
1546 1511 1588 1551 in
1610 1516 1663 1560 te,
1691 1525 1811 1565 quem
1835 1518 2027 1554 exercent
2049 1518 2186 1554 tecum

261 1572 303 1612 in
319 1573 472 1613 furore:
490 1584 635 1612 nasum
649 1576 780 1617 tuum,
795 1575 835 1610 et
850 1582 965 1610 aures
982 1574 1074 1610 tuas
1088 1569 1329 1622 praecident:
1347 1575 1389 1610 et
1401 1583 1491 1623 quae
1505 1571 1787 1615 remanserint,
1801 1570 1936 1624 gladio
1949 1572 2184 1613 concident:

262 1631 339 1684 ipsi
363 1631 464 1671 filios
490 1636 594 1673 tuos,
622 1635 661 1670 et
686 1629 787 1669 filias
813 1634 905 1669 tuas
930 1628 1105 1681 capient,
1133 1633 1174 1668 et
1197 1629 1467 1669 novissimum
1491 1634 1611 1669 tuum
1635 1630 1903 1671 devora-bitur
1925 1630 2019 1684 igni.
2072 1632 2108 1655 ²⁶
2131 1631 2187 1672 Et

263 1689 536 1730 denudabunt
555 1695 595 1729 te
614 1687 871 1728 vestimentis
891 1687 983 1730 tuis,
1005 1692 1047 1727 et
1064 1686 1211 1728 tollent
1230 1700 1331 1728 vasa
1346 1687 1483 1741 gloriae
1501 1692 1594 1729 tuae.
1642 1689 1676 1712 ‘²⁷
1696 1688 1751 1729 Et
1769 1689 2019 1743 requiescere
2036 1689 2185 1731 faciam

262 1748 391 1789 scelus
423 1754 541 1789 tuum
574 1748 622 1788 de
654 1752 706 1795 19,
740 1751 782 1787 et
811 1745 1125 1787 fornicationem
1156 1751 1273 1786 tuam
1304 1747 1354 1787 de
1385 1747 1508 1787 Terra
1538 1747 1727 1801 AEgypti:
1759 1760 1832 1788 nec
1861 1747 2018 1789 levabis
2049 1748 2186 1790 oculos

263 1812 356 1849 tuos
377 1808 430 1848 ad
449 1820 527 1851 eos,
550 1812 590 1847 et
610 1805 779 1859 *Egypti
799 1818 880 1846 non
900 1805 1175 1846 recordaberis
1196 1805 1382 1859 amplius.
1431 1807 1467 1830 2⁸
1487 1806 1592 1854 Quia
1610 1806 1695 1847 haec
1715 1806 1814 1847 dicit
1832 1807 2034 1848 Dominus
2053 1807 2185 1848 Deus:

263 1867 368 1907 Ecce
394 1880 465 1920 ego
492 1865 653 1906 tradam
679 1871 719 1905 te
744 1864 785 1904 in
809 1877 955 1904 manus
981 1877 1132 1906 eorum.
1162 1877 1262 1918 quos
1288 1864 1422 1909 odisti,
1449 1864 1491 1905 in
1514 1878 1673 1914 manus,
1701 1865 1750 1905 de
1776 1865 1923 1918 quibus
1948 1866 2102 1907 satiata
2125 1872 2186 1908 est

264 1926 402 1966 anima
425 1932 508 1966 tua.
562 1926 597 1948 2⁹
620 1924 675 1965 Et
699 1929 821 1977 agent
845 1929 981 1964 tecum
1004 1923 1045 1963 in
1069 1923 1174 1967 odio.
1200 1928 1242 1964 et
1264 1923 1411 1965 tollent
1434 1937 1573 1965 omnes
1596 1923 1754 1965 labores
1777 1929 1883 1973 tuos,
1909 1929 1951 1966 et
1973 1925 2186 1966 dimittent

264 1990 304 2025 te
333 1985 500 2033 nudam,
532 1989 573 2024 et
600 1982 823 2037 ignominia
853 1982 1027 2036 plenam,
1060 1988 1100 2023 et
1128 1981 1379 2023 revelabitur
1406 1983 1630 2036 ignominia
1656 1983 1975 2024 fornicationum
2004 1989 2183 2030 tuarum.

264 2043 392 2084 scelus
425 2049 555 2086 tuum,
590 2048 630 2083 et
661 2042 951 2083 fornicationes
984 2046 1076 2082 11199.
1137 2043 1174 2066 30
1203 2041 1405 2082 Fecerunt
1436 2041 1522 2082 11999
1553 2042 1629 2083 tibi
1662 2042 1758 2095 quia
1787 2042 1991 2084 fornicata
2021 2056 2061 2084 es
2092 2049 2187 2097 post

264 2103 427 2147 Gentes,
461 2102 567 2143 inter
598 2114 698 2155 quas
730 2100 889 2154 polluta.
919 2114 958 2141 es
989 2100 1030 2140 in
1060 2100 1177 2141 idolis
1209 2114 1360 2142 earum.
1420 2103 1451 2125 31
1485 2101 1532 2141 111
1564 2101 1631 2142 via
1661 2101 1806 2142 sororis
1838 2106 1920 2143 tuae
1950 2101 2184 2148 ambulasti,

264 2168 304 2202 et
325 2162 431 2203 dabo
453 2161 618 2202 calicem
639 2160 722 2200 eius
742 2160 782 2200 in
802 2173 928 2200 manu
948 2164 1032 2200 tua.
1081 2161 1113 2184 32
1134 2159 1232 2200 Haec
1253 2160 1351 2201 dicit
1370 2159 1572 2201 Dominus
1592 2160 1722 2201 Deus:
1744 2160 1918 2201 Calicem
1938 2161 2084 2202 sororis
2105 2166 2187 2202 tuae

265 2221 377 2261 bibes
399 2220 662 2273 profundum.
687 2225 727 2259 et
746 2218 897 2259 latum:
920 2218 995 2259 eris
1015 2218 1057 2259 in
1077 2218 1268 2262 derisum.
1292 2223 1333 2260 et
1352 2218 1393 2259 in
1414 2219 1792 2269 subsannationem,
1816 2233 1907 2273 quae
1926 2225 1988 2261 est
2008 2220 2187 2274 capacis-

263 2280 377 2320 sima.
433 2281 465 2303 33
490 2278 715 2323 Ebrietate,
744 2284 784 2318 et
810 2277 947 2318 dolore
971 2277 1207 2330 repleberis:
1235 2277 1357 2318 calice
1382 2278 1578 2323 moeroris,
1607 2284 1648 2319 et
1673 2278 1863 2325 tristitiae,
1892 2278 2014 2320 calice
2039 2279 2185 2320 sororis

264 2344 346 2379 11199
375 2338 579 2379 8911191199.
637 2339 670 2362 3⁴
699 2337 754 2377 Et
785 2336 897 2377 bibes
926 2335 1052 2381 illum,
1085 2342 1125 2377 et
1155 2336 1342 2389 epota-bis
1372 2349 1500 2390 usque
1530 2337 1582 2377 ad
1610 2336 1739 2382 faeces,
1772 2342 1813 2378 et
1841 2338 2074 2391 fragmenta
2101 2338 2185 2378 eius

265 2397 493 2440 devorabis.
515 2403 554 2437 et
573 2397 700 2437 ubera
717 2401 790 2436 tua
806 2395 1021 2436 lacerabis:
1042 2395 1138 2448 quia
1155 2408 1226 2448 ego
1244 2394 1406 2436 locutus
1424 2409 1526 2444 sum,
1547 2395 1606 2436 ait
1622 2395 1824 2437 Dominus
1841 2396 1964 2438 Deus,
2010 2397 2043 2421 ³⁵
2059 2396 2186 2450 Prop-

266 2462 377 2497 terea
405 2456 489 2497 haec
519 2455 617 2496 dicit
646 2455 848 2496 Dominus
876 2454 1006 2495 Deus:
1039 2454 1142 2502 Quia
1173 2453 1302 2495 oblita
1330 2467 1370 2495 es
1399 2455 1489 2503 11191,
1522 2460 1563 2495 et
1590 2454 1795 2508 proiecisti
1823 2468 1888 2495 me
1917 2460 2011 2509 post
2040 2468 2186 2509 corpus

266 2521 396 2558 tuum.
428 2523 474 2555 tu
505 2528 666 2568 quoque
695 2519 817 2567 porta
844 2513 972 2554 scelus
1002 2520 1132 2557 11111111,
1165 2518 1205 2553 91
1232 2513 1522 2555 fornicationes
1551 2518 1656 2554 tuas.

103 2576 219 2612 pmptes
371 2576 406 2598 ²³⁶
435 2574 490 2615 Et
521 2573 578 2614 ait
607 2573 809 2614 Dominus
839 2573 892 2613 ad
920 2585 997 2617 me,
1030 2572 1184 2613 dicens:
1217 2571 1291 2612 Fili
1321 2572 1496 2613 hominis
1526 2572 1728 2626 numquid
1756 2573 1910 2614 iudicas
1941 2573 2113 2623 Goliam,
2145 2578 2186 2614 et

73 2609 247 2669 ddmstgtimm
268 2633 468 2675 Oolibam.
504 2638 545 2673 et
577 2632 801 2672 annuncias
834 2632 889 2672 eis
922 2631 1071 2672 scelera
1103 2631 1268 2672 earum?
1327 2632 1362 2655 ³⁷
1396 2631 1501 2680 Quia
1533 2631 1775 2673 adulteratae
1807 2637 1914 2676 sunt,
1950 2637 1991 2673 et
2022 2632 2185 2686 sanguis

58 2680 251 2741 ᾏΫᾉἏᾜΐῃῗ
268 2693 307 2733 111
335 2692 525 2733 manibus
553 2704 704 2739 earum,
736 2696 777 2731 et
804 2704 896 2731 cum
924 2689 1041 2731 idolis
1069 2690 1150 2731 suis
1177 2690 1389 2731 fornicatae
1416 2696 1531 2731 sunt:
1559 2690 1725 2744 insuper
1751 2696 1793 2732 et
1818 2690 1920 2732 filios
1948 2704 2053 2740 SUOS,
2084 2703 2185 2745 quos

265 2756 495 2805 genuerunt
527 2750 639 2799 mihi,
676 2750 916 2791 obtulerunt
950 2749 1004 2789 eis
1039 2750 1091 2790 ad
1125 2749 1421 2791 devorandum.
1483 2751 1519 2774 38
1552 2750 1632 2791 Sed
1665 2754 1706 2790 et
1738 2749 1815 2791 hoc
1847 2750 2033 2791 fecerunt
2065 2749 2184 2790 mihi:

266 2810 505 2851 Polluerunt
522 2809 802 2850 sanctuarium
820 2822 956 2849 meum
974 2809 1015 2848 in
1032 2809 1095 2849 die
1112 2808 1191 2851 illa.
1211 2813 1251 2849 et
1268 2809 1445 2849 sabbata
1459 2821 1552 2849 mea
1567 2809 1904 2862 profanaverunt.
1949 2810 1985 2833 ³⁹
2001 2808 2185 2862 Cumque

266 2868 526 2910 immolarent
555 2868 656 2909 filios
685 2881 778 2909 suos
807 2867 923 2908 idolis
953 2868 1045 2915 51115,
1077 2872 1117 2907 91
1146 2867 1455 2920 ingrederentur
1482 2867 1762 2909 sanctuarium
1790 2881 1927 2908 meum
1956 2867 1997 2908 in
2026 2867 2090 2908 dje
2117 2867 2186 2908 illa

269 2934 312 2969 ut
334 2928 561 2981 polluerent
584 2927 700 2967 illud:
724 2927 848 2967 etiam
871 2926 956 2967 haec
976 2926 1160 2967 fecerunt
1182 2927 1223 2967 in
1244 2926 1377 2967 medio
1400 2926 1545 2967 domus
1566 2939 1678 2967 meae.
1728 2928 1765 2950 4⁰
1783 2927 1982 2967 Miserunt
2004 2926 2058 2966 ad
2077 2926 2185 2968 viros

268 2987 475 3028 venientes
505 2987 554 3027 de
583 2986 712 3039 longe,
744 2986 797 3026 ad
827 2998 927 3039 quos
956 2985 1152 3025 nuncium
1181 2985 1396 3026 miserant:
1426 2985 1567 3038 ita-que
1596 2998 1686 3026 ecce
1716 2991 1936 3026 venerunt:
1968 2985 2116 3038 quibus
2144 2989 2186 3026 te

265 3045 413 3089 lavisti.
441 3051 481 3086 et
506 3044 786 3085 circumlinisti
811 3044 932 3085 stibio
958 3043 1093 3085 oculos
1120 3050 1224 3088 tuos.
1251 3049 1291 3084 et
1316 3049 1463 3085 ornata
1486 3057 1525 3084 es
1550 3044 1704 3085 mundo
1729 3043 1928 3085 muliebri.
1980 3045 2013 3068 4¹
2036 3043 2186 3085 Sedisti

265 3104 306 3144 111
327 3104 431 3145 19910
454 3104 737 3157 pulcherrimo.
763 3109 803 3144 et
825 3116 966 3143 mensa
987 3108 1134 3143 ornata
1155 3108 1216 3143 est
1238 3108 1334 3144 ante
1356 3108 1415 3144 te:
1439 3102 1672 3156 thymiama
1691 3116 1841 3149 meum,
1865 3108 1906 3144 et
1928 3107 2185 3156 unguentum

266 3176 401 3203 meum
424 3163 596 3216 posuisti
618 3175 739 3216 super
759 3175 861 3203 eam.
911 3164 944 3186 ⁴²
966 3162 1020 3202 Et
1042 3175 1123 3202 vox
1146 3161 1422 3203 multitudinis
1445 3161 1669 3202 exultantis
1691 3166 1779 3202 erat
1800 3162 1841 3202 in
1863 3174 1927 3202 ea:
1951 3166 1992 3202 et
2012 3161 2054 3202 in
2075 3160 2183 3204 viris.

268 3221 336 3274 qui
368 3221 416 3261 de
448 3221 713 3262 multitudine
744 3221 958 3262 hominum
989 3220 1314 3265 adducebantur,
1349 3227 1389 3261 et
1421 3220 1643 3261 veniebant
1674 3221 1723 3261 de
1755 3221 1927 3269 deserto,
1960 3225 2185 3273 posuerunt

268 3279 444 3319 armillas
475 3281 513 3320 in
545 3280 732 3320 manibus
762 3293 914 3324 eorum.
946 3284 987 3320 et
1015 3292 1184 3320 coronas
1213 3279 1414 3332 speciosas
1444 3279 1485 3320 in
1514 3279 1718 3333 capitibus
1747 3292 1900 3320 eorum.
1956 3280 1989 3303 ‘¹³
2017 3278 2074 3319 Et
2102 3278 2186 3319 dixi

267 3338 314 3382 ei.
343 3351 433 3391 quae
459 3339 603 3379 attrita
629 3344 689 3379 est
715 3339 755 3379 in
782 3338 1010 3379 adulteriis:
1040 3338 1157 3379 Nunc
1183 3338 1453 3379 fornicabitur
1477 3338 1518 3378 in
1543 3337 1813 3379 fornicatione
1838 3350 1912 3378 sua
1936 3337 2062 3378 etiam
2086 3337 2183 3378 haec.

267 3398 300 3422 ³¹4
330 3396 383 3437 Et
411 3396 576 3449 ingressi
604 3403 700 3438 sunt
729 3398 780 3438 ad
808 3411 898 3438 eam
928 3397 1043 3451 quasi
1071 3397 1124 3438 ad
1150 3396 1360 3437 mulierem
1388 3397 1661 3438 meretricem:
1691 3397 1746 3437 sic
1774 3396 2108 3450 ingrediebantur
2135 3395 2187 3436 ad

268 3455 440 3498 Oollam.
472 3460 513 3496 et
541 3455 728 3496 Oolibam
758 3457 943 3497 mulieres
974 3456 1159 3497 nefarias.
1217 3458 1249 3480 ⁴5
1279 3456 1362 3496 Viri
1391 3469 1483 3510 ergo
1512 3456 1608 3497 iusti
1636 3462 1750 3496 sunt:
1781 3455 1821 3495 hi
1849 3454 2091 3496 iudicabunt
2120 3467 2186 3495 eas

269 3514 416 3555 iudicio
450 3513 740 3558 adulterarum,
775 3522 814 3556 et
847 3515 994 3556 iudicio
1027 3515 1327 3556 effundentium
1359 3515 1617 3568 sanguinem:
1652 3514 1748 3568 quia
1779 3513 1974 3555 adulterae
2005 3518 2113 3555 sunt.
2147 3519 2188 3553 et
