2356 3760
139 78 189 116 13,
216 77 356 112 26-14.
383 77 424 110 25
921 76 1088 110 ECCLES
1096 77 1264 110 IASTICI
1955 88 2031 128 533

139 173 174 196 ²⁶
191 170 323 212 Diviti
357 171 527 224 decepto
561 169 680 211 multi
724 174 1044 221 recuperatores:
1132 169 1290 210 locutus
1325 177 1384 211 est
1418 173 1603 224 superba.
1639 180 1677 213 et
1710 175 2031 219 institit-averunt

399 229 524 270 illum.

139 290 173 312 '³⁷
193 287 356 329 humilis
379 288 572 340 deceptus
594 290 667 331 est,
690 285 855 338 insuper
876 290 916 325 et
939 285 1138 338 arguitur:
1213 286 1372 328 locutus
1395 294 1455 328 est
1476 294 1646 333 sensate,
1671 296 1710 330 et
1732 304 1812 331 11011
1835 299 1894 333 θεῖ
1915 295 2034 335 datus

402 346 437 387 ei
464 345 587 386 locus.

142 404 177 427 ²⁸
193 405 319 446 Dives
355 404 515 445 locutus
545 407 618 447 est,
661 407 702 442 et
741 415 880 443 omnes
923 407 1151 445 tacuerunt.
1222 409 1261 442 et
1306 405 1474 444 verbum
1513 404 1616 446 illius
1654 419 1780 460 usque
1823 409 1874 448 ad
1911 410 2036 449 nubes

402 462 641 515 perducent.

141 524 176 547 2⁹
193 522 354 574 Pauper
375 520 535 561 locutus
559 523 632 567 est,
663 524 703 559 et
727 519 887 559 dicunt:
914 519 1011 567 Quis
1035 524 1095 559 θεῖ
1118 519 1206 559 hic?
1285 527 1323 560 et
1348 520 1379 559 si
1403 521 1626 563 offenderit.
1652 523 1890 565 subvertent
1914 525 2037 567 illum.

538 634 578 674 4.
608 634 842 685 Praecepta
872 633 928 674 de
956 633 1051 673 vita
1080 634 1273 684 interna,
1301 635 1367 685 13,
1387 636 1564 686 30—16,
1583 637 1648 676 23.

141 709 178 732 3⁰
196 707 313 748 Bona
347 712 408 747 est
442 705 687 750 substantia,
729 704 793 745 cui
829 717 911 745 non
945 708 1005 744 θεῖ
1042 709 1256 757 peccatum
1293 703 1333 744 in
1373 706 1635 746 conscientia:
1722 715 1763 748 et.
1796 710 2039 761 nequissima
2081 712 2207 757 3⁸³⁰&

404 768 626 818 paupertas
655 763 696 804 in
726 776 792 805 ore
822 762 946 816 impii.
2051 746 2235 810 ffisffififfir..

141 827 174 849 3¹
196 824 272 866 Cor
299 822 475 864 hominis
504 822 700 863 immutat
729 822 872 863 faciem
903 820 1020 869 illius,
1105 822 1188 861 sive
1218 821 1258 862 in
1289 822 1407 866 bona,
1439 822 1523 863 sive
1552 823 1592 863 in
1622 823 1740 865 mala.

140 884 174 906 3²
198 882 424 935 Vestigium
458 881 588 922 cordis
622 880 729 928 boni,
780 885 821 921 et
853 880 999 920 faciem
1038 879 1189 920 bonam
1277 880 1438 920 difficile
1471 880 1662 927 invenies,
1697 888 1738 923 et
1771 896 1863 923 cum
1894 883 2042 925 labore.

144 941 207 985 14.
264 944 277 965 1
305 941 457 981 Beatus
489 939 581 989 avir,
611 939 680 993 qui
706 953 788 981 non
815 943 875 979 est
901 937 1038 991 lapsus
1066 939 1189 979 verbo
1218 952 1267 979 ex
1295 951 1360 979 ore
1387 952 1470 987 suo,
1552 945 1592 981 et
1619 954 1699 981 non
1726 946 1787 982 θεῖ
1812 941 2045 983 stimulatus

405 998 446 1039 in
475 998 645 1039 tristitia
673 998 821 1039 delicti.

165 1062 179 1083 2
196 1058 322 1103 Felix,
352 1057 422 1111 qui
446 1071 529 1098 non
554 1057 701 1098 habuit
728 1057 853 1097 animi
878 1055 939 1096 sui
966 1055 1188 1100 tristitiam,
1270 1062 1310 1097 et
1336 1070 1417 1097 11011
1444 1057 1593 1098 excidit
1621 1071 1644 1098 a
1669 1071 1738 1111 spe
1764 1072 1848 1100 sua.

165 1166 181 1188 ³
198 1163 292 1204 Viro
324 1163 471 1216 cupido
501 1168 543 1203 et
569 1162 703 1202 tenaci
731 1162 816 1203 sine
842 1162 1000 1204 ratione
1030 1166 1090 1202 est
1131 1161 1375 1204 substantia.
1460 1168 1499 1201 et
1528 1161 1683 1202 homini
1709 1161 1834 1203 livido
1866 1164 1917 1204 ad
1947 1164 2043 1216 quid
2058 1169 2179 1193 avaritia
2197 1170 2236 1193 vi·

408 1221 577 1262 aurum?
2099 1204 2196 1230 tanda.

165 1280 277 1329 ⁴Qui
323 1286 489 1321 acervat
526 1293 576 1321 ex
615 1280 750 1320 animo
790 1292 862 1320 suo
896 1280 1056 1324 iniuste,
1089 1278 1174 1319 aliis
1203 1284 1431 1331 congregat.
1523 1283 1563 1319 et
1592 1278 1633 1319 in
1664 1279 1778 1319 bonis
1807 1279 1911 1320 illius
1947 1280 2047 1320 alius

406 1338 693 1379 luxuriabitur.

166 1400 181 1422 5
201 1398 279 1447 Qui
308 1398 384 1438 sibi
412 1410 590 1450 nequam
620 1402 692 1441 θεῖ,
724 1396 787 1437 cui
818 1396 883 1437 alii
913 1397 1043 1437 bonus
1066 1396 1165 1436 erit?
1243 1403 1282 1436 et
1312 1409 1394 1437 non
1422 1396 1714 1436 iucundabitur
1741 1396 1782 1437 in
1811 1397 1926 1437 bonis
1955 1397 2048 1439 suis.

167 1459 182 1481 ⁶
200 1457 278 1506 Qui
305 1456 380 1497 sibi
406 1456 575 1504 invidet,
604 1454 703 1496 nihil
730 1461 791 1496 θεῖ
818 1455 882 1496 illo
911 1455 1094 1508 nequius,
1177 1461 1216 1495 et
1243 1454 1327 1495 haec
1354 1454 1527 1496 redditio
1555 1460 1615 1495 est
1641 1455 1807 1496 malitiae
1833 1454 1955 1495 illius:

167 1517 180 1539 ⁷
199 1521 239 1556 et
266 1515 298 1555 si
325 1516 426 1556 bene
452 1515 603 1563 fecerit,
632 1514 877 1567 ignoranter,
903 1519 943 1555 et
970 1527 1051 1555 non
1072 1513 1210 1555 volens
1236 1513 1353 1554 facit:
1434 1518 1475 1554 et
1500 1513 1541 1553 in
1567 1513 1786 1554 novissimo
1812 1514 2051 1555 manifestat

408 1573 609 1614 malitiam
639 1586 767 1614 suam.

166 1633 388 1686 gNequam
425 1638 487 1673 est
526 1631 665 1674 oculus
693 1631 820 1677 lividi,
912 1638 951 1672 et
982 1636 1170 1672 avertens
1208 1631 1353 1672 faciem
1388 1644 1516 1677 suam,
1548 1636 1588 1671 et
1617 1631 1839 1684 despiciens
1871 1631 2049 1671 animam

409 1704 539 1732 suam.

167 1753 182 1775 ⁹
202 1749 448 1792 Insatiabilis
476 1750 614 1791 oculus
637 1749 773 1803 cupidi
799 1750 839 1790 in
862 1754 979 1803 parte
1005 1748 1252 1802 iniquitatis:
1332 1761 1413 1789 non
1440 1748 1658 1788 satiabitur
1681 1748 1808 1789 donec
1835 1753 2050 1789 consumat

410 1809 631 1850 arefaciens
662 1808 841 1849 animam
871 1821 999 1849 suam.

148 1870 184 1893 ¹⁰
200 1868 351 1910 Oculus
381 1868 513 1908 malus
545 1868 597 1908 ad
626 1866 753 1907 mala:
794 1873 835 1907 et
865 1880 947 1908 non
977 1866 1197 1907 satiabitur
1224 1879 1342 1919 pane,
1427 1865 1497 1906 sed
1527 1865 1709 1918 indigens
1740 1870 1780 1905 et
1812 1865 1851 1905 in
1883 1864 2049 1905 tristitia

410 1926 485 1967 erit
514 1938 635 1979 super
662 1939 845 1967 mensam
874 1938 1002 1966 suam.

149 2034 180 2057 ¹1
200 2031 277 2072 Fili
305 2031 338 2072 si
365 2031 503 2079 habes,
535 2030 704 2071 benefac
733 2035 881 2076 tecum,
966 2034 1007 2070 et
1034 2030 1122 2070 Deo
1153 2029 1294 2082 dignas
1324 2028 1549 2069 oblationes
1579 2028 1690 2070 offer.
2064 2027 2246 2086 Sibib‘gffjffflff

150 2093 180 2115 ¹²
200 2091 356 2131 Memor
376 2095 462 2131 esto
485 2089 678 2143 quoniam
698 2102 806 2129 mors
827 2102 908 2129 non
930 2088 1080 2135 tardat,
1154 2093 1193 2128 et
1214 2091 1509 2128 testamentum
1530 2086 1751 2127 inferorum
1772 2086 1868 2139 quia
1887 2086 2052 2127 demon·
2075 2097 2238 2122 faciendum

411 2154 588 2189 stratum
621 2154 683 2189 est
714 2147 807 2188 tibi:
894 2151 1190 2188 testamentum
1217 2145 1323 2186 enim
1355 2145 1474 2186 huius
1507 2145 1649 2186 mundi
1680 2150 1811 2186 morte
1842 2145 2048 2185 morietur.
2075 2134 2236 2197 amt‘glffiffl'

150 2211 182 2234 13
206 2208 333 2249 bAnte
365 2213 540 2249 mortem
573 2207 742 2248 benefac
785 2206 914 2247 amico
948 2211 1031 2247 tuo.
1119 2210 1159 2245 et
1192 2204 1416 2245 secundum
1449 2203 1552 2244 vires
1586 2209 1678 2244 tuas
1711 2204 1968 2257 exporrigens
2001 2204 2053 2244 da

412 2266 592 2320 pauperi.

152 2329 183 2352 11
204 2327 297 2367 Non
327 2325 576 2367 defrauderis
607 2338 631 2365 a
660 2325 723 2366 die
754 2325 872 2372 bono,
959 2329 997 2364 et
1027 2322 1229 2377 particula
1258 2321 1354 2363 boni
1383 2320 1479 2362 doni
1508 2334 1589 2361 non
1619 2325 1659 2361 te
1688 2324 1914 2373 praetereat.

153 2388 183 2410 15
205 2385 350 2426 Nonne
381 2384 467 2424 aliis
496 2383 698 2437 relinques
729 2383 884 2424 dolores
968 2387 1009 2422 et
1037 2381 1194 2422 labores
1225 2386 1318 2421 tuos
1347 2380 1388 2420 in
1419 2379 1615 2420 divisione
1645 2378 1788 2420 sortis?

153 2446 188 2469 ¹⁶
204 2444 281 2490 Da,
300 2448 340 2484 et
359 2443 506 2496 accipe,
522 2447 564 2483 et
579 2442 755 2483 iustifica
771 2442 950 2482 animam
968 2446 1095 2481 tuam.
1167 2441 1200 2464 1⁷
1217 2439 1325 2480 Ante
1343 2439 1501 2479 obitum
1518 2443 1636 2478 tuum
1654 2450 1818 2491 operare
1834 2436 2052 2477 iustitiam:

415 2501 609 2556 quoniam
637 2514 720 2542 non
749 2505 811 2542 est
840 2501 950 2554 apud
979 2500 1126 2540 inferos
1155 2498 1335 2540 invenire
1365 2498 1512 2538 cibum.

154 2563 188 2588 1⁸
213 2561 371 2602 ‘Omnis
422 2573 514 2602 caro
562 2560 667 2601 sicut
722 2560 879 2601 foenum
927 2563 1164 2606 veterascet,
1266 2562 1306 2597 et
1354 2557 1458 2597 sicut
1513 2554 1654 2597 folium
1710 2554 1958 2595 fructificans
2014 2552 2054 2594 in

417 2620 559 2661 arbore
592 2618 723 2660 viridi.

154 2682 188 2704 ¹⁹
205 2678 297 2720 Alia
322 2683 580 2733 generantur,
617 2682 658 2718 et
685 2677 765 2718 alia
791 2677 1053 2719 deiiciuntur:
1135 2675 1190 2716 sic
1217 2674 1423 2728 generatio
1452 2672 1582 2714 carnis
1610 2677 1650 2712 et
1677 2671 1893 2724 sanguinis,
1977 2669 2056 2710 alia

415 2737 568 2786 finitur,
600 2742 640 2777 et
670 2736 749 2777 alia
777 2736 969 2777 nascitur.

153 2799 190 2821 2⁰
207 2797 337 2838 Omne
365 2809 467 2850 opus
495 2795 757 2849 corruptibile
784 2795 825 2836 in
853 2795 932 2835 fine
961 2794 1138 2835 deficiet:
1220 2797 1260 2833 et
1290 2792 1359 2845 qui
1385 2790 1485 2832 illud
1513 2794 1714 2843 operatur,
1751 2787 1827 2828 ibit
1855 2800 1947 2828 cum
1974 2786 2054 2827 illo.

154 2858 185 2880 '2¹
207 2856 262 2896 Et
284 2868 402 2896 omne
425 2868 526 2909 opus
548 2854 722 2896 electum
742 2853 1049 2894 iustificabitur:
1125 2856 1167 2892 et
1189 2851 1258 2905 qui
1280 2854 1471 2904 operatur
1491 2848 1600 2897 illud,
1624 2846 1892 2888 honorabitur
1912 2846 1953 2886 in
1974 2844 2052 2886 illo.

155 2963 187 2986 22
209 2961 384 3001 dBeatus
414 2959 488 3007 vir,
521 2959 591 3013 qui
618 2959 660 3000 in
690 2959 891 3013 sapientia
919 2957 1158 3003 morabitur,
1243 2961 1283 2996 θῖ
1315 2955 1383 3008 qui
1412 2954 1452 2994 in
1482 2952 1639 2993 iustitia
1670 2964 1744 2992 sua
1772 2950 2051 2992 meditabitur.
2088 2952 2229 3017 {3232}

417 3023 458 3059 et
485 3018 528 3058 in
556 3031 675 3059 sensu
705 3017 903 3071 cogitabit
932 3015 1334 3069 circumspectionem
1363 3012 1450 3053 Dei.
2078 3022 2237 3054 quaerenda.

156 3080 188 3103 '³³
208 3077 287 3126 Qui
315 3077 523 3131 excogitat
550 3077 637 3118 vias
664 3076 769 3118 illius
798 3076 839 3117 in
868 3076 986 3117 corde
1015 3088 1099 3120 suo,
1184 3079 1223 3114 et
1252 3073 1293 3113 in
1321 3069 1568 3112 absconditis
1597 3069 1678 3110 suis
1706 3068 1944 3121 intelligens

209 3137 363 3177 vadens
390 3141 486 3190 post
512 3135 623 3176 illam
652 3135 769 3189 quasi
795 3135 1076 3189 investigator,
1160 3138 1199 3173 et
1227 3132 1268 3172 in
1297 3131 1371 3170 viis
1399 3129 1502 3169 illius
1531 3128 1772 3169 consistens:

158 3197 190 3220 2⁴¹
213 3195 282 3248 qui
310 3194 474 3248 respicit
502 3207 574 3248 per
601 3194 800 3235 fenestras
828 3193 946 3240 illius,
1030 3197 1071 3233 et
1100 3192 1141 3232 in
1170 3190 1299 3231 ianuis
1328 3188 1432 3229 illius
1463 3187 1649 3228 audiens:

157 3255 189 3278 ²⁵
211 3253 281 3307 qui
309 3253 525 3307 requiescit
554 3252 672 3294 iuxta
701 3253 870 3294 domum
900 3251 1016 3299 illius,
1103 3255 1143 3290 et
1172 3250 1213 3289 111
1242 3247 1465 3301 parietibus
1494 3245 1599 3286 illius
1628 3245 1753 3299 figens
1783 3243 1921 3297 palum

158 3417 176 3448 1
217 3416 260 3448 24
291 3368 476 3449 14'1’23133
501 3368 553 3448 1513,
579 3368 630 3449 {6⁸
658 3389 700 3393 —
724 3368 766 3402 13
790 3367 883 3401 bTob
908 3367 939 3406 4,
966 3366 999 3406 7;
1025 3366 1096 3410 Sup
1122 3366 1152 3405 4,
1178 3366 1212 3398 1:
1234 3363 1279 3397 Lc
1299 3363 1350 3402 16,
1371 3362 1400 3395 9.
1427 3382 1468 3385 —
1494 3362 1534 3395 18
1557 3361 1607 3394 018
1626 3360 1679 3400 40,
1699 3360 1733 3400 6;
1755 3359 1812 3392 Iac
1831 3360 1861 3394 1,
1881 3356 1936 3389 10:
1958 3357 1974 3386 1
1995 3353 2055 3385 Ptr

182 3442 189 3455 ‚
262 3441 270 3448 .
297 3435 339 3438 —-
362 3418 381 3448 L
477 3425 492 3449 S
543 3441 551 3450 .
579 3422 609 3449 “.
