2356 3760
326 440 1234 530 PROPHETIA
1313 442 1893 533 NAHUM.

511 666 550 706 1.
580 665 735 707 Ninive
764 666 932 718 peribit
962 667 1006 707 et
1035 667 1173 707 lsrael
1204 667 1479 717 servabitur,
1508 668 1547 717 1,
1566 669 1711 709 1—15.

158 746 194 790 1.
251 749 264 772 ¹
294 747 407 789 Onus
438 746 602 787 Ninive:
634 746 755 788 Liber
784 747 948 788 visionis
980 748 1143 789 Nahum
1174 748 1351 789 Elcesaei.
2117 754 2227 779 Titulus

2133 790 2208 816 libri:

172 854 186 876 ²
206 852 316 893 Deus
331 850 555 896 aemulator,
581 859 622 892 et
651 852 845 893 ulciscens
867 852 1087 893 Dominus:
1172 852 1366 893 ulciscens
1387 852 1600 897 Dominus,
1633 858 1673 894 et
1702 853 1855 894 habens
1869 853 2064 895 furorem:
2104 859 2242 898 Dominus

210 910 404 952 ulciscens
433 910 635 951 Dominus
665 910 706 951 in
736 910 873 952 hostes
903 924 1008 957 suos,
1094 916 1134 952 et
1163 910 1338 952 irascens
1368 911 1452 965 ipse
1482 911 1653 953 inimicis
1684 912 1777 953 suis.
2107 901 2236 954 :3333

174 970 190 994 ³
209 969 410 1011 Dominus
436 968 609 1022 patiens,
639 974 680 1010 et
705 982 877 1023 magnus
904 970 1158 1017 fortitudine,
1240 975 1279 1010 et
1306 971 1510 1011 mundans
1538 984 1618 1011 non
1645 971 1768 1011 faciet
1794 971 2064 1012 innocentem.
2089 965 2256 1024 520³ss&ss

210 1027 411 1069 Dominus
442 1027 482 1067 in
514 1032 774 1081 tempestate,
807 1033 849 1069 et
879 1029 1042 1069 turbine
1073 1028 1150 1069 viae
1180 1029 1275 1072 eius,
1362 1034 1403 1069 et
1433 1029 1591 1070 nebulae
1621 1029 1754 1083 pulvis
1786 1030 1936 1083 pedum
1969 1029 2064 1070 eius.

174 1089 190 1111 ⁴¹
212 1087 430 1140 Increpans
460 1099 582 1130 mare,
615 1092 656 1127 et
685 1087 870 1128 exiccans
900 1087 1017 1128 illud:
1101 1093 1142 1128 et
1171 1088 1308 1128 omnia
1336 1087 1506 1128 flumina
1535 1089 1586 1128 ad
1616 1089 1821 1129 desertum
1851 1088 2066 1129 deducens.

211 1145 448 1185 Infirmatus
476 1150 538 1185 est
567 1146 715 1194 Basan‚
746 1150 788 1186 et
815 1145 1039 1186 Carmelus:
1123 1152 1164 1186 et
1191 1145 1264 1187 flos
1293 1146 1437 1187 Libani
1467 1146 1658 1200 elanguit.

173 1205 189 1228 ⁵
209 1204 369 1245 Montes
399 1203 595 1245 commoti
624 1209 721 1245 sunt
750 1204 801 1244 ab
832 1217 890 1253 ee,
974 1210 1015 1245 et
1044 1204 1163 1245 colles
1193 1204 1364 1245 desolati
1394 1211 1508 1245 sunt:

210 1267 251 1304 et
280 1262 528 1303 contremuit
557 1268 666 1303 terra
694 1276 719 1303 a
745 1263 847 1303 facie
877 1263 973 1312 eius,
1057 1268 1099 1304 et
1128 1262 1246 1309 orbis,
1278 1268 1320 1304 et
1348 1276 1487 1304 omnes
1517 1263 1752 1304 habitantes
1781 1264 1821 1303 in
1851 1277 1909 1304 eo.

174 1322 189 1345 ⁶
208 1321 317 1362 Ante
340 1321 486 1362 faciem
510 1321 802 1375 indignationis
827 1321 910 1362 eius
936 1321 1025 1375 quis
1049 1321 1201 1362 stabit?
1280 1327 1319 1361 et
1345 1321 1434 1375 quis
1458 1321 1619 1362 resistet
1642 1322 1683 1362 in
1707 1321 1766 1362 ira
1788 1322 1934 1362 furoris
1959 1322 2067 1361 eius?

209 1379 437 1433 indignatio
467 1380 550 1420 eius
580 1380 709 1420 effusa
737 1385 799 1420 est
827 1386 874 1420 ut
902 1380 1022 1433 ignis:
1107 1386 1148 1420 et
1176 1386 1302 1433 petrae
1331 1380 1539 1421 dissolutae
1567 1386 1664 1420 sunt
1693 1380 1743 1420 ab
1774 1394 1831 1421 eo.

174 1440 188 1462 ⁷
210 1438 348 1479 Bonus
376 1438 589 1487 Dominus,
620 1444 661 1479 et
688 1438 923 1479 confortans
951 1438 992 1477 in
1020 1438 1083 1478 die
1110 1437 1406 1479 tribulationis:
1488 1444 1528 1479 et
1556 1438 1683 1479 sciens
1711 1443 1920 1492 sperantes
1947 1438 1987 1478 in
2015 1451 2067 1479 se.

174 1498 190 1521 ⁸
210 1502 251 1537 et
278 1496 319 1537 in
347 1496 501 1537 diluvio
530 1501 813 1550 praetereunte.
845 1496 1240 1537 consummationem
1268 1497 1390 1538 faciet
1418 1496 1494 1538 loci
1523 1497 1624 1537 eius:
1708 1502 1749 1538 et.
1776 1497 1958 1537 inimicos
1987 1496 2070 1537 eius

420 1560 716 1609 persequentur
745 1555 934 1596 tenebrae.

174 1662 190 1685 ⁹
210 1659 317 1709 Quid
336 1660 525 1714 cogitatis
543 1665 688 1701 contra
703 1659 952 1701 Dominum?
1026 1660 1420 1701 consummationem
1440 1660 1524 1713 ipse
1541 1659 1682 1701 faciet:
1755 1673 1835 1701 non
1854 1665 2068 1713 consurget
2087 1662 2261 1728 pssiissitveissd

420 1718 572 1772 dUPleX
601 1718 825 1760 tribulatio.
2123 1733 2225 1773 Iudam

162 1780 194 1803 ¹⁰
210 1777 316 1827 Quia
360 1778 466 1818 sicut
510 1778 637 1831 spinae
681 1777 899 1818 seinvicem
944 1778 1285 1831 complectuntur,
1377 1778 1432 1818 sic
1470 1778 1704 1819 convivium
1742 1790 1881 1819 eorum
1918 1777 2069 1830 pariter
2106 1768 2240 1793 ³⁸¹*'‘³*'¹¹‘

420 1836 675 1890 potantium:
759 1842 1052 1877 consumentur
1082 1836 1197 1890 quasi
1227 1836 1379 1890 stipula
1408 1836 1599 1877 ariditate
1628 1836 1760 1890 plena.

158 1897 189 1920 ¹¹
210 1894 274 1935 Ex
309 1902 349 1936 te
385 1895 513 1936 exibit
547 1895 730 1949 cogitans
765 1900 910 1936 contra
943 1895 1166 1936 Dominum
1202 1895 1422 1936 malitiam:
1511 1900 1648 1936 mente
1682 1900 1937 1948 pertractans
1972 1907 2070 1948 prae-

421 1954 726 1995 varicationem.

264 2025 295 2048 ¹²
315 2023 412 2064 Haec
431 2023 531 2064 dicit
548 2023 768 2064 Dominus:
789 2024 830 2065 Si
849 2024 1018 2077 perfecti
1036 2024 1207 2064 fuerint:
1228 2030 1269 2065 et
1286 2024 1346 2065 ita
1363 2024 1509 2078 plures,
1530 2024 1586 2064 sic
1605 2037 1767 2077 quoque
1786 2024 2068 2066 attondentur.

158 2087 199 2124 et
225 2082 509 2136 pertransibit:
539 2081 666 2122 afflixi
694 2088 746 2131 te,
775 2088 817 2123 et
843 2095 923 2123 non
952 2082 1131 2136 affligam
1160 2087 1200 2123 te
1228 2083 1347 2125 ultra.
1403 2084 1435 2108 ¹³
1462 2083 1518 2123 Et
1544 2096 1651 2123 nunc
1679 2088 1886 2123 conteram
1915 2081 2070 2135 virgam

158 2141 241 2182 eius
268 2141 317 2182 de
342 2141 461 2182 dorso
488 2146 572 2190 tuo,
601 2146 641 2181 et
666 2141 831 2182 vincula
856 2146 930 2181 tua
954 2141 1219 2195 disrumpam.
1276 2144 1306 2166 ¹⁴
1332 2142 1388 2183 Et
1412 2141 1620 2195 praecipiet
1645 2154 1765 2195 super
1790 2145 1830 2181 te
1854 2139 2067 2186 Dominus,

157 2213 239 2241 non
270 2199 539 2240 seminabitur
568 2212 617 2239 ex
647 2199 811 2241 nomine
841 2205 913 2241 tuo
945 2200 1137 2254 amplius:
1170 2201 1219 2241 de
1250 2201 1371 2242 domo
1401 2201 1477 2241 Dei
1508 2200 1568 2241 tui
1598 2199 1839 2241 interficiam
1871 2198 2068 2252 sculptile,

157 2264 199 2300 et
227 2258 443 2307 conflatile,
474 2271 625 2312 ponam
656 2258 914 2312 sepulchrum
945 2264 1076 2307 tuum,
1109 2259 1205 2313 quia
1232 2259 1500 2300 inhonoratus
1530 2272 1581 2300 es.

159 2330 189 2353 ¹⁵
214 2328 338 2369 anee
365 2340 487 2382 super
512 2333 672 2369 montes
700 2328 822 2381 pedes
850 2328 1180 2381 evangelizantis,
1263 2333 1304 2369 et
1331 2328 1619 2368 annunciantis
1647 2341 1807 2381 parem:

210 2387 369 2428 celebra
399 2387 504 2427 Iuda
531 2386 778 2427 festivitates
808 2391 914 2435 tuas,
998 2392 1040 2427 et
1068 2387 1191 2428 redde
1220 2392 1321 2428 vota
1349 2393 1439 2427 tua:

212 2445 307 2499 quia
338 2458 419 2486 non
452 2445 615 2487 adiiciet
646 2445 755 2486 ultra
785 2450 832 2486 ut
862 2450 1122 2499 pertranseat
1151 2445 1192 2486 in
1224 2451 1264 2486 te
1298 2445 1443 2486 Belial:
1530 2445 1741 2486 universus
1772 2444 1937 2485 interiit.

542 2561 581 2601 2.
611 2561 765 2601 Ninive
795 2561 1082 2602 obsidebitur
1111 2561 1155 2602 et
1184 2561 1457 2612 vastabitur,
1484 2561 1527 2612 2,
1544 2561 1696 2601 1—13.

158 2643 196 2687 2.
252 2645 265 2667 ¹
295 2642 492 2684 Ascendit
521 2642 590 2696 qui
619 2642 827 2697 dispergat
856 2656 992 2685 coram
1022 2649 1074 2691 te,
1161 2644 1229 2697 qui
1259 2643 1466 2684 custodiat
1496 2642 1766 2684 obsidionem:
2075 2641 2274 2672 oppam-atio,

211 2701 488 2755 contemplare
518 2701 641 2749 viam,
673 2702 861 2743 conforta
888 2702 1061 2751 lumbos,
1145 2703 1293 2744 robora
1321 2702 1518 2743 virtutem
1549 2700 1679 2741 valde.

176 2762 190 2785 ²
212 2760 317 2809 Quia
345 2759 525 2801 reddidit
552 2760 754 2801 Dominus
784 2761 1017 2815 superbiam
1049 2761 1183 2810 Iacob,
1268 2761 1373 2802 sicut
1402 2759 1634 2814 superbiam
1666 2758 1806 2799 Israel:

212 2819 309 2873 quia
337 2824 567 2860 vastatores
597 2818 900 2873 dissipaverunt
929 2833 1008 2867 eos,
1093 2825 1135 2861 et
1162 2820 1405 2873 propagines
1435 2831 1573 2860 eorum
1603 2823 1882 2870 corruperunt.

176 2879 192 2902 ³
212 2877 387 2931 Clypeus
416 2877 585 2918 fortium
615 2877 699 2918 eius
728 2878 893 2932 ignitus,
978 2878 1053 2919 viri
1082 2879 1283 2919 exercitus
1313 2878 1353 2919 in
1383 2877 1595 2919 coccineis:

211 2936 338 2989 igneae
366 2936 536 2976 habenae
565 2949 704 2977 currus
734 2936 775 2977 in
804 2937 869 2978 die
897 2937 1207 2991 praeparationis
1236 2937 1331 2983 eius.
1415 2941 1455 2977 et
1483 2935 1703 2989 agitatores
1732 2934 1932 2987 consopiti
1961 2937 2069 2975 sunt.

176 2996 192 3019 ⁴¹
214 2994 262 3035 In
291 2994 504 3035 itineribus
533 2995 769 3036 conturbati
798 3001 913 3037 sunt:
998 2995 1205 3049 quadrigae
1234 2995 1380 3036 collisae
1408 2999 1504 3035 sunt
1533 2991 1573 3034 i1'1
1602 2992 1767 3047 plateis:

213 3058 401 3107 aspectus
431 3065 570 3093 eorum
601 3053 717 3106 quasi
744 3053 968 3108 lampades,
1054 3054 1169 3108 quasi
1198 3053 1360 3107 fulgura
1388 3052 1667 3094 discurrentia.

177 3113 193 3136 ⁵
215 3111 515 3153 Recordabitur
542 3111 712 3153 fortium
741 3125 920 3161 suorum,
1003 3118 1124 3154 ruent
1152 3113 1194 3153 in
1222 3112 1434 3153 itineribus
1464 3111 1563 3151 suis:

213 3170 407 3212 velociter
435 3166 657 3210 ascendent
684 3183 822 3212 muros
852 3171 948 3216 eius,
1032 3176 1074 3212 et
1102 3171 1401 3225 praeparabitur
1428 3169 1725 3211 umbraculum.

178 3230 193 3252 ⁰
212 3229 348 3270 Portae
376 3227 595 3269 fluviorum
626 3234 777 3282 apertae
805 3235 914 3278 sunt,
998 3235 1040 3271 et
1068 3230 1269 3284 templum
1299 3229 1351 3270 ad
1380 3228 1510 3270 solum
1540 3228 1734 3269 dirutum.

178 3289 192 3310 ⁷
213 3287 270 3328 Et
297 3287 410 3328 miles
441 3285 629 3340 captivus
660 3287 863 3328 abductus
893 3293 971 3329 est:
1056 3294 1098 3329 et
1126 3287 1281 3329 ancillae
1310 3287 1393 3328 eius
1422 3287 1689 3328 minabantur

214 3351 421 3399 gementes
450 3350 498 3386 ut
527 3344 737 3391 columbae,
820 3352 1124 3388 murmurantes
1153 3347 1193 3387 in
1224 3346 1412 3387 cordibus
1442 3346 1535 3387 suis.

296 3458 326 3500 ι,
351 3459 392 3492 15
417 3459 470 3492 ars
493 3460 546 3499 52,
567 3461 602 3500 7;
631 3460 718 3493 Rom
739 3461 791 3501 10,
811 3463 863 3495 15.

234 3521 261 3545 Η
270 3522 446 3547 etzenaue
455 3530 481 3552 r,
506 3522 632 3554 Vulgata
653 3523 842 3550 Olenientina.
1803 3513 1854 3554 56
