<?xml version="1.0" encoding="UTF-8"?>
<!DOCTYPE html PUBLIC "-//W3C//DTD XHTML 1.0 Transitional//EN"
    "http://www.w3.org/TR/xhtml1/DTD/xhtml1-transitional.dtd">
<html xmlns="http://www.w3.org/1999/xhtml" xml:lang="en" lang="en">
 <head>
  <title>
</title>
<meta http-equiv="Content-Type" content="text/html;charset=utf-8" />
  <meta name='ocr-system' content='tesseract 3.04.00' />
  <meta name='ocr-capabilities' content='ocr_page ocr_carea ocr_par ocr_line ocrx_word'/>
</head>
<body>
  <div class='ocr_page' id='page_1' title='image "./bibliasacravulga00helzuoft_0323.png"; bbox 0 0 2356 3760; ppageno 0'>
   <div class='ocr_carea' id='block_1_1' title="bbox 116 173 2015 224">
    <p class='ocr_par' dir='ltr' id='par_1_1' title="bbox 116 173 2015 224">
     <span class='ocr_line' id='line_1_1' title="bbox 116 173 2015 224; baseline 0 -18"><span class='ocrx_word' id='word_1_1' title='bbox 116 173 168 213; x_wconf 87' lang='lat'>13,</span> <span class='ocrx_word' id='word_1_2' title='bbox 195 173 314 213; x_wconf 84' lang='grc'><strong>1-13,</strong></span> <span class='ocrx_word' id='word_1_3' title='bbox 339 173 380 206; x_wconf 87' lang='lat'>31</span> <span class='ocrx_word' id='word_1_4' title='bbox 979 173 1144 207; x_wconf 65' lang='lat' dir='ltr'>REann</span> <span class='ocrx_word' id='word_1_5' title='bbox 1940 184 2015 224; x_wconf 67' lang='lat'>299</span> 
     </span>
    </p>
   </div>
   <div class='ocr_carea' id='block_1_2' title="bbox 116 265 2014 379">
    <p class='ocr_par' dir='ltr' id='par_1_2' title="bbox 116 265 2014 379">
     <span class='ocr_line' id='line_1_2' title="bbox 222 265 2014 316; baseline 0.004 -8"><span class='ocrx_word' id='word_1_6' title='bbox 222 265 285 310; x_wconf 82' lang='lat'>13.</span> <span class='ocrx_word' id='word_1_7' title='bbox 341 269 354 290; x_wconf 89' lang='grc'>1</span> <span class='ocrx_word' id='word_1_8' title='bbox 378 266 435 307; x_wconf 90' lang='grc' dir='ltr'>Ε1</span> <span class='ocrx_word' id='word_1_9' title='bbox 458 279 547 307; x_wconf 87' lang='grc'><strong>0000</strong></span> <span class='ocrx_word' id='word_1_10' title='bbox 571 266 634 306; x_wconf 87' lang='lat' dir='ltr'>vir</span> <span class='ocrx_word' id='word_1_11' title='bbox 656 265 732 306; x_wconf 90' lang='lat' dir='ltr'>Dei</span> <span class='ocrx_word' id='word_1_12' title='bbox 756 266 869 306; x_wconf 84' lang='lat' dir='ltr'>venit</span> <span class='ocrx_word' id='word_1_13' title='bbox 894 266 942 306; x_wconf 90' lang='lat' dir='ltr'>de</span> <span class='ocrx_word' id='word_1_14' title='bbox 969 266 1071 306; x_wconf 86' lang='lat' dir='ltr'>Iuda</span> <span class='ocrx_word' id='word_1_15' title='bbox 1094 266 1136 306; x_wconf 92' lang='lat' dir='ltr'>in</span> <span class='ocrx_word' id='word_1_16' title='bbox 1161 280 1342 308; x_wconf 75' lang='lat' dir='ltr'>sermone</span> <span class='ocrx_word' id='word_1_17' title='bbox 1366 268 1531 309; x_wconf 81' lang='lat' dir='ltr'>Domini</span> <span class='ocrx_word' id='word_1_18' title='bbox 1556 269 1596 309; x_wconf 91' lang='lat' dir='ltr'>in</span> <span class='ocrx_word' id='word_1_19' title='bbox 1621 271 1775 315; x_wconf 86' lang='lat' dir='ltr'>Bethel.</span> <span class='ocrx_word' id='word_1_20' title='bbox 1804 275 2014 316; x_wconf 82' lang='lat' dir='ltr'>leroboain</span> 
     </span>
     <span class='ocr_line' id='line_1_3' title="bbox 116 323 2014 379; baseline 0.004 -12"><span class='ocrx_word' id='word_1_21' title='bbox 116 332 252 367; x_wconf 87' lang='lat' dir='ltr'>stante</span> <span class='ocrx_word' id='word_1_22' title='bbox 282 338 402 379; x_wconf 83' lang='lat' dir='ltr'>super</span> <span class='ocrx_word' id='word_1_23' title='bbox 430 325 569 373; x_wconf 74' lang='lat' dir='ltr'>altare,</span> <span class='ocrx_word' id='word_1_24' title='bbox 601 330 642 364; x_wconf 86' lang='lat' dir='ltr'>et</span> <span class='ocrx_word' id='word_1_25' title='bbox 670 324 766 364; x_wconf 88' lang='lat' dir='ltr'>thus</span> <span class='ocrx_word' id='word_1_26' title='bbox 795 323 978 365; x_wconf 84' lang='lat' dir='ltr'>iaciente.</span> <span class='ocrx_word' id='word_1_27' title='bbox 1037 326 1051 348; x_wconf 87' lang='grc'><strong>2</strong></span> <span class='ocrx_word' id='word_1_28' title='bbox 1080 324 1135 365; x_wconf 87' lang='grc' dir='ltr'>Ε1</span> <span class='ocrx_word' id='word_1_29' title='bbox 1165 325 1411 366; x_wconf 80' lang='lat' dir='ltr'>exclamavit</span> <span class='ocrx_word' id='word_1_30' title='bbox 1440 332 1581 367; x_wconf 84' lang='lat' dir='ltr'>contra</span> <span class='ocrx_word' id='word_1_31' title='bbox 1611 328 1736 369; x_wconf 86' lang='lat' dir='ltr'>altare</span> <span class='ocrx_word' id='word_1_32' title='bbox 1765 331 1805 371; x_wconf 93' lang='lat' dir='ltr'>in</span> <span class='ocrx_word' id='word_1_33' title='bbox 1834 346 2014 375; x_wconf 85' lang='lat' dir='ltr'>sermone</span> 
     </span>
    </p>
   </div>
   <div class='ocr_carea' id='block_1_3' title="bbox 2048 276 2194 300">
    <p class='ocr_par' dir='ltr' id='par_1_3' title="bbox 2048 276 2194 300">
     <span class='ocr_line' id='line_1_4' title="bbox 2048 276 2194 300; baseline 0.014 -2"><span class='ocrx_word' id='word_1_34' title='bbox 2048 276 2194 300; x_wconf 67' lang='lat' dir='ltr'>subversio</span> 
     </span>
    </p>
   </div>
   <div class='ocr_carea' id='block_1_4' title="bbox 2036 309 2200 340">
    <p class='ocr_par' dir='ltr' id='par_1_4' title="bbox 2036 309 2200 340">
     <span class='ocr_line' id='line_1_5' title="bbox 2036 309 2200 340; baseline 0.012 -7"><span class='ocrx_word' id='word_1_35' title='bbox 2036 309 2136 335; x_wconf 65' lang='lat' dir='ltr'>altaris</span> <span class='ocrx_word' id='word_1_36' title='bbox 2157 317 2200 340; x_wconf 71' lang='lat' dir='ltr'>pei</span> 
     </span>
    </p>
   </div>
   <div class='ocr_carea' id='block_1_5' title="bbox 2068 345 2173 369">
    <p class='ocr_par' dir='ltr' id='par_1_5' title="bbox 2068 345 2173 369">
     <span class='ocr_line' id='line_1_6' title="bbox 2068 345 2173 369; baseline 0 0"><span class='ocrx_word' id='word_1_37' title='bbox 2068 345 2173 369; x_wconf 58' lang='lat' dir='ltr'>Iosianl</span> 
     </span>
    </p>
   </div>
   <div class='ocr_carea' id='block_1_6' title="bbox 115 381 2208 432">
    <p class='ocr_par' dir='ltr' id='par_1_6' title="bbox 115 381 2208 432">
     <span class='ocr_line' id='line_1_7' title="bbox 115 381 2208 432; baseline 0.002 -7"><span class='ocrx_word' id='word_1_38' title='bbox 115 384 294 427; x_wconf 81' lang='lat' dir='ltr'>Domini.</span> <span class='ocrx_word' id='word_1_39' title='bbox 328 389 369 424; x_wconf 90' lang='lat' dir='ltr'>et</span> <span class='ocrx_word' id='word_1_40' title='bbox 400 383 475 423; x_wconf 89' lang='lat' dir='ltr'>ait:</span> <span class='ocrx_word' id='word_1_41' title='bbox 508 382 660 431; x_wconf 87' lang='lat' dir='ltr'>Altare,</span> <span class='ocrx_word' id='word_1_42' title='bbox 695 382 834 431; x_wconf 84' lang='lat' dir='ltr'>altare,</span> <span class='ocrx_word' id='word_1_43' title='bbox 868 382 952 423; x_wconf 81' lang='lat' dir='ltr'>haec</span> <span class='ocrx_word' id='word_1_44' title='bbox 983 382 1082 423; x_wconf 83' lang='lat' dir='ltr'>dicit</span> <span class='ocrx_word' id='word_1_45' title='bbox 1112 383 1332 424; x_wconf 80' lang='lat' dir='ltr'>Dominus:</span> <span class='ocrx_word' id='word_1_46' title='bbox 1369 384 1493 425; x_wconf 75' lang='lat' dir='ltr'>aEece</span> <span class='ocrx_word' id='word_1_47' title='bbox 1524 385 1628 426; x_wconf 89' lang='lat' dir='ltr'>filius</span> <span class='ocrx_word' id='word_1_48' title='bbox 1659 394 1847 428; x_wconf 81' lang='lat' dir='ltr'>nascetur</span> <span class='ocrx_word' id='word_1_49' title='bbox 1878 391 2013 432; x_wconf 88' lang='lat' dir='ltr'>domui</span> <span class='ocrx_word' id='word_1_50' title='bbox 2032 381 2208 409; x_wconf 55' lang='lat' dir='ltr'>‘&#39;sd‘&#39;ffl‘mn*</span> 
     </span>
    </p>
   </div>
   <div class='ocr_carea' id='block_1_7' title="bbox 116 439 2026 3439">
    <p class='ocr_par' dir='ltr' id='par_1_7' title="bbox 116 439 2023 1435">
     <span class='ocr_line' id='line_1_8' title="bbox 116 439 2016 498; baseline 0.003 -14"><span class='ocrx_word' id='word_1_51' title='bbox 116 443 265 489; x_wconf 76' lang='lat' dir='ltr'>David,</span> <span class='ocrx_word' id='word_1_52' title='bbox 292 442 417 483; x_wconf 89' lang='lat' dir='ltr'>Iosias</span> <span class='ocrx_word' id='word_1_53' title='bbox 439 440 615 487; x_wconf 89' lang='grc'><strong>1101111110,</strong></span> <span class='ocrx_word' id='word_1_54' title='bbox 639 446 681 481; x_wconf 87' lang='grc'>01</span> <span class='ocrx_word' id='word_1_55' title='bbox 701 439 933 481; x_wconf 78' lang='lat' dir='ltr'>immolabit</span> <span class='ocrx_word' id='word_1_56' title='bbox 955 453 1075 494; x_wconf 88' lang='lat' dir='ltr'>super</span> <span class='ocrx_word' id='word_1_57' title='bbox 1096 446 1136 481; x_wconf 87' lang='lat' dir='ltr'>te</span> <span class='ocrx_word' id='word_1_58' title='bbox 1159 442 1387 483; x_wconf 67' lang='lat' dir='ltr'>sacerdotes</span> <span class='ocrx_word' id='word_1_59' title='bbox 1411 443 1671 493; x_wconf 83' lang='lat' dir='ltr'>excelsorum,</span> <span class='ocrx_word' id='word_1_60' title='bbox 1697 446 1765 498; x_wconf 88' lang='lat' dir='ltr'>qui</span> <span class='ocrx_word' id='word_1_61' title='bbox 1787 460 1894 487; x_wconf 86' lang='lat' dir='ltr'>nunc</span> <span class='ocrx_word' id='word_1_62' title='bbox 1916 448 1955 488; x_wconf 90' lang='lat' dir='ltr'>in</span> <span class='ocrx_word' id='word_1_63' title='bbox 1978 455 2016 489; x_wconf 83' lang='lat' dir='ltr'>te</span> 
     </span>
     <span class='ocr_line' id='line_1_9' title="bbox 117 498 2015 558; baseline 0.003 -16"><span class='ocrx_word' id='word_1_64' title='bbox 117 502 240 542; x_wconf 88' lang='lat' dir='ltr'>thura</span> <span class='ocrx_word' id='word_1_65' title='bbox 255 500 519 547; x_wconf 87' lang='lat' dir='ltr'>succendunt,</span> <span class='ocrx_word' id='word_1_66' title='bbox 538 504 580 540; x_wconf 91' lang='lat' dir='ltr'>et</span> <span class='ocrx_word' id='word_1_67' title='bbox 595 512 687 540; x_wconf 89' lang='lat' dir='ltr'>ossa</span> <span class='ocrx_word' id='word_1_68' title='bbox 702 498 915 540; x_wconf 90' lang='lat' dir='ltr'>hominum</span> <span class='ocrx_word' id='word_1_69' title='bbox 932 512 1053 552; x_wconf 83' lang='lat' dir='ltr'>super</span> <span class='ocrx_word' id='word_1_70' title='bbox 1068 505 1108 539; x_wconf 85' lang='lat' dir='ltr'>te</span> <span class='ocrx_word' id='word_1_71' title='bbox 1125 499 1326 541; x_wconf 90' lang='lat' dir='ltr'>incendet.</span> <span class='ocrx_word' id='word_1_72' title='bbox 1372 503 1387 525; x_wconf 81' lang='lat'>³</span> <span class='ocrx_word' id='word_1_73' title='bbox 1403 501 1608 554; x_wconf 80' lang='lat' dir='ltr'>Dedjtque</span> <span class='ocrx_word' id='word_1_74' title='bbox 1625 502 1666 542; x_wconf 95' lang='lat' dir='ltr'>in</span> <span class='ocrx_word' id='word_1_75' title='bbox 1682 503 1751 544; x_wconf 87' lang='grc'><strong>1113.</strong></span> <span class='ocrx_word' id='word_1_76' title='bbox 1768 505 1829 545; x_wconf 89' lang='grc'><strong>(110</strong></span> <span class='ocrx_word' id='word_1_77' title='bbox 1846 505 2015 558; x_wconf 86' lang='lat' dir='ltr'>signum.</span> 
     </span>
     <span class='ocr_line' id='line_1_10' title="bbox 117 557 2018 611; baseline 0.002 -10"><span class='ocrx_word' id='word_1_78' title='bbox 117 561 272 601; x_wconf 87' lang='lat' dir='ltr'>dicens:</span> <span class='ocrx_word' id='word_1_79' title='bbox 296 559 384 599; x_wconf 90' lang='lat' dir='ltr'>Hoc</span> <span class='ocrx_word' id='word_1_80' title='bbox 405 558 481 599; x_wconf 89' lang='lat' dir='ltr'>erit</span> <span class='ocrx_word' id='word_1_81' title='bbox 501 557 661 611; x_wconf 88' lang='lat' dir='ltr'>signum</span> <span class='ocrx_word' id='word_1_82' title='bbox 684 557 794 611; x_wconf 91' lang='lat' dir='ltr'>quod</span> <span class='ocrx_word' id='word_1_83' title='bbox 812 557 973 598; x_wconf 87' lang='lat' dir='ltr'>locutus</span> <span class='ocrx_word' id='word_1_84' title='bbox 994 563 1055 598; x_wconf 87' lang='lat' dir='ltr'>est</span> <span class='ocrx_word' id='word_1_85' title='bbox 1075 558 1295 598; x_wconf 87' lang='lat' dir='ltr'>Dominus:</span> <span class='ocrx_word' id='word_1_86' title='bbox 1318 559 1421 599; x_wconf 87' lang='lat' dir='ltr'>Ecce</span> <span class='ocrx_word' id='word_1_87' title='bbox 1443 559 1570 600; x_wconf 88' lang='lat' dir='ltr'>altare</span> <span class='ocrx_word' id='word_1_88' title='bbox 1591 560 1808 607; x_wconf 79' lang='lat' dir='ltr'>scindetur,</span> <span class='ocrx_word' id='word_1_89' title='bbox 1832 568 1873 604; x_wconf 88' lang='lat' dir='ltr'>et</span> <span class='ocrx_word' id='word_1_90' title='bbox 1893 564 2018 604; x_wconf 75' lang='lat' dir='ltr'>effun-</span> 
     </span>
     <span class='ocr_line' id='line_1_11' title="bbox 117 615 2017 675; baseline 0.002 -16"><span class='ocrx_word' id='word_1_91' title='bbox 117 620 236 660; x_wconf 89' lang='lat' dir='ltr'>detur</span> <span class='ocrx_word' id='word_1_92' title='bbox 264 617 362 658; x_wconf 90' lang='lat' dir='ltr'>cinis</span> <span class='ocrx_word' id='word_1_93' title='bbox 392 616 461 670; x_wconf 87' lang='lat' dir='ltr'>qui</span> <span class='ocrx_word' id='word_1_94' title='bbox 488 615 530 656; x_wconf 93' lang='lat' dir='ltr'>in</span> <span class='ocrx_word' id='word_1_95' title='bbox 558 629 603 657; x_wconf 90' lang='lat' dir='ltr'>eo</span> <span class='ocrx_word' id='word_1_96' title='bbox 633 621 705 657; x_wconf 87' lang='lat' dir='ltr'>est.</span> <span class='ocrx_word' id='word_1_97' title='bbox 762 618 777 640; x_wconf 72' lang='lat'>⁴¹</span> <span class='ocrx_word' id='word_1_98' title='bbox 805 616 989 669; x_wconf 81' lang='lat' dir='ltr'>Cumque</span> <span class='ocrx_word' id='word_1_99' title='bbox 1018 616 1198 656; x_wconf 86' lang='lat' dir='ltr'>audisset</span> <span class='ocrx_word' id='word_1_100' title='bbox 1226 629 1296 656; x_wconf 85' lang='lat' dir='ltr'>rex</span> <span class='ocrx_word' id='word_1_101' title='bbox 1324 630 1549 658; x_wconf 90' lang='lat' dir='ltr'>sermonem</span> <span class='ocrx_word' id='word_1_102' title='bbox 1578 618 1751 660; x_wconf 81' lang='lat' dir='ltr'>hominis</span> <span class='ocrx_word' id='word_1_103' title='bbox 1780 621 1867 666; x_wconf 80' lang='lat' dir='ltr'>Dei,</span> <span class='ocrx_word' id='word_1_104' title='bbox 1900 635 2017 675; x_wconf 84' lang='lat' dir='ltr'>quem</span> 
     </span>
     <span class='ocr_line' id='line_1_12' title="bbox 116 674 2017 723; baseline 0.001 -6"><span class='ocrx_word' id='word_1_105' title='bbox 116 676 412 717; x_wconf 75' lang='lat' dir='ltr'>inclamaverat</span> <span class='ocrx_word' id='word_1_106' title='bbox 444 680 587 716; x_wconf 90' lang='lat' dir='ltr'>contra</span> <span class='ocrx_word' id='word_1_107' title='bbox 620 674 747 715; x_wconf 86' lang='lat' dir='ltr'>altare</span> <span class='ocrx_word' id='word_1_108' title='bbox 780 674 821 714; x_wconf 91' lang='lat' dir='ltr'>in</span> <span class='ocrx_word' id='word_1_109' title='bbox 856 674 1011 723; x_wconf 83' lang='lat' dir='ltr'>Bethel,</span> <span class='ocrx_word' id='word_1_110' title='bbox 1048 675 1234 715; x_wconf 86' lang='lat' dir='ltr'>extendit</span> <span class='ocrx_word' id='word_1_111' title='bbox 1266 688 1435 715; x_wconf 89' lang='lat' dir='ltr'>manum</span> <span class='ocrx_word' id='word_1_112' title='bbox 1468 689 1583 716; x_wconf 88' lang='lat' dir='ltr'>suam</span> <span class='ocrx_word' id='word_1_113' title='bbox 1617 677 1666 717; x_wconf 90' lang='lat' dir='ltr'>de</span> <span class='ocrx_word' id='word_1_114' title='bbox 1699 678 1828 723; x_wconf 78' lang='lat' dir='ltr'>altari,</span> <span class='ocrx_word' id='word_1_115' title='bbox 1865 680 2017 721; x_wconf 79' lang='lat' dir='ltr'>dicens:</span> 
     </span>
     <span class='ocr_line' id='line_1_13' title="bbox 116 733 2019 789; baseline 0.002 -13"><span class='ocrx_word' id='word_1_116' title='bbox 116 734 422 789; x_wconf 89' lang='lat' dir='ltr'>Apprehendite</span> <span class='ocrx_word' id='word_1_117' title='bbox 456 747 560 774; x_wconf 89' lang='lat' dir='ltr'>eum.</span> <span class='ocrx_word' id='word_1_118' title='bbox 597 733 653 774; x_wconf 90' lang='lat' dir='ltr'>Et</span> <span class='ocrx_word' id='word_1_119' title='bbox 687 733 847 774; x_wconf 80' lang='lat' dir='ltr'>exaruit</span> <span class='ocrx_word' id='word_1_120' title='bbox 880 746 1026 773; x_wconf 90' lang='lat' dir='ltr'>manus</span> <span class='ocrx_word' id='word_1_121' title='bbox 1060 733 1156 776; x_wconf 84' lang='lat' dir='ltr'>eius.</span> <span class='ocrx_word' id='word_1_122' title='bbox 1194 746 1318 787; x_wconf 89' lang='lat' dir='ltr'>quam</span> <span class='ocrx_word' id='word_1_123' title='bbox 1353 735 1594 775; x_wconf 68' lang='lat' dir='ltr'>extenderat</span> <span class='ocrx_word' id='word_1_124' title='bbox 1627 742 1770 776; x_wconf 89' lang='lat' dir='ltr'>contra</span> <span class='ocrx_word' id='word_1_125' title='bbox 1803 751 1911 777; x_wconf 88' lang='lat' dir='ltr'>eum:</span> <span class='ocrx_word' id='word_1_126' title='bbox 1949 752 2019 779; x_wconf 82' lang='lat' dir='ltr'>nec</span> 
     </span>
     <span class='ocr_line' id='line_1_14' title="bbox 116 791 2019 845; baseline 0.001 -10"><span class='ocrx_word' id='word_1_127' title='bbox 116 793 248 835; x_wconf 84' lang='lat' dir='ltr'>valuit</span> <span class='ocrx_word' id='word_1_128' title='bbox 274 792 478 834; x_wconf 81' lang='lat' dir='ltr'>retrahere</span> <span class='ocrx_word' id='word_1_129' title='bbox 506 805 596 832; x_wconf 88' lang='lat' dir='ltr'>earn</span> <span class='ocrx_word' id='word_1_130' title='bbox 624 792 676 832; x_wconf 86' lang='lat' dir='ltr'>ad</span> <span class='ocrx_word' id='word_1_131' title='bbox 703 805 755 833; x_wconf 91' lang='lat' dir='ltr'>se.</span> <span class='ocrx_word' id='word_1_132' title='bbox 811 794 826 815; x_wconf 82' lang='lat'>⁵</span> <span class='ocrx_word' id='word_1_133' title='bbox 853 791 993 832; x_wconf 85' lang='lat' dir='ltr'>Altare</span> <span class='ocrx_word' id='word_1_134' title='bbox 1023 805 1184 845; x_wconf 90' lang='lat' dir='ltr'>quoque</span> <span class='ocrx_word' id='word_1_135' title='bbox 1212 793 1381 832; x_wconf 89' lang='lat' dir='ltr'>scissum</span> <span class='ocrx_word' id='word_1_136' title='bbox 1409 799 1481 836; x_wconf 78' lang='lat' dir='ltr'>est.</span> <span class='ocrx_word' id='word_1_137' title='bbox 1512 799 1553 833; x_wconf 89' lang='lat' dir='ltr'>et</span> <span class='ocrx_word' id='word_1_138' title='bbox 1580 793 1730 834; x_wconf 77' lang='lat' dir='ltr'>effusus</span> <span class='ocrx_word' id='word_1_139' title='bbox 1758 802 1819 836; x_wconf 89' lang='lat' dir='ltr'>est</span> <span class='ocrx_word' id='word_1_140' title='bbox 1846 796 1943 836; x_wconf 87' lang='grc'><strong>011113</strong></span> <span class='ocrx_word' id='word_1_141' title='bbox 1972 797 2019 837; x_wconf 88' lang='grc'>(10</span> 
     </span>
     <span class='ocr_line' id='line_1_15' title="bbox 117 850 2021 905; baseline 0 -11"><span class='ocrx_word' id='word_1_142' title='bbox 117 852 249 898; x_wconf 82' lang='lat' dir='ltr'>altari,</span> <span class='ocrx_word' id='word_1_143' title='bbox 279 852 397 893; x_wconf 83' lang='lat' dir='ltr'>iuxta</span> <span class='ocrx_word' id='word_1_144' title='bbox 425 850 585 905; x_wconf 88' lang='lat' dir='ltr'>signum</span> <span class='ocrx_word' id='word_1_145' title='bbox 615 851 725 904; x_wconf 92' lang='lat' dir='ltr'>quod</span> <span class='ocrx_word' id='word_1_146' title='bbox 753 850 998 904; x_wconf 87' lang='lat' dir='ltr'>praedixerat</span> <span class='ocrx_word' id='word_1_147' title='bbox 1026 850 1089 890; x_wconf 87' lang='lat' dir='ltr'>vir</span> <span class='ocrx_word' id='word_1_148' title='bbox 1116 850 1192 891; x_wconf 87' lang='lat' dir='ltr'>Dei</span> <span class='ocrx_word' id='word_1_149' title='bbox 1220 850 1262 891; x_wconf 90' lang='lat' dir='ltr'>in</span> <span class='ocrx_word' id='word_1_150' title='bbox 1290 864 1473 891; x_wconf 83' lang='lat' dir='ltr'>sermone</span> <span class='ocrx_word' id='word_1_151' title='bbox 1501 851 1679 893; x_wconf 91' lang='lat' dir='ltr'>Domini.</span> <span class='ocrx_word' id='word_1_152' title='bbox 1740 854 1755 876; x_wconf 77' lang='lat'><strong>⁶</strong></span> <span class='ocrx_word' id='word_1_153' title='bbox 1783 853 1838 894; x_wconf 91' lang='lat' dir='ltr'>Et</span> <span class='ocrx_word' id='word_1_154' title='bbox 1867 854 1925 894; x_wconf 87' lang='lat' dir='ltr'>ait</span> <span class='ocrx_word' id='word_1_155' title='bbox 1952 867 2021 895; x_wconf 89' lang='lat' dir='ltr'>rex</span> 
     </span>
     <span class='ocr_line' id='line_1_16' title="bbox 117 909 2022 964; baseline 0.001 -12"><span class='ocrx_word' id='word_1_156' title='bbox 117 912 171 953; x_wconf 91' lang='lat' dir='ltr'>ad</span> <span class='ocrx_word' id='word_1_157' title='bbox 199 911 333 952; x_wconf 82' lang='lat' dir='ltr'>virum</span> <span class='ocrx_word' id='word_1_158' title='bbox 362 909 456 951; x_wconf 87' lang='lat' dir='ltr'>Dei:</span> <span class='ocrx_word' id='word_1_159' title='bbox 487 910 715 964; x_wconf 88' lang='lat' dir='ltr'>Deprecare</span> <span class='ocrx_word' id='word_1_160' title='bbox 744 909 889 950; x_wconf 78' lang='lat' dir='ltr'>faciem</span> <span class='ocrx_word' id='word_1_161' title='bbox 919 909 1086 950; x_wconf 90' lang='lat' dir='ltr'>Domini</span> <span class='ocrx_word' id='word_1_162' title='bbox 1115 909 1191 951; x_wconf 90' lang='lat' dir='ltr'>Dei</span> <span class='ocrx_word' id='word_1_163' title='bbox 1220 909 1294 953; x_wconf 82' lang='lat' dir='ltr'>tui.</span> <span class='ocrx_word' id='word_1_164' title='bbox 1326 915 1368 950; x_wconf 89' lang='lat' dir='ltr'>et</span> <span class='ocrx_word' id='word_1_165' title='bbox 1397 922 1467 951; x_wconf 92' lang='lat' dir='ltr'>ora</span> <span class='ocrx_word' id='word_1_166' title='bbox 1495 923 1567 963; x_wconf 93' lang='lat' dir='ltr'>pro</span> <span class='ocrx_word' id='word_1_167' title='bbox 1597 923 1673 956; x_wconf 84' lang='lat' dir='ltr'>me,</span> <span class='ocrx_word' id='word_1_168' title='bbox 1706 917 1752 952; x_wconf 94' lang='lat' dir='ltr'>ut</span> <span class='ocrx_word' id='word_1_169' title='bbox 1779 912 2022 953; x_wconf 84' lang='lat' dir='ltr'>restituatur</span> 
     </span>
     <span class='ocr_line' id='line_1_17' title="bbox 116 967 2021 1024; baseline 0 -13"><span class='ocrx_word' id='word_1_170' title='bbox 116 983 261 1011; x_wconf 87' lang='lat' dir='ltr'>manus</span> <span class='ocrx_word' id='word_1_171' title='bbox 291 982 384 1010; x_wconf 86' lang='lat' dir='ltr'>mea</span> <span class='ocrx_word' id='word_1_172' title='bbox 411 968 522 1010; x_wconf 89' lang='lat' dir='ltr'>mihi.</span> <span class='ocrx_word' id='word_1_173' title='bbox 555 968 782 1022; x_wconf 79' lang='lat' dir='ltr'>Oravitque</span> <span class='ocrx_word' id='word_1_174' title='bbox 812 968 875 1009; x_wconf 89' lang='lat' dir='ltr'>vir</span> <span class='ocrx_word' id='word_1_175' title='bbox 903 968 979 1009; x_wconf 94' lang='lat' dir='ltr'>Dei</span> <span class='ocrx_word' id='word_1_176' title='bbox 1008 968 1155 1009; x_wconf 84' lang='lat' dir='ltr'>faciem</span> <span class='ocrx_word' id='word_1_177' title='bbox 1183 967 1362 1017; x_wconf 92' lang='lat' dir='ltr'>Domini,</span> <span class='ocrx_word' id='word_1_178' title='bbox 1395 974 1436 1009; x_wconf 91' lang='lat' dir='ltr'>et</span> <span class='ocrx_word' id='word_1_179' title='bbox 1464 981 1626 1009; x_wconf 83' lang='lat' dir='ltr'>reversa</span> <span class='ocrx_word' id='word_1_180' title='bbox 1656 974 1717 1010; x_wconf 88' lang='lat' dir='ltr'>est</span> <span class='ocrx_word' id='word_1_181' title='bbox 1746 983 1890 1011; x_wconf 87' lang='lat' dir='ltr'>manus</span> <span class='ocrx_word' id='word_1_182' title='bbox 1920 971 2021 1024; x_wconf 86' lang='lat' dir='ltr'>regis</span> 
     </span>
     <span class='ocr_line' id='line_1_18' title="bbox 117 1027 2020 1081; baseline -0.001 -11"><span class='ocrx_word' id='word_1_183' title='bbox 117 1029 170 1070; x_wconf 92' lang='lat' dir='ltr'>ad</span> <span class='ocrx_word' id='word_1_184' title='bbox 196 1041 301 1077; x_wconf 90' lang='lat' dir='ltr'>eum,</span> <span class='ocrx_word' id='word_1_185' title='bbox 330 1032 372 1069; x_wconf 91' lang='lat' dir='ltr'>et</span> <span class='ocrx_word' id='word_1_186' title='bbox 395 1027 508 1069; x_wconf 85' lang='lat' dir='ltr'>facta</span> <span class='ocrx_word' id='word_1_187' title='bbox 534 1032 595 1068; x_wconf 89' lang='grc'>031</span> <span class='ocrx_word' id='word_1_188' title='bbox 620 1027 726 1068; x_wconf 87' lang='grc'><strong>310111</strong></span> <span class='ocrx_word' id='word_1_189' title='bbox 750 1027 862 1081; x_wconf 89' lang='lat' dir='ltr'>prius</span> <span class='ocrx_word' id='word_1_190' title='bbox 888 1027 1034 1068; x_wconf 83' lang='lat' dir='ltr'>fuerat.</span> <span class='ocrx_word' id='word_1_191' title='bbox 1093 1029 1106 1050; x_wconf 76' lang='lat'><em>⁷</em></span> <span class='ocrx_word' id='word_1_192' title='bbox 1133 1027 1312 1068; x_wconf 78' lang='lat' dir='ltr'>Locutus</span> <span class='ocrx_word' id='word_1_193' title='bbox 1340 1032 1401 1068; x_wconf 90' lang='lat' dir='ltr'>est</span> <span class='ocrx_word' id='word_1_194' title='bbox 1427 1033 1566 1068; x_wconf 88' lang='lat' dir='ltr'>autem</span> <span class='ocrx_word' id='word_1_195' title='bbox 1591 1040 1662 1068; x_wconf 91' lang='lat' dir='ltr'>rex</span> <span class='ocrx_word' id='word_1_196' title='bbox 1688 1028 1741 1069; x_wconf 90' lang='lat' dir='ltr'>ad</span> <span class='ocrx_word' id='word_1_197' title='bbox 1766 1028 1900 1069; x_wconf 82' lang='lat' dir='ltr'>virum</span> <span class='ocrx_word' id='word_1_198' title='bbox 1926 1029 2020 1069; x_wconf 88' lang='lat' dir='ltr'>Dei:</span> 
     </span>
     <span class='ocr_line' id='line_1_19' title="bbox 117 1086 2021 1141; baseline 0 -13"><span class='ocrx_word' id='word_1_199' title='bbox 117 1087 219 1128; x_wconf 87' lang='lat' dir='ltr'>Veni</span> <span class='ocrx_word' id='word_1_200' title='bbox 245 1100 405 1128; x_wconf 88' lang='lat' dir='ltr'>mecum</span> <span class='ocrx_word' id='word_1_201' title='bbox 432 1086 600 1128; x_wconf 89' lang='lat' dir='ltr'>domum</span> <span class='ocrx_word' id='word_1_202' title='bbox 627 1092 674 1127; x_wconf 89' lang='lat' dir='ltr'>ut</span> <span class='ocrx_word' id='word_1_203' title='bbox 698 1087 912 1140; x_wconf 77' lang='lat' dir='ltr'>prandeas,</span> <span class='ocrx_word' id='word_1_204' title='bbox 942 1092 983 1127; x_wconf 89' lang='lat' dir='ltr'>et</span> <span class='ocrx_word' id='word_1_205' title='bbox 1008 1087 1115 1127; x_wconf 92' lang='lat' dir='ltr'>dabo</span> <span class='ocrx_word' id='word_1_206' title='bbox 1141 1086 1218 1127; x_wconf 90' lang='lat' dir='ltr'>tibi</span> <span class='ocrx_word' id='word_1_207' title='bbox 1244 1099 1424 1127; x_wconf 88' lang='lat' dir='ltr'>munera.</span> <span class='ocrx_word' id='word_1_208' title='bbox 1482 1087 1497 1110; x_wconf 76' lang='lat'>⁸</span> <span class='ocrx_word' id='word_1_209' title='bbox 1524 1086 1833 1141; x_wconf 87' lang='lat' dir='ltr'>Responditque</span> <span class='ocrx_word' id='word_1_210' title='bbox 1859 1087 1922 1128; x_wconf 93' lang='grc'><strong>1111</strong></span> <span class='ocrx_word' id='word_1_211' title='bbox 1946 1087 2021 1128; x_wconf 92' lang='lat' dir='ltr'>Dei</span> 
     </span>
     <span class='ocr_line' id='line_1_20' title="bbox 118 1144 2023 1200; baseline 0 -13"><span class='ocrx_word' id='word_1_212' title='bbox 118 1146 171 1187; x_wconf 88' lang='lat' dir='ltr'>ad</span> <span class='ocrx_word' id='word_1_213' title='bbox 198 1159 352 1200; x_wconf 88' lang='lat' dir='ltr'>regem:</span> <span class='ocrx_word' id='word_1_214' title='bbox 383 1145 425 1186; x_wconf 84' lang='lat' dir='ltr'>Si</span> <span class='ocrx_word' id='word_1_215' title='bbox 454 1145 611 1186; x_wconf 88' lang='lat' dir='ltr'>dederis</span> <span class='ocrx_word' id='word_1_216' title='bbox 640 1144 740 1185; x_wconf 90' lang='lat' dir='ltr'>mihi</span> <span class='ocrx_word' id='word_1_217' title='bbox 770 1144 947 1186; x_wconf 91' lang='lat' dir='ltr'>mediam</span> <span class='ocrx_word' id='word_1_218' title='bbox 977 1150 1137 1198; x_wconf 85' lang='lat' dir='ltr'>partem</span> <span class='ocrx_word' id='word_1_219' title='bbox 1167 1145 1311 1186; x_wconf 91' lang='lat' dir='ltr'>domus</span> <span class='ocrx_word' id='word_1_220' title='bbox 1342 1150 1434 1193; x_wconf 84' lang='lat' dir='ltr'>tuae,</span> <span class='ocrx_word' id='word_1_221' title='bbox 1467 1158 1548 1186; x_wconf 88' lang='lat' dir='ltr'>non</span> <span class='ocrx_word' id='word_1_222' title='bbox 1578 1145 1741 1186; x_wconf 88' lang='lat' dir='ltr'>veniam</span> <span class='ocrx_word' id='word_1_223' title='bbox 1770 1151 1918 1195; x_wconf 89' lang='lat' dir='ltr'>tecum,</span> <span class='ocrx_word' id='word_1_224' title='bbox 1950 1159 2023 1187; x_wconf 91' lang='lat' dir='ltr'>nec</span> 
     </span>
     <span class='ocr_line' id='line_1_21' title="bbox 118 1203 2022 1258; baseline -0.001 -12"><span class='ocrx_word' id='word_1_225' title='bbox 118 1205 330 1246; x_wconf 84' lang='lat' dir='ltr'>comedam</span> <span class='ocrx_word' id='word_1_226' title='bbox 350 1217 510 1258; x_wconf 83' lang='lat' dir='ltr'>panem.</span> <span class='ocrx_word' id='word_1_227' title='bbox 534 1217 665 1257; x_wconf 91' lang='lat' dir='ltr'>neque</span> <span class='ocrx_word' id='word_1_228' title='bbox 686 1203 826 1244; x_wconf 89' lang='lat' dir='ltr'>bibam</span> <span class='ocrx_word' id='word_1_229' title='bbox 847 1217 997 1258; x_wconf 85' lang='lat' dir='ltr'>aquam</span> <span class='ocrx_word' id='word_1_230' title='bbox 1018 1203 1059 1244; x_wconf 91' lang='lat' dir='ltr'>in</span> <span class='ocrx_word' id='word_1_231' title='bbox 1079 1203 1166 1245; x_wconf 92' lang='lat' dir='ltr'>loco</span> <span class='ocrx_word' id='word_1_232' title='bbox 1187 1203 1285 1245; x_wconf 87' lang='lat' dir='ltr'>isto:</span> <span class='ocrx_word' id='word_1_233' title='bbox 1337 1205 1352 1228; x_wconf 99' lang='grc'><strong>9</strong></span> <span class='ocrx_word' id='word_1_234' title='bbox 1372 1203 1428 1244; x_wconf 88' lang='grc'>310</span> <span class='ocrx_word' id='word_1_235' title='bbox 1449 1203 1556 1243; x_wconf 88' lang='lat' dir='ltr'>enim</span> <span class='ocrx_word' id='word_1_236' title='bbox 1576 1204 1819 1244; x_wconf 87' lang='lat' dir='ltr'>mandatum</span> <span class='ocrx_word' id='word_1_237' title='bbox 1841 1210 1903 1246; x_wconf 88' lang='lat' dir='ltr'>est</span> <span class='ocrx_word' id='word_1_238' title='bbox 1923 1204 2022 1245; x_wconf 90' lang='lat' dir='ltr'>mihi</span> 
     </span>
     <span class='ocr_line' id='line_1_22' title="bbox 117 1262 2023 1316; baseline -0.001 -12"><span class='ocrx_word' id='word_1_239' title='bbox 117 1263 158 1304; x_wconf 93' lang='lat' dir='ltr'>in</span> <span class='ocrx_word' id='word_1_240' title='bbox 189 1276 372 1305; x_wconf 85' lang='lat' dir='ltr'>sermone</span> <span class='ocrx_word' id='word_1_241' title='bbox 403 1262 569 1304; x_wconf 90' lang='lat' dir='ltr'>Domini</span> <span class='ocrx_word' id='word_1_242' title='bbox 600 1262 889 1316; x_wconf 83' lang='lat' dir='ltr'>praeeipientis:</span> <span class='ocrx_word' id='word_1_243' title='bbox 924 1263 1015 1304; x_wconf 79' lang='lat' dir='ltr'>Non</span> <span class='ocrx_word' id='word_1_244' title='bbox 1045 1263 1230 1304; x_wconf 81' lang='lat' dir='ltr'>comedes</span> <span class='ocrx_word' id='word_1_245' title='bbox 1259 1275 1420 1315; x_wconf 91' lang='lat' dir='ltr'>panem,</span> <span class='ocrx_word' id='word_1_246' title='bbox 1451 1274 1582 1315; x_wconf 87' lang='lat' dir='ltr'>neque</span> <span class='ocrx_word' id='word_1_247' title='bbox 1612 1262 1723 1303; x_wconf 88' lang='lat' dir='ltr'>bibes</span> <span class='ocrx_word' id='word_1_248' title='bbox 1756 1276 1917 1316; x_wconf 88' lang='lat' dir='ltr'>aquam,</span> <span class='ocrx_word' id='word_1_249' title='bbox 1951 1276 2023 1304; x_wconf 88' lang='lat' dir='ltr'>nec</span> 
     </span>
     <span class='ocr_line' id='line_1_23' title="bbox 116 1320 2022 1376; baseline -0.001 -14"><span class='ocrx_word' id='word_1_250' title='bbox 116 1322 330 1364; x_wconf 88' lang='lat' dir='ltr'>reverteris</span> <span class='ocrx_word' id='word_1_251' title='bbox 350 1334 423 1376; x_wconf 87' lang='lat' dir='ltr'>per</span> <span class='ocrx_word' id='word_1_252' title='bbox 443 1321 566 1365; x_wconf 80' lang='lat' dir='ltr'>viam,</span> <span class='ocrx_word' id='word_1_253' title='bbox 591 1335 672 1375; x_wconf 90' lang='grc'><strong>0113</strong></span> <span class='ocrx_word' id='word_1_254' title='bbox 693 1321 854 1363; x_wconf 78' lang='lat' dir='ltr'>venisti.</span> <span class='ocrx_word' id='word_1_255' title='bbox 906 1323 941 1346; x_wconf 81' lang='lat'>1⁰</span> <span class='ocrx_word' id='word_1_256' title='bbox 960 1321 1076 1362; x_wconf 87' lang='lat' dir='ltr'>Abiit</span> <span class='ocrx_word' id='word_1_257' title='bbox 1097 1333 1189 1374; x_wconf 90' lang='lat' dir='ltr'>ergo</span> <span class='ocrx_word' id='word_1_258' title='bbox 1210 1333 1282 1374; x_wconf 90' lang='lat' dir='ltr'>per</span> <span class='ocrx_word' id='word_1_259' title='bbox 1303 1320 1423 1361; x_wconf 87' lang='lat' dir='ltr'>aliam</span> <span class='ocrx_word' id='word_1_260' title='bbox 1446 1320 1568 1366; x_wconf 86' lang='lat' dir='ltr'>viam,</span> <span class='ocrx_word' id='word_1_261' title='bbox 1593 1325 1634 1360; x_wconf 88' lang='lat' dir='ltr'>et</span> <span class='ocrx_word' id='word_1_262' title='bbox 1655 1333 1735 1362; x_wconf 92' lang='lat' dir='ltr'>non</span> <span class='ocrx_word' id='word_1_263' title='bbox 1759 1326 1820 1361; x_wconf 87' lang='lat' dir='ltr'>est</span> <span class='ocrx_word' id='word_1_264' title='bbox 1840 1334 2022 1362; x_wconf 82' lang='lat' dir='ltr'>reversus</span> 
     </span>
     <span class='ocr_line' id='line_1_24' title="bbox 117 1380 873 1435; baseline -0.003 -13"><span class='ocrx_word' id='word_1_265' title='bbox 117 1394 188 1435; x_wconf 89' lang='lat' dir='ltr'>per</span> <span class='ocrx_word' id='word_1_266' title='bbox 216 1381 304 1429; x_wconf 73' lang='lat' dir='ltr'>iter,</span> <span class='ocrx_word' id='word_1_267' title='bbox 337 1394 416 1435; x_wconf 92' lang='lat' dir='ltr'>quo</span> <span class='ocrx_word' id='word_1_268' title='bbox 447 1386 616 1421; x_wconf 88' lang='lat' dir='ltr'>venerat</span> <span class='ocrx_word' id='word_1_269' title='bbox 644 1380 687 1420; x_wconf 91' lang='lat' dir='ltr'>in</span> <span class='ocrx_word' id='word_1_270' title='bbox 716 1380 873 1421; x_wconf 88' lang='lat' dir='ltr'>Bethel.</span> 
     </span>
    </p>

    <p class='ocr_par' dir='ltr' id='par_1_8' title="bbox 117 1442 2026 3439">
     <span class='ocr_line' id='line_1_25' title="bbox 223 1442 2023 1499; baseline -0.001 -13"><span class='ocrx_word' id='word_1_271' title='bbox 223 1447 254 1470; x_wconf 87' lang='grc'>11</span> <span class='ocrx_word' id='word_1_272' title='bbox 286 1445 510 1499; x_wconf 87' lang='lat' dir='ltr'>Prophetes</span> <span class='ocrx_word' id='word_1_273' title='bbox 544 1450 681 1486; x_wconf 86' lang='lat' dir='ltr'>autem</span> <span class='ocrx_word' id='word_1_274' title='bbox 715 1444 883 1498; x_wconf 90' lang='lat' dir='ltr'>quidam</span> <span class='ocrx_word' id='word_1_275' title='bbox 915 1456 1038 1484; x_wconf 85' lang='lat' dir='ltr'>senex</span> <span class='ocrx_word' id='word_1_276' title='bbox 1069 1443 1289 1484; x_wconf 86' lang='lat' dir='ltr'>habitabat</span> <span class='ocrx_word' id='word_1_277' title='bbox 1320 1443 1361 1483; x_wconf 91' lang='lat' dir='ltr'>in</span> <span class='ocrx_word' id='word_1_278' title='bbox 1394 1442 1550 1487; x_wconf 85' lang='lat' dir='ltr'>Bethel,</span> <span class='ocrx_word' id='word_1_279' title='bbox 1585 1443 1638 1483; x_wconf 87' lang='lat' dir='ltr'>ad</span> <span class='ocrx_word' id='word_1_280' title='bbox 1671 1456 1791 1497; x_wconf 89' lang='lat' dir='ltr'>quem</span> <span class='ocrx_word' id='word_1_281' title='bbox 1824 1449 2023 1484; x_wconf 88' lang='lat' dir='ltr'>venerunt</span> 
     </span>
     <span class='ocr_line' id='line_1_26' title="bbox 119 1501 2024 1556; baseline -0.001 -11"><span class='ocrx_word' id='word_1_282' title='bbox 119 1504 189 1545; x_wconf 88' lang='lat' dir='ltr'>filii</span> <span class='ocrx_word' id='word_1_283' title='bbox 215 1504 288 1553; x_wconf 86' lang='lat' dir='ltr'>sui,</span> <span class='ocrx_word' id='word_1_284' title='bbox 316 1510 357 1545; x_wconf 92' lang='lat' dir='ltr'>et</span> <span class='ocrx_word' id='word_1_285' title='bbox 382 1508 653 1544; x_wconf 87' lang='lat' dir='ltr'>narraverunt</span> <span class='ocrx_word' id='word_1_286' title='bbox 679 1502 713 1543; x_wconf 87' lang='lat' dir='ltr'>ei</span> <span class='ocrx_word' id='word_1_287' title='bbox 739 1502 877 1544; x_wconf 87' lang='lat' dir='ltr'>omnia</span> <span class='ocrx_word' id='word_1_288' title='bbox 901 1515 1035 1556; x_wconf 81' lang='lat' dir='ltr'>opera,</span> <span class='ocrx_word' id='word_1_289' title='bbox 1065 1515 1154 1556; x_wconf 86' lang='lat' dir='ltr'>quae</span> <span class='ocrx_word' id='word_1_290' title='bbox 1178 1503 1330 1543; x_wconf 81' lang='lat' dir='ltr'>fecerat</span> <span class='ocrx_word' id='word_1_291' title='bbox 1355 1501 1418 1542; x_wconf 81' lang='lat' dir='ltr'>vir</span> <span class='ocrx_word' id='word_1_292' title='bbox 1442 1501 1518 1543; x_wconf 91' lang='lat' dir='ltr'>Dei</span> <span class='ocrx_word' id='word_1_293' title='bbox 1543 1501 1613 1542; x_wconf 87' lang='lat' dir='ltr'>illa</span> <span class='ocrx_word' id='word_1_294' title='bbox 1637 1501 1700 1542; x_wconf 90' lang='lat' dir='ltr'>die</span> <span class='ocrx_word' id='word_1_295' title='bbox 1725 1501 1767 1542; x_wconf 91' lang='lat' dir='ltr'>in</span> <span class='ocrx_word' id='word_1_296' title='bbox 1793 1502 1956 1543; x_wconf 87' lang='lat' dir='ltr'>Bethel:</span> <span class='ocrx_word' id='word_1_297' title='bbox 1983 1508 2024 1544; x_wconf 92' lang='lat' dir='ltr'>et</span> 
     </span>
     <span class='ocr_line' id='line_1_27' title="bbox 118 1560 2025 1617; baseline -0.001 -14"><span class='ocrx_word' id='word_1_298' title='bbox 118 1564 245 1604; x_wconf 89' lang='lat' dir='ltr'>verba</span> <span class='ocrx_word' id='word_1_299' title='bbox 271 1575 360 1617; x_wconf 87' lang='lat' dir='ltr'>quae</span> <span class='ocrx_word' id='word_1_300' title='bbox 385 1561 545 1604; x_wconf 90' lang='lat' dir='ltr'>locutus</span> <span class='ocrx_word' id='word_1_301' title='bbox 571 1562 705 1602; x_wconf 78' lang='lat' dir='ltr'>fuerat</span> <span class='ocrx_word' id='word_1_302' title='bbox 733 1561 785 1602; x_wconf 88' lang='lat' dir='ltr'>ad</span> <span class='ocrx_word' id='word_1_303' title='bbox 810 1574 956 1615; x_wconf 92' lang='lat' dir='ltr'>regem,</span> <span class='ocrx_word' id='word_1_304' title='bbox 985 1566 1258 1602; x_wconf 87' lang='lat' dir='ltr'>narraverunt</span> <span class='ocrx_word' id='word_1_305' title='bbox 1282 1560 1390 1614; x_wconf 89' lang='lat' dir='ltr'>patri</span> <span class='ocrx_word' id='word_1_306' title='bbox 1417 1574 1501 1602; x_wconf 88' lang='lat' dir='ltr'>suo.</span> <span class='ocrx_word' id='word_1_307' title='bbox 1557 1562 1588 1584; x_wconf 98' lang='grc'>12</span> <span class='ocrx_word' id='word_1_308' title='bbox 1614 1560 1670 1601; x_wconf 87' lang='grc' dir='ltr'>Ε1</span> <span class='ocrx_word' id='word_1_309' title='bbox 1696 1560 1801 1601; x_wconf 86' lang='lat' dir='ltr'>dixit</span> <span class='ocrx_word' id='word_1_310' title='bbox 1827 1561 1882 1602; x_wconf 89' lang='lat' dir='ltr'>eis</span> <span class='ocrx_word' id='word_1_311' title='bbox 1908 1566 2025 1615; x_wconf 86' lang='lat' dir='ltr'>pater</span> 
     </span>
     <span class='ocr_line' id='line_1_28' title="bbox 118 1619 2026 1675; baseline -0.003 -11"><span class='ocrx_word' id='word_1_312' title='bbox 118 1635 276 1664; x_wconf 89' lang='lat' dir='ltr'>eorum:</span> <span class='ocrx_word' id='word_1_313' title='bbox 300 1621 378 1662; x_wconf 89' lang='lat' dir='ltr'>Per</span> <span class='ocrx_word' id='word_1_314' title='bbox 401 1634 525 1675; x_wconf 86' lang='lat' dir='ltr'>quam</span> <span class='ocrx_word' id='word_1_315' title='bbox 548 1620 658 1661; x_wconf 85' lang='lat' dir='ltr'>viam</span> <span class='ocrx_word' id='word_1_316' title='bbox 682 1619 809 1661; x_wconf 81' lang='lat' dir='ltr'>abiit?</span> <span class='ocrx_word' id='word_1_317' title='bbox 860 1619 1140 1661; x_wconf 87' lang='lat' dir='ltr'>Ostenderunt</span> <span class='ocrx_word' id='word_1_318' title='bbox 1163 1620 1197 1661; x_wconf 91' lang='lat' dir='ltr'>ei</span> <span class='ocrx_word' id='word_1_319' title='bbox 1221 1619 1291 1660; x_wconf 90' lang='lat' dir='ltr'>filii</span> <span class='ocrx_word' id='word_1_320' title='bbox 1313 1619 1374 1660; x_wconf 93' lang='lat' dir='ltr'>sui</span> <span class='ocrx_word' id='word_1_321' title='bbox 1398 1619 1519 1664; x_wconf 82' lang='lat' dir='ltr'>viam,</span> <span class='ocrx_word' id='word_1_322' title='bbox 1544 1632 1616 1672; x_wconf 90' lang='lat' dir='ltr'>per</span> <span class='ocrx_word' id='word_1_323' title='bbox 1638 1632 1763 1673; x_wconf 88' lang='lat' dir='ltr'>quam</span> <span class='ocrx_word' id='word_1_324' title='bbox 1785 1620 1943 1661; x_wconf 85' lang='lat' dir='ltr'>abierat</span> <span class='ocrx_word' id='word_1_325' title='bbox 1964 1620 2026 1660; x_wconf 90' lang='grc'><strong>1111·</strong></span> 
     </span>
     <span class='ocr_line' id='line_1_29' title="bbox 117 1677 2026 1735; baseline -0.002 -13"><span class='ocrx_word' id='word_1_326' title='bbox 117 1681 206 1730; x_wconf 85' lang='lat' dir='ltr'>Dei,</span> <span class='ocrx_word' id='word_1_327' title='bbox 226 1680 296 1735; x_wconf 92' lang='lat' dir='ltr'>qui</span> <span class='ocrx_word' id='word_1_328' title='bbox 311 1684 482 1721; x_wconf 87' lang='lat' dir='ltr'>venerat</span> <span class='ocrx_word' id='word_1_329' title='bbox 498 1679 547 1720; x_wconf 91' lang='lat' dir='ltr'>de</span> <span class='ocrx_word' id='word_1_330' title='bbox 566 1679 680 1720; x_wconf 90' lang='lat' dir='ltr'>Iuda.</span> <span class='ocrx_word' id='word_1_331' title='bbox 728 1681 760 1703; x_wconf 79' lang='lat'>¹³</span> <span class='ocrx_word' id='word_1_332' title='bbox 776 1679 831 1720; x_wconf 86' lang='lat' dir='ltr'>Et</span> <span class='ocrx_word' id='word_1_333' title='bbox 849 1679 907 1720; x_wconf 85' lang='lat' dir='ltr'>ait</span> <span class='ocrx_word' id='word_1_334' title='bbox 923 1678 1014 1719; x_wconf 88' lang='lat' dir='ltr'>filiis</span> <span class='ocrx_word' id='word_1_335' title='bbox 1032 1678 1132 1719; x_wconf 87' lang='lat' dir='ltr'>suis:</span> <span class='ocrx_word' id='word_1_336' title='bbox 1152 1678 1330 1720; x_wconf 85' lang='lat' dir='ltr'>Sternite</span> <span class='ocrx_word' id='word_1_337' title='bbox 1346 1678 1445 1718; x_wconf 89' lang='lat' dir='ltr'>mihi</span> <span class='ocrx_word' id='word_1_338' title='bbox 1463 1677 1634 1719; x_wconf 89' lang='lat' dir='ltr'>asinum.</span> <span class='ocrx_word' id='word_1_339' title='bbox 1654 1677 1733 1726; x_wconf 83' lang='lat' dir='ltr'>Qui</span> <span class='ocrx_word' id='word_1_340' title='bbox 1750 1691 1842 1719; x_wconf 88' lang='grc'><strong>011111</strong></span> <span class='ocrx_word' id='word_1_341' title='bbox 1859 1678 2026 1719; x_wconf 82' lang='lat' dir='ltr'>stravis-</span> 
     </span>
     <span class='ocr_line' id='line_1_30' title="bbox 119 1737 2025 1792; baseline -0.002 -11"><span class='ocrx_word' id='word_1_342' title='bbox 119 1744 221 1788; x_wconf 82' lang='lat' dir='ltr'>sent,</span> <span class='ocrx_word' id='word_1_343' title='bbox 250 1739 446 1787; x_wconf 85' lang='lat' dir='ltr'>ascendit‚</span> <span class='ocrx_word' id='word_1_344' title='bbox 502 1741 532 1762; x_wconf 70' lang='grc'>11</span> <span class='ocrx_word' id='word_1_345' title='bbox 559 1743 600 1779; x_wconf 91' lang='grc'>01</span> <span class='ocrx_word' id='word_1_346' title='bbox 625 1737 728 1779; x_wconf 87' lang='lat' dir='ltr'>abiit</span> <span class='ocrx_word' id='word_1_347' title='bbox 753 1743 848 1792; x_wconf 89' lang='lat' dir='ltr'>post</span> <span class='ocrx_word' id='word_1_348' title='bbox 872 1738 1007 1778; x_wconf 81' lang='lat' dir='ltr'>virum</span> <span class='ocrx_word' id='word_1_349' title='bbox 1033 1737 1120 1786; x_wconf 87' lang='lat' dir='ltr'>Dei,</span> <span class='ocrx_word' id='word_1_350' title='bbox 1150 1743 1190 1779; x_wconf 90' lang='lat' dir='ltr'>et</span> <span class='ocrx_word' id='word_1_351' title='bbox 1215 1737 1374 1778; x_wconf 88' lang='lat' dir='ltr'>invenit</span> <span class='ocrx_word' id='word_1_352' title='bbox 1400 1750 1492 1777; x_wconf 88' lang='lat' dir='ltr'>eum</span> <span class='ocrx_word' id='word_1_353' title='bbox 1519 1737 1727 1778; x_wconf 88' lang='lat' dir='ltr'>sedentem</span> <span class='ocrx_word' id='word_1_354' title='bbox 1753 1737 1897 1778; x_wconf 88' lang='lat' dir='ltr'>subtus</span> <span class='ocrx_word' id='word_1_355' title='bbox 1924 1743 2025 1778; x_wconf 89' lang='lat' dir='ltr'>tere-</span> 
     </span>
     <span class='ocr_line' id='line_1_31' title="bbox 118 1795 2022 1851; baseline -0.002 -12"><span class='ocrx_word' id='word_1_356' title='bbox 118 1798 329 1839; x_wconf 86' lang='lat' dir='ltr'>binthum:</span> <span class='ocrx_word' id='word_1_357' title='bbox 353 1803 394 1839; x_wconf 90' lang='lat' dir='ltr'>et</span> <span class='ocrx_word' id='word_1_358' title='bbox 415 1797 473 1838; x_wconf 92' lang='lat' dir='ltr'>ait</span> <span class='ocrx_word' id='word_1_359' title='bbox 494 1796 568 1837; x_wconf 83' lang='lat' dir='ltr'>illi:</span> <span class='ocrx_word' id='word_1_360' title='bbox 593 1797 706 1838; x_wconf 91' lang='lat' dir='ltr'>Tune</span> <span class='ocrx_word' id='word_1_361' title='bbox 728 1810 768 1837; x_wconf 92' lang='lat' dir='ltr'>es</span> <span class='ocrx_word' id='word_1_362' title='bbox 790 1796 853 1837; x_wconf 85' lang='lat' dir='ltr'>vir</span> <span class='ocrx_word' id='word_1_363' title='bbox 872 1796 948 1837; x_wconf 92' lang='lat' dir='ltr'>Dei</span> <span class='ocrx_word' id='word_1_364' title='bbox 971 1796 1040 1851; x_wconf 90' lang='lat' dir='ltr'>qui</span> <span class='ocrx_word' id='word_1_365' title='bbox 1061 1796 1211 1837; x_wconf 87' lang='lat' dir='ltr'>venisti</span> <span class='ocrx_word' id='word_1_366' title='bbox 1232 1797 1281 1837; x_wconf 89' lang='lat' dir='ltr'>de</span> <span class='ocrx_word' id='word_1_367' title='bbox 1305 1795 1432 1836; x_wconf 84' lang='lat' dir='ltr'>Iuda?</span> <span class='ocrx_word' id='word_1_368' title='bbox 1457 1795 1686 1848; x_wconf 81' lang='lat' dir='ltr'>Respondit</span> <span class='ocrx_word' id='word_1_369' title='bbox 1706 1795 1789 1835; x_wconf 88' lang='lat' dir='ltr'>ille:</span> <span class='ocrx_word' id='word_1_370' title='bbox 1812 1796 1899 1849; x_wconf 89' lang='lat' dir='ltr'>Ego</span> <span class='ocrx_word' id='word_1_371' title='bbox 1921 1809 2022 1837; x_wconf 91' lang='lat' dir='ltr'>sum.</span> 
     </span>
     <span class='ocr_line' id='line_1_32' title="bbox 120 1854 2025 1911; baseline -0.002 -13"><span class='ocrx_word' id='word_1_372' title='bbox 120 1859 151 1882; x_wconf 84' lang='lat'>¹⁵</span> <span class='ocrx_word' id='word_1_373' title='bbox 178 1857 377 1911; x_wconf 87' lang='lat' dir='ltr'>Dixitque</span> <span class='ocrx_word' id='word_1_374' title='bbox 405 1857 458 1897; x_wconf 90' lang='lat' dir='ltr'>ad</span> <span class='ocrx_word' id='word_1_375' title='bbox 485 1869 595 1897; x_wconf 89' lang='lat' dir='ltr'>eum:</span> <span class='ocrx_word' id='word_1_376' title='bbox 626 1855 728 1896; x_wconf 91' lang='lat' dir='ltr'>Veni</span> <span class='ocrx_word' id='word_1_377' title='bbox 754 1869 915 1897; x_wconf 87' lang='lat' dir='ltr'>mecum</span> <span class='ocrx_word' id='word_1_378' title='bbox 943 1855 1123 1903; x_wconf 90' lang='lat' dir='ltr'>domum,</span> <span class='ocrx_word' id='word_1_379' title='bbox 1153 1860 1201 1896; x_wconf 92' lang='lat' dir='ltr'>ut</span> <span class='ocrx_word' id='word_1_380' title='bbox 1228 1855 1416 1896; x_wconf 89' lang='lat' dir='ltr'>comedas</span> <span class='ocrx_word' id='word_1_381' title='bbox 1443 1867 1603 1907; x_wconf 81' lang='lat' dir='ltr'>panem.</span> <span class='ocrx_word' id='word_1_382' title='bbox 1660 1856 1695 1878; x_wconf 80' lang='lat'>1⁶</span> <span class='ocrx_word' id='word_1_383' title='bbox 1722 1854 1800 1902; x_wconf 84' lang='lat' dir='ltr'>Qui</span> <span class='ocrx_word' id='word_1_384' title='bbox 1827 1854 1903 1895; x_wconf 85' lang='lat' dir='ltr'>ait:</span> <span class='ocrx_word' id='word_1_385' title='bbox 1934 1854 2025 1895; x_wconf 90' lang='lat' dir='ltr'>Non</span> 
     </span>
     <span class='ocr_line' id='line_1_33' title="bbox 118 1912 2024 1970; baseline -0.003 -12"><span class='ocrx_word' id='word_1_386' title='bbox 118 1929 285 1970; x_wconf 90' lang='lat' dir='ltr'>possum</span> <span class='ocrx_word' id='word_1_387' title='bbox 312 1914 474 1960; x_wconf 85' lang='lat' dir='ltr'>reverti,</span> <span class='ocrx_word' id='word_1_388' title='bbox 505 1928 637 1968; x_wconf 89' lang='lat' dir='ltr'>neque</span> <span class='ocrx_word' id='word_1_389' title='bbox 666 1914 803 1956; x_wconf 87' lang='lat' dir='ltr'>venire</span> <span class='ocrx_word' id='word_1_390' title='bbox 831 1920 980 1962; x_wconf 88' lang='lat' dir='ltr'>tecum,</span> <span class='ocrx_word' id='word_1_391' title='bbox 1012 1927 1085 1955; x_wconf 90' lang='lat' dir='ltr'>nec</span> <span class='ocrx_word' id='word_1_392' title='bbox 1114 1914 1326 1955; x_wconf 80' lang='lat' dir='ltr'>comedam</span> <span class='ocrx_word' id='word_1_393' title='bbox 1354 1926 1515 1967; x_wconf 80' lang='lat' dir='ltr'>panem.</span> <span class='ocrx_word' id='word_1_394' title='bbox 1546 1926 1677 1966; x_wconf 91' lang='lat' dir='ltr'>neque</span> <span class='ocrx_word' id='word_1_395' title='bbox 1706 1912 1845 1953; x_wconf 88' lang='lat' dir='ltr'>bibam</span> <span class='ocrx_word' id='word_1_396' title='bbox 1874 1926 2024 1966; x_wconf 86' lang='lat' dir='ltr'>aquam</span> 
     </span>
     <span class='ocr_line' id='line_1_34' title="bbox 117 1970 2024 2028; baseline -0.002 -13"><span class='ocrx_word' id='word_1_397' title='bbox 117 1975 160 2016; x_wconf 93' lang='lat' dir='ltr'>in</span> <span class='ocrx_word' id='word_1_398' title='bbox 182 1974 269 2017; x_wconf 91' lang='lat' dir='ltr'>loco</span> <span class='ocrx_word' id='word_1_399' title='bbox 292 1974 391 2016; x_wconf 89' lang='lat' dir='ltr'>isto:</span> <span class='ocrx_word' id='word_1_400' title='bbox 443 1975 476 1998; x_wconf 79' lang='lat'>1⁷</span> <span class='ocrx_word' id='word_1_401' title='bbox 503 1973 599 2028; x_wconf 91' lang='lat' dir='ltr'>quia</span> <span class='ocrx_word' id='word_1_402' title='bbox 619 1973 781 2015; x_wconf 82' lang='lat' dir='ltr'>locutus</span> <span class='ocrx_word' id='word_1_403' title='bbox 805 1978 866 2014; x_wconf 89' lang='lat' dir='ltr'>est</span> <span class='ocrx_word' id='word_1_404' title='bbox 888 1972 1090 2014; x_wconf 89' lang='lat' dir='ltr'>Dominus</span> <span class='ocrx_word' id='word_1_405' title='bbox 1114 1973 1167 2014; x_wconf 87' lang='lat' dir='ltr'>ad</span> <span class='ocrx_word' id='word_1_406' title='bbox 1189 1986 1253 2013; x_wconf 91' lang='lat' dir='ltr'>me</span> <span class='ocrx_word' id='word_1_407' title='bbox 1276 1972 1318 2012; x_wconf 91' lang='lat' dir='ltr'>in</span> <span class='ocrx_word' id='word_1_408' title='bbox 1341 1985 1524 2013; x_wconf 88' lang='lat' dir='ltr'>sermone</span> <span class='ocrx_word' id='word_1_409' title='bbox 1547 1970 1725 2019; x_wconf 90' lang='lat' dir='ltr'>Domini,</span> <span class='ocrx_word' id='word_1_410' title='bbox 1751 1970 1905 2012; x_wconf 80' lang='lat' dir='ltr'>dicens:</span> <span class='ocrx_word' id='word_1_411' title='bbox 1932 1971 2024 2013; x_wconf 92' lang='lat' dir='ltr'>Non</span> 
     </span>
     <span class='ocr_line' id='line_1_35' title="bbox 119 2029 2024 2087; baseline -0.003 -12"><span class='ocrx_word' id='word_1_412' title='bbox 119 2034 304 2076; x_wconf 79' lang='lat' dir='ltr'>comedes</span> <span class='ocrx_word' id='word_1_413' title='bbox 325 2046 487 2087; x_wconf 89' lang='lat' dir='ltr'>panem,</span> <span class='ocrx_word' id='word_1_414' title='bbox 511 2038 552 2073; x_wconf 89' lang='lat' dir='ltr'>et</span> <span class='ocrx_word' id='word_1_415' title='bbox 571 2045 653 2073; x_wconf 88' lang='lat' dir='ltr'>non</span> <span class='ocrx_word' id='word_1_416' title='bbox 675 2031 787 2073; x_wconf 88' lang='lat' dir='ltr'>bibes</span> <span class='ocrx_word' id='word_1_417' title='bbox 809 2045 960 2086; x_wconf 90' lang='lat' dir='ltr'>aquam</span> <span class='ocrx_word' id='word_1_418' title='bbox 980 2031 1048 2075; x_wconf 83' lang='lat' dir='ltr'>ibi,</span> <span class='ocrx_word' id='word_1_419' title='bbox 1071 2045 1145 2072; x_wconf 90' lang='grc'><strong>1100</strong></span> <span class='ocrx_word' id='word_1_420' title='bbox 1164 2031 1378 2072; x_wconf 85' lang='lat' dir='ltr'>reverteris</span> <span class='ocrx_word' id='word_1_421' title='bbox 1399 2043 1470 2083; x_wconf 90' lang='lat' dir='ltr'>per</span> <span class='ocrx_word' id='word_1_422' title='bbox 1490 2030 1612 2078; x_wconf 88' lang='lat' dir='ltr'>viam,</span> <span class='ocrx_word' id='word_1_423' title='bbox 1637 2043 1719 2084; x_wconf 90' lang='lat' dir='ltr'>qua</span> <span class='ocrx_word' id='word_1_424' title='bbox 1737 2029 1840 2070; x_wconf 90' lang='lat' dir='ltr'>ieris.</span> <span class='ocrx_word' id='word_1_425' title='bbox 1890 2031 1925 2054; x_wconf 69' lang='lat'>13</span> <span class='ocrx_word' id='word_1_426' title='bbox 1946 2029 2024 2078; x_wconf 86' lang='lat' dir='ltr'>Qui</span> 
     </span>
     <span class='ocr_line' id='line_1_36' title="bbox 119 2088 2024 2145; baseline -0.002 -12"><span class='ocrx_word' id='word_1_427' title='bbox 119 2093 178 2134; x_wconf 81' lang='lat' dir='ltr'>ait</span> <span class='ocrx_word' id='word_1_428' title='bbox 203 2092 278 2133; x_wconf 88' lang='lat' dir='ltr'>illi:</span> <span class='ocrx_word' id='word_1_429' title='bbox 307 2092 363 2133; x_wconf 87' lang='lat' dir='ltr'>Et</span> <span class='ocrx_word' id='word_1_430' title='bbox 390 2105 462 2145; x_wconf 88' lang='lat' dir='ltr'>ego</span> <span class='ocrx_word' id='word_1_431' title='bbox 488 2091 691 2145; x_wconf 88' lang='lat' dir='ltr'>propheta</span> <span class='ocrx_word' id='word_1_432' title='bbox 718 2104 807 2131; x_wconf 88' lang='lat' dir='ltr'>sum</span> <span class='ocrx_word' id='word_1_433' title='bbox 835 2090 975 2131; x_wconf 90' lang='lat' dir='ltr'>similis</span> <span class='ocrx_word' id='word_1_434' title='bbox 1002 2090 1082 2131; x_wconf 88' lang='lat' dir='ltr'>tui:</span> <span class='ocrx_word' id='word_1_435' title='bbox 1112 2096 1154 2131; x_wconf 88' lang='lat' dir='ltr'>et</span> <span class='ocrx_word' id='word_1_436' title='bbox 1180 2089 1345 2143; x_wconf 84' lang='lat' dir='ltr'>angelus</span> <span class='ocrx_word' id='word_1_437' title='bbox 1372 2089 1532 2130; x_wconf 88' lang='lat' dir='ltr'>locutus</span> <span class='ocrx_word' id='word_1_438' title='bbox 1560 2093 1621 2129; x_wconf 88' lang='lat' dir='ltr'>est</span> <span class='ocrx_word' id='word_1_439' title='bbox 1648 2088 1747 2128; x_wconf 90' lang='lat' dir='ltr'>mihi</span> <span class='ocrx_word' id='word_1_440' title='bbox 1772 2088 1814 2128; x_wconf 89' lang='lat' dir='ltr'>in</span> <span class='ocrx_word' id='word_1_441' title='bbox 1841 2101 2024 2129; x_wconf 89' lang='lat' dir='ltr'>sermone</span> 
     </span>
     <span class='ocr_line' id='line_1_37' title="bbox 119 2146 2024 2200; baseline -0.002 -8"><span class='ocrx_word' id='word_1_442' title='bbox 119 2151 296 2199; x_wconf 81' lang='lat' dir='ltr'>Domini,</span> <span class='ocrx_word' id='word_1_443' title='bbox 324 2150 479 2192; x_wconf 89' lang='lat' dir='ltr'>dicens:</span> <span class='ocrx_word' id='word_1_444' title='bbox 508 2150 650 2190; x_wconf 85' lang='lat' dir='ltr'>Reduc</span> <span class='ocrx_word' id='word_1_445' title='bbox 674 2163 767 2190; x_wconf 88' lang='lat' dir='ltr'>eum</span> <span class='ocrx_word' id='word_1_446' title='bbox 792 2155 929 2190; x_wconf 88' lang='lat' dir='ltr'>tecum</span> <span class='ocrx_word' id='word_1_447' title='bbox 954 2149 994 2189; x_wconf 92' lang='lat' dir='ltr'>in</span> <span class='ocrx_word' id='word_1_448' title='bbox 1020 2149 1189 2190; x_wconf 92' lang='lat' dir='ltr'>domum</span> <span class='ocrx_word' id='word_1_449' title='bbox 1213 2154 1342 2192; x_wconf 87' lang='grc'><strong>1113111,</strong></span> <span class='ocrx_word' id='word_1_450' title='bbox 1370 2153 1417 2188; x_wconf 86' lang='grc'>111</span> <span class='ocrx_word' id='word_1_451' title='bbox 1441 2147 1630 2188; x_wconf 88' lang='lat' dir='ltr'>comedat</span> <span class='ocrx_word' id='word_1_452' title='bbox 1654 2160 1814 2200; x_wconf 90' lang='lat' dir='ltr'>panem,</span> <span class='ocrx_word' id='word_1_453' title='bbox 1842 2151 1884 2188; x_wconf 89' lang='lat' dir='ltr'>et</span> <span class='ocrx_word' id='word_1_454' title='bbox 1907 2146 2024 2188; x_wconf 83' lang='lat' dir='ltr'>bibat</span> 
     </span>
     <span class='ocr_line' id='line_1_38' title="bbox 119 2205 2024 2264; baseline -0.003 -13"><span class='ocrx_word' id='word_1_455' title='bbox 119 2224 282 2264; x_wconf 88' lang='grc'><strong>30113111.</strong></span> <span class='ocrx_word' id='word_1_456' title='bbox 309 2209 470 2250; x_wconf 79' lang='lat' dir='ltr'>Fefellit</span> <span class='ocrx_word' id='word_1_457' title='bbox 495 2222 600 2257; x_wconf 80' lang='lat' dir='ltr'>eum,</span> <span class='ocrx_word' id='word_1_458' title='bbox 655 2210 690 2233; x_wconf 89' lang='grc'>19</span> <span class='ocrx_word' id='word_1_459' title='bbox 715 2214 756 2249; x_wconf 86' lang='grc'>01</span> <span class='ocrx_word' id='word_1_460' title='bbox 780 2208 944 2249; x_wconf 88' lang='lat' dir='ltr'>reduxit</span> <span class='ocrx_word' id='word_1_461' title='bbox 969 2220 1124 2249; x_wconf 89' lang='lat' dir='ltr'>secum:</span> <span class='ocrx_word' id='word_1_462' title='bbox 1152 2207 1330 2249; x_wconf 87' lang='lat' dir='ltr'>comedit</span> <span class='ocrx_word' id='word_1_463' title='bbox 1355 2219 1447 2260; x_wconf 92' lang='lat' dir='ltr'>ergo</span> <span class='ocrx_word' id='word_1_464' title='bbox 1472 2219 1621 2259; x_wconf 87' lang='lat' dir='ltr'>panem</span> <span class='ocrx_word' id='word_1_465' title='bbox 1646 2205 1688 2246; x_wconf 91' lang='lat' dir='ltr'>in</span> <span class='ocrx_word' id='word_1_466' title='bbox 1712 2206 1833 2246; x_wconf 90' lang='lat' dir='ltr'>domo</span> <span class='ocrx_word' id='word_1_467' title='bbox 1860 2205 1955 2253; x_wconf 89' lang='lat' dir='ltr'>eius,</span> <span class='ocrx_word' id='word_1_468' title='bbox 1983 2211 2024 2246; x_wconf 88' lang='lat' dir='ltr'>et</span> 
     </span>
     <span class='ocr_line' id='line_1_39' title="bbox 120 2264 2024 2323; baseline -0.003 -13"><span class='ocrx_word' id='word_1_469' title='bbox 120 2269 225 2311; x_wconf 88' lang='lat' dir='ltr'>bibit</span> <span class='ocrx_word' id='word_1_470' title='bbox 251 2281 413 2323; x_wconf 89' lang='lat' dir='ltr'>aquam.</span> <span class='ocrx_word' id='word_1_471' title='bbox 469 2269 505 2292; x_wconf 81' lang='lat'>2⁰</span> <span class='ocrx_word' id='word_1_472' title='bbox 531 2268 714 2321; x_wconf 90' lang='lat' dir='ltr'>Cumque</span> <span class='ocrx_word' id='word_1_473' title='bbox 741 2267 928 2308; x_wconf 90' lang='lat' dir='ltr'>sederent</span> <span class='ocrx_word' id='word_1_474' title='bbox 954 2267 1006 2308; x_wconf 90' lang='lat' dir='ltr'>ad</span> <span class='ocrx_word' id='word_1_475' title='bbox 1032 2279 1228 2314; x_wconf 87' lang='lat' dir='ltr'>mensam,</span> <span class='ocrx_word' id='word_1_476' title='bbox 1257 2266 1391 2323; x_wconf 76' lang='lat' dir='ltr'>factus</span> <span class='ocrx_word' id='word_1_477' title='bbox 1419 2270 1480 2306; x_wconf 88' lang='lat' dir='ltr'>est</span> <span class='ocrx_word' id='word_1_478' title='bbox 1506 2276 1635 2305; x_wconf 90' lang='lat' dir='ltr'>sermo</span> <span class='ocrx_word' id='word_1_479' title='bbox 1662 2264 1829 2305; x_wconf 87' lang='lat' dir='ltr'>Domini</span> <span class='ocrx_word' id='word_1_480' title='bbox 1855 2264 1908 2305; x_wconf 86' lang='lat' dir='ltr'>ad</span> <span class='ocrx_word' id='word_1_481' title='bbox 1933 2277 2024 2318; x_wconf 91' lang='lat' dir='ltr'>pro-</span> 
     </span>
     <span class='ocr_line' id='line_1_40' title="bbox 118 2322 2021 2382; baseline -0.003 -13"><span class='ocrx_word' id='word_1_482' title='bbox 118 2329 300 2382; x_wconf 90' lang='lat' dir='ltr'>phetam,</span> <span class='ocrx_word' id='word_1_483' title='bbox 325 2327 395 2381; x_wconf 92' lang='lat' dir='ltr'>qui</span> <span class='ocrx_word' id='word_1_484' title='bbox 415 2327 635 2368; x_wconf 87' lang='lat' dir='ltr'>reduxerat</span> <span class='ocrx_word' id='word_1_485' title='bbox 657 2339 760 2367; x_wconf 90' lang='lat' dir='ltr'>eum.</span> <span class='ocrx_word' id='word_1_486' title='bbox 812 2327 843 2350; x_wconf 89' lang='grc'>21</span> <span class='ocrx_word' id='word_1_487' title='bbox 866 2326 922 2366; x_wconf 83' lang='grc' dir='ltr'>Ε1</span> <span class='ocrx_word' id='word_1_488' title='bbox 943 2325 1191 2366; x_wconf 82' lang='lat' dir='ltr'>exclamavit</span> <span class='ocrx_word' id='word_1_489' title='bbox 1212 2325 1265 2365; x_wconf 93' lang='lat' dir='ltr'>ad</span> <span class='ocrx_word' id='word_1_490' title='bbox 1286 2324 1420 2364; x_wconf 89' lang='lat' dir='ltr'>virum</span> <span class='ocrx_word' id='word_1_491' title='bbox 1441 2322 1529 2369; x_wconf 84' lang='lat' dir='ltr'>Dei,</span> <span class='ocrx_word' id='word_1_492' title='bbox 1554 2323 1623 2377; x_wconf 92' lang='lat' dir='ltr'>qui</span> <span class='ocrx_word' id='word_1_493' title='bbox 1645 2327 1814 2364; x_wconf 90' lang='lat' dir='ltr'>venerat</span> <span class='ocrx_word' id='word_1_494' title='bbox 1835 2323 1883 2363; x_wconf 93' lang='lat' dir='ltr'>de</span> <span class='ocrx_word' id='word_1_495' title='bbox 1907 2323 2021 2372; x_wconf 88' lang='lat' dir='ltr'>Iuda,</span> 
     </span>
     <span class='ocr_line' id='line_1_41' title="bbox 119 2380 2023 2433; baseline -0.004 -5"><span class='ocrx_word' id='word_1_496' title='bbox 119 2387 274 2428; x_wconf 89' lang='lat' dir='ltr'>dicens:</span> <span class='ocrx_word' id='word_1_497' title='bbox 300 2386 397 2427; x_wconf 87' lang='lat' dir='ltr'>Haec</span> <span class='ocrx_word' id='word_1_498' title='bbox 419 2385 519 2427; x_wconf 91' lang='lat' dir='ltr'>dicit</span> <span class='ocrx_word' id='word_1_499' title='bbox 539 2384 759 2426; x_wconf 91' lang='lat' dir='ltr'>Dominus:</span> <span class='ocrx_word' id='word_1_500' title='bbox 783 2384 889 2433; x_wconf 88' lang='lat' dir='ltr'>Quia</span> <span class='ocrx_word' id='word_1_501' title='bbox 910 2397 991 2425; x_wconf 90' lang='lat' dir='ltr'>non</span> <span class='ocrx_word' id='word_1_502' title='bbox 1013 2384 1204 2426; x_wconf 89' lang='lat' dir='ltr'>obediens</span> <span class='ocrx_word' id='word_1_503' title='bbox 1226 2383 1341 2424; x_wconf 78' lang='lat' dir='ltr'>fuisti</span> <span class='ocrx_word' id='word_1_504' title='bbox 1363 2382 1420 2424; x_wconf 93' lang='lat' dir='ltr'>ori</span> <span class='ocrx_word' id='word_1_505' title='bbox 1442 2381 1620 2431; x_wconf 87' lang='lat' dir='ltr'>Domini,</span> <span class='ocrx_word' id='word_1_506' title='bbox 1644 2387 1685 2422; x_wconf 90' lang='grc'>01</span> <span class='ocrx_word' id='word_1_507' title='bbox 1706 2394 1787 2423; x_wconf 89' lang='grc'><strong>11011</strong></span> <span class='ocrx_word' id='word_1_508' title='bbox 1809 2380 2023 2422; x_wconf 87' lang='lat' dir='ltr'>custodisti</span> 
     </span>
     <span class='ocr_line' id='line_1_42' title="bbox 119 2439 2022 2498; baseline -0.004 -11"><span class='ocrx_word' id='word_1_509' title='bbox 119 2446 376 2494; x_wconf 85' lang='lat' dir='ltr'>mandatum,</span> <span class='ocrx_word' id='word_1_510' title='bbox 401 2445 511 2498; x_wconf 91' lang='lat' dir='ltr'>quod</span> <span class='ocrx_word' id='word_1_511' title='bbox 530 2444 724 2498; x_wconf 86' lang='lat' dir='ltr'>praecepit</span> <span class='ocrx_word' id='word_1_512' title='bbox 744 2443 820 2484; x_wconf 88' lang='lat' dir='ltr'>tibi</span> <span class='ocrx_word' id='word_1_513' title='bbox 841 2443 1041 2485; x_wconf 90' lang='lat' dir='ltr'>Dominus</span> <span class='ocrx_word' id='word_1_514' title='bbox 1063 2443 1173 2484; x_wconf 92' lang='lat' dir='ltr'>Deus</span> <span class='ocrx_word' id='word_1_515' title='bbox 1195 2447 1303 2491; x_wconf 90' lang='lat' dir='ltr'>tuus,</span> <span class='ocrx_word' id='word_1_516' title='bbox 1354 2443 1385 2465; x_wconf 78' lang='lat'>22</span> <span class='ocrx_word' id='word_1_517' title='bbox 1407 2446 1447 2482; x_wconf 88' lang='lat' dir='ltr'>et</span> <span class='ocrx_word' id='word_1_518' title='bbox 1467 2453 1650 2482; x_wconf 89' lang='lat' dir='ltr'>reversus</span> <span class='ocrx_word' id='word_1_519' title='bbox 1673 2453 1725 2489; x_wconf 90' lang='grc'>03,</span> <span class='ocrx_word' id='word_1_520' title='bbox 1749 2446 1789 2481; x_wconf 83' lang='grc'>01</span> <span class='ocrx_word' id='word_1_521' title='bbox 1810 2439 2022 2481; x_wconf 84' lang='lat' dir='ltr'>comedisti</span> 
     </span>
     <span class='ocr_line' id='line_1_43' title="bbox 119 2499 2023 2559; baseline -0.004 -13"><span class='ocrx_word' id='word_1_522' title='bbox 119 2517 280 2559; x_wconf 88' lang='lat' dir='ltr'>panem,</span> <span class='ocrx_word' id='word_1_523' title='bbox 307 2508 348 2545; x_wconf 91' lang='lat' dir='ltr'>et</span> <span class='ocrx_word' id='word_1_524' title='bbox 372 2503 512 2545; x_wconf 88' lang='lat' dir='ltr'>bibisti</span> <span class='ocrx_word' id='word_1_525' title='bbox 537 2516 687 2557; x_wconf 89' lang='lat' dir='ltr'>aquam</span> <span class='ocrx_word' id='word_1_526' title='bbox 711 2502 753 2543; x_wconf 92' lang='lat' dir='ltr'>in</span> <span class='ocrx_word' id='word_1_527' title='bbox 776 2502 864 2544; x_wconf 93' lang='lat' dir='ltr'>loco</span> <span class='ocrx_word' id='word_1_528' title='bbox 888 2502 930 2542; x_wconf 92' lang='lat' dir='ltr'>in</span> <span class='ocrx_word' id='word_1_529' title='bbox 956 2516 1035 2556; x_wconf 93' lang='lat' dir='ltr'>quo</span> <span class='ocrx_word' id='word_1_530' title='bbox 1060 2501 1254 2555; x_wconf 85' lang='lat' dir='ltr'>praecepit</span> <span class='ocrx_word' id='word_1_531' title='bbox 1277 2500 1354 2542; x_wconf 88' lang='lat' dir='ltr'>tibi</span> <span class='ocrx_word' id='word_1_532' title='bbox 1378 2513 1427 2541; x_wconf 90' lang='lat' dir='ltr'>ne</span> <span class='ocrx_word' id='word_1_533' title='bbox 1452 2499 1680 2541; x_wconf 88' lang='lat' dir='ltr'>comederes</span> <span class='ocrx_word' id='word_1_534' title='bbox 1705 2511 1865 2552; x_wconf 89' lang='lat' dir='ltr'>panem,</span> <span class='ocrx_word' id='word_1_535' title='bbox 1892 2511 2023 2551; x_wconf 91' lang='lat' dir='ltr'>neque</span> 
     </span>
     <span class='ocr_line' id='line_1_44' title="bbox 120 2557 2022 2617; baseline -0.004 -13"><span class='ocrx_word' id='word_1_536' title='bbox 120 2563 276 2605; x_wconf 89' lang='lat' dir='ltr'>biberes</span> <span class='ocrx_word' id='word_1_537' title='bbox 295 2575 458 2617; x_wconf 85' lang='lat' dir='ltr'>aquam,</span> <span class='ocrx_word' id='word_1_538' title='bbox 477 2575 559 2603; x_wconf 92' lang='lat' dir='ltr'>non</span> <span class='ocrx_word' id='word_1_539' title='bbox 575 2561 772 2603; x_wconf 86' lang='lat' dir='ltr'>inferetur</span> <span class='ocrx_word' id='word_1_540' title='bbox 788 2561 964 2602; x_wconf 89' lang='lat' dir='ltr'>cadaver</span> <span class='ocrx_word' id='word_1_541' title='bbox 980 2566 1100 2602; x_wconf 90' lang='lat' dir='ltr'>tuum</span> <span class='ocrx_word' id='word_1_542' title='bbox 1116 2560 1157 2601; x_wconf 93' lang='lat' dir='ltr'>in</span> <span class='ocrx_word' id='word_1_543' title='bbox 1174 2559 1433 2614; x_wconf 86' lang='lat' dir='ltr'>sepulchrum</span> <span class='ocrx_word' id='word_1_544' title='bbox 1450 2563 1615 2612; x_wconf 89' lang='lat' dir='ltr'>patrum</span> <span class='ocrx_word' id='word_1_545' title='bbox 1633 2562 1809 2598; x_wconf 91' lang='lat' dir='ltr'>tuorum.</span> <span class='ocrx_word' id='word_1_546' title='bbox 1855 2558 1888 2581; x_wconf 81' lang='lat'>2³</span> <span class='ocrx_word' id='word_1_547' title='bbox 1904 2557 2022 2598; x_wconf 88' lang='lat' dir='ltr'>Cum—</span> 
     </span>
     <span class='ocr_line' id='line_1_45' title="bbox 121 2615 2022 2676; baseline -0.004 -13"><span class='ocrx_word' id='word_1_548' title='bbox 121 2636 198 2676; x_wconf 93' lang='lat' dir='ltr'>que</span> <span class='ocrx_word' id='word_1_549' title='bbox 218 2621 460 2663; x_wconf 91' lang='lat' dir='ltr'>comedisset</span> <span class='ocrx_word' id='word_1_550' title='bbox 479 2626 520 2662; x_wconf 92' lang='lat' dir='ltr'>et</span> <span class='ocrx_word' id='word_1_551' title='bbox 540 2620 720 2670; x_wconf 86' lang='lat' dir='ltr'>bibisset,</span> <span class='ocrx_word' id='word_1_552' title='bbox 742 2620 891 2661; x_wconf 80' lang='lat' dir='ltr'>stravit</span> <span class='ocrx_word' id='word_1_553' title='bbox 911 2619 1071 2661; x_wconf 86' lang='lat' dir='ltr'>asinum</span> <span class='ocrx_word' id='word_1_554' title='bbox 1091 2633 1210 2660; x_wconf 87' lang='lat' dir='ltr'>suum</span> <span class='ocrx_word' id='word_1_555' title='bbox 1229 2618 1451 2673; x_wconf 84' lang='lat' dir='ltr'>prophetae,</span> <span class='ocrx_word' id='word_1_556' title='bbox 1475 2630 1595 2671; x_wconf 92' lang='lat' dir='ltr'>quem</span> <span class='ocrx_word' id='word_1_557' title='bbox 1614 2617 1844 2657; x_wconf 88' lang='lat' dir='ltr'>reduxerat.</span> <span class='ocrx_word' id='word_1_558' title='bbox 1893 2617 1926 2640; x_wconf 73' lang='lat'>²⁴²</span> <span class='ocrx_word' id='word_1_559' title='bbox 1945 2615 2022 2664; x_wconf 81' lang='lat' dir='ltr'>Qui</span> 
     </span>
     <span class='ocr_line' id='line_1_46' title="bbox 120 2674 2021 2728; baseline -0.005 -6"><span class='ocrx_word' id='word_1_560' title='bbox 120 2694 213 2722; x_wconf 90' lang='lat' dir='ltr'>cum</span> <span class='ocrx_word' id='word_1_561' title='bbox 242 2680 420 2727; x_wconf 86' lang='lat' dir='ltr'>abiisset,</span> <span class='ocrx_word' id='word_1_562' title='bbox 451 2679 610 2721; x_wconf 88' lang='lat' dir='ltr'>invenit</span> <span class='ocrx_word' id='word_1_563' title='bbox 639 2692 732 2720; x_wconf 92' lang='lat' dir='ltr'>eum</span> <span class='ocrx_word' id='word_1_564' title='bbox 759 2678 821 2720; x_wconf 91' lang='lat' dir='ltr'>leo</span> <span class='ocrx_word' id='word_1_565' title='bbox 850 2679 892 2719; x_wconf 92' lang='lat' dir='ltr'>in</span> <span class='ocrx_word' id='word_1_566' title='bbox 920 2678 1000 2727; x_wconf 87' lang='lat' dir='ltr'>via,</span> <span class='ocrx_word' id='word_1_567' title='bbox 1032 2683 1073 2719; x_wconf 88' lang='grc'>01</span> <span class='ocrx_word' id='word_1_568' title='bbox 1102 2678 1262 2726; x_wconf 84' lang='lat' dir='ltr'>occidit,</span> <span class='ocrx_word' id='word_1_569' title='bbox 1294 2683 1335 2719; x_wconf 88' lang='lat' dir='ltr'>et</span> <span class='ocrx_word' id='word_1_570' title='bbox 1364 2682 1452 2717; x_wconf 89' lang='lat' dir='ltr'>erat</span> <span class='ocrx_word' id='word_1_571' title='bbox 1481 2676 1655 2717; x_wconf 81' lang='lat' dir='ltr'>cadaver</span> <span class='ocrx_word' id='word_1_572' title='bbox 1683 2674 1766 2715; x_wconf 91' lang='lat' dir='ltr'>eius</span> <span class='ocrx_word' id='word_1_573' title='bbox 1796 2674 2021 2728; x_wconf 89' lang='lat' dir='ltr'>proiectum</span> 
     </span>
     <span class='ocr_line' id='line_1_47' title="bbox 119 2732 2022 2786; baseline -0.004 -6"><span class='ocrx_word' id='word_1_574' title='bbox 119 2739 161 2780; x_wconf 94' lang='lat' dir='ltr'>in</span> <span class='ocrx_word' id='word_1_575' title='bbox 189 2739 350 2781; x_wconf 89' lang='lat' dir='ltr'>itinere:</span> <span class='ocrx_word' id='word_1_576' title='bbox 382 2738 518 2780; x_wconf 92' lang='lat' dir='ltr'>asinus</span> <span class='ocrx_word' id='word_1_577' title='bbox 548 2743 687 2780; x_wconf 87' lang='lat' dir='ltr'>autem</span> <span class='ocrx_word' id='word_1_578' title='bbox 717 2738 857 2779; x_wconf 90' lang='lat' dir='ltr'>stabat</span> <span class='ocrx_word' id='word_1_579' title='bbox 885 2737 1003 2778; x_wconf 89' lang='lat' dir='ltr'>iuxta</span> <span class='ocrx_word' id='word_1_580' title='bbox 1030 2736 1157 2786; x_wconf 90' lang='lat' dir='ltr'>illum,</span> <span class='ocrx_word' id='word_1_581' title='bbox 1189 2742 1231 2778; x_wconf 92' lang='lat' dir='ltr'>et</span> <span class='ocrx_word' id='word_1_582' title='bbox 1258 2736 1319 2777; x_wconf 90' lang='lat' dir='ltr'>leo</span> <span class='ocrx_word' id='word_1_583' title='bbox 1349 2735 1489 2776; x_wconf 86' lang='lat' dir='ltr'>stabat</span> <span class='ocrx_word' id='word_1_584' title='bbox 1517 2734 1635 2775; x_wconf 90' lang='lat' dir='ltr'>iuxta</span> <span class='ocrx_word' id='word_1_585' title='bbox 1663 2734 1848 2774; x_wconf 83' lang='lat' dir='ltr'>cadaver.</span> <span class='ocrx_word' id='word_1_586' title='bbox 1906 2734 1937 2756; x_wconf 76' lang='lat'>&#39;2⁵</span> <span class='ocrx_word' id='word_1_587' title='bbox 1966 2732 2022 2773; x_wconf 90' lang='lat' dir='ltr'>Et</span> 
     </span>
     <span class='ocr_line' id='line_1_48' title="bbox 119 2790 2022 2850; baseline -0.005 -10"><span class='ocrx_word' id='word_1_588' title='bbox 119 2812 221 2848; x_wconf 90' lang='lat' dir='ltr'>ecce,</span> <span class='ocrx_word' id='word_1_589' title='bbox 247 2798 324 2839; x_wconf 91' lang='lat' dir='ltr'>viri</span> <span class='ocrx_word' id='word_1_590' title='bbox 345 2802 604 2839; x_wconf 88' lang='lat' dir='ltr'>transeuntes</span> <span class='ocrx_word' id='word_1_591' title='bbox 628 2796 821 2838; x_wconf 85' lang='lat' dir='ltr'>viderunt</span> <span class='ocrx_word' id='word_1_592' title='bbox 843 2797 1020 2837; x_wconf 87' lang='lat' dir='ltr'>cadaver</span> <span class='ocrx_word' id='word_1_593' title='bbox 1041 2795 1268 2850; x_wconf 88' lang='lat' dir='ltr'>proiectum</span> <span class='ocrx_word' id='word_1_594' title='bbox 1291 2794 1333 2835; x_wconf 93' lang='lat' dir='ltr'>in</span> <span class='ocrx_word' id='word_1_595' title='bbox 1355 2794 1434 2843; x_wconf 81' lang='lat' dir='ltr'>Via,</span> <span class='ocrx_word' id='word_1_596' title='bbox 1460 2798 1502 2834; x_wconf 90' lang='lat' dir='ltr'>et</span> <span class='ocrx_word' id='word_1_597' title='bbox 1523 2792 1679 2834; x_wconf 90' lang='lat' dir='ltr'>leonem</span> <span class='ocrx_word' id='word_1_598' title='bbox 1703 2796 1882 2832; x_wconf 88' lang='lat' dir='ltr'>stantem</span> <span class='ocrx_word' id='word_1_599' title='bbox 1904 2790 2022 2831; x_wconf 89' lang='lat' dir='ltr'>iuxta</span> 
     </span>
     <span class='ocr_line' id='line_1_49' title="bbox 119 2849 2021 2909; baseline -0.004 -11"><span class='ocrx_word' id='word_1_600' title='bbox 119 2857 305 2898; x_wconf 89' lang='lat' dir='ltr'>cadaver.</span> <span class='ocrx_word' id='word_1_601' title='bbox 340 2857 396 2898; x_wconf 90' lang='lat' dir='ltr'>Et</span> <span class='ocrx_word' id='word_1_602' title='bbox 427 2861 628 2897; x_wconf 88' lang='lat' dir='ltr'>venerunt</span> <span class='ocrx_word' id='word_1_603' title='bbox 659 2861 701 2896; x_wconf 90' lang='grc'>01</span> <span class='ocrx_word' id='word_1_604' title='bbox 732 2854 1049 2909; x_wconf 82' lang='lat' dir='ltr'>divulgaverunt</span> <span class='ocrx_word' id='word_1_605' title='bbox 1080 2854 1122 2895; x_wconf 93' lang='lat' dir='ltr'>in</span> <span class='ocrx_word' id='word_1_606' title='bbox 1154 2854 1334 2902; x_wconf 83' lang='lat' dir='ltr'>civitate,</span> <span class='ocrx_word' id='word_1_607' title='bbox 1368 2852 1409 2893; x_wconf 92' lang='lat' dir='ltr'>in</span> <span class='ocrx_word' id='word_1_608' title='bbox 1443 2865 1523 2906; x_wconf 86' lang='lat' dir='ltr'>qua</span> <span class='ocrx_word' id='word_1_609' title='bbox 1554 2851 1771 2905; x_wconf 89' lang='lat' dir='ltr'>prophetes</span> <span class='ocrx_word' id='word_1_610' title='bbox 1802 2849 1867 2891; x_wconf 92' lang='grc'><strong>1110</strong></span> <span class='ocrx_word' id='word_1_611' title='bbox 1899 2862 2021 2890; x_wconf 88' lang='lat' dir='ltr'>senex</span> 
     </span>
     <span class='ocr_line' id='line_1_50' title="bbox 118 2908 2018 2968; baseline -0.005 -11"><span class='ocrx_word' id='word_1_612' title='bbox 118 2916 348 2957; x_wconf 84' lang='lat' dir='ltr'>habitabat.</span> <span class='ocrx_word' id='word_1_613' title='bbox 406 2916 442 2940; x_wconf 83' lang='lat'>²⁶</span> <span class='ocrx_word' id='word_1_614' title='bbox 470 2915 590 2964; x_wconf 84' lang='lat' dir='ltr'>Quod</span> <span class='ocrx_word' id='word_1_615' title='bbox 619 2927 711 2955; x_wconf 90' lang='lat' dir='ltr'>cum</span> <span class='ocrx_word' id='word_1_616' title='bbox 741 2914 922 2955; x_wconf 87' lang='lat' dir='ltr'>audisset</span> <span class='ocrx_word' id='word_1_617' title='bbox 949 2913 1152 2968; x_wconf 87' lang='lat' dir='ltr'>propheta</span> <span class='ocrx_word' id='word_1_618' title='bbox 1179 2912 1256 2961; x_wconf 87' lang='lat' dir='ltr'>ille,</span> <span class='ocrx_word' id='word_1_619' title='bbox 1289 2911 1358 2966; x_wconf 90' lang='lat' dir='ltr'>qui</span> <span class='ocrx_word' id='word_1_620' title='bbox 1386 2911 1605 2952; x_wconf 88' lang='lat' dir='ltr'>reduxerat</span> <span class='ocrx_word' id='word_1_621' title='bbox 1633 2922 1725 2950; x_wconf 91' lang='lat' dir='ltr'>eum</span> <span class='ocrx_word' id='word_1_622' title='bbox 1755 2908 1804 2949; x_wconf 90' lang='lat' dir='ltr'>de</span> <span class='ocrx_word' id='word_1_623' title='bbox 1832 2908 1911 2957; x_wconf 82' lang='lat' dir='ltr'>via,</span> <span class='ocrx_word' id='word_1_624' title='bbox 1943 2908 2018 2948; x_wconf 90' lang='lat' dir='ltr'>ait:</span> 
     </span>
     <span class='ocr_line' id='line_1_51' title="bbox 118 2966 2022 3028; baseline -0.004 -13"><span class='ocrx_word' id='word_1_625' title='bbox 118 2975 190 3016; x_wconf 90' lang='lat' dir='ltr'>Vir</span> <span class='ocrx_word' id='word_1_626' title='bbox 205 2974 282 3015; x_wconf 90' lang='lat' dir='ltr'>Dei</span> <span class='ocrx_word' id='word_1_627' title='bbox 300 2980 373 3023; x_wconf 84' lang='lat' dir='ltr'>est,</span> <span class='ocrx_word' id='word_1_628' title='bbox 395 2974 464 3028; x_wconf 92' lang='lat' dir='ltr'>qui</span> <span class='ocrx_word' id='word_1_629' title='bbox 481 2973 716 3015; x_wconf 87' lang='lat' dir='ltr'>inobediens</span> <span class='ocrx_word' id='word_1_630' title='bbox 735 2973 815 3014; x_wconf 78' lang='lat' dir='ltr'>fuit</span> <span class='ocrx_word' id='word_1_631' title='bbox 833 2972 891 3014; x_wconf 89' lang='lat' dir='ltr'>ori</span> <span class='ocrx_word' id='word_1_632' title='bbox 908 2972 1087 3021; x_wconf 86' lang='lat' dir='ltr'>Domini,</span> <span class='ocrx_word' id='word_1_633' title='bbox 1107 2971 1281 3013; x_wconf 88' lang='lat' dir='ltr'>tradidit</span> <span class='ocrx_word' id='word_1_634' title='bbox 1298 2984 1391 3012; x_wconf 88' lang='lat' dir='ltr'>eum</span> <span class='ocrx_word' id='word_1_635' title='bbox 1409 2969 1608 3011; x_wconf 89' lang='lat' dir='ltr'>Dominus</span> <span class='ocrx_word' id='word_1_636' title='bbox 1626 2967 1743 3016; x_wconf 86' lang='lat' dir='ltr'>leoni,</span> <span class='ocrx_word' id='word_1_637' title='bbox 1765 2972 1806 3008; x_wconf 93' lang='lat' dir='ltr'>et</span> <span class='ocrx_word' id='word_1_638' title='bbox 1823 2966 2022 3020; x_wconf 76' lang='lat' dir='ltr'>confregit</span> 
     </span>
     <span class='ocr_line' id='line_1_52' title="bbox 119 3025 2020 3085; baseline -0.005 -10"><span class='ocrx_word' id='word_1_639' title='bbox 119 3047 223 3083; x_wconf 89' lang='lat' dir='ltr'>eum,</span> <span class='ocrx_word' id='word_1_640' title='bbox 253 3038 294 3074; x_wconf 84' lang='grc'>01</span> <span class='ocrx_word' id='word_1_641' title='bbox 320 3032 469 3074; x_wconf 89' lang='lat' dir='ltr'>occidit</span> <span class='ocrx_word' id='word_1_642' title='bbox 494 3032 612 3073; x_wconf 87' lang='lat' dir='ltr'>iuxta</span> <span class='ocrx_word' id='word_1_643' title='bbox 637 3032 809 3073; x_wconf 87' lang='lat' dir='ltr'>Verbum</span> <span class='ocrx_word' id='word_1_644' title='bbox 835 3031 1013 3079; x_wconf 85' lang='lat' dir='ltr'>Domini,</span> <span class='ocrx_word' id='word_1_645' title='bbox 1044 3031 1154 3085; x_wconf 92' lang='lat' dir='ltr'>quod</span> <span class='ocrx_word' id='word_1_646' title='bbox 1178 3030 1340 3072; x_wconf 88' lang='lat' dir='ltr'>locutus</span> <span class='ocrx_word' id='word_1_647' title='bbox 1367 3034 1428 3070; x_wconf 92' lang='grc'>031</span> <span class='ocrx_word' id='word_1_648' title='bbox 1454 3028 1500 3068; x_wconf 91' lang='grc'>01.</span> <span class='ocrx_word' id='word_1_649' title='bbox 1555 3028 1589 3051; x_wconf 83' lang='lat'>2⁷</span> <span class='ocrx_word' id='word_1_650' title='bbox 1616 3025 1813 3080; x_wconf 87' lang='lat' dir='ltr'>Dixitque</span> <span class='ocrx_word' id='word_1_651' title='bbox 1841 3026 1893 3066; x_wconf 86' lang='lat' dir='ltr'>ad</span> <span class='ocrx_word' id='word_1_652' title='bbox 1919 3025 2020 3066; x_wconf 90' lang='lat' dir='ltr'>filios</span> 
     </span>
     <span class='ocr_line' id='line_1_53' title="bbox 118 3084 2021 3139; baseline -0.006 -5"><span class='ocrx_word' id='word_1_653' title='bbox 118 3106 229 3134; x_wconf 87' lang='lat' dir='ltr'>suos:</span> <span class='ocrx_word' id='word_1_654' title='bbox 249 3091 426 3134; x_wconf 85' lang='lat' dir='ltr'>Sternite</span> <span class='ocrx_word' id='word_1_655' title='bbox 442 3091 542 3132; x_wconf 91' lang='lat' dir='ltr'>mihi</span> <span class='ocrx_word' id='word_1_656' title='bbox 560 3091 731 3132; x_wconf 90' lang='lat' dir='ltr'>asinum.</span> <span class='ocrx_word' id='word_1_657' title='bbox 777 3090 856 3139; x_wconf 84' lang='lat' dir='ltr'>Qui</span> <span class='ocrx_word' id='word_1_658' title='bbox 873 3103 966 3131; x_wconf 91' lang='lat' dir='ltr'>cum</span> <span class='ocrx_word' id='word_1_659' title='bbox 983 3089 1236 3137; x_wconf 74' lang='lat' dir='ltr'>stravissent,</span> <span class='ocrx_word' id='word_1_660' title='bbox 1283 3089 1318 3113; x_wconf 78' lang='grc'>29</span> <span class='ocrx_word' id='word_1_661' title='bbox 1336 3092 1376 3129; x_wconf 87' lang='grc'>01</span> <span class='ocrx_word' id='word_1_662' title='bbox 1392 3087 1457 3127; x_wconf 91' lang='grc'><strong>1110</strong></span> <span class='ocrx_word' id='word_1_663' title='bbox 1475 3085 1652 3134; x_wconf 86' lang='lat' dir='ltr'>abiisset,</span> <span class='ocrx_word' id='word_1_664' title='bbox 1671 3084 1829 3125; x_wconf 84' lang='lat' dir='ltr'>invenit</span> <span class='ocrx_word' id='word_1_665' title='bbox 1846 3084 2021 3124; x_wconf 86' lang='lat' dir='ltr'>cadaver</span> 
     </span>
     <span class='ocr_line' id='line_1_54' title="bbox 119 3141 2021 3205; baseline -0.005 -13"><span class='ocrx_word' id='word_1_666' title='bbox 119 3151 202 3193; x_wconf 90' lang='lat' dir='ltr'>eius</span> <span class='ocrx_word' id='word_1_667' title='bbox 231 3150 458 3205; x_wconf 90' lang='lat' dir='ltr'>proiectum</span> <span class='ocrx_word' id='word_1_668' title='bbox 485 3149 528 3190; x_wconf 91' lang='lat' dir='ltr'>in</span> <span class='ocrx_word' id='word_1_669' title='bbox 555 3149 635 3199; x_wconf 89' lang='grc'><strong>1113,</strong></span> <span class='ocrx_word' id='word_1_670' title='bbox 666 3154 708 3190; x_wconf 88' lang='grc'>01</span> <span class='ocrx_word' id='word_1_671' title='bbox 736 3149 896 3190; x_wconf 88' lang='lat' dir='ltr'>asinum</span> <span class='ocrx_word' id='word_1_672' title='bbox 925 3154 966 3190; x_wconf 90' lang='lat' dir='ltr'>et</span> <span class='ocrx_word' id='word_1_673' title='bbox 993 3148 1151 3189; x_wconf 89' lang='lat' dir='ltr'>leonem</span> <span class='ocrx_word' id='word_1_674' title='bbox 1180 3152 1336 3188; x_wconf 88' lang='lat' dir='ltr'>stantes</span> <span class='ocrx_word' id='word_1_675' title='bbox 1365 3145 1482 3186; x_wconf 89' lang='lat' dir='ltr'>iuxta</span> <span class='ocrx_word' id='word_1_676' title='bbox 1510 3144 1702 3185; x_wconf 81' lang='lat' dir='ltr'>cadaver:</span> <span class='ocrx_word' id='word_1_677' title='bbox 1733 3156 1814 3185; x_wconf 89' lang='lat' dir='ltr'>non</span> <span class='ocrx_word' id='word_1_678' title='bbox 1843 3141 2021 3184; x_wconf 90' lang='lat' dir='ltr'>comedit</span> 
     </span>
     <span class='ocr_line' id='line_1_55' title="bbox 117 3201 2021 3260; baseline -0.005 -10"><span class='ocrx_word' id='word_1_679' title='bbox 117 3210 179 3252; x_wconf 91' lang='lat' dir='ltr'>leo</span> <span class='ocrx_word' id='word_1_680' title='bbox 208 3210 257 3251; x_wconf 93' lang='lat' dir='ltr'>de</span> <span class='ocrx_word' id='word_1_681' title='bbox 286 3210 495 3257; x_wconf 88' lang='lat' dir='ltr'>cadavere,</span> <span class='ocrx_word' id='word_1_682' title='bbox 526 3222 599 3250; x_wconf 89' lang='lat' dir='ltr'>nec</span> <span class='ocrx_word' id='word_1_683' title='bbox 626 3207 730 3249; x_wconf 87' lang='lat' dir='ltr'>laesit</span> <span class='ocrx_word' id='word_1_684' title='bbox 758 3207 929 3248; x_wconf 90' lang='lat' dir='ltr'>asinum.</span> <span class='ocrx_word' id='word_1_685' title='bbox 987 3209 1022 3231; x_wconf 87' lang='grc'>29</span> <span class='ocrx_word' id='word_1_686' title='bbox 1050 3206 1161 3247; x_wconf 91' lang='lat' dir='ltr'>Tulit</span> <span class='ocrx_word' id='word_1_687' title='bbox 1189 3219 1280 3260; x_wconf 88' lang='lat' dir='ltr'>ergo</span> <span class='ocrx_word' id='word_1_688' title='bbox 1309 3204 1527 3259; x_wconf 86' lang='lat' dir='ltr'>prophetes</span> <span class='ocrx_word' id='word_1_689' title='bbox 1556 3203 1731 3244; x_wconf 90' lang='lat' dir='ltr'>cadaver</span> <span class='ocrx_word' id='word_1_690' title='bbox 1757 3201 1833 3242; x_wconf 86' lang='lat' dir='ltr'>viri</span> <span class='ocrx_word' id='word_1_691' title='bbox 1861 3201 1948 3247; x_wconf 79' lang='lat' dir='ltr'>Dei,</span> <span class='ocrx_word' id='word_1_692' title='bbox 1980 3205 2021 3241; x_wconf 91' lang='grc'>01</span> 
     </span>
     <span class='ocr_line' id='line_1_56' title="bbox 117 3259 2020 3323; baseline -0.006 -13"><span class='ocrx_word' id='word_1_693' title='bbox 117 3269 256 3323; x_wconf 91' lang='lat' dir='ltr'>posuit</span> <span class='ocrx_word' id='word_1_694' title='bbox 270 3268 370 3309; x_wconf 83' lang='lat' dir='ltr'>iuud</span> <span class='ocrx_word' id='word_1_695' title='bbox 385 3281 506 3323; x_wconf 88' lang='lat' dir='ltr'>super</span> <span class='ocrx_word' id='word_1_696' title='bbox 520 3267 692 3316; x_wconf 89' lang='lat' dir='ltr'>asinum,</span> <span class='ocrx_word' id='word_1_697' title='bbox 710 3272 752 3308; x_wconf 90' lang='lat' dir='ltr'>et</span> <span class='ocrx_word' id='word_1_698' title='bbox 765 3279 948 3308; x_wconf 86' lang='lat' dir='ltr'>reversus</span> <span class='ocrx_word' id='word_1_699' title='bbox 965 3265 1105 3306; x_wconf 84' lang='lat' dir='ltr'>intulit</span> <span class='ocrx_word' id='word_1_700' title='bbox 1120 3265 1161 3305; x_wconf 90' lang='lat' dir='ltr'>in</span> <span class='ocrx_word' id='word_1_701' title='bbox 1177 3265 1389 3306; x_wconf 85' lang='lat' dir='ltr'>civitatem</span> <span class='ocrx_word' id='word_1_702' title='bbox 1404 3261 1615 3316; x_wconf 87' lang='lat' dir='ltr'>prophetae</span> <span class='ocrx_word' id='word_1_703' title='bbox 1629 3260 1733 3302; x_wconf 85' lang='lat' dir='ltr'>senis</span> <span class='ocrx_word' id='word_1_704' title='bbox 1749 3265 1796 3301; x_wconf 89' lang='lat' dir='ltr'>ut</span> <span class='ocrx_word' id='word_1_705' title='bbox 1810 3259 2020 3313; x_wconf 80' lang='lat' dir='ltr'>plangeret</span> 
     </span>
     <span class='ocr_line' id='line_1_57' title="bbox 119 3317 2017 3381; baseline -0.007 -12"><span class='ocrx_word' id='word_1_706' title='bbox 119 3341 223 3369; x_wconf 90' lang='lat' dir='ltr'>eum.</span> <span class='ocrx_word' id='word_1_707' title='bbox 279 3329 316 3353; x_wconf 85' lang='lat'>³⁰</span> <span class='ocrx_word' id='word_1_708' title='bbox 343 3327 398 3368; x_wconf 92' lang='lat' dir='ltr'>Et</span> <span class='ocrx_word' id='word_1_709' title='bbox 425 3327 564 3381; x_wconf 90' lang='lat' dir='ltr'>posuit</span> <span class='ocrx_word' id='word_1_710' title='bbox 592 3325 767 3367; x_wconf 85' lang='lat' dir='ltr'>cadaver</span> <span class='ocrx_word' id='word_1_711' title='bbox 794 3324 877 3366; x_wconf 90' lang='lat' dir='ltr'>eius</span> <span class='ocrx_word' id='word_1_712' title='bbox 905 3324 947 3365; x_wconf 92' lang='lat' dir='ltr'>in</span> <span class='ocrx_word' id='word_1_713' title='bbox 975 3324 1187 3378; x_wconf 87' lang='lat' dir='ltr'>sepulchro</span> <span class='ocrx_word' id='word_1_714' title='bbox 1216 3336 1306 3364; x_wconf 90' lang='lat' dir='ltr'>suo:</span> <span class='ocrx_word' id='word_1_715' title='bbox 1337 3327 1377 3363; x_wconf 89' lang='lat' dir='ltr'>et</span> <span class='ocrx_word' id='word_1_716' title='bbox 1404 3321 1653 3376; x_wconf 87' lang='lat' dir='ltr'>planxerunt</span> <span class='ocrx_word' id='word_1_717' title='bbox 1680 3332 1790 3360; x_wconf 89' lang='lat' dir='ltr'>eum:</span> <span class='ocrx_word' id='word_1_718' title='bbox 1821 3318 1912 3358; x_wconf 91' lang='lat' dir='ltr'>Heu</span> <span class='ocrx_word' id='word_1_719' title='bbox 1940 3317 2017 3357; x_wconf 89' lang='lat' dir='ltr'>heu</span> 
     </span>
     <span class='ocr_line' id='line_1_58' title="bbox 117 3375 2014 3439; baseline -0.007 -11"><span class='ocrx_word' id='word_1_720' title='bbox 117 3386 174 3427; x_wconf 88' lang='lat' dir='ltr'>mi</span> <span class='ocrx_word' id='word_1_721' title='bbox 199 3386 336 3428; x_wconf 79' lang='lat' dir='ltr'>frater.</span> <span class='ocrx_word' id='word_1_722' title='bbox 391 3387 423 3410; x_wconf 78' lang='lat'>³1</span> <span class='ocrx_word' id='word_1_723' title='bbox 450 3385 634 3439; x_wconf 90' lang='lat' dir='ltr'>Cumque</span> <span class='ocrx_word' id='word_1_724' title='bbox 659 3383 914 3438; x_wconf 84' lang='lat' dir='ltr'>planxissent</span> <span class='ocrx_word' id='word_1_725' title='bbox 940 3397 1045 3433; x_wconf 89' lang='grc'><strong>011111,</strong></span> <span class='ocrx_word' id='word_1_726' title='bbox 1074 3382 1180 3424; x_wconf 90' lang='lat' dir='ltr'>dixit</span> <span class='ocrx_word' id='word_1_727' title='bbox 1206 3381 1258 3423; x_wconf 86' lang='lat' dir='ltr'>ad</span> <span class='ocrx_word' id='word_1_728' title='bbox 1284 3380 1385 3422; x_wconf 90' lang='lat' dir='ltr'>filios</span> <span class='ocrx_word' id='word_1_729' title='bbox 1412 3393 1524 3421; x_wconf 87' lang='lat' dir='ltr'>suos:</span> <span class='ocrx_word' id='word_1_730' title='bbox 1552 3379 1653 3420; x_wconf 93' lang='lat' dir='ltr'>Cum</span> <span class='ocrx_word' id='word_1_731' title='bbox 1680 3382 1864 3419; x_wconf 87' lang='lat' dir='ltr'>mortuus</span> <span class='ocrx_word' id='word_1_732' title='bbox 1890 3375 2014 3422; x_wconf 78' lang='lat' dir='ltr'>suem,</span> 
     </span>
    </p>
   </div>
   <div class='ocr_carea' id='block_1_8' title="bbox 251 3511 645 3558">
    <p class='ocr_par' dir='ltr' id='par_1_9' title="bbox 251 3511 645 3558">
     <span class='ocr_line' id='line_1_59' title="bbox 251 3511 645 3558; baseline 0 -12"><span class='ocrx_word' id='word_1_733' title='bbox 251 3512 304 3553; x_wconf 81' lang='lat'>13,</span> <span class='ocrx_word' id='word_1_734' title='bbox 328 3511 349 3545; x_wconf 85' lang='lat'><em>2</em></span> <span class='ocrx_word' id='word_1_735' title='bbox 373 3512 412 3545; x_wconf 69' lang='lat'>22</span> <span class='ocrx_word' id='word_1_736' title='bbox 438 3512 491 3558; x_wconf 78' lang='lat' dir='ltr'>Rg</span> <span class='ocrx_word' id='word_1_737' title='bbox 515 3513 568 3554; x_wconf 86' lang='lat'>23,</span> <span class='ocrx_word' id='word_1_738' title='bbox 593 3512 645 3547; x_wconf 83' lang='lat'>16.</span> 
     </span>
    </p>
   </div>
   <div class='ocr_carea' id='block_1_9' title="bbox 383 3475 461 3477">
    <p class='ocr_par' dir='ltr' id='par_1_10' title="bbox 383 3475 461 3477">
     <span class='ocr_line' id='line_1_60' title="bbox 383 3475 461 3477; baseline 0 0"><span class='ocrx_word' id='word_1_739' title='bbox 383 3475 461 3477; x_wconf 95' lang='lat' dir='ltr'> </span> 
     </span>
    </p>
   </div>
   <div class='ocr_carea' id='block_1_10' title="bbox 2043 1439 2215 1573">
    <p class='ocr_par' dir='ltr' id='par_1_11' title="bbox 2043 1439 2215 1469">
     <span class='ocr_line' id='line_1_61' title="bbox 2043 1439 2215 1469; baseline 0.006 -6"><span class='ocrx_word' id='word_1_740' title='bbox 2043 1439 2215 1469; x_wconf 70' lang='lat' dir='ltr'>prophetam</span> 
     </span>
    </p>

    <p class='ocr_par' dir='ltr' id='par_1_12' title="bbox 2045 1474 2211 1573">
     <span class='ocr_line' id='line_1_62' title="bbox 2045 1474 2211 1499; baseline 0 0"><span class='ocrx_word' id='word_1_741' title='bbox 2045 1474 2211 1499; x_wconf 80' lang='lat' dir='ltr'>inobedien—</span> 
     </span>
     <span class='ocr_line' id='line_1_63' title="bbox 2065 1509 2191 1535; baseline -0.008 -1"><span class='ocrx_word' id='word_1_742' title='bbox 2065 1510 2125 1535; x_wconf 77' lang='lat' dir='ltr'>tem</span> <span class='ocrx_word' id='word_1_743' title='bbox 2148 1509 2191 1535; x_wconf 78' lang='lat' dir='ltr'>leo</span> 
     </span>
     <span class='ocr_line' id='line_1_64' title="bbox 2068 1545 2188 1573; baseline 0 -4"><span class='ocrx_word' id='word_1_744' title='bbox 2068 1545 2173 1569; x_wconf 77' lang='lat' dir='ltr'>occidit</span> <span class='ocrx_word' id='word_1_745' title='bbox 2183 1553 2188 1573; x_wconf 87' lang='grc'>;</span> 
     </span>
    </p>
   </div>
  </div>
 </body>
</html>
