2356 3760
100 96 153 132 30,
182 94 326 133 15231,
354 94 394 127 13
862 91 1266 126 PARALIPOMENON
1916 102 1992 142 393

107 187 333 235 ierusalem,
372 193 495 240 atque
529 186 727 227 universa,
764 184 804 224 in
840 185 987 238 quibus
1019 185 1135 226 idolis
1170 185 1409 226 adolebatur
1442 187 1660 233 incensum,
1697 192 1988 242 subvertentes,

102 247 358 301 proiecerunt.
378 246 418 286 in
440 246 674 286 Torrentem
696 243 855 284 cedron.
905 245 936 267 1⁵
957 243 1279 284 Immolaverunt
1300 250 1435 285 autem
1457 245 1586 285 Phase
1608 250 1910 298 quartadecima
1929 251 1991 292 die

104 306 252 347 mensis
281 304 457 345 secundi.
488 302 725 343 Sacerdotes
755 314 927 354 quoque.
960 307 1083 354 atque
1112 302 1265 342 Levitae
1294 304 1460 343 tandem
1490 304 1729 345 sanctificati
1760 307 1993 349 obtulerunt

103 364 343 406 holocausta
370 364 408 403 in
437 362 556 401 domo
584 360 768 400 Domini:
824 361 858 384 ¹⁶
884 361 1176 412 Steteruntque
1203 361 1243 400 in
1271 362 1408 401 ordine
1436 375 1506 402 suo
1536 362 1651 403 iuxta
1677 364 1990 417 dispositionem,

104 430 145 464 et
167 423 295 476 legem
316 420 445 473 Moysi
467 418 640 459 hominis
662 418 755 458 Dei:
778 418 1015 459 Sacerdotes
1037 431 1131 459 vero
1153 420 1425 472 suscipiebant
1448 420 1738 461 effundendum
1760 424 1994 471 sanguinem

105 483 153 523 de
179 481 367 522 manibus
392 478 640 520 Levitarum,
694 478 726 500 ¹⁷
752 490 797 517 eo
824 477 932 530 quod
957 477 1088 517 multa
1112 477 1234 517 turba
1257 478 1511 519 sanctificata
1535 492 1613 519 nou
1639 486 1759 521 esset:
1786 486 1826 521 et
1850 481 1994 522 idcirco

106 540 363 582 immolarent
386 537 539 577 Levitae
562 535 692 575 Phase
714 536 787 579 his,
814 536 881 589 qui
905 549 985 576 non
1010 541 1267 576 occurrerant
1290 537 1531 577 sanctificari
1554 538 1741 579 Domino.
1793 541 1827 563 18
1850 540 1998 589 Magna

105 600 226 640 etiam
247 609 340 650 pars
359 595 496 649 populi
517 595 565 635 de
584 594 791 647 Ephraim.
813 600 853 635 et
870 594 1067 637 Manasse,
1089 600 1129 634 et
1150 594 1343 638 Issachar,
1365 601 1405 635 et
1424 595 1615 640 Zabulon,
1638 610 1725 649 quae
1744 598 1998 638 sanctificata

104 669 184 697 non
204 656 350 698 fuerat.
374 654 549 695 comedit
569 653 711 696 Phase.
734 666 813 694 non
834 653 950 693 iuxta
970 653 1079 706 quod
1098 653 1293 706 scriptum
1315 659 1393 693 est:
1415 660 1455 693 et
1475 655 1607 694 oravit
1626 668 1696 707 pro
1717 656 1770 695 eis
1791 656 1994 701 Ezechias,

104 715 258 756 dicens:
286 713 487 754 Dominus
512 712 642 752 bonus
667 711 957 765 propitiabitur
1009 714 1043 735 ¹⁹
1068 712 1235 759 eunctis,
1265 712 1332 764 qui
1358 712 1398 751 in
1425 718 1512 753 toto
1539 714 1657 753 corde
1682 714 1892 766 requirunt
1916 715 1998 755 Do-

104 774 260 814 minum
284 773 418 813 Deum
442 776 607 824 patrum
632 783 814 811 suorum:
841 776 882 811 et
905 783 986 811 non
1011 770 1233 823 imputabit
1257 770 1310 810 eis
1336 771 1444 823 quod
1469 771 1601 811 minus
1625 772 1866 812 sanctificati
1889 778 1995 813 sunt.

104 834 142 857 20
169 833 296 880 Quem
326 829 537 871 exaudivit
564 829 775 872 Dominus.
807 834 848 870 et
875 828 1061 882 placatus
1089 834 1150 869 est
1176 829 1338 882 populo.
1396 831 1425 853 2¹
1456 829 1735 883 Feceruntque
1763 830 1832 870 filii
1862 830 1995 875 Israel,

106 891 174 944 qui
202 889 357 930 inventi
384 895 480 929 sunt
505 888 546 928 in
576 888 804 931 Ierusalem.
835 887 1149 929 sollemnitatem
1178 901 1412 941 azymorum
1441 893 1595 941 septem
1624 889 1765 929 diebus
1792 889 1831 929 in
1858 889 2000 929 laetitia

105 962 265 1002 magna.
295 948 509 988 laudantes
536 947 758 987 Dominum
786 960 857 999 per
884 947 1060 996 singulos
1087 947 1188 987 dies:
1218 947 1371 987 Levitae
1399 960 1571 1000 quoque,
1601 952 1641 987 et
1668 948 1904 988 Sacerdotes
1931 960 2002 1000 per

105 1021 268 1061 organa,
299 1019 387 1060 quae
414 1020 485 1047 3110
513 1005 644 1046 officio
672 1006 960 1058 congruebant.
1017 1008 1048 1030 ²²
1075 1006 1130 1046 Et
1155 1005 1314 1047 locutus
1341 1011 1402 1046 est
1428 1006 1620 1046 Ezechias
1649 1007 1699 1047 ad
1726 1020 1793 1047 001
1820 1006 2001 1047 011111111111

106 1067 355 1110 Levitarum,
395 1065 463 1118 qui
499 1065 708 1105 habebant
745 1064 1052 1118 intelligentiam
1089 1065 1239 1105 bonam
1277 1078 1395 1117 super
1430 1065 1624 1105 Domino:
1663 1070 1704 1105 et
1740 1065 2003 1106 comederunt

108 1130 262 1178 septem
289 1125 430 1165 diebus
454 1123 748 1167 sollemnitatis,
775 1123 1031 1164 immolantes
1055 1123 1242 1163 victimas
1266 1124 1536 1176 pacificorum,
1563 1129 1604 1163 et
1626 1123 1839 1164 laudantes
1862 1123 2001 1165 Domi-

106 1197 203 1225 num
233 1184 365 1224 Deum
395 1188 558 1236 patrum
589 1195 764 1223 suorum.

211 1245 243 1268 2³
275 1242 514 1295 Placuitque
548 1241 743 1281 universae
776 1241 1029 1282 multitudini
1062 1246 1109 1281 ut
1141 1241 1389 1281 celebrarent
1421 1240 1544 1281 etiam
1578 1240 1675 1281 alios
1708 1241 1791 1281 dies
1823 1246 1995 1294 septem:
2028 1239 2181 1306 Οὲᾖὲξᾏῑξζὲ

109 1302 218 1355 1111011
240 1307 279 1342 ct
302 1302 485 1341 fecerunt
507 1313 597 1340 cum
620 1300 772 1353 ingenti
793 1300 952 1353 gaudio.
1003 1301 1034 1323 '24
1056 1299 1249 1339 Ezechias
1271 1299 1376 1339 enim
1399 1312 1468 1339 rex
1494 1299 1595 1339 luda
1615 1300 1843 1352 praebuerat
1863 1299 1999 1339 multi·
2161 1294 2168 1305 ’

108 1361 241 1401 tudini
263 1359 370 1400 mille
393 1364 542 1402 tauros,
567 1364 607 1399 et
629 1364 783 1410 septem
807 1358 932 1397 millia
953 1358 1109 1398 ovium:
1133 1357 1332 1410 principes
1354 1370 1448 1398 vero
1472 1358 1668 1398 dederant
1689 1358 1838 1411 populo
1862 1363 2000 1398 tauros

108 1419 227 1463 mille,
259 1425 295 1458 et
327 1430 422 1459 oves
450 1418 587 1457 decem
616 1416 758 1456 millia:
789 1416 1045 1456 sanctificata
1072 1422 1131 1456 est
1161 1429 1251 1469 ergo
1281 1417 1536 1457 sacerdotum
1566 1416 1740 1470 plurima
1767 1416 1999 1457 multitudo.

108 1480 140 1502 ²5
170 1478 223 1517 Et
252 1476 458 1516 hilaritate
487 1476 650 1528 perfusa
679 1475 808 1515 01111113
838 1476 959 1515 turba
990 1475 1091 1515 Iuda
1121 1481 1206 1515 tam
1236 1475 1499 1516 Sacerdotum
1531 1482 1571 1515 et
1599 1475 1847 1523 Levitarum‚
1880 1488 2002 1529 quam

110 1536 306 1576 universte
328 1534 578 1587 frequentiae.
605 1547 693 1587 (11110
716 1540 884 1574 venerat
907 1547 955 1574 ex
981 1533 1121 1581 Israel;
1146 1534 1442 1587 proselytorum
1467 1548 1627 1588 quoque
1651 1535 1699 1575 de
1723 1535 1845 1575 Terra
1868 1533 2001 1582 1311101,

109 1601 148 1635 et
178 1594 456 1634 habitantium
486 1593 525 1633 in
558 1593 670 1633 1111111.
728 1594 763 1617 ⁴³⁶
791 1593 998 1646 Factaque
1028 1598 1088 1633 est
1115 1593 1278 1643 grandis
1307 1592 1517 1633 celebritas
1546 1594 1584 1633 111
1616 1593 1843 1637 1011131110111,
1876 1592 2005 1646 qualis

109 1667 128 1693 a
158 1653 300 1694 diebus
325 1652 550 1693 Salomonis
576 1652 645 1691 filii
672 1652 807 1692 David
834 1652 933 1701 101113
963 1652 1083 1692 Israel
1109 1652 1148 1691 in
1176 1665 1223 1692 ea.
1248 1652 1345 1692 urbe
1371 1665 1451 1693 non
1477 1652 1621 1693 fuerat.
1676 1654 1709 1676 2⁷
1736 1653 2005 1693 Surrexerunt

109 1718 246 1752 autem
273 1712 509 1752 Sacerdotes
537 1716 660 1764 atque
686 1711 839 1751 Levitae
866 1711 1147 1751 benedicentes
1173 1710 1340 1763 populo:
1368 1716 1409 1751 et
1434 1711 1629 1751 exaudita
1653 1716 1714 1752 est
1738 1724 1820 1752 vox
1845 1723 2000 1752 eorum:

109 1770 373 1824 pervenitque
403 1770 531 1811 oratio
562 1770 601 1809 in
630 1769 909 1810 habitaculum
940 1774 1126 1810 sanctum
1157 1769 1251 1810 01011.

213 1828 275 1872 31.
332 1831 343 1853 1
379 1829 561 1882 Cumque
595 1829 678 1869 11100
713 1829 882 1869 fuissent
916 1829 990 1869 rite
1025 1828 1238 1873 celebrata,
1276 1842 1453 1882 egressus
1488 1834 1548 1869 est
1582 1828 1712 1870 omnis
1748 1828 1881 1877 Israel,
1934 1827 2001 1881 qui
2030 1829 2173 1890 igovlgrjjssn

109 1889 298 1929 inventus
333 1889 465 1928 fuerat
502 1888 540 1927 in
577 1888 743 1928 urbibus
781 1887 893 1931 luda,
931 1894 969 1927 et
1006 1888 1209 1940 fregerunt
1245 1887 1469 1932 simulacra,
1507 1887 1843 1941 succideruntque
1877 1887 1999 1934 lucos,
2177 1883 2184 1894 '

109 1947 290 1988 demoliti
323 1952 416 1987 sunt
451 1946 617 1991 excelsa,
653 1952 692 1986 et
725 1946 868 1986 altaria
902 1946 1202 1989 destruxerunt,
1252 1960 1331 1987 11011
1365 1946 1494 1987 30111111
1527 1947 1575 1987 110
1608 1947 1794 1987 universo
1829 1946 1933 1986 Iuda
1963 1950 2004 1986 et

110 2006 334 2050 Beniamin.
359 2005 428 2045 sed
450 2011 491 2045 et
513 2005 561 2045 de
584 2005 779 2057 Ephraim
803 2018 964 2058 quoque
986 2010 1027 2045 et
1048 2005 1246 2049 Manasse,
1271 2005 1397 2046 donec
1421 2005 1580 2058 penitus
1604 2010 1849 2045 everterent:
1873 2017 2003 2045 rever-

109 2065 220 2118 sique
251 2070 347 2104 suut
377 2076 515 2104 omnes
546 2063 613 2103 filii
651 2063 767 2103 lsrael
798 2064 837 2103 in
869 2064 1136 2116 possessiones
1167 2070 1208 2103 et
1238 2064 1424 2104 civitates
1455 2077 1558 2104 suas.

212 2125 227 2147 2
255 2122 448 2163 Ezechias
477 2127 613 2163 autem
643 2122 855 2163 constituit
886 2128 1041 2163 tunnas
1069 2122 1359 2170 Sacerdotales,
1391 2128 1431 2163 et
1460 2122 1661 2163 Leviticas
1690 2135 1760 2175 per
1787 2122 2002 2163 divisiones
2016 2119 2199 2179 ξέζζξὲζῗζξξ,

108 2195 211 2225 suas.
250 2195 582 2235 unumquemque
618 2181 659 2221 in
696 2181 826 2222 officio
864 2181 1037 2234 proprio,
1077 2186 1163 2221 tam
1201 2181 1467 2222 Sacerdotum
1504 2181 1691 2222 videlicet
1728 2194 1851 2234 quam
1887 2181 2002 2222 Levi·
2024 2190 2054 2215 et
2076 2190 2191 2214 Levita-

109 2249 243 2282 tarum
272 2242 323 2282 ad
350 2240 598 2283 holocausta,
628 2246 667 2281 et
695 2240 864 2293 pacifica
890 2244 935 2281 ut
963 2240 1243 2281 ministrarent
1270 2245 1310 2280 et
1337 2240 1637 2287 confiterentur,
1667 2245 1937 2293 canerentque
1964 2240 2004 2279 in
2076 2230 2150 2249 rum'

109 2300 236 2354 portis
262 2305 485 2340 castrorum
512 2299 688 2340 Domini.
743 2301 758 2323 3
784 2299 882 2339 Pars
909 2305 1045 2339 autem
1072 2299 1174 2352 regis
1200 2305 1297 2343 erat,
1327 2304 1373 2339 ut
1399 2299 1447 2339 (10
1474 2299 1636 2352 propria
1661 2299 1743 2339 eius
1770 2299 2002 2339 substantia

109 2360 320 2400 offerretur
350 2358 645 2403 holocaustum,
680 2371 799 2398 mane
831 2371 987 2411 semper
1019 2364 1059 2399 et
1090 2371 1265 2411 vespere.
1301 2358 1490 2399 Sabbatis
1524 2371 1696 2411 quoque,
1731 2362 1771 2398 et
1803 2357 1998 2400 Calendis.

110 2423 151 2459 et
182 2417 523 2459 sollemnitatibus
556 2417 708 2463 ceteris,
743 2417 847 2457 sieut
879 2417 1073 2470 scriptum
1107 2422 1168 2457 est
1200 2417 1239 2457 in
1272 2417 1356 2470 lege
1388 2417 1529 2470 Moysi.
1605 2419 1620 2441 4
1652 2417 1849 2470 Praecepit
1881 2416 2004 2457 etiam

109 2477 259 2530 populo
279 2476 557 2517 habitantium
580 2475 797 2516 Ierusalem
818 2480 864 2516 ut
884 2476 1029 2516 darent
1049 2481 1184 2529 partes
1205 2476 1503 2519 Sacerdotibus.
1526 2480 1566 2516 et
1586 2475 1751 2519 Levitis,
1774 2480 1821 2515 ut
1840 2479 2005 2528 possent

110 2549 255 2576 vacare
278 2535 355 2589 legi
379 2535 555 2576 Domini.
609 2537 623 2559 ⁵
648 2535 766 2583 Quod
792 2548 882 2575 cum
909 2535 1220 2588 percrebruisset
1245 2536 1284 2575 in
1311 2535 1474 2575 auribus
1499 2534 1785 2583 multitudinis,
1811 2534 2005 2587 plurimas

111 2594 292 2636 obtulere
322 2594 522 2648 primitias
553 2593 623 2634 filii
656 2593 777 2634 Israel
807 2594 1013 2637 frumenti,
1047 2594 1142 2637 vini,
1176 2599 1217 2634 et
1247 2593 1333 2639 olei,
1366 2593 1493 2634 mellis
1526 2607 1703 2647 quoque:
1737 2598 1778 2633 et
1808 2593 2001 2641 omnium,

111 2667 201 2707 quae
219 2653 346 2707 gignit
366 2653 526 2697 humus,
550 2653 726 2693 decimas
746 2652 994 2693 obtulerunt.
1046 2655 1061 2676 ‘⁵
1080 2653 1158 2693 Sed
1179 2658 1219 2693 et
1239 2652 1307 2693 filii
1330 2652 1451 2693 1311101
1472 2658 1512 2692 et
1535 2652 1647 2701 luda,
1672 2651 1739 2704 qui
1758 2651 2004 2691 habitabant

111 2712 149 2752 in
175 2713 343 2753 urbibus
369 2712 482 2757 luda.
510 2711 745 2753 obtulerunt
771 2711 947 2752 decimas
972 2712 1095 2752 boum
1120 2719 1161 2752 et
1185 2712 1335 2756 ovium,
1363 2711 1618 2764 decimasque
1643 2715 1887 2754 sanctorum,
1916 2722 2005 2763 quae

110 2778 309 2812 voverant
337 2771 513 2812 Domino
541 2771 627 2811 Deo
657 2784 746 2811 suo:
777 2775 900 2823 atque
928 2771 1117 2811 universa
1143 2776 1366 2823 portantes,
1396 2770 1579 2810 fecerunt
1606 2782 1769 2809 acervos
1796 2768 2001 2821 plurimos.

113 2831 127 2853 ⁷
151 2830 287 2870 Mense
312 2830 431 2871 tertio
457 2835 668 2883 coeperunt
693 2842 927 2870 acervorum
953 2829 1080 2869 iacere
1103 2829 1384 2871 fundamenta,
1412 2834 1452 2869 et
1476 2841 1610 2868 mense
1635 2827 1806 2881 septimo
1832 2826 2004 2880 comple-

111 2894 258 2929 verunt
275 2902 353 2930 eos,
401 2890 417 2912 ⁸
433 2889 615 2942 Cumque
633 2887 797 2941 ingressi
814 2888 985 2928 fuissent
1003 2888 1208 2934 Ezechias,
1228 2894 1268 2929 et
1286 2888 1485 2941 principes
1503 2888 1596 2934 eius,
1618 2886 1809 2927 viderunt
1826 2898 2002 2935 acervos,

111 2953 150 2988 et
174 2947 469 2988 benedixerunt
489 2947 666 2988 Domino
691 2960 736 2987 ac
759 2946 908 2999 populo
934 2946 1067 2987 Israel.
1122 2948 1137 2971 ⁹
1161 2947 1514 3000 Interrogavitque
1537 2945 1730 2985 Ezechias
1753 2945 2002 2993 Sacerdotes,

111 3011 152 3047 et
178 3006 343 3047 Levitas
372 3019 442 3047 0111
468 3006 528 3046 ita
554 3006 731 3046 iacerent
759 3005 902 3046 acervi.
960 3007 996 3030 1⁰
1024 3006 1251 3059 Respondit
1279 3005 1333 3045 illi
1361 3005 1526 3045 Azarias
1554 3004 1747 3045 Sacerdos
1775 3003 1927 3057 primus
1956 3003 2005 3043 de

111 3065 235 3118 stirpe
252 3065 393 3109 Sadoc,
414 3064 567 3105 dicens:
587 3065 650 3105 Ex
669 3078 747 3117 quo
766 3069 977 3117 coeperunt
995 3064 1127 3105 offerri
1145 3064 1333 3117 primitiae
1349 3064 1389 3103 in
1407 3064 1527 3104 domo
1545 3063 1722 3111 Domini,
1742 3061 2001 3109 001110111111113,

110 3130 149 3164 et
177 3124 350 3164 saturati
377 3136 527 3165 sumus.
557 3128 597 3163 et
622 3128 904 3163 remanserunt
930 3123 1115 3176 plurima,
1145 3136 1189 3164 eo
1218 3123 1327 3176 quod
1353 3121 1604 3162 benedixerit
1629 3121 1828 3162 Dominus
1854 3119 2004 3173 populo

111 3195 200 3223 suo:
229 3182 489 3236 reliquiarum
519 3188 656 3222 autem
684 3182 801 3235 copia
827 3187 888 3222 est
914 3182 1004 3226 ista.
1036 3195 1158 3235 quam
1187 3181 1324 3222 cernis.
1382 3182 1413 3204 11
1440 3180 1636 3234 Praecepit
1664 3180 1786 3233 igitur
1811 3178 2005 3219 Ezechias

110 3247 157 3281 ut
184 3247 460 3294 praepararent
487 3241 631 3282 horrea
657 3241 698 3280 in
726 3241 846 3282 domo
875 3240 1052 3281 Domini.
1084 3240 1202 3289 Quod
1231 3253 1321 3280 eum
1350 3239 1549 3283 fecissent,
1606 3240 1638 3263 ¹2
1666 3238 1891 3278 intulerunt
1918 3242 2003 3276 tam

111 3299 321 3353 primitias,
349 3312 471 3353 quam
496 3300 684 3341 decimas.
711 3304 749 3339 et
775 3312 1040 3352 quaecumque
1064 3303 1275 3345 voverant,
1302 3297 1483 3338 fideliter.
1510 3298 1606 3338 Fuit
1631 3302 1767 3337 auteur
1791 3295 2002 3349 praefectus

110 3371 247 3399 eorum
281 3358 506 3399 Chonenias
538 3358 694 3399 Levita.
730 3364 770 3398 et
802 3358 931 3398 Semei
963 3358 1090 3398 frater
1121 3358 1216 3401 eius.
1252 3357 1462 3401 secundus.
1524 3358 1555 3381 ¹³
1586 3361 1679 3408 post
1712 3367 1831 3407 quem
1865 3350 1999 3397 Iahiel,

110 3423 150 3458 et
166 3417 343 3466 Azarias,
363 3423 404 3458 et
422 3417 600 3474 Nahaffl,
619 3422 659 3457 et
676 3416 806 3461 Asael,
826 3422 866 3457 et
885 3416 1090 3465 10111110111,
1112 3415 1289 3457 Iozabad
1307 3428 1480 3468 quoque,
1500 3420 1541 3455 et
1557 3414 1668 3462 ElieL
1689 3419 1729 3453 et
1747 3409 1997 3452 Iesmachias.
