2356 3760
67 354 241 383 Principibus

63 394 89 411 vr
103 389 242 413 ‹lix-itibus

77 432 132 448 non
147 424 230 449 unali·-

72 460 234 485 ¹licendum.

79 773 227 798 0100111111»

62 809 130 833 lwne
144 808 246 832 rach-u-

114 844 191 868 duni.

94 1136 213 1159 Strenue

89 1170 217 1195 laboran-

114 1206 192 1231 duni,

117 1434 195 1458 honis

74 1470 234 1494 fruendum.

81 1610 129 1635 sed
163 1617 228 1635 vum

64 1647 165 1671 simos-⁵
184 1646 242 1669 Dei.

78 1844 233 1873 praesertirn

82 1880 108 1904 iu
130 1879 229 1904 diebus<

71 1915 238 1940 iux-emtum.

126 2793 196 2817 [aus

83 2829 236 2858 sapienti-‘vn

106 3090 217 3107 >uinum

83 3126 111 3143 ssi
119 3120 192 3149 pient
199 3120 238 3143 ian

258 191 335 232 596
955 189 1100 223 LIBER
1133 189 1469 224 ECCLEsrAs'rEs
1885 193 1934 227 10.
1964 193 2104 234 16--12‚
2130 196 2171 229 14

511 282 550 324 5.
580 283 644 323 De
673 282 969 336 principibus,
1000 282 1217 323 divitibus
1247 283 1291 324 et
1321 283 1580 334 egentibus,
1611 284 1677 335 10,
1696 284 1868 336 16—11‚
1888 288 1926 327 3.

366 356 399 378 16
416 354 487 395 Vae
504 354 579 396 tibi
598 361 716 398 terra,
733 354 846 394 cuius
864 366 934 394 rex
950 367 1051 407 puer
1068 359 1140 398 031,
1161 360 1201 395 01
1219 354 1331 395 cuius
1349 355 1550 409 principes
1568 369 1688 396 mane
1706 358 1939 399 comedunt.
1987 361 2020 384 1⁷
2040 360 2171 402 Beata

264 422 379 456 terra.
393 413 506 454 cuius
518 427 588 453 rex
600 412 745 453 nobilis
761 418 833 455 est,
845 418 886 453 et
900 413 1014 453 cuius
1030 413 1230 466 principes
1247 420 1469 454 vescuntur
1483 414 1523 455 in
1538 420 1722 468 tempore
1737 429 1809 456 suo
1825 417 1877 457 ad
1891 417 2166 463 reficiendum,

261 478 300 513 et
324 485 405 513 000
425 473 476 513 ad
496 471 712 512 luxuriam.
761 473 794 496 1⁸
814 471 859 511 ln
877 470 1049 525 pigritiis
1065 471 1350 512 humiliabitur
1364 473 1628 525 contignatio,
1649 478 1689 514 et
1711 473 1752 514 in
1769 474 2008 517 infirmitate
2026 490 2169 519 manu-

262 545 329 572 um
348 531 593 584 perstillabit
611 531 768 571 domus.
816 532 851 554 1⁹
873 530 919 571 In
940 530 1064 571 risum
1083 531 1242 571 faciunt
1262 544 1423 584 panem.
1445 537 1486 573 et
1506 532 1646 573 vinum
1667 537 1713 573 ut
1730 532 1946 586 epulentur
1964 535 2168 577 viventes:

261 595 301 631 et
326 590 508 643 pecuniae
534 589 730 630 obediunt
758 589 905 630 omnia.
961 590 996 614 20
1023 589 1070 630 In
1097 589 1344 643 cogitatione
1370 595 1444 630 tua
1467 590 1549 644 regi
1576 604 1625 631 ne
1651 592 1855 641 detrahas,
1884 598 1925 634 et
1948 594 1990 635 in
2016 600 2169 637 secreto

260 648 432 690 cubiculi
465 648 525 689 tui
556 661 605 688 ne
636 648 892 689 maledixeris
924 648 1060 689 diviti:
1096 649 1192 702 quia
1221 654 1262 689 et
1294 662 1389 689 aves
1421 649 1504 690 caeli
1535 651 1763 703 portabunt
1794 664 1936 693 vocem
1967 658 2096 697 10010,
2130 658 2171 695 01

261 708 328 761 qui
359 708 483 748 habet
512 720 666 761 pennas
696 707 964 748 annunciabit
993 707 1251 748 sententiam.

365 767 428 809 11.
486 769 498 790 1
524 766 642 807 Mitte
668 780 816 820 panem
842 771 961 807 tuum
987 780 1107 820 super
1132 771 1389 807 transeuntes
1416 780 1561 821 aquas:
1590 769 1686 821 quia
1711 776 1804 822 post
1829 776 2016 824 tempora
2039 771 2172 812 multa

262 826 440 866 invenies
467 825 591 866 illum.
647 828 662 849 2
686 826 753 866 Da
777 831 936 879 partem
964 831 1132 879 septem,
1161 838 1318 867 necnon
1345 831 1386 867 et
1412 832 1523 868 octo:
1552 827 1649 880 quia
1673 827 1832 877 ignoras
1861 829 1959 882 quid
1984 830 2171 871 futurum

260 885 312 926 sit
334 884 430 925 mali
453 897 573 938 super
595 890 758 927 terram.
809 888 824 910 ³
847 885 887 926 Si
909 884 1073 939 repletae
1095 885 1247 925 fuerint
1268 885 1409 934 nubes,
1434 885 1605 926 imbrem
1629 899 1749 939 super
1770 892 1921 929 terram
1944 888 2169 931 effundent.

259 943 300 985 Si
327 944 515 985 ceciderit
541 944 693 997 lignum
722 944 773 985 ad
800 944 1009 988 Austrum.
1040 949 1111 985 aut
1138 944 1190 984 ad
1215 943 1472 997 Aquilonem,
1502 945 1541 985 in
1569 958 1828 999 quocumque
1854 947 1940 989 loco
1968 948 2168 993 ceciderit,

261 1003 315 1044 ibi
345 1003 431 1044 erit.

756 1062 794 1102 6.
825 1061 889 1102 De
919 1062 1024 1102 vitae
1054 1061 1354 1112 institutione,
1383 1063 1448 1113 11,
1468 1063 1620 1114 4-12,
1641 1064 1679 1103 8.

364 1136 379 1157 ⁴
398 1133 476 1181 Qui
495 1133 687 1174 observat
706 1138 889 1175 ventum.
910 1146 993 1173 non
1011 1132 1204 1174 seminat:
1225 1137 1266 1174 et
1285 1133 1353 1186 qui
1372 1133 1602 1175 considerat
1620 1134 1760 1181 nubes,
1781 1148 2008 1189 numquam
2028 1142 2167 1177 metet.

260 1195 275 1216 ⁵
296 1192 509 1241 Quomodo
531 1192 690 1245 ignoras
712 1205 802 1245 quae
822 1191 875 1232 sit
894 1191 962 1232 via
981 1192 1158 1245 spiritus,
1181 1197 1223 1232 et
1243 1205 1325 1246 qua
1344 1193 1500 1234 ratione
1522 1194 1836 1247 compingantur
1856 1208 1947 1236 ossa
1966 1195 2007 1236 in
2028 1200 2170 1236 ventre

261 1251 525 1305 przegnantisg
548 1251 602 1292 sic
622 1251 749 1292 nescis
771 1264 894 1304 opera
912 1251 1000 1300 Dei,
1025 1251 1094 1305 qui
1113 1251 1337 1292 fabricator
1356 1258 1417 1292 est
1437 1252 1632 1294 omnium.
1684 1254 1699 1277 ⁶
1718 1253 1838 1294 Mane
1859 1254 2015 1294 semina
2033 1267 2171 1295 semen

261 1317 391 1357 tuum,
424 1316 466 1351 et
494 1323 660 1364 vespere
690 1323 739 1351 ne
769 1316 898 1351 cesset
926 1323 1072 1351 manus
1102 1316 1193 1351 tua:
1226 1310 1323 1363 quia
1351 1311 1478 1351 nescis
1510 1312 1608 1365 quid
1637 1312 1765 1365 magis
1796 1313 1961 1359 oriatur,
1993 1313 2069 1354 1100
2099 1317 2173 1354 001

261 1369 377 1411 illud:
410 1376 449 1410 et
479 1370 511 1410 si
541 1376 762 1423 utrumque
792 1369 922 1414 simul.
954 1369 1096 1410 melius
1126 1369 1213 1410 erit.

369 1431 382 1452 ⁷
404 1429 533 1470 Dulce
554 1428 703 1472 10111011,
728 1434 768 1469 01
790 1428 1028 1469 delectabile
1050 1434 1111 1470 est
1132 1428 1256 1470 oculis
1279 1429 1415 1470 videre
1437 1429 1573 1472 solem.
1626 1432 1641 1454 ²³
1662 1430 1703 1472 Si
1724 1430 1841 1471 annis
1862 1430 2002 1471 multis
2024 1430 2172 1472 vixerit

261 1488 394 1532 homo.
428 1494 469 1529 et
499 1488 539 1529 in
570 1488 631 1528 1113
663 1488 850 1529 0111011103
880 1487 1044 1529 laetatus
1074 1487 1208 1535 fuerit,
1242 1488 1471 1529 meminisse
1503 1490 1625 1530 debet.
1657 1489 1859 1531 tenebrosi
1891 1489 2098 1544 temporis,
2131 1495 2173 1531 et

260 1548 416 1588 dierum
445 1547 688 1589 inultorum:
721 1547 789 1600 qui
818 1560 911 1588 00111
940 1548 1138 1595 venerint,
1170 1547 1367 1588 vanitatis
1397 1554 1619 1600 arguentur
1647 1548 1865 1602 praeterita.

368 1608 383 1631 ⁹
409 1607 566 1647 Laetare
593 1619 684 1660 ergo
712 1606 868 1646 iuvenis
896 1606 936 1646 in
964 1606 1238 1647 adolescentia
1263 1612 1347 1653 100,
1376 1612 1418 1647 01
1443 1607 1483 1647 111
1511 1608 1617 1648 bono
1645 1608 1698 1648 sit
1724 1620 1791 1649 cor
1817 1612 1935 1649 tuum
1962 1608 2003 1649 in
2030 1609 2172 1650 diebus

261 1666 486 1706 iuventutis
518 1671 610 1708 tuae.
643 1670 684 1706 et
714 1664 881 1706 ambula
908 1665 950 1705 in
980 1665 1054 1706 viis
1085 1664 1215 1706 cordis
1245 1664 1318 1709 tui,
1351 1671 1392 1706 et
1420 1665 1461 1706 in
1490 1666 1644 1707 intuitu
1676 1666 1884 1708 oculorum
1915 1672 2099 1709 tuorum:
2131 1672 2173 1709 et

259 1724 359 1766 30110
388 1725 498 1779 quod
523 1738 595 1779 pro
623 1725 811 1766 omnibus
838 1724 899 1765 his
926 1724 1104 1765 adducet
1129 1729 1169 1765 te
1195 1724 1306 1765 Deus
1333 1724 1373 1765 in
1399 1724 1606 1767 iudicium.
1663 1728 1697 1750 1⁰
1721 1726 1849 1766 Aufer
1873 1725 1975 1767 iram
2003 1740 2027 1767 a
2051 1726 2171 1768 corde

261 1790 344 1827 100.
378 1791 417 1825 01
449 1798 594 1826 amove
624 1783 824 1825 malitiam
856 1796 880 1824 a
910 1796 1028 1824 carne
1059 1789 1143 1824 tua.
1176 1782 1463 1825 Adolescentia
1492 1784 1599 1825 enim
1630 1790 1671 1826 et
1701 1784 1892 1838 voluptas
1924 1798 2033 1826 vana
2062 1790 2170 1826 sunt.

366 1843 429 1887 12.
486 1845 498 1867 1
537 1844 742 1884 Memento
781 1843 980 1884 Creatoris
1019 1843 1079 1884 tui
1116 1843 1157 1883 10
1195 1842 1336 1883 diebus
1374 1843 1600 1884 iuventutis
1638 1848 1731 1889 tuae,
1772 1851 1996 1897 antequam
2033 1844 2174 1885 veniat

262 1909 423 1957 tempus
457 1902 699 1944 afflictionis.
735 1907 777 1943 et
809 1902 1141 1956 appropinquent
1173 1901 1280 1951 anni,
1315 1902 1365 1942 de
1398 1903 1544 1956 quibus
1577 1903 1705 1944 dicas:
1741 1903 1833 1944 Non
1863 1902 1963 1943 mihi
1995 1902 2170 1957 placent,

261 1964 275 1987 2
300 1968 523 2016 antequam
547 1962 804 2003 tenebrescat
827 1961 896 2011 sol,
922 1967 962 2002 01
985 1961 1134 2007 lumen,
1161 1966 1202 2002 et
1223 1960 1331 2009 luna,
1358 1966 1399 2002 01
1421 1961 1558 2011 stellae,
1584 1966 1625 2003 et
1646 1967 1907 2003 revertantur
1929 1963 2056 2003 nubes
2079 1967 2174 2016 post

261 2021 463 2076 pluviam:
516 2023 531 2045 3
559 2021 722 2075 quando
750 2021 1121 2062 commovebuntur
1146 2020 1335 2061 custodes
1361 2020 1518 2067 domus,
1547 2026 1588 2062 et
1613 2021 1824 2062 nutabunt
1849 2021 1924 2061 viri
1949 2020 2170 2066 fortissimi,

262 2086 302 2121 et
324 2081 463 2122 otiosae
484 2086 603 2121 erunt
623 2080 821 2121 molentes
842 2080 883 2120 in
904 2080 1063 2122 minuto
1085 2092 1266 2127 0010010,
1290 2083 1331 2120 01
1351 2081 1634 2121 tenebrescent
1654 2080 1840 2122 videntes
1861 2093 1932 2134 per
1951 2080 2171 2122 foramina:

262 2142 278 2164 ⁴
300 2144 341 2180 01
365 2139 556 2181 claudent
580 2139 686 2181 ostia
706 2140 747 2179 in
769 2139 918 2193 platea,
944 2139 985 2179 in
1007 2138 1241 2180 humilitate
1265 2139 1375 2179 vocis
1398 2139 1598 2189 molentis,
1625 2145 1666 2181 et
1689 2145 1933 2194 consurgent
1956 2140 2008 2181 ad
2030 2152 2173 2181 vocem

262 2198 448 2245 volucris,
484 2204 525 2239 et
557 2199 847 2240 obsurdescent
880 2211 1018 2239 omnes
1051 2197 1141 2239 filiae
1174 2197 1373 2238 carminis
1434 2200 1449 2222 5
1481 2198 1654 2240 Excelsa
1686 2212 1848 2253 quoque
1879 2199 2098 2246 timebunt,
2132 2202 2174 2239 et

262 2258 545 2300 formidabunt
580 2258 620 2298 in
655 2257 734 2307 via,
771 2256 932 2299 florebit
967 2256 1220 2311 amygdalus,
1257 2256 1582 2311 impinguabitur
1616 2258 1784 2303 1000310,
1833 2263 1875 2299 01
1910 2257 2174 2312 dissipabitur

263 2317 467 2371 capparis:
500 2317 693 2371 quoniam
722 2316 798 2357 ibit
826 2316 948 2357 homo
977 2316 1019 2357 in
1048 2316 1216 2358 domurn
1245 2316 1486 2356 aeternitatis
1516 2329 1608 2362 suae,
1640 2322 1681 2358 et
1710 2316 1939 2358 circuibunt
1967 2317 2007 2357 in
2036 2316 2175 2370 platea

263 2376 513 2430 plangentes.
575 2378 589 2400 ⁶
618 2376 854 2429 Antequam
883 2379 1101 2429 rumpatur
1128 2374 1333 2416 funiculus
1362 2380 1589 2429 argenteus,
1621 2381 1662 2417 et
1690 2380 1871 2416 recurrat
1900 2375 2008 2416 vitta
2037 2388 2170 2419 aurea.

263 2442 302 2476 01
336 2441 572 2477 conteratur
602 2435 750 2489 hydria
781 2448 901 2488 super
932 2435 1101 2481 fontem,
1136 2440 1176 2475 et
1209 2433 1489 2487 confringatur
1519 2440 1611 2476 rota
1642 2447 1762 2489 super
1794 2435 2022 2477 cisternam.
2086 2436 2099 2457 ⁷
2133 2439 2174 2475 et

264 2500 495 2536 revertatur
517 2493 651 2549 pulvis
673 2494 714 2535 in
738 2498 888 2535 terram
912 2507 1027 2535 suam
1051 2494 1159 2535 unde
1182 2498 1281 2539 erat,
1307 2498 1348 2534 01
1370 2493 1535 2547 spiritus
1558 2494 1699 2535 redeat
1721 2494 1773 2535 ad
1795 2494 1942 2539 Deum,
1969 2493 2038 2547 qui
2060 2492 2174 2535 dedit

262 2553 388 2595 illum.

372 2615 387 2637 8
417 2613 587 2654 Vanitas
620 2612 865 2655 vanitatum.
899 2612 1002 2653 dixit
1032 2612 1308 2656 Ecclesiastes,
1341 2617 1383 2652 et
1412 2611 1549 2654 omnia
1579 2612 1752 2654 vanitas.

972 2717 1208 2768 Epilogus,
1236 2717 1302 2768 12,
1322 2717 1468 2758 9-14,

373 2792 388 2814 ⁹
425 2789 608 2843 Cumque
647 2794 749 2829 esset
788 2788 1110 2842 sapientissimus
1148 2787 1423 2832 Ecclesiastes,
1464 2788 1603 2830 docuit
1640 2788 1849 2842 populum,
1890 2793 1932 2829 01
1967 2787 2174 2829 enarravit

268 2862 356 2902 quae
379 2849 547 2889 fecerat:
574 2854 614 2889 et
637 2848 887 2902 investigans
911 2847 1141 2901 composuit
1162 2848 1378 2902 parabolas
1401 2846 1564 2889 multas.
1618 2849 1653 2871 ¹⁰
1675 2847 1873 2896 Quaesivit
1896 2848 2022 2888 verba
2043 2846 2171 2893 011110,

267 2916 306 2948 01
332 2907 571 2961 conscripsit
595 2920 797 2948 sermones
822 2906 1077 2950 rectissimos.
1107 2920 1152 2947 ac
1177 2906 1351 2947 veritate
1377 2906 1529 2961 plenos.
1584 2909 1613 2931 11
1640 2906 1775 2947 Verba
1798 2906 2044 2960 sapientium
2070 2905 2175 2946 sicut

266 2966 430 3009 stimuli.
460 2973 501 3007 et
528 2967 642 3020 quasi
670 2966 772 3007 clavi
799 2966 840 3007 in
868 2965 996 3006 altum
1025 2965 1158 3010 defixi,
1189 2979 1278 3019 quae
1304 2979 1374 3019 per
1400 2966 1688 3020 magistrorum
1715 2964 1925 3006 consilium
1953 2965 2053 3006 data
2078 2970 2174 3005 sunt

268 3038 289 3064 a
319 3032 480 3078 pastore
510 3039 602 3067 uno.

375 3086 404 3108 ¹²
433 3085 505 3124 His
533 3084 706 3138 amplius
733 3084 787 3125 ffli
814 3084 869 3124 mi
895 3097 944 3125 00
970 3084 1161 3137 requiras.
1191 3084 1383 3125 Faciendi
1408 3084 1542 3138 plures
1567 3083 1689 3125 libros
1716 3082 1849 3124 nullus
1876 3089 1937 3124 031
1962 3083 2070 3123 finis:
2098 3082 2173 3123 fre-

270 3156 477 3196 quensque
496 3143 721 3187 meditatio.
743 3143 873 3185 carnis
893 3142 1059 3184 afflictio
1079 3148 1150 3183 est.
1198 3145 1229 3168 13
1247 3143 1389 3184 Finem
1407 3142 1599 3197 loquendi
1617 3142 1770 3196 pariter
1788 3155 1926 3184 omnes
1945 3141 2171 3183 audiamus.

267 3202 398 3241 Deum
431 3202 538 3247 time,
571 3211 609 3243 01
638 3203 835 3243 mandata
865 3202 948 3243 eius
978 3202 1166 3243 observa:
1197 3202 1272 3244 hoc
1301 3207 1361 3243 est
1391 3202 1496 3243 enim
1527 3202 1656 3243 omnis
1686 3202 1825 3243 homo:
1883 3203 1914 3226 14
1942 3205 1983 3241 et
2011 3206 2170 3245 cuncta,

269 3274 358 3314 quae
389 3261 502 3302 fiunt.
537 3262 710 3302 adducet
743 3262 851 3302 Deus
882 3261 921 3301 in
952 3261 1145 3302 iudicium
1175 3274 1246 3315 pro
1278 3262 1387 3303 omni
1418 3266 1562 3309 errato,
1595 3261 1679 3302 sive
1710 3261 1874 3307 bonum,
1906 3260 1990 3301 sive
2019 3259 2173 3300 malum

267 3318 366 3360 illud
396 3320 459 3360 sit.
