2356 3760
147 96 200 136 10,
226 97 367 135 11-11,
392 96 430 129 21
998 95 1166 128 IUDITH
1963 108 2034 149 441

577 190 615 229 2.
646 185 787 228 Iudith
818 187 941 236 apud
972 185 1276 238 Holofernem,
1304 189 1370 239 10,
1389 189 1559 239 11-12,
1578 192 1616 231 9.

253 262 283 284 11
306 259 478 301 Factum
503 265 563 300 est
587 264 735 302 autem,
762 270 853 297 cum
878 258 1137 299 descenderet
1160 265 1353 305 montem,
1379 259 1484 300 eirca
1506 265 1640 301 ortum
1664 263 1751 307 diei,
1778 273 2089 308 occurreruntAb
2109 273 2240 303 explora-

149 318 183 359 ei
218 318 492 371 exploratores
526 316 794 369 Assyriorum.
832 321 871 355 et
907 321 1127 356 tenuerunt
1160 330 1260 362 eam.
1298 318 1494 358 dicentes:
1531 318 1648 360 Unde
1682 322 1817 362 venis?
1854 330 1923 364 aut
1958 339 2034 377 quo
2079 309 2201 373 Jffsslfflss,

150 377 289 417 vadis?
349 379 379 401 ¹2
411 377 509 424 Quae
539 374 766 427 respondit:
800 373 902 415 Filia
932 387 1022 414 sum
1056 374 1331 421 Hebraeorum,
1364 377 1453 417 ideo
1485 390 1555 429 ego
1587 378 1671 431 fugi
1703 392 1726 419 a
1756 380 1856 420 facie
1888 395 2034 428 eorum,

150 436 341 489 quoniam
366 435 550 475 futurum
576 433 734 486 agnovi.
763 433 871 486 quod
896 433 1044 473 dentur
1067 433 1181 474 vobis
1206 434 1246 474 in
1271 435 1624 487 depraedationem,
1651 450 1721 489 pro
1747 451 1791 479 eo
1818 440 1926 491 quod
1950 453 2040 481 con-

148 498 375 535 temnentes
411 506 495 537 vos.
533 491 749 533 noluerunt
786 491 892 532 ultro
930 492 1087 532 tradere
1123 492 1273 545 seipsos
1309 498 1355 534 ut
1390 493 1618 534 invenirent
1653 496 1964 537 misericordiam
2001 499 2039 539 in

149 557 367 604 conspectu
400 556 546 592 vestro.
608 552 639 575 13
672 550 760 590 Ηο0
792 550 841 590 de
872 563 993 590 0011311
1026 550 1201 603 cogitavi
1233 564 1403 598 meeum,
1438 553 1591 592 dicens:
1625 553 1781 594 Vadam
1815 556 1866 595 ad
1897 556 2039 596 faciem

147 609 338 664 principis
372 609 613 651 Holofernis.
649 614 695 649 ut
726 608 899 649 indicem
932 608 987 649 illi
1019 614 1173 650 secreta
1204 609 1375 655 illorum,
1410 615 1450 651 et
1482 612 1695 651 ostendam
1728 613 1782 653 illi
1815 627 1893 666 quo
1927 615 2039 655 aditu

147 668 276 722 possit
294 669 476 710 obtinere
496 681 574 711 eos.
595 668 655 708 ita
673 672 720 708 ut
739 681 820 708 non
840 667 962 708 cadat
982 667 1044 708 vir
1062 681 1166 709 unus
1187 668 1236 709 de
1255 668 1433 708 exercitu
1454 669 1548 710 eius.
1599 672 1629 694 ¹⁴¹
1650 670 1703 710 Et
1723 684 1813 711 cum
1835 673 2041 714 audissent

148 727 223 768 viri
238 727 295 768 illi
310 728 436 768 verba
451 727 546 773 eius,
566 726 878 767 considerabant
893 726 1037 766 faciem
1055 727 1149 773 eius,
1169 732 1209 767 et
1225 732 1312 767 erat
1328 727 1367 767 in
1385 728 1507 768 oculis
1524 741 1661 769 eorum
1678 734 1830 782 stupor,
1851 732 2040 783 quoniam

146 786 491 839 pulchritudinem
509 785 592 826 eius
610 785 866 826 mirabantur
883 785 1013 826 nimis,
1061 787 1092 810 ¹⁵
1110 785 1166 826 Et.
1184 786 1374 826 dixerunt
1393 786 1442 826 ad
1462 799 1569 826 eam:
1590 787 1846 828 Conservasti
1865 789 2040 829 animam

147 850 262 886 tuam
281 858 326 886 eo
346 845 455 898 quod
473 844 554 885 tale
571 844 754 897 reperisti
772 844 994 888 consilium.
1016 850 1061 884 ut
1080 845 1340 885 descenderes
1359 845 1410 885 ad
1429 845 1639 885 dominum
1658 851 1854 887 nostrum.
1902 849 1935 871 ¹⁶
1956 848 2042 888 Hoc

148 908 285 944 autem
299 904 411 953 scias,
430 903 623 957 quoniam
636 916 728 944 cum
742 903 901 943 steteris
919 903 959 943 in
974 908 1193 956 conspectu
1207 903 1303 951 eius,
1319 904 1419 944 bene
1432 904 1507 944 tibi
1525 904 1658 951 100101,
1674 905 1802 945 eteris
1815 905 2045 958 gratissima

147 962 189 1003 in
219 964 338 1004 corde
362 963 456 1004 eius.
483 964 782 1016 Duxeruntque
808 962 917 1003 illam
943 963 995 1004 ad
1018 963 1327 1004 tabernaculum
1352 963 1593 1013 Holofernis,
1621 965 1914 1005 annunciantes
1938 979 2039 1007 eam.

252 1024 285 1046 ¹⁷
303 1023 484 1076 Cumque
500 1022 692 1062 intrasset
709 1027 803 1062 ante
820 1021 963 1062 faciem
981 1022 1076 1071 01113,
1095 1023 1237 1063 31011111
1254 1027 1398 1076 captus
1415 1028 1475 1063 est
1492 1023 1532 1063 in
1549 1023 1629 1063 suis
1647 1023 1769 1064 0011113
1788 1024 2038 1065 Holofernes.
2086 1021 2209 1083 ξῇξξζζὲ·

148 1082 182 1106 ¹⁸
217 1081 500 1134 Dixeruntque
537 1081 589 1122 ad
625 1093 717 1121 eum
754 1080 946 1122 satellites
983 1081 1084 1121 eius:
1123 1081 1220 1130 Quis
1257 1086 1493 1122 contemnat
1530 1081 1725 1135 populum
1764 1083 2239 1133 Hebraeorum,Holofernem

149 1139 217 1193 qui
239 1144 325 1180 tam
348 1140 512 1181 decoras
534 1139 718 1180 mulieres
740 1139 905 1185 habent,
931 1145 977 1180 ut
999 1153 1080 1181 non
1101 1153 1173 1193 pro
1195 1140 1256 1181 his
1278 1140 1421 1181 merito
1444 1153 1623 1193 pugnare
1646 1146 1788 1181 contra
1809 1155 1874 1182 eos
1898 1142 2041 1183 debea-
2101 1130 2190 1159 “⁴²⁹¹“

147 1199 261 1239 mus?
319 1201 353 1224 ¹⁹
382 1199 532 1240 Videns
561 1199 701 1252 itaque
732 1199 871 1239 Iudith
903 1198 1163 1240 Holofernem
1193 1199 1401 1240 sedentem
1430 1199 1471 1239 in
1501 1212 1708 1252 conopoeo,
1742 1201 1850 1253 quod
1879 1206 1965 1241 erat
1994 1214 2042 1241 ex

146 1271 338 1311 purpura,
360 1262 400 1299 et
420 1271 530 1305 auro,
552 1263 593 1298 et
611 1258 837 1311 smaragdo,
859 1263 900 1298 et
918 1257 1121 1311 lapidibus
1140 1257 1325 1311 pretiosis
1344 1258 1568 1298 intextum:
1616 1259 1652 1282 ²⁰
1670 1263 1711 1298 et
1729 1272 1819 1298 cum
1840 1259 1880 1299 in
1898 1259 2042 1299 faciem

146 1316 230 1357 eius
258 1317 508 1365 intendisset,
539 1316 727 1357 adoravit
755 1329 858 1363 eum,
889 1322 1146 1369 prosternens
1174 1329 1214 1356 se
1242 1329 1362 1369 super
1389 1321 1550 1357 terram.
1581 1316 1636 1357 Et
1663 1316 1924 1358 elevaverunt
1953 1331 2042 1358 eam

146 1375 250 1415 servi
281 1375 521 1423 Holofernis,
552 1375 717 1415 iubente
746 1374 909 1415 domino
940 1387 1023 1415 suo.

250 1434 314 1477 11.
370 1435 382 1457 ¹
413 1434 525 1473 Tunc
556 1433 794 1474 Holofernes
824 1432 928 1473 dixit
957 1433 1009 1473 ei:
1042 1433 1173 1487 AEquo
1204 1434 1339 1475 animo
1369 1439 1466 1482 esto,
1499 1440 1540 1475 et
1569 1434 1649 1475 noli
1678 1448 1825 1488 pavere
1855 1435 1894 1476 in
1924 1436 2041 1476 corde
2070 1429 2223 1489 {fiffiffiffi

146 1496 236 1532 tuo:
267 1492 459 1545 quoniam
487 1505 558 1546 ego
586 1505 812 1545 numquam
840 1492 959 1533 nocui
986 1492 1084 1537 viro,
1117 1492 1184 1546 qui
1212 1493 1342 1534 voluit
1370 1493 1517 1534 servire
1546 1493 1922 1535 Nabuchodonosor
1947 1494 2039 1547 regi.
2061 1506 2126 1524 ⁸¹1¹ss
2146 1499 2230 1529 f³¹¹¹t⁷1

146 1552 160 1574 ²
193 1550 371 1604 Populus
406 1556 543 1592 autem
577 1556 684 1599 tuus,
719 1551 751 1591 si
784 1564 865 1592 non
899 1551 1209 1605 contempsisset
1241 1566 1316 1601 me,
1353 1566 1433 1593 non
1465 1551 1662 1593 levassem
1695 1552 1876 1593 lanceam
1910 1566 2042 1593 meam

146 1623 265 1663 super
287 1623 390 1651 eum.
441 1612 457 1635 ³
481 1610 598 1650 Nunc
621 1615 759 1650 autem
782 1609 845 1650 dic
868 1610 978 1657 mihi,
1005 1624 1086 1664 qua
1107 1624 1156 1651 ex
1179 1624 1302 1652 causa
1323 1611 1519 1652 recessisti
1543 1612 1593 1652 ab
1617 1611 1702 1657 11113,
1729 1617 1767 1652 01
1791 1611 1945 1665 placuit
1969 1611 2042 1652 tibi

146 1674 192 1709 ut
221 1668 376 1709 venires
406 1669 459 1710 ad
487 1669 583 1709 nos?
640 1670 655 1693 ‘¹
684 1669 740 1709 Et
769 1669 873 1710 dixit
902 1668 955 1709 illi
989 1669 1145 1710 Iudith:
1177 1670 1298 1711 Sume
1328 1670 1454 1710 verba
1483 1670 1635 1711 ancillae
1664 1675 1755 1717 tuae,
1789 1670 1981 1724 quoniam
2010 1670 2042 1711 si

146 1732 307 1768 secutus
335 1727 457 1768 fueris
485 1728 611 1768 verba
638 1727 792 1769 ancillae
820 1734 911 1771 11110,
942 1729 1165 1782 perfectam
1194 1742 1277 1769 rem
1306 1729 1428 1770 100101.
1456 1730 1655 1770 Dominus
1684 1734 1830 1770 tecum.
1887 1731 1902 1753 ⁵
1930 1729 2042 1770 Vivit

146 1787 252 1827 enim
274 1787 651 1828 Nabuchodonosor
669 1800 739 1827 rex
760 1792 886 1833 101110,
910 1793 950 1827 01
971 1787 1075 1828 vivit
1094 1787 1224 1828 virtus
1246 1788 1340 1837 eius,
1365 1801 1454 1842 quae
1474 1794 1534 1829 est
1554 1789 1594 1829 in
1616 1793 1655 1829 te
1676 1789 1727 1829 ad
1748 1788 2041 1841 correptionem

145 1846 326 1886 omnium
357 1846 584 1887 animarum
615 1846 855 1886 errantium:
889 1846 1080 1899 quoniam
1111 1860 1191 1887 non
1222 1847 1351 1888 solum
1381 1847 1563 1888 homines
1593 1847 1775 1887 serviunt
1804 1847 1858 1887 illi
1888 1860 1959 1901 per
1987 1852 2038 1896 10,

145 1905 215 1945 sed
235 1910 276 1945 et
297 1905 435 1945 bestiae
457 1905 540 1958 agri
561 1905 846 1958 obtemperant
868 1904 933 1946 illi.
986 1907 1001 1929 ⁶
1024 1905 1252 1946 Nunciatur
1272 1906 1377 1946 enim
1400 1906 1524 1946 animi
1545 1906 1605 1946 tui
1625 1906 1826 1946 industria
1845 1905 2041 1946 universis

144 1963 344 2016 gentibus,
374 1969 414 2004 et
440 1963 665 2004 indicatum
693 1970 752 2004 est
780 1964 889 2004 omni
916 1964 1071 2012 31001110,
1103 1965 1295 2018 quoniam
1321 1970 1367 2005 tu
1394 1965 1500 2005 solus
1527 1965 1668 2013 bonus,
1697 1970 1738 2006 et
1763 1970 1907 2018 potens
1934 1978 1974 2005 es
2000 1964 2040 2005 in

145 2022 255 2062 omni
286 2035 407 2075 regno
441 2022 536 2071 01113,
571 2028 612 2063 01
644 2022 856 2075 disciplina
887 2028 961 2063 tua
993 2023 1180 2063 omnibus
1214 2023 1429 2076 provinciis
1461 2024 1716 2077 praedicatur.
1780 2025 1793 2047 ⁷
1830 2024 1934 2064 ³Nec
1966 2023 2041 2064 hoc

144 2080 257 2129 latet,
277 2081 386 2134 quod
401 2080 561 2122 locutus
577 2086 638 2121 est
653 2081 812 2125 Achior,
832 2094 903 2121 nec
920 2081 1018 2122 illud
1034 2081 1255 2135 ignoratur,
1274 2083 1383 2136 quod
1399 2082 1433 2122 ei
1449 2082 1607 2123 iusseris
1623 2082 1793 2123 evenire.
1840 2084 1855 2106 ⁸
1871 2083 2042 2123 Constat

144 2139 262 2188 enim,
297 2140 431 2180 Deum
464 2145 649 2180 nostrum
682 2140 736 2180 sic
769 2140 945 2193 peccatis
978 2140 1189 2188 offensum,
1226 2146 1272 2182 ut
1304 2141 1563 2182 mandaverit
1594 2154 1666 2195 per
1696 2141 1915 2195 prophetas
1949 2154 2040 2182 suos

145 2198 196 2239 ad
216 2198 424 2252 populum,
449 2199 558 2252 quod
579 2199 717 2240 tradat
739 2212 830 2239 eum
852 2212 923 2252 pro
945 2200 1121 2253 peccatis
1143 2200 1235 2241 suis.
1287 2202 1302 2224 ⁹
1323 2200 1378 2241 Et
1400 2200 1591 2253 qnoniam
1613 2200 1746 2241 sciunt
1767 2214 1806 2240 se
1827 2200 2040 2241 offendisse

143 2257 277 2298 Deum
297 2271 415 2298 suum
436 2257 505 2298 filii
527 2257 660 2307 Israel,
683 2263 835 2299 tremor
855 2264 949 2299 tuus
969 2271 1089 2312 super
1108 2258 1214 2312 ipsos
1235 2265 1307 2300 est.
1356 2261 1392 2283 ¹⁰
1412 2259 1582 2312 Insuper
1600 2259 1723 2299 etiam
1743 2260 1870 2299 fames
1890 2259 2041 2299 invasit

144 2329 221 2365 eos,
243 2321 284 2357 et
302 2317 353 2357 ab
373 2317 563 2357 ariditate
582 2330 698 2371 0111110
715 2317 796 2358 10111
814 2317 920 2358 111101
937 2322 1119 2359 1110111103
1139 2323 1442 2371 computantur.
1490 2320 1520 2342 ¹¹
1538 2318 1724 2371 Denique
1742 2318 1817 2359 hoc
1836 2318 2037 2365 ordinant,

144 2380 191 2415 ut
216 2375 462 2416 interficiant
486 2389 633 2429 pecora
658 2389 741 2423 sua,
771 2380 811 2417 et
837 2376 983 2417 bibant
1008 2376 1245 2430 sanguinem
1272 2390 1428 2418 eorum:
1484 2379 1514 2401 ¹2
1540 2382 1581 2418 et
1606 2382 1748 2417 sancta
1772 2376 1937 2417 Domini
1962 2376 2038 2416 Dei

143 2434 204 2474 sui
229 2447 318 2487 quae
342 2434 533 2488 praecepit
556 2435 667 2475 Deus
691 2448 772 2475 non
796 2435 987 2489 contingi,
1014 2436 1055 2476 in
1079 2436 1296 2481 frumento,
1324 2436 1430 2485 vino,
1458 2441 1499 2477 et
1523 2436 1620 2483 oleo,
1648 2436 1731 2476 haec
1756 2435 2038 2489 cogitaverunt

143 2493 386 2546 impendere,
404 2493 658 2534 011101111110Γ
669 2507 853 2535 11311111οΓ0
869 2508 958 2548 quae
973 2508 1045 2535 nec
1060 2495 1248 2535 manibus
1264 2495 1457 2536 deberent
1473 2495 1720 2548 contingere:
1738 2507 1828 2548 ergo
1846 2494 2036 2547 quoniam

142 2551 227 2592 haec
252 2552 420 2601 faciunt,
450 2558 605 2593 certum
634 2557 694 2594 „st
720 2553 829 2606 quod
855 2553 896 2594 in
923 2554 1191 2607 perditionem
1219 2554 1438 2595 dabuntur.
1495 2556 1526 2579 ¹³
1553 2554 1670 2603 Quod
1697 2567 1767 2607 ego
1796 2552 1940 2593 ancilla
1965 2558 2038 2593 tua

143 2624 397 2664 cognoscens,
421 2611 506 2665 fugi
527 2612 578 2652 ab
600 2611 686 2661 illis,
710 2618 751 2653 et
771 2612 882 2653 misit
902 2626 967 2653 1110
988 2613 1187 2654 Dominus
1209 2613 1293 2654 haec
1314 2613 1403 2667 ipsa
1422 2613 1612 2654 nunciare
1634 2612 1719 2653 tibi.
1770 2614 1802 2636 ¹⁴
1823 2612 1907 2665 Ego
1930 2611 2036 2652 enim

143 2669 290 2710 ancilla
313 2676 387 2711 tua
410 2671 545 2711 Deum
569 2670 667 2719 colo,
696 2670 819 2711 etiam
844 2685 952 2712 nunc
978 2672 1087 2725 apud
1112 2677 1170 2712 te:
1198 2676 1239 2713 et
1264 2672 1371 2713 exiet
1396 2671 1541 2713 ancilla
1565 2677 1648 2719 tua,
1676 2677 1715 2711 et
1741 2671 1863 2711 orabo
1889 2671 2033 2719 Deum,

142 2730 173 2753 ¹⁵
201 2733 242 2769 et
269 2728 376 2770 dicet
402 2729 501 2770 mihi
529 2729 691 2783 quando
720 2729 774 2770 eis
801 2730 946 2771 reddat
973 2736 1187 2784 peccatum
1216 2745 1345 2777 suum,
1376 2736 1416 2772 et
1443 2731 1606 2772 veniens
1634 2730 1834 2771 nunciabo
1862 2729 1948 2777 tibi,
1978 2728 2037 2769 ita

142 2792 189 2828 ut
220 2800 290 2841 ego
324 2788 526 2829 adducam
558 2794 598 2829 te
629 2801 701 2842 per
731 2789 907 2829 mediam
942 2789 1171 2837 Ierusalem,
1207 2795 1248 2831 et
1279 2790 1446 2831 habebis
1478 2803 1638 2831 omnem
1670 2788 1866 2842 populum
1901 2787 2032 2835 Israel,

141 2845 246 2887 sicut.
265 2860 371 2896 oves,
390 2847 536 2900 quibus
557 2861 639 2888 non
659 2852 719 2888 est
739 2853 890 2901 pastor,
908 2854 949 2889 et
969 2862 1050 2890 non
1070 2848 1239 2890 latrabit
1260 2849 1323 2890 vel
1344 2863 1447 2890 unus
1465 2849 1573 2890 canis
1595 2853 1736 2889 contra
1756 2852 1813 2887 te:
1858 2849 1892 2871 ¹⁶
1910 2859 2036 2901 quon-

140 2904 222 2945 iam
257 2905 342 2946 haec
376 2906 475 2946 mihi
511 2906 622 2947 dicta
658 2912 754 2947 sunt
781 2920 852 2960 per
879 2907 1180 2960 providentiam
1208 2908 1295 2949 Dei.
1353 2910 1386 2932 ¹⁷
1415 2908 1469 2948 Et
1499 2907 1689 2961 quoniam
1718 2906 1844 2947 iratus
1873 2911 1934 2946 est
1961 2905 2035 2946 illis

140 2964 262 3013 Deus,
292 2964 376 3005 haec
402 2964 491 3017 ipsa
515 2965 639 3005 missa
664 2978 753 3006 sum
781 2966 971 3006 nunciare
998 2966 1085 3008 tibi.
1141 2968 1175 2991 18
1201 2967 1447 3007 Placuerunt
1475 2971 1612 3006 autem
1639 2965 1776 3006 omnia
1801 2965 1926 3005 verba
1951 2964 2035 3005 haec

140 3035 275 3063 coram
300 3023 529 3072 Holofeme,
555 3029 596 3064 et
619 3037 755 3064 coram
777 3025 910 3078 pueris
934 3025 1028 3071 eius,
1055 3031 1096 3066 et
1117 3026 1374 3066 mirabantur
1396 3025 1637 3078 sapientiam
1661 3024 1756 3071 eius,
1782 3029 1821 3064 et
1845 3023 2035 3064 dicebant

140 3081 242 3122 alter
261 3082 313 3122 ad
332 3081 523 3123 alt-eruin:
572 3084 606 3107 ¹⁹
627 3083 717 3123 Non
737 3088 799 3123 est
818 3083 909 3124 talis
930 3084 1073 3125 mulier
1091 3098 1211 3138 super
1231 3090 1378 3125 terram
1399 3084 1439 3124 in
1460 3088 1638 3137 aspectu,
1659 3083 1701 3124 in
1720 3082 2031 3136 pulchritudine,

139 3145 180 3181 et
202 3140 244 3181 in
267 3154 385 3181 sensu
410 3141 638 3183 verborum.
691 3143 727 3166 ²⁰
750 3141 804 3183 Et
829 3142 934 3183 dixit
958 3143 1010 3184 ad
1034 3143 1144 3184 illam
1170 3143 1425 3185 Holofernes:
1453 3142 1660 3183 Benefecit
1683 3143 1804 3189 Deus,
1833 3141 1901 3194 qui
1924 3140 2033 3181 misit

138 3203 179 3239 te
201 3204 296 3240 ante
317 3199 526 3253 populum.
552 3205 598 3240 ut
619 3200 688 3241 des
710 3200 822 3241 illum
846 3206 891 3242 tu
913 3201 954 3242 in
976 3202 1164 3243 manibus
1187 3202 1352 3243 nostris:
1402 3203 1433 3226 '³¹
1456 3206 1497 3242 et
1519 3201 1711 3255 quoniam
1735 3201 1841 3241 bona
1862 3204 1922 3240 est
1943 3212 2032 3252 pro-

138 3257 273 3299 missio
292 3263 376 3307 tua,
397 3259 429 3299 31
446 3259 586 3300 fecerit
604 3258 703 3299 mihi
720 3259 796 3300 hoc
814 3261 924 3301 Deus
943 3265 1049 3310 tuus,
1071 3261 1146 3302 erit
1165 3267 1205 3301 et
1223 3262 1332 3301 Deus
1350 3273 1475 3309 meus,
1498 3265 1538 3301 et
1556 3265 1602 3301 111
1620 3260 1660 3300 111
1679 3260 1798 3300 domo
1819 3257 2032 3299 Nabucho-

139 3316 312 3358 donosor
337 3330 487 3371 magna
512 3317 599 3360 eris.
629 3322 669 3358 et
696 3331 844 3359 nomen
871 3324 989 3359 tuum
1016 3319 1295 3361 nominabitur
1321 3319 1361 3359 in
1391 3319 1577 3360 universa
1604 3324 1721 3359 terra.

268 3430 320 3472 11,
345 3430 364 3463 7
389 3430 478 3475 aSup
501 3432 534 3472 5,
557 3431 588 3466 5.
