2356 3760
119 657 234 681 termini

114 692 240 716 dimidia·

131 728 223 752 tribus

106 763 148 786 Ma
155 769 247 791 nasse:

120 2326 135 2347 q
142 2316 234 2341 uerela

118 2352 239 2377 tiliorum

125 2388 231 2419 loseph.

107 3087 150 3110 Al·
173 3088 254 3111 iosus

94 3124 267 3153 praecipitur,

285 138 361 179 190
1173 135 1319 169 LIBER
1954 140 2009 181 16,
2036 141 2155 182 7—18,
2181 142 2202 175 4

283 237 427 271 contra
454 228 663 270 Orientem
689 228 731 269 in
758 227 1053 268 Thanatliselo:
1082 234 1123 268 et
1149 229 1372 281 pertransit
1399 229 1450 269 ab
1478 230 1644 271 Oriente
1674 230 1808 272 Ianoe.
1868 234 1882 255 ⁷
1909 233 2203 288 descenditque

282 290 331 330 de
353 295 475 329 lance
495 287 535 328 111
555 287 732 329 Ataroth
753 292 793 327 et
815 285 1044 327 Naara-tha:
1066 292 1107 326 et
1127 287 1313 339 pervenit
1333 287 1373 327 in
1395 287 1561 335 Iericho,
1584 289 1871 343 egrediturque
1891 291 1943 331 ad
1965 292 2195 334 Iordanem.

284 349 299 371 ⁸
325 347 387 388 De
415 347 586 400 Taphua
614 345 836 399 pertransit
863 349 1006 385 contra
1034 357 1143 385 mare
1171 345 1210 385 in
1240 345 1395 386 Vallem
1424 347 1669 392 arundineti,
1699 354 1878 402 suntque
1905 362 2088 402 egressus
2115 352 2201 392 eius

279 406 322 447 in
346 418 458 446 mare
483 405 761 445 salsissimum.
789 403 874 443 haec
900 408 961 443 est
987 403 1183 455 possessio
1210 403 1340 445 tribus
1370 404 1544 446 filiorum
1570 406 1768 459 Ephraim
1793 420 1865 460 per
1888 408 2064 449 familias
2090 423 2197 452 suas.

283 468 298 490 ⁹
327 465 538 517 Urbesque
567 468 766 515 separatas
793 468 890 503 sunt
921 461 1011 502 filiis
1041 461 1238 515 Ephraim
1268 463 1307 504 in
1335 464 1468 504 medio
1498 465 1761 517 possessionis
1792 466 1967 507 filiorum
1996 467 2198 513 Manasse,

282 531 322 564 et
348 523 452 563 villte
477 535 628 563 earum.
683 523 718 545 ¹⁰
742 521 797 561 Et
821 533 902 561 11011
928 520 1221 563 1111911909111111
1248 522 1317 562 11111
1344 522 1540 575 Ephraim
1567 523 1856 574 (fhananaeum,
1885 525 1954 578 qui
1977 526 2201 568 habitabat

284 583 322 623 111
339 585 484 622 (ἱ3Ζ91ῑ
503 580 791 633 habitavitque
808 579 1061 620 (Jhananaeus
1078 579 1117 620 111
1135 581 1267 621 11191110
1284 581 1482 634 Ephraim
1499 581 1683 635 usquein
1699 582 1806 623 diem
1820 583 1926 624 hanc
1942 584 2198 628 tributarius.

389 652 452 693 17.
481 653 489 674 ¹
519 651 673 691 Cecidit
700 656 838 690 autem
865 662 949 689 sors
976 649 1100 690 tribui
1127 651 1332 691 Manasse:
1361 650 1463 704 (ipse
1489 651 1596 692 enim
1623 658 1684 693 est
1711 652 2005 705 primogenitus
2032 655 2201 710 Ioseph)

284 711 438 751 Α11301111
464 709 735 764 primogenito
764 708 951 749 Manasse
978 709 1085 762 patri
1114 708 1283 756 Gala-ad,
1315 709 1383 762 qui
1411 710 1490 750 fuit
1517 710 1579 750 vir
1605 717 1822 765 pugnator,
1853 712 2081 766 habuitque
2108 726 2201 767 pos-

283 769 500 810 sessionem
530 767 688 809 Galaad
716 774 756 809 et
786 767 939 807 Basan:
996 770 1010 791 '2
1042 772 1102 808 aet
1129 768 1293 821 reliquis
1325 768 1499 809 filiorum
1528 769 1715 810 Manasse
1743 770 1861 812 iuxta
1887 771 2064 812 familias
2092 785 2199 821 suas,

286 828 376 869 filiis
407 828 586 873 Abiezer,
619 832 659 868 et
694 826 783 866 tiliis
814 826 950 875 Helec,
983 832 1024 868 et
1058 826 1146 867 liliis
1182 826 1317 876 Esriel,
1350 832 1390 867 et
1423 827 1514 868 filiis
1544 828 1724 878 Sechem,
1757 836 1798 870 et
1830 830 1921 872 filiis
1952 831 2129 885 Hepher‚
2162 836 2204 872 et

285 888 375 928 filiis
394 886 569 928 Semida.
592 885 659 927 isti
678 890 774 926 sunt
796 885 865 925 filii
887 885 1073 926 Manasse
1096 885 1163 926 filii
1188 885 1346 939 Ioseph,
1368 899 1511 932 mares,
1534 899 1604 940 per
1623 888 1885 941 cognationes
1905 902 2010 931 suas.
2058 892 2074 915 ³
2095 889 2203 931 bSal-

282 947 419 1000 phaad
447 959 541 986 vero
574 945 653 985 filio
684 945 850 997 Hepher
880 943 948 984 filii
977 944 1135 985 Galaad
1165 944 1235 985 filii
1263 945 1419 985 Machir
1449 945 1518 986 filii
1545 946 1733 987 Manasse
1761 961 1843 989 non
1870 954 1988 989 erant
2018 948 2100 998 filii,
2131 949 2202 990 sed

282 1006 376 1046 solae
402 1004 511 1045 filiae:
539 1017 712 1057 quarum
738 1003 817 1044 ista
840 1009 938 1044 sunt
962 1003 1140 1048 nomina,
1166 1003 1303 1044 Maala
1326 1009 1367 1045 et
1392 1004 1479 1046 Noa
1505 1010 1545 1045 et
1570 1005 1701 1058 Hegla
1725 1010 1765 1046 et
1788 1006 1947 1048 Melcha
1970 1012 2011 1048 et
2035 1007 2199 1050 Thersa.

282 1067 296 1089 ¹
325 1064 617 1117 Veneruntque
645 1062 685 1102 in
715 1067 936 1114 conspectu
966 1061 1150 1103 Eleazari
1179 1062 1413 1111 sacerdotis,
1445 1069 1485 1104 91
1516 1064 1632 1104 105119
1664 1064 1734 1104 11111
1764 1065 1870 1114 Ν1111,
1901 1070 1942 1107 91
1970 1065 2201 1120 principum

283 1123 481 1165 dieentes:
504 1121 706 1163 Dominus
728 1121 921 1174 praecepit
942 1133 1012 1173 per
1032 1134 1201 1162 manum
1223 1121 1366 1174 Moysi,
1391 1127 1437 1162 ut
1459 1122 1626 1163 daretur
1646 1123 1762 1165 nobis
1784 1124 1982 1178 possessio
2004 1124 2045 1165 in
2065 1124 2200 1167 medio

281 1183 456 1223 fratrum
486 1186 731 1222 nostrorum.
762 1179 970 1233 Deditque
999 1179 1054 1220 eis
1083 1180 1202 1220 iuxta-
1230 1180 1445 1233 imperium
1475 1181 1642 1223 Domini
1670 1183 1966 1236 possessionem
1995 1183 2037 1224 in
2065 1183 2201 1225 medio

282 1243 456 1282 fratrum
490 1239 618 1294 patris
652 1252 803 1280 earum.
864 1241 879 1263 5
912 1239 967 1279 Et
999 1238 1234 1279 ceciderunt
1265 1239 1435 1280 funiculi
1468 1240 1667 1291 Manasse,
1703 1242 1855 1291 decem,
1891 1242 2045 1296 absque
2079 1243 2202 1284 Terra

282 1299 440 1342 Galaad
464 1305 505 1341 et
531 1300 666 1339 Basan
690 1304 804 1339 trans
831 1297 1059 1338 Iordanem.
1116 1301 1131 1323 ⁶
1155 1298 1267 1338 Filiae
1291 1298 1398 1339 9111111
1422 1299 1610 1339 Μ3113559
1635 1301 1905 1353 possederunt
1927 1301 2201 1343 hereditatem

281 1360 322 1400 in
353 1359 486 1400 medio
522 1358 696 1399 filiorum
729 1357 824 1398 eius.
859 1357 981 1397 Terra
1013 1362 1150 1398 autem
1183 1357 1341 1398 Galaad
1372 1357 1519 1399 cecidit
1548 1358 1589 1398 in
1621 1364 1771 1400 sortem
1806 1359 1982 1401 filiorum
2012 1360 2202 1402 Manasse

283 1419 351 1472 qui
373 1418 515 1471 reliqui
537 1423 665 1458 erant.
719 1418 732 1439 ⁷
756 1416 786 1455 F
790 1416 932 1468 uirque
954 1415 1152 1456 terminus
1173 1416 1361 1457 Manasse
1383 1417 1434 1457 ab
1456 1417 1566 1462 Aser,
1590 1418 1904 1460 Machmethath
1926 1432 2016 1473 quae
2035 1418 2202 1473 respicit

282 1477 460 1519 Sichem:
496 1482 535 1517 et
570 1475 775 1524 egreditur
807 1475 860 1516 ad
893 1475 1081 1515 dextram
1114 1475 1233 1516 iuxta
1264 1475 1518 1517 habitatores
1552 1476 1695 1518 Fontis
1729 1477 1922 1531 Taphuae.
1986 1480 2002 1503 ⁸
2034 1478 2201 1520 Etenim

282 1537 321 1577 in
344 1542 451 1577 sorte
473 1536 659 1576 Manasse
681 1533 883 1575 ceciderat
905 1534 1027 1574 Terra
1048 1534 1080 1574 T
1084 1535 1240 1587 aphuae,
1266 1548 1356 1588 quae
1377 1540 1438 1576 est
1459 1535 1577 1576 iuxta
1597 1535 1792 1577 terminos
1813 1537 2001 1578 Manasse
2024 1536 2201 1578 filiorum

283 1595 492 1649 Ephraim.
552 1596 568 1618 ⁹
595 1593 901 1646 Descenditque
928 1592 1128 1633 terminus
1157 1593 1283 1634 Vallis
1312 1593 1546 1635 arundineti
1573 1594 1615 1635 in
1643 1595 1854 1636 meridiem
1881 1596 2075 1638 torrentis
2104 1595 2202 1636 civi-

281 1660 419 1696 tatum
438 1653 648 1707 Ephraim.
669 1665 759 1705 quae
776 1651 817 1692 in
834 1651 968 1693 medio
987 1657 1083 1693 sunt
1100 1651 1263 1693 urbium
1281 1653 1488 1694 Manasse:
1507 1653 1706 1694 terminus
1723 1654 1912 1696 Manasse
1929 1655 1981 1696 ab
1998 1654 2202 1708 Aquilone

282 1714 487 1757 torrentis,
512 1718 552 1754 et
573 1712 707 1752 exitus
729 1711 813 1751 eius
835 1711 967 1765 pergit
989 1711 1041 1751 ad
1062 1723 1191 1752 mare:
1242 1713 1278 1735 ¹0
1297 1712 1357 1752 ita
1377 1716 1425 1752 ut
1446 1712 1644 1766 possessio
1666 1713 1865 1766 Ephraim
1886 1714 1940 1754 sit
1961 1714 2012 1755 ab
2033 1714 2199 1763 Austro,

282 1778 323 1814 et
348 1774 399 1813 ab
425 1771 626 1825 Aquilone
652 1771 851 1812 Manasse,
879 1775 920 1810 et
944 1774 1164 1823 utramque
1189 1769 1357 1811 claudat
1380 1783 1504 1819 mare,
1532 1776 1574 1813 et
1598 1771 1900 1825 coniungantur
1923 1772 2000 1814 sibi
2023 1773 2065 1813 in
2090 1772 2201 1814 tribu

282 1833 382 1873 Aser
408 1833 458 1872 ab
485 1830 699 1884 Aquilone,
728 1835 769 1870 et
794 1829 834 1869 in
859 1829 969 1870 tribu
998 1829 1185 1870 Issachar
1210 1830 1261 1870 ab
1288 1829 1466 1871 Oriente.
1521 1832 1552 1854 ¹¹
1577 1830 1756 1885 Fuitque
1782 1831 1987 1873 hereditas
2012 1832 2202 1873 Manasse

281 1891 321 1931 in
346 1890 533 1932 155391131-
554 1894 595 1931 et
617 1889 657 1929 in
679 1889 791 1931 Aser.
818 1888 999 1928 Bethsan
1023 1894 1064 1930 et
1086 1887 1209 1929 viculi
1231 1888 1327 1937 eius,
1353 1894 1393 1929 et
1418 1889 1599 1931 Ieblaam
1623 1904 1714 1931 cum
1738 1890 1881 1932 viculis
1904 1891 1999 1941 suis,
2024 1895 2065 1932 et
2085 1890 2202 1932 habi-

281 1956 435 1992 tatores
450 1950 537 1990 Dor
550 1962 641 1989 cum
659 1947 818 2001 oppidis
834 1948 927 1990 suis.
944 1947 1199 1989 habitatores
1216 1961 1378 2002 quoque
1394 1948 1536 1989 Endor
1549 1962 1641 1990 cum
1657 1950 1800 1991 viculis
1815 1950 1916 1991 suis:
1933 1949 2201 2004 similiterque

281 2009 535 2050 habitatores
570 2008 733 2048 Thenac
767 2020 859 2048 011111
894 2006 1036 2047 viculis
1070 2006 1164 2057 suis,
1201 2012 1242 2048 et
1275 2006 1529 2049 habitatores
1563 2009 1764 2062 Mageddo
1799 2022 1892 2050 cum
1926 2008 2070 2050 viculis
2103 2009 2199 2057 suis,

282 2075 323 2110 et
351 2069 473 2109 tertia
504 2080 596 2121 pars
627 2067 736 2107 urbis
768 2066 974 2119 Nopheth.
1034 2068 1065 2090 ¹2
1096 2066 1179 2106 Nec
1209 2072 1435 2119 potuerunt
1467 2067 1537 2107 filii
1567 2068 1753 2109 Manasse
1783 2068 1856 2109 has
1887 2067 2076 2110 civitates
2111 2068 2201 2109 :Ub-

282 2134 451 2175 vertere,
486 2127 556 2167 sed
587 2126 714 2179 coepit
745 2125 999 2166 Chananaeus
1031 2125 1219 2166 habitare
1251 2125 1292 2165 in
1325 2131 1433 2167 terra
1464 2140 1548 2168 sua.
1611 2128 1643 2151 ¹³
1674 2127 1902 2182 Postquam
1935 2133 2075 2169 autem
2107 2140 2201 2169 con-

282 2187 501 2228 valuerunt
540 2185 611 2226 filii
650 2185 784 2233 Israel,
824 2183 1085 2225 subiecerunt
1122 2184 1384 2231 Chananaeos,
1425 2190 1466 2226 et
1501 2186 1686 2227 fecerunt
1722 2186 1798 2227 sibi
1835 2185 2086 2236 tributarios,
2128 2199 2201 2227 nec

284 2246 577 2288 interfecerunt
606 2258 684 2285 eos.

389 2319 419 2341 ¹¹
446 2314 673 2368 Locutique
700 2319 797 2355 sunt
826 2313 895 2354 filii
925 2314 1071 2367 Ioseph
1099 2314 1151 2354 ad
1180 2314 1309 2364 Iosue,
1338 2319 1380 2355 et
1406 2314 1616 2356 dixerunt:
1647 2315 1780 2363 Quare
1807 2315 1957 2357 dedisti
1983 2316 2082 2357 mihi
2108 2329 2201 2369 pos-

282 2375 500 2417 sessionem
536 2374 654 2415 sortis
690 2379 731 2414 et
765 2373 935 2415 funiculi
969 2373 1100 2418 unius,
1138 2386 1231 2414 cum
1266 2373 1342 2414 sim
1377 2379 1506 2414 tantae
1540 2373 1831 2424 multitudinis,
1869 2379 1910 2415 et
1944 2374 2202 2416 benedixerit

284 2435 382 2476 mihi
410 2432 637 2475 Dominus?
695 2434 724 2456 ¹5
753 2432 817 2472 Ad
847 2446 946 2486 quos
977 2432 1095 2473 Iosue
1124 2433 1199 2473 ait:
1230 2433 1270 2473 Si
1298 2432 1474 2486 populus
1502 2432 1657 2474 multus
1687 2446 1739 2483 95,
1771 2433 1942 2475 ascende
1970 2433 2011 2473 in
2039 2433 2200 2483 silvam,

285 2500 326 2535 et
345 2492 505 2534 succide
526 2492 600 2532 tibi
622 2491 755 2546 spatia
776 2491 816 2531 in
839 2491 961 2532 Terra
980 2491 1181 2532 Pherezaei
1203 2496 1243 2533 et
1265 2491 1490 2544 Raphaim:
1514 2491 1610 2545 quia
1630 2498 1806 2546 angusta
1825 2497 1887 2533 est
1906 2491 1982 2534 tibi
2001 2492 2201 2546 possessio

285 2552 436 2594 montis
468 2551 677 2605 Ephraim.
739 2552 773 2574 ¹⁶
804 2550 875 2591 Cui
906 2550 1206 2603 responderunt
1240 2550 1308 2591 filii
1342 2551 1507 2603 Ioseph:
1541 2551 1633 2592 Non
1664 2550 1889 2605 poterimus
1921 2551 1974 2592 ad
2002 2557 2203 2593 montana

285 2611 565 2659 conscendere,
585 2623 677 2651 eum
693 2609 831 2649 ferreis
849 2609 1032 2650 curribus
1049 2614 1223 2650 utantur
1238 2609 1468 2656 Chananaei,
1490 2609 1559 2663 qui
1574 2610 1769 2651 habitant
1784 2610 1825 2651 in
1841 2616 1950 2651 terra
1966 2610 2200 2665 campestri,

284 2671 325 2711 in
356 2683 437 2724 qua
465 2670 552 2710 sitae
581 2676 678 2710 sunt
708 2668 890 2709 Bethsan
919 2681 1011 2709 cum
1041 2668 1184 2709 viculis
1214 2668 1307 2716 51115,
1340 2673 1380 2709 91
1412 2669 1560 2709 Iezrael
1589 2668 1767 2710 mediam
1796 2669 2007 2723 possidens
2036 2668 2198 2710 vallem.

286 2731 319 2754 ¹⁷
350 2729 549 2783 Dixitque
582 2728 699 2768 losue
731 2727 783 2768 ad
814 2728 982 2768 domum
1016 2727 1174 2780 Ioseph,
1208 2727 1406 2781 Ephraim
1438 2733 1478 2769 et
1508 2728 1714 2768 Manasse:
1748 2727 1928 2781 Populus
1959 2727 2114 2770 multus
2146 2741 2199 2776 es,

287 2796 327 2828 91
357 2801 514 2842 magnae
543 2786 810 2833 fortitudinis,
844 2799 924 2826 non
955 2786 1124 2827 habebis
1155 2792 1306 2828 sortem
1336 2800 1474 2834 unam,
1534 2788 1568 2811 ¹⁸
1598 2787 1668 2828 sed
1697 2787 1890 2828 transibis
1921 2787 1974 2828 ad
2002 2792 2199 2833 montem,

287 2853 327 2887 et
352 2847 532 2888 succides
558 2846 646 2892 tibi,
676 2851 800 2898 atque
827 2845 1018 2898 purgabis
1046 2846 1098 2886 ad
1124 2845 1398 2887 habitandum
1424 2845 1576 2899 spatia:
1605 2851 1645 2886 et
1671 2847 1823 2899 poteris
1849 2845 1959 2887 ultra
1983 2846 2201 2899 procedere

287 2919 377 2946 911111
414 2906 662 2947 subverteris
697 2905 986 2948 Chananaemn
1025 2918 1146 2958 quem
1181 2904 1279 2945 dicis
1314 2905 1462 2946 ferreos
1497 2904 1646 2946 habere
1681 2917 1833 2954 currus,
1871 2910 1912 2945 et
1946 2918 2030 2946 esse
2064 2905 2201 2946 fortis-

286 2964 446 3005 simum.

755 3023 793 3062 4.
824 3021 1079 3073 Descriptio
1110 3022 1246 3062 terrae
1277 3022 1478 3074 reliquae,
1507 3023 1572 3072 18,
1593 3023 1738 3062 1—10.

394 3088 455 3130 18.
513 3090 525 3111 ¹
559 3087 882 3140 Congregatique
915 3092 1011 3127 sunt
1044 3100 1182 3128 omnes
1219 3087 1288 3128 filii
1323 3086 1448 3129 Israel
1481 3087 1520 3128 111
1553 3087 1647 3135 Silo,
1683 3086 1820 3141 ibique
1856 3086 2034 3128 fixerunt
2066 3088 2201 3128 taber-

290 3146 478 3187 naculum
515 3146 749 3190 testimonii,
785 3153 824 3188 et
858 3146 936 3187 11111
969 3146 1023 3186 915
1058 3146 1180 3186 Terra
1212 3146 1406 3188 subiecta.
1469 3149 1483 3171 ²
1518 3147 1817 3187 Remanserant
1850 3150 1989 3187 autem
2025 3144 2199 3186 filiorum

294 3204 413 3246 lsrael
438 3210 593 3258 septem
620 3205 762 3253 tribus,
791 3219 880 3258 quae
905 3206 1078 3246 necdum
1105 3211 1345 3258 aceeperant
1372 3205 1643 3258 possessiones
1668 3218 1773 3246 suas.
1826 3207 1842 3229 ³
1865 3203 1930 3244 Ad
1955 3217 2055 3258 quos
2082 3203 2200 3245 Iosue

287 3264 362 3303 ait:
402 3264 618 3317 [⁷-1queqiio
651 3265 838 3304 marcetis
871 3264 1045 3318 ignavia,
1080 3270 1120 3305 et
1151 3277 1231 3305 11011
1264 3264 1425 3305 intratis
1457 3264 1509 3305 ad
1542 3263 1829 3317 possidendam
1861 3263 2038 3312 Terram,
2074 3276 2198 3317 quam

288 3322 486 3364 Dominus
522 3323 632 3364 Deus
668 3329 831 3375 patrum
871 3330 1099 3364 vestrorum
1135 3322 1247 3364 dedit
1285 3324 1423 3365 vobis?
1487 3325 1502 3348 4
1538 3322 1686 3376 Eligite
1721 3323 1770 3364 de
1806 3321 1972 3376 singulis
2008 3321 2198 3363 tribubus

289 3388 424 3423 ternos
454 3382 572 3431 viros,
606 3388 651 3422 ut
679 3383 843 3423 mittam
874 3396 952 3427 905,
984 3388 1023 3423 91
1054 3387 1223 3436 pergant
1254 3388 1378 3435 atque
1407 3382 1658 3423 circumeant
1687 3382 1864 3430 Terram,
1896 3385 1937 3422 et
1965 3380 2199 3422 describant

425 3460 475 3526 17,
502 3486 520 3517 τ.)
545 3460 632 3518 aim
658 3486 710 3526 26,
735 3486 786 3519 30.
880 3486 900 3518 3
924 3487 1011 3520 bNm
1037 3487 1089 3527 27,
1116 3488 1149 3521 1:
1176 3487 1229 3526 36,
1256 3487 1304 3518 11.
