2356 3760
105 163 158 200 22,
185 160 326 199 1843,
352 160 372 191 e
984 153 1123 187 iosUE
1927 159 2000 200 195

107 263 148 294 et
176 266 303 306 usque
331 251 372 291 in
400 256 639 304 praesentem
669 247 776 288 diem
804 247 964 287 macula
994 246 1112 287 huius
1140 246 1296 287 sceleris
1326 246 1366 286 in
1394 246 1510 287 nobis
1539 250 1772 299 permanet?
1803 250 2002 303 multique

107 313 157 353 de
180 310 329 365 populo
354 312 602 351 corruerunt.
656 308 690 330 ¹⁸
713 305 769 346 Et
792 318 863 346 vos
886 305 1006 346 hodie
1029 304 1246 357 reliquistis
1270 303 1505 349 Dominum,
1532 310 1572 345 et
1595 318 1682 345 cras
1704 306 1745 346 in
1769 308 2000 350 universum

111 369 232 411 Israel
260 370 319 410 ira
346 368 428 409 eius
457 364 659 406 desaeviet.
718 366 751 388 ¹⁹
779 364 899 412 Quod
926 363 957 404 si
986 363 1142 417 putatis
1170 363 1425 403 immundam
1454 376 1537 403 esse
1566 368 1715 404 terram
1743 367 2001 417 possessionis

108 434 264 477 vestrae,
297 424 467 468 transite
498 424 550 464 ad
580 424 757 469 Terram,
790 422 831 463 in
863 436 943 476 qua
973 421 1282 462 tabernaculum
1314 420 1479 462 Domini
1510 426 1581 467 cst,
1615 427 1655 462 et
1685 422 1869 464 habitate
1899 425 2004 464 inter

108 502 199 529 nos:
232 490 394 528 tantum
425 488 472 524 ut
501 496 525 523 a
553 481 742 530 Domino,
775 486 817 522 et
846 495 870 521 a
899 486 1037 521 nostro
1068 480 1270 521 consortio
1301 493 1383 521 non
1412 480 1620 524 recedatis,
1653 481 1855 522 aedificato
1887 482 2003 522 altari

111 552 254 600 praeter
273 543 400 584 altare
421 541 587 583 Domini
607 539 683 581 Dei
704 539 843 581 nostri.
893 541 929 565 ²0
952 540 1117 580 aNonne
1137 538 1281 580 Achan
1304 538 1408 578 filius
1430 538 1527 578 Zare
1548 539 1743 591 praeteriit
1763 540 2005 581 mandatum

111 601 283 652 Domini,
309 607 351 643 et
370 613 490 654 super
510 612 672 641 omnem
694 598 891 653 populum
915 598 1038 639 Israel
1058 598 1118 638 ira
1138 597 1221 638 eius
1243 596 1453 638 incubuit?
1476 597 1532 637 Et
1551 596 1616 638 ille
1637 604 1726 639 erat
1745 612 1848 639 unus
1869 599 2004 645 homo,

110 669 232 716 atque
259 660 419 702 utinam
447 658 553 700 solus
582 657 767 712 periisset
794 657 835 700 in
862 657 1007 698 scelere
1035 670 1119 698 suo.

212 722 243 745 21
267 718 662 773 Responderuntque
688 716 758 757 filii
782 717 928 757 Ruben
951 720 992 757 et
1014 715 1116 764 Gad,
1141 720 1183 756 et
1205 714 1374 756 dimidia
1395 714 1524 755 tribus
1548 714 1733 755 Manasse
1756 715 2004 769 principibus
2037 720 2068 744 π
2089 719 2179 759 decla·

105 778 319 832 legationis
346 776 487 818 Israel:
540 778 572 800 22
597 774 858 816 Fortissimus
884 774 993 816 Deus
1019 773 1231 819 Dominus,
1260 771 1519 813 Fortissimus
1546 772 1655 813 Deus
1682 773 1892 819 Dominus,
1920 773 2004 827 ipse
2018 756 2200 820 gnffitcfflgn„

108 838 236 886 novit,
260 841 301 877 et
324 834 447 877 Israel
468 833 588 876 simul
608 833 825 887 intelliget:
848 832 881 874 si
902 831 1247 887 praevaricationis
1270 831 1418 879 animo,
1442 831 1517 872 hoc
1541 831 1667 871 altare
1689 832 2002 877 construximus,
2060 824 2159 849 ‘mam

109 910 190 938 non
213 894 420 937 custodiat
442 907 527 942 nos,
552 893 622 934 sed
644 893 792 947 puniat
814 905 886 933 nos
909 891 951 932 in
974 891 1181 945 praesenti:
1233 893 1265 915 2³
1288 895 1329 930 et
1351 889 1384 930 si
1407 903 1454 931 ea
1476 895 1613 930 mente
1636 889 1803 931 fecimus
1828 895 1874 931 ut
1897 890 2008 931 holo-

108 959 262 1004 causta,
296 959 337 995 et
367 952 622 1001 sacrificium,
655 956 696 992 et
726 951 917 1005 pacificas
948 950 1136 991 victimas
1167 962 1287 1002 super
1317 962 1362 990 eo
1393 948 1704 1002 imponeremus,
1736 948 1821 1003 ipse
1853 954 2009 1002 quaerat

109 1019 151 1055 et
178 1013 349 1054 iudicet:
408 1014 441 1037 24
472 1016 513 1053 et
544 1024 626 1052 non
658 1024 706 1052 ea
735 1010 864 1063 magis
896 1009 1143 1064 cogitatione
1175 1013 1299 1062 atque
1332 1012 1526 1056 tractatu,
1562 1012 1608 1049 ut
1639 1007 1881 1049 diceremus:
1915 1008 2010 1048 Cras

110 1072 247 1114 dicent
277 1071 347 1112 filii
376 1070 501 1111 vestri
533 1069 622 1111 filiis
652 1069 820 1110 nostris:
851 1068 959 1117 Quid
987 1068 1103 1110 vobis
1132 1073 1174 1109 et
1201 1066 1377 1109 Domino
1407 1067 1493 1107 Deo
1526 1066 1672 1107 Israel?
1729 1069 1762 1092 2⁵
1790 1066 2010 1108 terminum

110 1131 247 1186 posuit
274 1129 474 1172 Dominus
503 1129 609 1170 inter
637 1142 709 1169 nos
738 1134 779 1169 et
807 1141 891 1177 vos,
922 1141 944 1168 o
977 1127 1047 1167 filii
1077 1127 1235 1176 Ruben,
1267 1132 1308 1168 et
1339 1125 1408 1166 filii
1437 1126 1538 1175 Gad,
1572 1125 1787 1167 Iordanem
1818 1125 2009 1167 fluvium:

110 1196 152 1231 et
177 1190 326 1231 idcirco
354 1193 513 1243 partem
541 1201 623 1229 non
650 1187 810 1228 habetis
838 1186 880 1228 in
907 1186 1097 1228 Domino,
1128 1186 1183 1227 Et
1210 1198 1281 1239 per
1307 1185 1412 1226 hanc
1441 1185 1693 1226 occasionem
1722 1189 1910 1225 avertent
1940 1183 2010 1224 filii

110 1248 235 1290 vestri
265 1248 366 1290 filios
394 1252 554 1289 nostros
581 1261 606 1287 a
631 1246 776 1287 timore
804 1245 981 1287 Domini.
1036 1244 1280 1286 Putavimus
1308 1244 1447 1297 itaque
1474 1243 1629 1292 melius,
1685 1244 1720 1267 2⁶
1746 1248 1787 1284 et
1814 1242 2009 1284 diximus:

110 1308 362 1349 Extruamus
387 1305 504 1348 nobis
529 1306 668 1350 altare,
696 1318 777 1346 non
801 1304 843 1346 in
867 1304 1117 1353 holocausta,
1144 1317 1275 1356 neque
1301 1303 1352 1343 ad
1378 1301 1565 1343 victimas
1590 1302 1828 1348 offerendas,
1883 1303 1915 1327 2⁷
1942 1301 2012 1343 sed

110 1367 152 1408 in
180 1365 461 1408 testimonium
490 1365 596 1406 inter
624 1378 696 1405 nos
725 1370 766 1405 et
794 1377 878 1411 vos,
910 1368 951 1404 et
979 1363 1158 1404 sobolem
1188 1367 1370 1402 nostram
1400 1366 1661 1414 vestramque
1690 1360 1934 1415 progeniem,
1966 1364 2013 1401 ut

111 1425 334 1467 serviamus
355 1424 545 1469 Domino,
569 1429 609 1464 et
630 1423 726 1464 iuris
749 1423 875 1463 nostri
897 1422 950 1462 sit
971 1422 1113 1462 offerre
1135 1426 1176 1463 et
1196 1420 1447 1470 holocausta,
1471 1425 1512 1461 et
1534 1419 1734 1466 victimas,
1758 1425 1799 1460 et
1820 1419 2011 1473 pacificas

111 1484 283 1526 hostias:
317 1488 355 1524 et
388 1495 649 1536 nequaquam
681 1481 821 1522 dicant
852 1493 938 1521 cras
973 1480 1042 1521 filii
1075 1480 1199 1521 vestri
1234 1479 1323 1520 filiis
1356 1478 1522 1520 nostris:
1558 1479 1649 1520 Non
1680 1484 1742 1520 est
1772 1478 1887 1520 vobis
1920 1490 2012 1531 pars

113 1544 152 1584 in
180 1542 368 1584 Domino.
427 1544 462 1566 ²⁸
491 1541 609 1590 Quod
636 1541 669 1581 si
698 1539 903 1581 voluerint
931 1539 1072 1586 dicere,
1104 1539 1411 1593 respondebunt
1439 1537 1512 1578 eis:
1544 1538 1647 1578 Ecce
1677 1537 1803 1578 altare
1832 1536 2010 1579 Domini.

113 1602 223 1656 quod
246 1602 431 1643 fecerunt
456 1606 591 1654 patres
617 1599 757 1643 nostri,
786 1612 866 1640 non
891 1598 931 1639 in
958 1598 1207 1645 holocausta,
1235 1611 1366 1650 neque
1390 1596 1431 1637 in
1457 1596 1712 1646 sacrificium,
1740 1596 1810 1638 sed
1834 1595 1875 1637 in
1901 1594 2013 1636 testi-

112 1661 294 1702 monium
324 1666 510 1702 nostrum
540 1672 585 1699 ac
615 1664 809 1699 vestrum.
867 1660 903 1682 2⁹
931 1658 1051 1698 Absit
1080 1671 1103 1697 a
1131 1656 1248 1698 nobis
1278 1657 1353 1697 hoc
1382 1655 1509 1697 scelus
1540 1660 1586 1696 ut
1614 1656 1850 1697 recedamus
1880 1668 1903 1695 a
1931 1654 2013 1695 Do-

113 1720 234 1769 mino,
271 1724 312 1761 et
345 1719 428 1760 eius
464 1717 635 1771 vestigia
667 1716 944 1771 relinquamus
979 1722 1166 1757 extructo
1201 1715 1319 1756 altari
1354 1715 1407 1755 ad
1440 1714 1690 1763 holocausta,
1727 1720 1768 1756 et
1801 1712 2012 1759 sacrificia,

112 1787 153 1821 ct
178 1778 365 1820 victimas
391 1778 629 1822 offerendas,
657 1781 803 1830 praeter
828 1776 954 1816 altare
979 1775 1145 1817 Domini
1169 1775 1245 1816 Dei
1270 1774 1409 1819 nostri,
1438 1775 1548 1827 quod
1572 1778 1807 1815 extructum
1832 1778 1893 1814 est
1918 1776 2012 1813 ante

113 1837 422 1879 tabernaculum
452 1836 548 1878 eius,

217 1899 253 1921 ³0
281 1896 437 1946 Quibus
467 1895 628 1943 auditis,
660 1894 831 1935 Phinees
861 1895 1059 1942 sacerdos,
1090 1899 1131 1934 et
1160 1893 1359 1947 principes
1389 1891 1600 1946 legationis
1632 1892 1765 1936 lsrael,
1797 1891 1866 1945 qui
1896 1896 2012 1931 erant
2036 1885 2197 1953 pss‘ssffiis,

112 1970 205 1997 cum
227 1970 286 2005 eo,
310 1955 461 2010 placati
482 1959 597 1996 sunt:
620 1960 660 1995 et
682 1954 808 1993 verba
831 1953 1004 1993 filiorum
1029 1953 1187 1999 Ruben,
1212 1957 1253 1993 et
1273 1951 1375 2001 Gad,
1399 1956 1441 1992 et
1462 1950 1639 1992 dimidiae
1660 1950 1789 1991 tribus
1811 1950 2010 1994 Manasse,

114 2015 377 2056 libentissime
413 2017 689 2066 susceperunt.
753 2015 784 2036 ³¹
820 2011 1018 2065 Dixitque
1054 2011 1224 2052 Phinees
1262 2010 1366 2051 filius
1402 2009 1584 2051 Eleazari
1620 2010 1805 2050 sacerdos
1841 2009 1894 2050 ad
1929 2020 2014 2049 eos:

116 2074 233 2114 Nunc
261 2073 408 2114 scimus
438 2072 547 2125 quod
575 2071 785 2112 nobiscum
815 2071 867 2111 sit
894 2070 1106 2117 Dominus
1138 2069 1331 2123 quoniam
1360 2068 1478 2109 alieni
1507 2068 1601 2109 estis
1630 2082 1654 2109 a
1681 2066 2015 2122 praevaricatione

115 2133 200 2181 hac,
233 2136 274 2173 et
301 2130 502 2173 libera-stis
535 2130 636 2171 filios
668 2129 791 2170 Israel
820 2130 869 2170 de
898 2142 1022 2170 manu
1052 2128 1229 2170 Domini.

217 2193 250 2215 ³²
280 2191 562 2243 Reversusque
591 2194 652 2230 est
680 2202 771 2229 cum
800 2187 1050 2242 principibus
1079 2201 1103 2229 a
1134 2187 1222 2228 filiis
1254 2187 1400 2228 Ruben
1428 2192 1469 2227 et
1497 2187 1587 2227 Gad
1615 2186 1664 2227 de
1693 2187 1816 2227 Terra
1843 2184 2011 2227 Galaad,
2045 2177 2192 2237 oritgffiffi

117 2249 259 2290 finium
281 2249 476 2290 Chanaan
498 2249 551 2289 ad
575 2247 675 2289 filios
701 2246 835 2294 Israel,
860 2253 901 2288 et
922 2247 1062 2288 retulit
1083 2246 1150 2288 eis.
1200 2249 1233 2271 33
1254 2246 1496 2300 Placuitque
1518 2258 1647 2286 sermo
1670 2245 1826 2286 cunctis
1849 2243 2013 2285 audicn-
2043 2255 2101 2307 ¹10¹}
2120 2246 2194 2272 <¹0¹⁸-

115 2309 236 2350 tibus.
256 2309 311 2349 Et
324 2308 599 2349 laudaverunt
614 2307 748 2347 Deum
767 2305 837 2348 filii
856 2306 990 2355 Israel,
1008 2311 1049 2347 et
1065 2319 1325 2359 nequaquam
1343 2305 1451 2346 ultra
1466 2303 1669 2349 dixerunt,
1688 2310 1735 2345 ut
1751 2303 2015 2344 ascenderent
2101 2289 2146 2309 'ur'

113 2373 259 2410 contra
286 2381 363 2415 eos,
395 2372 519 2421 atque
546 2370 788 2421 pugnarent,
819 2370 860 2406 et
888 2364 1067 2407 delerent
1095 2365 1259 2406 Terram
1287 2363 1549 2418 possessionis
1578 2377 1728 2404 eorum.

218 2430 251 2452 3⁴¹
283 2426 625 2479 Vocaveruntque
660 2424 730 2465 filii
764 2424 922 2473 Ruben,
958 2430 999 2465 et
1033 2424 1103 2465 filii
1136 2424 1226 2465 Gad
1259 2423 1398 2474 altare,
1434 2423 1543 2477 quod
1576 2427 1854 2466 extruxerant,
1890 2419 2016 2461 Testi-
2078 2415 2162 2441 211211

2033 2458 2137 2477 nomen
2157 2452 2207 2476 ini-

116 2485 298 2527 monium
324 2490 521 2535 nostrum,
550 2485 660 2538 quod
685 2483 885 2525 Dominus
910 2483 994 2537 ipse
1020 2484 1072 2525 sit
1096 2483 1220 2526 Deus.
2058 2487 2183 2518 ponitur,

844 2611 1294 2665 APPENDIX.

451 2699 708 2754 Ultima
746 2701 943 2766 gesta
979 2699 1190 2764 Iosue‚
1229 2697 1333 2763 23,
1359 2697 1563 2762 1-24,
1590 2696 1689 2750 33.

583 2793 623 2832 1.
654 2790 880 2846 Suprema
909 2791 1168 2832 exhortatio
1199 2791 1312 2842 eiuS‚
1339 2790 1568 2842 23,1—16.
2059 2848 2084 2872 D
2138 2849 2142 2852 ἱ

218 2862 284 2907 23.
339 2865 353 2887 1
389 2861 567 2904 Evoluto
605 2868 742 2904 autem
778 2863 908 2904 multo
944 2867 1139 2916 tempore,
1178 2867 1397 2916 postquam
1434 2874 1575 2915 pacem
1612 2860 1779 2900 dederat
1815 2857 2014 2899 Dominus
2037 2883 2199 2909 adhaeseam

119 2921 267 2971 Israeli,
295 2921 486 2962 subiectis
512 2921 553 2962 in
577 2935 676 2976 gyro
704 2922 938 2963 nationibus
964 2921 1174 2966 universis,
1203 2925 1243 2961 et
1272 2921 1388 2962 Iosue
1414 2920 1494 2961 iam
1520 2919 1715 2973 longaevo,
1743 2922 1784 2958 et
1809 2915 2015 2971 persenilis

115 2981 269 3022 aetatis:
320 2983 334 3005 2
359 2980 524 3021 vocavit
550 2980 666 3021 Iosue
690 2994 851 3023 omnem
879 2979 1079 3025 Israelem.
1106 2980 1359 3033 maioresque
1382 2984 1495 3024 natu,
1523 2983 1563 3019 et
1586 2976 1786 3031 principes
1811 2989 1857 3016 ac
1881 2976 2014 3016 duces.

117 3046 158 3081 et
183 3039 412 3093 magistros
442 3039 628 3092 dixitque
657 3040 709 3080 ad
736 3052 821 3080 eos:
851 3039 936 3093 Ego
966 3038 1090 3085 senui,
1121 3044 1162 3081 et
1189 3038 1467 3093 progressioris
1496 3036 1629 3078 aetatis
1657 3049 1766 3076 sum:
1821 3037 1837 3059 3
1864 3047 2018 3086 vosque

115 3098 279 3139 cernitis
302 3097 449 3147 omnia,
477 3111 566 3151 quae
587 3098 728 3140 fecerit
749 3098 949 3140 Dominus
971 3098 1081 3139 Deus
1104 3102 1239 3138 vester
1260 3097 1417 3138 cunetis
1440 3109 1510 3151 per
1531 3095 1745 3137 circuitum
1768 3093 2015 3139 nationibus,

118 3171 197 3211 quo
225 3157 346 3199 modo
375 3169 445 3210 pro
475 3156 589 3197 vobis
616 3157 700 3211 ipse
728 3157 990 3211 pugnaverit:
1045 3160 1061 3182 4
1088 3162 1128 3198 et
1154 3170 1262 3197 nunc
1290 3156 1386 3209 quia
1412 3154 1527 3196 vobis
1555 3158 1662 3195 sorte
1689 3153 1828 3194 divisit
1855 3163 2017 3194 omnem

117 3216 294 3265 Terram,
329 3216 380 3256 ab
413 3214 610 3256 Orientali
641 3221 757 3269 parte
792 3215 974 3257 Iordanis
1007 3229 1135 3269 usque
1167 3216 1220 3256 ad
1250 3227 1360 3255 mare
1392 3227 1598 3268 magnum,
1632 3211 1853 3264 multaeque
1885 3210 2018 3251 adhuc

117 3280 336 3328 supersunt
356 3274 560 3316 nationes:
608 3277 623 3299 5
642 3274 843 3316 Dominus
863 3275 973 3317 Deus
996 3280 1129 3315 vester
1148 3274 1356 3327 disperdet
1376 3286 1443 3314 eas
1463 3279 1503 3314 et
1525 3273 1681 3313 auferet
1701 3284 1725 3311 a
1744 3269 1846 3310 facie
1867 3275 2015 3310 vestra,

117 3339 159 3374 et
180 3333 438 3387 possidebitis
461 3333 638 3381 Terram,
663 3333 767 3374 sicut
790 3333 905 3375 vobis
927 3333 1130 3387 pollicitus
1153 3339 1225 3373 est.
1279 3334 1294 3356 ‘⁵
1315 3337 1478 3373 tantum
1502 3328 1800 3373 confortamini,
1826 3333 1864 3369 et
1887 3332 2017 3367 estote

118 3392 274 3437 soliciti,
306 3397 354 3433 ut
382 3392 623 3434 custodiatis
653 3397 802 3433 cuncta
832 3405 921 3446 quae
950 3392 1100 3445 scripta
1131 3397 1227 3433 sunt
1256 3390 1297 3432 in
1326 3390 1532 3432 volumine
1560 3388 1657 3441 legis
1687 3387 1836 3440 Moysi:
1867 3391 1906 3426 et
1936 3396 2016 3424 non

120 3471 152 3473 ⁷⁷
249 3471 459 3540 20⁷a⁷s1i⁷p⁷⁷z
484 3498 512 3530 1.

1739 3549 1812 3589 13²<
