2356 3760
128 188 183 228 19,
209 187 351 228 14-20,
376 188 420 221 20
1001 187 1094 221 REG
1104 187 1167 220 cM
1951 197 2027 237 307

130 294 222 322 eum
246 281 400 322 dicens:
425 281 533 330 Quid
555 281 620 321 hic
643 279 726 333 agis
749 279 863 320 Elia?
888 281 920 304 14
942 280 997 320 Et
1019 280 1083 320 ille
1106 281 1333 333 respondit:
1359 281 1449 322 cho
1473 281 1624 323 zelatus
1648 297 1736 324 sum
1759 300 1829 338 pro
1852 288 2027 329 Domino

129 340 216 381 Deo
242 340 512 381 exercituum:
542 338 659 392 aquia
683 337 985 391 dereliquerunt
1009 343 1177 391 pactum
1202 345 1321 379 tuum
1346 339 1416 379 fflii
1442 339 1582 381 Israel:
1610 341 1754 382 altaria
1778 348 1851 384 tua
1875 346 2029 386 destru-

130 403 290 443 xerunt.
323 398 544 452 prophetas
576 402 668 437 tuos
701 396 936 438 occiderunt
967 396 1112 449 gladio,
1147 397 1360 438 derelictus
1393 411 1483 438 sum
1515 412 1585 451 ego
1618 399 1736 449 solus,
1771 406 1811 441 et
1844 410 2030 454 quaerunt

131 456 311 498 animam
332 469 466 497 meam
488 460 535 496 ut
557 455 745 496 auferant
767 467 868 496 eam.
920 456 951 479 ¹5
973 455 1028 495 Et
1050 455 1107 495 ait
1129 455 1329 496 Dominus
1352 456 1405 496 ad
1426 469 1536 497 eum:
1560 457 1684 506 Vade,
1709 464 1749 499 et
1770 466 1968 500 revertere
1990 461 2029 501 in

130 515 241 556 viam
270 520 386 556 tuam
416 527 488 567 per
517 514 722 555 desertum
753 513 794 553 in
824 513 1092 554 Damascum:
1125 526 1298 567 cumque
1328 515 1558 567 perveneris
1587 515 1692 561 illuc,
1726 530 1848 570 unges
1882 517 2032 558 Hazael

131 587 265 628 regem
287 586 407 627 super
428 572 600 626 Syriam,
652 573 687 596 1⁶
708 577 749 612 et
774 572 896 612 bIehu
918 571 1045 612 filium
1070 571 1211 612 Namsi
1232 585 1356 625 unges
1381 585 1516 626 regem
1538 586 1657 626 super
1680 575 1820 615 Israel:
1854 575 2031 616 Eliseum

131 638 270 673 autem
295 631 423 672 filium
449 631 618 684 Saphat,
648 630 716 684 qui
742 635 804 671 est
829 631 877 671 de
902 629 1153 675 Abehneula,
1181 643 1305 683 unges
1331 631 1575 684 prophetam
1601 644 1671 684 pro
1698 639 1750 674 tc.
1806 635 1838 657 1⁷
1864 634 1919 674 Et
1945 634 2031 679 erit,

132 690 377 744 quicumque
394 690 544 744 fugerit
559 689 740 743 gladium
760 688 924 737 Hazael,
944 688 1101 729 occidet
1119 701 1211 729 eum
1231 688 1348 729 Iehu:
1368 694 1409 729 et
1427 689 1671 742 quicumque
1688 691 1836 744 fugerit
1853 692 2032 745 gladium

132 749 243 792 Iehu.
277 748 494 790 interficiet
524 761 617 788 eum
648 747 817 790 Eliseus.
878 748 913 771 1⁸
950 747 1023 788 CEt
1054 747 1332 801 derelinquam
1364 747 1463 787 mihi
1493 748 1535 788 in
1568 748 1691 788 Israel
1722 755 1877 802 septem
1908 750 2034 790 millia

130 807 322 857 virorum,
342 820 514 861 quorum
530 820 664 860 genua
677 819 758 847 non
774 813 871 846 sunt
885 806 1101 846 incurvata
1118 811 1212 847 ante
1230 805 1342 851 Baal,
1360 810 1401 846 et
1417 819 1534 846 omne.
1551 819 1606 851 os,
1626 807 1734 859 quod
1750 820 1830 848 non
1847 808 2033 848 adoravit

131 879 224 907 011111
253 866 437 907 osc-ulans
466 878 623 906 manus,

236 926 270 949 19
285 925 496 965 Profectus
513 936 604 977 ergo
621 923 714 964 inde
730 923 852 971 Elias,
870 923 1019 976 reperit
1035 923 1215 963 Eliseum
1230 923 1358 963 filium
1373 922 1542 976 Saphat,
1562 929 1745 964 arantem
1762 924 1803 963 in
1819 924 2031 965 duodecim

130 983 232 1037 iugis
257 984 392 1024 boum.
419 988 460 1024 et
482 982 567 1036 ipse
589 982 631 1022 in
655 981 869 1023 duodecim
892 981 994 1035 iugis
1019 982 1143 1023 boum
1167 981 1378 1022 arantibus
1402 994 1505 1022 unus
1530 987 1634 1022 erat:
1660 995 1834 1035 cumque
1857 982 2035 1023 venisset

131 1041 241 1083 Elias
261 1042 314 1083 ad
333 1055 437 1091 011111,
458 1041 570 1082 misit
588 1041 757 1095 pallium
777 1054 896 1081 suum
916 1053 1036 1094 super
1053 1040 1179 1081 illum.
1228 1042 1264 1064 2⁰
1283 1040 1361 1088 Qui
1380 1039 1522 1080 statim
1540 1040 1688 1081 relictis
1709 1041 1838 1081 bobus
1859 1040 2036 1081 cucurrit

131 1106 225 1154 post
247 1100 393 1146 Eliam,
417 1105 459 1141 et
481 1100 557 1140 ait:
582 1099 759 1143 Osculer,
785 1112 866 1147 oro,
891 1105 1050 1153 patrem
1073 1112 1221 1141 meum.
1247 1105 1288 1139 et
1309 1104 1483 1139 matrem
1505 1111 1650 1143 meam,
1676 1104 1716 1139 et
1738 1099 1793 1140 sic
1815 1112 1960 1152 sequar
1981 1104 2033 1140 te.

131 1159 331 1213 Dixitque
363 1159 416 1200 ei:
450 1158 575 1207 Vade,
610 1164 650 1199 et
681 1163 900 1199 revertere:
936 1158 1045 1211 quod
1077 1158 1184 1198 enim
1216 1171 1351 1198 meum
1384 1162 1482 1205 erat,
1516 1157 1592 1197 feci
1623 1157 1710 1198 tibi.
1771 1160 1802 1182 '2¹
1836 1158 2036 1198 Reversus

132 1223 271 1259 autem
294 1218 346 1259 ab
369 1231 427 1266 eo,
452 1217 549 1258 tulit
571 1230 646 1271 par
668 1217 804 1262 boum,
830 1222 872 1258 et
893 1216 1095 1257 mactavit
1117 1216 1228 1265 illud,
1254 1222 1295 1257 et
1317 1216 1358 1256 in
1382 1220 1516 1256 aratro
1540 1215 1665 1256 boum
1688 1216 1797 1256 coxit
1821 1229 1970 1262 carnes.
1997 1221 2037 1256 et

132 1277 245 1318 dedit
271 1276 434 1331 populo,
464 1281 505 1317 et
531 1276 814 1317 comederunt:
843 1288 1168 1328 consurgensque
1195 1274 1308 1320 abiit,
1339 1279 1380 1314 et
1405 1279 1567 1315 secutus
1594 1278 1655 1314 est
1682 1274 1826 1323 Eliam,
1855 1280 1896 1316 et
1921 1274 2037 1314 mini-

131 1336 292 1377 strabat
321 1335 367 1376 ei.

485 1398 524 1439 5.
555 1397 709 1438 Achab
739 1408 897 1449 regem
929 1396 1144 1437 Benadad
1174 1396 1245 1436 bis
1275 1396 1426 1445 vincit,
1453 1397 1519 1445 20,
1538 1395 1684 1435 1—43.

236 1470 301 1514 20.
357 1473 370 1494 1
405 1470 529 1511 Porro
566 1469 763 1510 Benadad
797 1481 868 1509 rex
902 1468 1039 1521 Syriae,
1078 1467 1339 1520 congregavit
1375 1480 1536 1507 omnem
1572 1466 1794 1507 exercitum
1830 1479 1960 1510 31111111,
1998 1471 2037 1506 01

2064 929 2208 953 revertens

2075 963 2201 989 Eliseum

2076 1000 2199 1023 asciscit.

2058 1467 2119 1491 Rex
2139 1466 2228 1497 Syriae

2048 1503 2077 1527 in
2088 1502 2236 1527 montibus

132 1529 302 1583 triginta
327 1529 427 1570 duos
454 1541 564 1581 reges
590 1541 738 1572 secum,
767 1533 808 1568 et
833 1539 970 1580 eqUOS,
998 1531 1039 1567 et
1065 1539 1222 1567 currus:
1250 1532 1290 1566 et
1317 1525 1535 1566 ascendens
1562 1526 1775 1579 pugnabat
1800 1530 1942 1565 contra
1967 1524 2037 1565 Sa·
2061 1538 2223 1567 percutitur

131 1588 315 1635 mariam,
333 1592 374 1629 et
389 1587 604 1629 obsidebat
619 1599 720 1627 eam.
765 1588 779 1610 2
794 1586 1044 1639 Mittensque
1059 1585 1227 1626 nuncios
1244 1584 1295 1624 ad
1310 1584 1452 1624 Achab
1468 1597 1601 1637 regem
1619 1583 1742 1624 Israel
1756 1583 1797 1623 in
1812 1583 2034 1628 civitatem,

131 1649 147 1672 ³
172 1647 248 1688 ait:
277 1646 374 1687 Haec
401 1645 500 1687 dicit
526 1645 740 1686 Benadad:
768 1644 994 1698 Argentum
1020 1649 1151 1692 tuum,
1180 1648 1221 1683 et
1246 1656 1390 1684 aurum
1415 1648 1534 1683 tuum
1560 1656 1696 1683 meum
1723 1647 1801 1683 est:
1829 1647 1869 1682 et
1893 1654 2038 1682 uxores

133 1711 226 1750 tuae.
252 1712 291 1746 et
314 1705 384 1746 filii
406 1705 467 1745 tui
490 1704 647 1758 optimi,
673 1704 751 1745 mei
774 1709 881 1744 sunt.
933 1705 947 1727 '⁴
972 1702 1281 1756 Responditque
1304 1714 1374 1742 rex
1400 1701 1540 1742 Israel:
1568 1701 1689 1742 quta
1713 1701 1882 1741 verbum
1905 1706 2036 1747 11111111,

133 1764 296 1806 domine
319 1764 375 1804 mi
399 1776 481 1810 rex,
508 1769 604 1804 tuus
629 1776 719 1803 sum
744 1775 828 1816 ego,
856 1769 896 1803 et
921 1761 1059 1803 omnia
1082 1774 1183 1802 mea.
1237 1763 1252 1785 ⁵
1278 1761 1627 1813 Revertentesque
1652 1759 1800 1802 nuncii,
1828 1759 2037 1800 dixerunt:

135 1823 232 1865 Haec
251 1822 349 1864 dicit
370 1822 577 1866 Benadad.
601 1821 670 1875 qui
688 1821 800 1862 misit
818 1834 890 1862 nos
910 1821 962 1861 ad
981 1826 1040 1861 te:
1061 1820 1287 1873 Argentum
1306 1825 1438 1867 11111111,
1460 1824 1500 1859 et
1520 1831 1663 1859 aurum
1682 1824 1813 1867 tuum,
1836 1823 1876 1858 et
1895 1830 2039 1858 uxores

132 1887 238 1931 tuas,
266 1887 306 1923 01
330 1881 431 1923 filios
456 1886 548 1922 tuos
574 1880 690 1922 dabis
715 1880 825 1921 mihi.
882 1881 897 1903 ⁶
921 1879 1016 1920 Cras
1042 1879 1165 1932 igitur
1188 1878 1264 1918 hac
1289 1878 1431 1919 eadem
1455 1877 1554 1918 hora
1578 1877 1743 1918 mittam
1768 1889 1904 1917 servos
1928 1888 2038 1916 meos

134 1941 186 1982 ad
209 1947 261 1990 te,
287 1945 328 1982 et
351 1941 645 1982 scrutabuntur
668 1939 836 1980 domum
858 1943 987 1987 tuam,
1013 1943 1053 1978 et
1076 1937 1244 1978 domum
1268 1949 1477 1978 servorum
1500 1941 1683 1977 tuorum:
1709 1940 1750 1975 et
1773 1948 1902 1979 omne,
1930 1934 2039 1988 quod

133 2000 188 2041 eis
219 1999 428 2053 placuerit,
461 2004 616 2052 ponent
645 1998 686 2038 in
717 1997 905 2038 manibus
937 1996 1031 2045 suis,
1064 2001 1105 2037 et
1136 1996 1332 2036 auferent.
1395 1996 1408 2018 ⁷
1440 1994 1614 2035 Vocavit
1645 1999 1783 2035 autem
1813 2006 1884 2034 rex
1916 1992 2039 2033 Israel

134 2072 273 2100 omnes
302 2058 476 2099 seniores
505 2062 633 2104 terrae,
665 2062 705 2097 et
734 2056 810 2096 ait:
840 2054 1180 2102 Animadvertite‚
1212 2059 1253 2095 et
1280 2054 1417 2094 Videte
1447 2053 1639 2106 quoniam
1668 2052 1881 2093 insidietur
1908 2050 2037 2092 nobis.

133 2117 245 2159 misit
266 2117 372 2158 enim
395 2117 447 2157 ad
467 2129 532 2157 me
553 2129 625 2169 pro
648 2115 841 2156 uxoribus
863 2114 974 2163 meis,
999 2119 1039 2154 et
1060 2113 1162 2161 filiis,
1187 2118 1227 2153 et
1248 2125 1320 2166 pro
1343 2117 1510 2165 argento
1533 2116 1574 2152 et
1595 2124 1711 2152 auro:
1736 2116 1775 2151 et
1797 2123 1878 2151 non
1901 2108 2035 2150 abnui.

136 2178 152 2201 ⁸
181 2176 466 2229 Dixeruntque
497 2188 636 2216 omnes
666 2173 837 2215 maiores
868 2177 982 2217 natu,
1015 2178 1056 2213 et
1087 2171 1298 2212 universus
1330 2170 1502 2224 populus
1534 2170 1587 2210 ad
1617 2183 1727 2210 eum:
1761 2169 1853 2210 Non
1884 2167 2037 2216 audias,

134 2249 265 2289 neque
294 2234 525 2289 acquiescas
553 2233 621 2274 illi.
681 2234 696 2257 ⁹
726 2231 953 2286 Respondit
982 2231 1122 2284 itaque
1150 2229 1307 2271 nunciis
1339 2229 1552 2270 Benadad:
1583 2228 1716 2269 Dicite
1745 2227 1921 2269 Domino
1950 2239 2039 2267 meo

134 2294 234 2349 regi:
257 2293 406 2335 Omnia
425 2298 593 2346 propter
614 2305 704 2346 quae
724 2290 870 2332 misisti
891 2291 943 2331 ad
964 2303 1028 2330 me
1049 2302 1212 2330 servum
1232 2293 1351 2329 tuum
1372 2287 1414 2328 in
1435 2287 1562 2333 initio,
1586 2286 1752 2327 faciam:
1775 2286 1880 2326 hanc
1902 2290 2040 2326 autem

134 2366 219 2394 rem
247 2352 378 2393 facere
406 2364 488 2393 non
515 2364 693 2405 possum.
751 2351 787 2374 ¹⁰
815 2348 1064 2402 Reversique
1092 2347 1229 2388 nuncii
1257 2346 1484 2387 retulerunt
1513 2346 1558 2387 ei.
1591 2345 1668 2394 Qui
1696 2344 1862 2393 remisit,
1893 2349 1934 2384 et
1963 2343 2039 2384 ait:

137 2412 234 2453 Haec
261 2411 416 2452 faciant
443 2410 542 2450 mihi
570 2409 637 2459 dii,
668 2414 708 2450 et
736 2409 821 2449 haec
849 2408 1017 2455 addant,
1048 2407 1080 2447 si
1109 2406 1312 2447 suffecerit
1340 2405 1473 2459 pulvis
1501 2404 1693 2446 Samariae
1721 2402 1881 2457 pugillis
1910 2401 2041 2443 omnis

136 2470 287 2525 populi,
317 2469 386 2524 qui
411 2469 595 2522 sequitur
619 2481 695 2509 me.
750 2470 781 2492 11
807 2467 862 2508 Ε1
887 2466 1133 2520 respondens
1159 2478 1230 2506 rex
1257 2463 1391 2509 Israel,
1421 2463 1495 2504 ait:
1523 2462 1657 2503 Dicite
1682 2462 1734 2503 ei:
1764 2462 1823 2502 Ne
1847 2460 2041 2514 glorietur

136 2529 342 2571 accinctus
369 2541 483 2582 aeque
510 2532 557 2569 ut
584 2527 816 2568 discinctus.
872 2527 904 2550 12
930 2525 1105 2566 Factum
1133 2528 1194 2565 est
1221 2529 1372 2571 autem,
1402 2535 1494 2563 cum
1523 2521 1702 2562 audisset
1730 2519 1925 2561 Benadad
1953 2531 2040 2559 ver-

137 2589 236 2630 bum
257 2587 380 2631 istud.
406 2586 575 2628 bibebat
596 2586 680 2640 ipse
704 2591 744 2627 et
765 2598 876 2639 reges
898 2584 940 2625 in
963 2582 1222 2626 umbraculis,
1248 2588 1288 2623 et
1311 2582 1369 2622 ait
1391 2580 1515 2622 servis
1539 2580 1638 2621 suis:
1664 2579 1921 2621 Circumdate
1944 2576 2040 2617 civi-

137 2652 280 2689 tatem.
314 2646 370 2687 Et
401 2645 757 2686 circumdederunt
788 2657 889 2685 eam.
950 2645 982 2667 ¹3
1013 2642 1069 2683 Et
1100 2654 1190 2683 ecce
1221 2641 1423 2695 propheta
1453 2652 1557 2680 unus
1590 2638 1783 2679 accedens
1815 2637 1867 2678 ad
1898 2635 2040 2677 Achab

138 2719 272 2760 regem
297 2704 432 2754 Israel,
460 2704 518 2746 ait
542 2704 595 2745 ei:
623 2703 720 2744 Haec
745 2703 844 2744 dicit
867 2702 1087 2743 Dominus:
1113 2700 1230 2742 Certe
1254 2699 1394 2740 vidisti
1419 2711 1581 2740 omnem
1605 2696 1911 2737 multitudinem
1936 2695 2040 2734 hanc

139 2764 330 2805 nimiam?
352 2776 453 2813 0000,
475 2776 547 2817 ego
566 2762 729 2803 tradam
748 2774 838 2803 eam
856 2761 898 2801 in
917 2773 1042 2801 manu
1062 2764 1135 2801 tua
1152 2758 1290 2800 hodie:
1312 2763 1359 2798 ut
1377 2757 1490 2805 scias,
1513 2756 1608 2810 quia
1627 2768 1698 2808 ego
1718 2767 1807 2795 sum
1825 2753 2037 2794 Dominus.

139 2826 170 2848 ¹⁴
200 2823 256 2864 Et
287 2823 345 2864 ait
374 2822 535 2863 Achab:
566 2821 644 2862 Per
674 2820 819 2875 quem?
850 2819 1048 2872 Dixitque
1079 2818 1132 2859 ei:
1166 2817 1264 2858 Haec·
1295 2816 1393 2858 dicit
1422 2815 1640 2857 Dominus:
1672 2814 1749 2854 Per
1778 2812 2040 2866 pedissequos

138 2882 367 2936 principum
386 2880 700 2935 provinciarum.
722 2879 779 2920 Et
797 2879 873 2920 ait:
895 2878 993 2927 Quis
1012 2876 1180 2930 incipiet
1197 2875 1394 2930 praeliari?
1415 2874 1471 2915 Et
1488 2873 1553 2914 ille
1573 2872 1694 2914 dixit:
1717 2872 1788 2912 Tu.
1837 2872 1868 2895 15
1889 2870 2041 2910 Recen-

138 2941 221 2982 suit
242 2953 334 2994 ergo
355 2952 501 2994 pueros
523 2939 753 2993 principum
774 2936 1090 2991 provinciarum,
1114 2940 1155 2976 et
1176 2934 1325 2989 reperit
1346 2945 1561 2974 numerum
1583 2932 1851 2972 ducentorum
1873 2928 2043 2982 triginta

139 3000 331 3041 duorum:
360 3004 401 3040 et
426 2997 627 3039 recensuit
653 3002 747 3051 post
773 3010 839 3037 eos
865 2995 1076 3050 populum,
1105 3007 1244 3035 omnes
1272 2992 1372 3034 filios
1402 2990 1535 3039 Israel,
1565 2994 1720 3043 septem
1747 2987 1884 3029 millia.
1940 2988 1975 3011 ¹⁶
2001 2992 2042 3027 et

139 3057 284 3112 egressi
316 3062 413 3098 sunt
443 3056 620 3098 meridie.
657 3055 854 3097 Benadad
886 3059 1024 3095 autem
1057 3053 1227 3094 bibebat
1257 3051 1506 3093 temulentus
1538 3048 1580 3089 in
1611 3046 1848 3088 umbraculo
1882 3059 1966 3091 suo,
2001 3049 2042 3085 et

139 3130 249 3171 reges
273 3115 443 3170 triginta
467 3116 547 3157 duo
573 3128 665 3156 cum
690 3127 747 3163 00,
776 3113 845 3168 qui
869 3113 922 3154 ad
946 3112 1144 3153 auxilium
1169 3111 1252 3152 eius
1277 3114 1485 3150 venerant.
1540 3108 1573 3131 1⁷
1598 3105 1759 3160 Egressi
1782 3109 1879 3146 sunt
1902 3109 2041 3144 autem

139 3175 252 3229 pueri
281 3174 511 3229 principum
540 3173 843 3227 provinciarum
871 3171 914 3212 in
942 3170 1075 3225 prima
1103 3170 1249 3211 fronte.
1282 3168 1393 3209 Misit
1422 3167 1562 3220 itaque
1592 3164 1800 3206 Benadad.
1833 3162 1911 3212 Qui
1940 3174 2042 3202 nun-

140 3234 352 3275 ciaverunt
376 3233 422 3282 ei,
450 3232 648 3274 dicentes:
675 3231 760 3272 Viri
785 3230 930 3285 egressi
954 3234 1051 3270 sunt
1075 3229 1124 3270 de
1149 3227 1343 3270 Samaria.
1398 3226 1432 3250 1⁸
1457 3225 1513 3266 Et
1535 3224 1601 3265 ille
1626 3223 1702 3264 ait:
1729 3222 1821 3264 Sive
1846 3234 1917 3275 pro
1943 3233 2041 3274 pace

140 3293 322 3341 veniunt,
352 3290 644 3346 apprehendite
671 3303 737 3332 003
764 3289 899 3331 vivos:
927 3288 1012 3329 sive
1038 3293 1086 3329 ut
1111 3286 1355 3341 praelientur,
1385 3283 1500 3325 vivos
1528 3296 1594 3324 eos
1621 3281 1766 3335 capite.
1822 3281 1856 3305 1⁹
1883 3278 2041 3332 Egressi

140 3357 236 3393 sunt
262 3363 354 3405 ergo
379 3349 494 3404 pueri
520 3348 749 3404 principum
776 3347 1090 3402 provinciarum,
1120 3359 1166 3387 ac
1191 3344 1368 3398 reliquus
1395 3341 1595 3383 exercitus
1622 3340 1886 3393 sequebatur:
1940 3338 1976 3361 '2⁰
2000 3340 2041 3375 et

141 3409 338 3464 percussit
364 3408 642 3462 unusquisque
669 3407 814 3456 virum,
845 3406 914 3460 qui
940 3410 1083 3447 contra
1109 3418 1149 3446 se
1176 3402 1385 3444 veniebat:
1413 3401 1686 3455 fugeruntque
1713 3396 1815 3451 Syri,
1845 3401 1885 3437 et
1913 3406 2040 3447 perse-

273 3523 325 3564 19,
350 3524 392 3557 14
416 3523 525 3557 aRom
550 3524 602 3564 11,
627 3521 656 3556 3.
684 3541 725 3545 -
749 3521 791 3555 16
815 3521 855 3554 b2
880 3520 933 3564 Rg
956 3520 988 3561 9,
1013 3520 1042 3554 2.
1069 3540 1111 3544 —
1135 3520 1177 3553 18
1205 3518 1311 3552 cRom
1336 3519 1389 3558 11,
1414 3518 1444 3551 4.
1783 3567 1831 3607 0*

1758 3569 1781 3594 :)
