2356 3760
41 621 159 646 multitu
165 622 239 651 dine,

54 1992 87 2017 de
103 1994 234 2022 tempore

71 2027 218 2052 adventus

79 2063 208 2093 alterius,

76 2414 109 2437 ·le
132 2420 212 2443 sepa—

89 2449 199 2474 ratione

53 2484 68 2507 b
76 2491 194 2509 morum
206 2484 236 2508 et

68 2519 221 2544 malorum:

65 3263 93 3280 111
116 3255 234 3280 floribus

103 3291 193 3317 sedet.

255 108 352 149 1226
1086 104 1230 138 LIBER
1255 104 1314 138 IV.
1914 106 1946 147 8,
1971 106 2092 147 29—9,
2117 107 2160 140 26

251 204 278 220 ²³
297 200 416 243 Neque
436 199 581 232 volueris
601 198 750 243 perdere,
771 199 828 241 qui
848 198 1018 242 pecudum
1038 208 1147 231 mores
1166 197 1377 231 habuerunt:
1397 197 1457 231 sed
1475 196 1634 241 respicias
1653 207 1709 231 eos
1728 197 1787 241 qui
1805 197 1913 243 legem
1931 201 2029 234 tuam
2047 200 2159 245 splen-

249 247 326 280 dide
347 246 549 280 docuerunt.
593 248 623 265 ³⁰
643 245 713 279 Nec
733 245 916 289 indigneris
937 245 983 278 eis
1004 245 1063 288 qui
1083 244 1200 278 bestiis
1221 244 1350 288 peiores
1370 244 1513 278 iudicati
1533 247 1629 278 sunt:
1651 244 1711 278 sed
1730 244 1851 289 diligas
1871 256 1928 279 eos
1948 247 2007 290 qui
2026 258 2160 292 semper

249 294 282 327 in
307 298 366 327 tna
391 293 525 327 iustitia
547 292 736 326 confidunt.
761 295 795 325 et
818 292 934 335 gloria.
982 294 1006 311 “¹
1033 291 1203 334 Quoniam
1227 301 1288 324 nos
1312 294 1347 325 et
1370 294 1484 335 patres
1508 291 1616 325 nostri
1639 290 1767 325 talibus
1790 292 1918 326 morbis
1941 292 2157 338 languemus:

248 344 287 374 tu
305 345 421 374 autem
439 344 579 385 propter
594 350 654 372 nos
673 341 866 382 peccatores
883 338 1071 371 misericors
1088 337 1276 372 vocaberis.
1316 339 1343 358 ³²
1358 338 1393 372 Si
1409 338 1499 371 enim
1516 338 1761 372 desideraveris
1777 341 1818 372 ut
1832 339 1941 373 nostri
1957 340 2158 381 miserearis,

248 390 331 421 tunc
352 387 540 421 misericors
561 385 746 424 vocaberiS,
767 385 865 418 nobis
885 388 1002 418 autem
1021 395 1091 418 non
1110 384 1319 418 habentibus
1339 395 1443 429 opera
1461 385 1611 419 iustitiae.
1656 387 1682 405 ³³
1703 385 1791 419 Iusti
1809 387 1911 427 enim,
1933 386 2057 431 quibus
2076 393 2159 422 sunt

249 445 352 478 opera
368 434 479 468 multa
498 433 655 477 reposita,
673 443 714 465 ex
732 432 875 475 propriis
893 431 1050 476 operibus
1068 432 1233 476 recipient
1249 432 1452 466 mercedem.
1492 433 1519 452 ³⁸
1536 432 1625 475 Quid
1642 435 1695 466 est
1710 433 1801 466 enim
1823 433 1938 474 homo,
1961 437 2001 468 ut
2024 435 2054 468 ei
2074 435 2160 469 indi-

248 481 374 526 gneris:
398 484 458 515 aut
480 491 583 523 genus
606 479 836 523 corruptibile,
859 482 898 512 ut
918 479 969 512 ita
989 489 1126 512 amarus
1147 479 1191 512 sis
1212 479 1254 513 de
1274 479 1367 523 ipso?
1403 480 1430 498 ³⁵
1445 478 1486 512 In
1507 479 1653 513 veritate
1674 479 1764 513 enim
1785 490 1886 514 nemo
1903 481 1944 514 de
1965 481 2087 526 genitis
2109 485 2161 516 est

248 528 307 572 qui
328 539 395 561 non
419 528 519 571 11111111·
541 527 654 570 gessit,
677 529 712 559 et
732 525 774 558 de
796 525 1039 559 confitentibus
1061 526 1121 570 qui
1141 537 1210 559 11011
1231 526 1385 569 deliquit.
1431 527 1461 545 ³⁶
1483 526 1524 559 In
1544 526 1608 560 hoc
1629 527 1719 560 enim
1741 527 2007 562 annuntiabitur
2026 528 2161 563 iustitia

247 578 320 610 tua.
340 582 372 608 et
392 575 527 607 bonitas
545 578 605 607 tua
624 573 781 612 Domine,
801 583 878 605 cum
896 572 1056 607 misertus
1073 573 1176 606 fueris
1195 573 1240 606 eis
1259 573 1317 617 qui
1334 583 1403 606 non
1420 572 1552 606 habent
1568 573 1801 607 substantiam
1819 574 1987 608 bonorum
2006 586 2158 621 operum.

249 624 276 642 ³⁷
297 623 336 655 Ei
359 620 534 665 respondit
551 620 595 653 ad
612 630 676 659 me,
695 624 729 653 et
746 619 848 652 dixit:
871 619 975 653 Recte
992 619 1126 654 locutus
1144 631 1178 653 es
1194 620 1323 663 aliqua:
1342 622 1377 653 et
1390 620 1490 654 iuxta
1505 630 1676 654 sermones
1691 624 1781 660 tuos,
1798 621 1846 655 sic
1862 624 1897 655 et
1913 621 1982 656 fiet.
2009 624 2038 643 ⁸⁸
2052 633 2160 667 quon-

248 669 315 702 iam
339 679 407 701 non
432 678 508 701 vere
532 666 690 711 cogitabo
713 677 816 711 super
838 667 971 710 plasma
1003 678 1121 701 eorum
1145 668 1204 711 qui
1235 670 1467 712 peccaverunt
1489 670 1570 700 ante
1593 670 1752 707 mortem,
1776 672 1857 702 ante
1879 668 2055 710 iudicium,
2079 673 2160 704 ante

250 715 491 760 perditionem:
531 716 560 733 ³⁹
577 714 635 747 scd
654 713 869 747 iucundabor
885 725 988 758 super
1003 714 1174 748 iustorum
1192 714 1408 759 figmentum,
1424 718 1458 747 et
1475 714 1693 748 memorabor
1710 716 1992 759 peregrinationis
2010 727 2160 761 quoque,

248 768 283 796 et
305 762 507 795 salvationis
531 765 565 794 et
589 760 752 793 mercedis
774 761 989 805 receptionis.
1037 763 1066 781 ⁴⁰
1090 761 1270 804 Quomodo
1294 772 1372 805 ergo
1395 761 1530 795 locutus
1553 771 1641 801 sum,
1664 761 1712 795 sic
1735 764 1769 796 et
1792 766 1853 797 est.
1901 764 1926 782 ¹¹
1950 762 2047 797 Sicut
2069 764 2159 798 enim

248 809 395 853 agricola
412 809 493 842 serit
512 819 613 852 super
630 814 757 841 terram
775 808 907 841 semina
923 808 1045 848 multa,
1065 811 1099 842 et
1118 808 1351 852 plantationes
1369 808 1603 842 multitudinis
1622 808 1771 852 plantat,
1788 809 1848 843 sed
1866 820 1936 843 non
1951 810 1988 843 in
2005 813 2161 855 tempore

249 856 363 890 omnia
389 866 464 900 quae
488 855 656 889 seminata
681 858 772 889 sunt.
798 855 988 895 salvantur,
1013 855 1072 888 sed
1097 866 1159 889 nec
1183 855 1299 889 omnia
1323 866 1399 899 quae
1423 855 1582 900 plantata
1607 858 1699 895 sunt,
1725 856 1946 891 radicabunt:
1971 857 2019 891 sic
2043 861 2078 892 et
2101 858 2161 902 qui

249 904 282 937 in
299 903 421 937 saeculo
438 903 597 936 seminati
613 906 705 941 sunt,
722 912 792 935 non
808 913 925 936 01111105
941 903 1180 936 salvabuntur.
1221 904 1248 922 ⁴²
1264 902 1311 936 Et
1326 902 1497 947 respondi,
1515 905 1549 936 et
1565 902 1651 935 dixi:
1669 902 1703 936 Si
1720 903 1835 937 inveni
1850 904 2010 948 gratiam,
2026 904 2158 949 loquar.

249 952 275 970 ⁸³
296 950 476 993 Quomodo
497 959 613 983 semen
633 949 786 993 agricolae
807 949 834 982 si
854 960 923 983 11011
944 949 1136 983 ascenderit
1156 952 1218 983 aut
1237 960 1307 983 non
1327 950 1495 994 acceperit
1517 949 1671 994 pluviam
1691 952 1790 983 tuam
1810 950 1845 984 in
1864 953 2030 996 tempore,
2052 955 2114 986 aut
2133 952 2161 986 si

249 1001 448 1041 corruptum
470 996 573 1030 tuerit
594 996 817 1030 multitudine
840 996 975 1041 pluviae,
1020 998 1047 1016 ⁴¹⁴
1067 997 1115 1030 510
1136 997 1239 1041 perit:
1263 999 1297 1030 et
1317 996 1474 1030 similiter
1494 997 1596 1030 homo
1618 997 1677 1041 qui
1698 997 1857 1031 manibus
1878 998 1946 1032 tuis
1968 999 2160 1043 plasmatus

249 1051 310 1080 est,
330 1050 364 1077 et
381 1050 419 1077 tu
439 1044 467 1077 ei
485 1044 597 1088 imago
616 1044 829 1077 nominatus:
850 1044 1014 1087 quoniam
1032 1044 1201 1077 similatus
1220 1055 1253 1077 es
1272 1044 1311 1083 ei,
1332 1047 1472 1088 propter
1489 1055 1591 1088 quem
1610 1044 1725 1078 omnia
1743 1044 1932 1089 plasmasti,
1952 1048 1986 1079 et
2003 1046 2161 1080 similasti

248 1092 368 1124 semini
393 1091 557 1135 agricolae.
607 1093 633 1110 ⁴⁵
657 1091 735 1124 Non
760 1092 913 1124 irascaris
938 1101 1040 1135 super
1063 1101 1135 1131 nos,
1161 1091 1220 1125 sed
1245 1102 1345 1136 parce
1369 1091 1496 1136 populo
1520 1094 1593 1130 tuo,
1631 1094 1666 1125 et
1689 1091 1846 1125 miserere
1870 1092 2056 1127 hereditati
2078 1096 2159 1128 tuae.

249 1139 299 1172 Tu
315 1142 431 1172 antem
448 1144 612 1172 creaturae
626 1143 695 1172 tute
710 1139 888 1173 misereris.
927 1140 956 1157 ⁴¹⁸
972 1138 1018 1172 Et
1031 1138 1210 1182 respondit
1224 1138 1268 1172 ad
1282 1149 1347 1178 me,
1364 1140 1399 1172 et
1412 1138 1516 1172 dixit:
1534 1138 1616 1181 Quae
1631 1141 1713 1172 sunt
1728 1139 1909 1183 praesentia
1923 1140 2160 1184 praesentibus,

248 1189 281 1219 et
302 1196 378 1229 quae
397 1186 515 1219 futura
535 1186 679 1219 tuturis?
725 1187 752 1204 ⁴²⁷
774 1185 923 1218 Multum
944 1185 1033 1218 enim
1053 1186 1119 1219 tibi
1137 1188 1256 1225 restat,
1278 1189 1317 1219 ut
1337 1185 1444 1230 possis
1465 1185 1602 1230 diligere
1622 1196 1735 1219 meam
1755 1189 1949 1220 creaturam
1968 1198 2071 1232 super
2088 1198 2158 1222 me:

247 1233 312 1266 tibi
334 1236 451 1266 autem
473 1233 670 1276 frequenter
691 1236 726 1266 et
746 1232 810 1277 ipsi
832 1233 1036 1277 proximavi,
1059 1233 1194 1266 iniustis
1216 1236 1334 1266 autem
1355 1243 1558 1277 numquam.
1578 1276 1585 1277 .
1605 1235 1633 1252 ⁴⁸
1655 1233 1721 1267 Sed
1743 1236 1777 1267 et
1798 1233 1833 1267 in
1854 1234 1919 1268 hoc
1939 1234 2104 1268 mirabilis
2126 1246 2160 1269 es

248 1291 363 1313 coram
384 1280 572 1313 Altissimo.
616 1282 644 1299 ⁴⁹
665 1280 828 1323 qnoniam
848 1280 1039 1313 humiliasti
1058 1283 1092 1313 te
1111 1280 1201 1314 sicut
1220 1280 1318 1314 decet
1337 1283 1383 1315 te.
1404 1282 1439 1313 et
1458 1290 1527 1313 non
1546 1280 1707 1314 iudicasti
1726 1287 1771 1320 te,
1792 1284 1832 1314 ut
1851 1281 1941 1315 inter
1958 1281 2067 1316 iustos
2088 1282 2160 1327 plu-

249 1327 372 1361 rimum
399 1327 603 1372 glorificeris.
654 1329 683 1347 ⁵⁰
709 1327 854 1371 Propter
881 1327 973 1371 quod
999 1327 1142 1361 miseiiae
1168 1327 1298 1367 multae,
1325 1331 1360 1361 et
1386 1327 1594 1361 miserabiles
1621 1327 1814 1361 efficientur
1839 1328 1885 1362 eis
1912 1329 1972 1373 qui
1996 1328 2161 1363 habitant

248 1374 409 1408 saeculum
433 1375 468 1407 in
492 1374 699 1407 novissimis:
726 1375 808 1418 quia
830 1374 864 1407 in
888 1374 1000 1408 multa
1023 1374 1184 1419 superbia
1206 1374 1484 1409 ambulaverunt.
1532 1376 1557 1394 ⁵¹
1583 1375 1633 1408 Tu
1657 1377 1775 1408 autem
1799 1386 1860 1420 pro
1882 1377 1918 1409 te
1940 1375 2102 1421 intellige,
2127 1379 2162 1410 et

248 1421 289 1455 de
307 1421 473 1455 similibus
491 1422 560 1455 tuis
578 1422 711 1465 inquire
729 1421 881 1465 gloriam.
924 1423 951 1441 ⁵²
968 1421 1073 1455 Vobis
1099 1422 1189 1455 enim
1215 1425 1354 1466 apertus
1380 1425 1431 1455 est
1457 1421 1647 1466 paradisus,
1674 1421 1836 1466 plantata
1866 1425 1918 1456 est
1942 1423 2044 1457 arbor
2068 1423 2160 1463 vitae,

250 1473 482 1513 praeparatum
507 1472 557 1502 est
585 1469 741 1502 futurum
769 1471 917 1513 tempus.
947 1472 1141 1513 praeparata
1168 1472 1220 1502 est
1247 1468 1474 1508 abundantia,
1502 1468 1673 1502 aedjfieata
1695 1472 1747 1502 est
1770 1469 1903 1509 civitas,
1927 1469 2078 1514 probata
2109 1473 2161 1504 est

249 1516 391 1560 requies,
409 1516 558 1560 perfecta
575 1518 626 1549 est
643 1515 779 1549 bonitas
806 1519 841 1549 et
866 1516 1018 1559 perlecta
1044 1515 1223 1559 sapientia.
1268 1517 1294 1535 ⁵³
1314 1515 1429 1549 Radix
1455 1515 1537 1549 mali
1563 1516 1700 1560 signata
1718 1518 1770 1549 est
1788 1527 1809 1550 a
1827 1516 1939 1550 vobis:
1966 1517 2160 1558 infirmitas,

248 1569 282 1596 et
301 1563 393 1596 tinea
414 1574 432 1596 a
453 1563 549 1596 vobis
569 1563 735 1596 absconsa
755 1566 820 1596 est:
845 1566 879 1595 et
901 1563 937 1595 in
957 1562 1129 1596 infernum
1150 1563 1239 1607 fugit-
1263 1562 1436 1606 corruptio
1458 1563 1494 1596 in
1511 1562 1692 1597 oblivione.
1733 1564 1760 1582 5*
1776 1563 2000 1598 Transierunt
2016 1564 2159 1606 dolores,

248 1616 282 1643 et
299 1615 454 1644 ostensus
472 1612 523 1643 est
547 1610 582 1643 in
601 1610 667 1643 fine
691 1610 873 1643 thesaurus
897 1609 1181 1644 immortalitatis.
1229 1611 1255 1629 ⁵⁵
1277 1609 1354 1643 Noli
1379 1620 1457 1654 ergo
1480 1609 1624 1643 adiicere
1646 1610 1850 1654 inquirendo
1873 1610 1914 1644 de
1936 1611 2161 1646 multitudine

249 1667 365 1690 eorum
389 1657 448 1701 qui
471 1660 624 1701 pereunt.
672 1658 701 1676 ⁵⁶
723 1656 755 1689 N
759 1667 815 1690 am
837 1660 871 1690 et
890 1656 955 1701 ipsi
974 1657 1179 1701 accipientes
1198 1657 1406 1697 libertatem,
1430 1660 1634 1701 spreverunt
1653 1657 1880 1697 Altissimum,
1906 1661 1940 1692 et
1958 1657 2066 1703 legem
2089 1659 2160 1693 eius

247 1708 540 1748 contempserunt,
581 1711 616 1737 et
644 1704 716 1737 vias
745 1704 815 1737 eius
840 1704 1105 1748 dereliquemnt.
1151 1706 1178 1723 ³⁷
1200 1704 1323 1738 Adhuc
1355 1708 1472 1738 autem
1505 1704 1612 1738 iustos
1637 1704 1708 1738 eius
1733 1705 2032 1745 conculcaverunt,
2077 1707 2106 1726 ⁵⁸
2126 1708 2162 1740 et

248 1751 410 1785 dixerunt
430 1752 464 1784 in
486 1751 585 1785 corde
606 1762 667 1785 suo
688 1762 757 1784 non
777 1762 848 1785 esse
866 1751 993 1785 Deum:
1017 1754 1051 1785 et
1071 1751 1211 1796 quidem
1232 1751 1375 1785 scientes
1397 1752 1561 1796 quoniam
1581 1751 1786 1786 moriuntur.
1831 1754 1860 1772 ⁵⁹
1880 1752 1975 1786 Sicut
1992 1753 2083 1787 enim
2098 1764 2161 1788 vos

247 1799 433 1842 suscipient
464 1809 540 1842 quae
570 1798 733 1843 praedjeta
757 1801 854 1832 sunt:
880 1798 928 1832 sic
947 1809 1003 1832 eos
1023 1799 1108 1839 sitis,
1135 1802 1170 1833 et
1195 1799 1377 1839 cruciatus,
1404 1809 1480 1843 quae
1505 1801 1700 1843 praeparata
1728 1803 1819 1833 sunt.
1846 1809 1915 1833 non
1939 1800 2030 1833 enim
2049 1800 2161 1835 voluit

248 1846 421 1879 hominem
442 1846 601 1890 disperdi.
648 1847 677 1865 ⁶⁰
696 1845 762 1879 Sed
783 1849 817 1879 et
836 1845 900 1890 ipsi
925 1846 984 1890 qui
1008 1846 1114 1880 creati
1144 1849 1236 1886 sunt,
1262 1846 1574 1890 coinquinaverunt
1597 1856 1723 1879 nomen
1747 1846 1817 1880 eius
1842 1846 1901 1891 qui
1923 1847 2005 1881 fecit
2029 1858 2100 1881 eos:
2126 1850 2161 1882 et

248 1893 373 1937 ingrati
397 1893 537 1926 fuerunt
561 1893 590 1926 ei
615 1893 673 1937 qui
697 1893 906 1937 praeparavit
929 1893 975 1926 eis
994 1893 1114 1928 vitam.
1159 1895 1183 1913 ⁶¹
1203 1893 1422 1938 Quapropter
1438 1893 1602 1927 iudicium
1626 1904 1742 1927 meum
1766 1893 1870 1927 modo
1891 1894 2159 1939 appropinquat.

296 1940 378 1983 Quae
395 1951 463 1973 non
482 1940 640 1974 omnibus
658 1940 904 1980 demonstravi,
930 1940 994 1973 nisi
1017 1941 1092 1980 tibi,
1118 1943 1153 1974 et
1176 1940 1241 1974 tibi
1264 1940 1430 1974 similibus
1456 1940 1584 1985 paucis.
1610 1941 1657 1974 Et
1681 1940 1851 1985 respondi,
1877 1944 1911 1975 et
1935 1941 2021 1974 dixi:

364 1989 390 2007 ⁶³
419 1988 506 2021 Ecce
534 1998 625 2021 nunc
654 1987 800 2021 Domine
828 1987 1074 2021 demonstrasti
1101 1988 1186 2022 mihi
1213 1988 1474 2022 multitudinem
1502 1988 1687 2032 signorum,
1717 1999 1793 2032 quae
1820 1988 1959 2033 incipies
1988 1989 2098 2023 facere
2125 1989 2161 2023 in

250 2035 458 2068 novissimis:
480 2035 539 2068 sed
560 2045 629 2068 non
649 2034 894 2068 demonstrasti
914 2035 997 2068 mihi
1018 2046 1086 2079 quo
1106 2038 1271 2079 tempore.
1315 2036 1346 2070 9.
1394 2037 1405 2055 ¹
1427 2035 1474 2069 Et
1493 2035 1671 2079 respondit
1690 2035 1734 2069 ad
1753 2046 1819 2076 me,
1840 2038 1876 2069 et
1895 2035 1994 2076 dixit,
2015 2035 2160 2071 Metiens

251 2082 370 2115 metire
391 2088 528 2125 tempus
554 2082 588 2115 in
612 2081 811 2126 semetipso:
834 2086 869 2115 et
893 2083 957 2116 erit
982 2093 1060 2116 cum
1081 2082 1217 2121 videris,
1240 2082 1379 2126 quando
1400 2082 1576 2116 transierit
1596 2093 1674 2126 pars
1696 2082 1855 2126 quaedam
1882 2083 2057 2128 signorum
2084 2093 2161 2128 quae

248 2129 410 2173 praedicta
435 2135 527 2162 sunt.
577 2130 588 2148 ²
613 2133 696 2162 tunc
721 2128 887 2173 intelliges
914 2129 1077 2172 quoniam
1102 2129 1216 2173 ipsum
1241 2132 1294 2163 est
1317 2132 1454 2173 tempus
1479 2129 1514 2162 in
1539 2139 1607 2173 quo
1632 2129 1774 2173 incipiet
1797 2129 1994 2164 Altissimus
2019 2130 2160 2165 visitare

246 2175 408 2209 saeculum
431 2176 522 2219 quod
545 2175 587 2208 ab
609 2186 647 2208 eo
668 2175 801 2209 factum
822 2183 883 2210 est.
929 2178 941 2195 3
962 2176 1009 2210 Ε1
1029 2176 1168 2219 quando
1189 2176 1365 2210 videbitur
1384 2176 1420 2209 in
1439 2175 1562 2210 saeculo
1583 2175 1691 2210 motio
1711 2176 1875 2217 locorum,
1897 2180 1933 2211 et
1952 2177 2160 2222 populorum

246 2222 411 2256 turbatio.
459 2224 471 2242 ⁴
493 2226 576 2256 tunc
599 2222 765 2266 intelliges
790 2223 953 2266 quoniam
977 2223 1018 2256 de
1042 2223 1092 2256 his
1116 2226 1191 2257 erat
1213 2223 1409 2256 Altissimus
1432 2222 1568 2257 locutus
1592 2234 1612 2256 a
1634 2223 1753 2257 diebus
1777 2224 1836 2268 qui
1858 2223 1999 2258 fuerunt
2022 2227 2102 2259 ante
2124 2227 2159 2259 te

247 2269 289 2303 ab
307 2270 415 2304 initio.
458 2271 469 2288 ⁵
486 2270 581 2303 Sicut
597 2270 687 2303 enim
704 2280 804 2303 omne
821 2270 914 2314 quod
931 2270 1063 2304 factum
1081 2273 1133 2304 est
1148 2270 1183 2303 in
1199 2270 1322 2304 saeculo
1339 2270 1477 2304 initium
1494 2270 1610 2310 habet,
1621 2270 1750 2314 pariter
1763 2274 1798 2304 et
1815 2271 2159 2311 consummationem,

246 2320 282 2351 et
305 2317 557 2351 consummatio
583 2320 634 2350 est
659 2317 858 2351 manifesta:
909 2319 922 2336 ⁶
945 2317 992 2351 sic
1017 2320 1052 2351 et
1077 2317 1243 2351 Altissimi
1268 2320 1427 2361 tempora
1450 2317 1549 2351 initia
1573 2317 1704 2351 habent
1728 2318 1912 2352 manifesta
1936 2318 1972 2351 in
1996 2318 2159 2363 prodigiis

248 2366 283 2398 et
308 2364 505 2403 virtutibus,
532 2368 567 2398 et
592 2364 904 2398 consummationes
929 2365 964 2398 in
989 2368 1069 2398 actu
1094 2367 1129 2398 et
1152 2365 1188 2398 in
1212 2365 1327 2409 signis.

363 2413 373 2430 r
396 2411 443 2444 Et
464 2412 538 2447 erit,
562 2411 670 2445 omnis
693 2412 751 2455 qui
772 2411 887 2445 salvus
908 2412 1022 2445 fact-us
1043 2412 1157 2451 fuerit,
1181 2415 1215 2445 et
1236 2412 1295 2455 qui
1316 2412 1444 2456 poterit
1465 2411 1612 2456 effugere
1634 2422 1694 2456 per
1714 2422 1818 2456 opera
1838 2423 1901 2446 sua
1921 2415 1956 2446 et
1977 2423 2037 2457 per
2057 2412 2160 2446 fidem

249 2458 283 2491 in
308 2469 377 2502 qua
400 2458 600 2499 credidistis,
650 2461 662 2477 ⁸
686 2459 898 2502 relinquetur
921 2458 962 2492 de
987 2458 1157 2503 praedictis
1182 2459 1348 2503 periculis.
1374 2462 1409 2493 et
1432 2458 1564 2493 videbit
1587 2459 1737 2492 salutare
1760 2469 1876 2493 meum
1898 2458 1934 2493 in
1957 2462 2049 2493 terra
2070 2470 2159 2500 mea,

249 2509 283 2539 et
302 2505 335 2538 in
354 2505 477 2538 finibus
497 2506 590 2541 meis,
610 2506 772 2549 quoniam
791 2506 1005 2540 sanctificavi
1023 2517 1077 2539 me
1096 2517 1115 2539 a
1133 2505 1266 2540 saeculo.
1311 2508 1323 2525 ⁹
1341 2506 1387 2540 Et
1405 2508 1489 2540 tunc
1506 2505 1760 2540 miserebuntur
1777 2506 1836 2550 qui
1853 2517 1945 2540 nunc
1963 2506 2061 2540 abusi
2078 2510 2161 2541 sunt

249 2552 321 2585 vias
341 2562 449 2585 meas:
470 2557 505 2586 et
522 2553 556 2585 in
575 2553 756 2586 tormentis
775 2553 1083 2587 commorabuntur
1100 2553 1135 2587 hi
1153 2553 1213 2597 qui
1231 2564 1286 2586 eas
1306 2553 1522 2597 proiecerunt
1540 2553 1575 2586 in
1594 2555 1806 2597 contemptu.
1850 2555 1879 2574 1⁰
1898 2553 1964 2597 Qui
1982 2553 2073 2587 enim
2090 2564 2161 2588 non

250 2603 485 2643 cognoverunt
510 2610 575 2634 me.
603 2599 758 2633 viventes
785 2600 950 2633 beneficia
975 2600 1163 2633 consecuti:
1214 2602 1239 2620 ¹¹
1267 2603 1301 2634 et
1327 2600 1386 2644 qui
1410 2600 1633 2634 fastidierunt
1658 2600 1766 2645 legem
1791 2610 1916 2640 meam,
1943 2611 2021 2634 cum
2047 2600 2161 2634 adhuc

250 2650 347 2680 erant
367 2647 531 2680 habentes
552 2646 758 2686 libertatem,
802 2649 827 2666 ¹2
846 2650 880 2680 et
900 2658 977 2681 cum
997 2647 1110 2681 adhuc
1129 2649 1218 2681 esset
1236 2647 1282 2680 eis
1301 2650 1440 2692 apertus
1461 2647 1674 2692 poenitentiae
1692 2647 1797 2687 100115,
1816 2657 1887 2681 11011
1904 2647 2159 2688 intellexenmt,

250 2693 307 2726 sed
323 2698 541 2737 spreverunt:
559 2694 619 2727 1105
636 2697 773 2738 oportet
788 2697 867 2738 post
881 2697 1029 2728 mortem
1043 2694 1078 2727 in
1095 2694 1326 2728 cruciamento
1343 2705 1553 2739 cognoscere.
1593 2696 1620 2714 ¹³
1635 2694 1686 2728 Tu
1701 2705 1780 2739 ergo
1795 2693 1865 2728 noli
1879 2694 1992 2728 adhuc
2008 2694 2159 2728 curiosus

251 2750 331 2779 esse,
357 2741 529 2783 quomodo
553 2741 648 2785 impii
671 2741 931 2775 cruciabuntur:
955 2741 1015 2775 sed
1038 2741 1170 2785 inquire
1194 2742 1367 2785 quomodo
1391 2741 1471 2775 iusti
1494 2741 1734 2781 salvabuntur,
1759 2743 1794 2775 et
1816 2751 1963 2785 quorum
1985 2741 2160 2781 saeculum,

252 2790 285 2819 et
306 2792 443 2831 propter
463 2798 546 2831 quos
566 2787 738 2821 saeculum.
760 2795 793 2821 et
814 2788 962 2832 quando.
1007 2790 1033 2808 ¹³
1053 2788 1099 2821 Et
1118 2788 1288 2833 respondi,
1309 2792 1343 2822 et
1362 2788 1444 2828 dixi,
1487 2790 1513 2808 ¹⁵
1533 2788 1622 2822 Olim
1642 2788 1776 2822 locutus
1795 2799 1883 2828 sum,
1909 2792 1944 2822 et
1961 2799 2053 2822 nunc
2072 2788 2160 2828 dico,

252 2839 283 2865 et
307 2840 424 2876 postca
443 2835 569 2868 dicam:
592 2836 753 2878 quoniam
775 2835 886 2879 plures
906 2838 988 2869 sunt
1006 2835 1065 2879 qui
1085 2839 1239 2879 pereunt,
1265 2846 1370 2879 quam
1390 2836 1449 2879 qui
1467 2835 1710 2869 salvabuntur:
1754 2836 1784 2855 ¹⁶
1802 2835 1891 2869 sicut
1909 2834 2161 2880 multiplicatur

253 2879 375 2911 fluctus
393 2892 493 2924 super
509 2886 656 2925 guttam.
675 2882 720 2915 Et
738 2882 913 2926 respondit
931 2882 974 2916 ad
991 2893 1056 2922 me,
1074 2887 1108 2915 et
1124 2883 1223 2922 dixit,
1264 2884 1291 2902 ¹⁷
1310 2882 1426 2925 Qualis
1443 2893 1532 2927 ager,
1549 2882 1634 2916 talia
1650 2886 1685 2916 et
1700 2882 1845 2916 semina:
1864 2884 1899 2916 et
1915 2882 2032 2926 quales
2048 2881 2158 2922 flores,

252 2926 336 2959 tales
362 2932 394 2959 et
420 2928 592 2961 tincturae:
619 2932 652 2962 et
678 2929 786 2972 qualis
812 2935 981 2973 operator,
1008 2929 1086 2963 talis
1111 2933 1146 2963 et
1170 2930 1311 2964 creatio:
1340 2933 1375 2963 et
1399 2930 1508 2973 qualis
1534 2929 1691 2974 agricola,
1716 2929 1794 2963 talis
1819 2929 1969 2963 cultura:
1995 2929 2159 2973 quoniam

252 2977 388 3017 tempus
407 2980 479 3007 erat
496 2976 618 3009 saeculi.
661 2978 688 2995 ¹⁶
708 2976 751 3009 Et
769 2987 859 3010 nunc
877 2987 954 3010 cum
972 2987 1078 3010 essem
1097 2987 1220 3021 parans
1238 2977 1284 3010 eis
1301 2977 1352 3010 his
1370 2977 1429 3021 qui
1444 2987 1536 3010 nunc
1552 2981 1648 3016 sunt;
1668 2980 1856 3020 antequam
1873 2976 1968 3010 fieret
1984 2976 2158 3016 saeculum,

253 3020 285 3052 in
305 3031 371 3063 quo
391 3020 601 3054 habitarent:
622 3029 656 3055 et
674 3033 772 3055 nemo
791 3024 873 3056 mibi
893 3023 1113 3057 contradixit.
1157 3025 1184 3043 ¹⁹
1202 3026 1285 3057 tunc
1303 3024 1392 3057 enim
1408 3024 1563 3068 quisque,
1583 3027 1617 3057 et
1633 3034 1733 3057 nunc.
1743 3027 1878 3057 creatur
1894 3023 1930 3057 in
1947 3023 2077 3057 mundo
2095 3023 2159 3057 hoc

254 3072 385 3109 parato,
411 3073 443 3100 et
467 3078 573 3100 messe
596 3069 813 3109 indeficienti.
838 3075 872 3103 et
895 3070 964 3113 lege
988 3070 1218 3115 investigabili
1241 3071 1391 3115 corrupti
1414 3074 1496 3105 sunt
1518 3081 1627 3104 mores
1651 3081 1779 3105 eorum.
1826 3072 1854 3091 ²⁰
1877 3070 1924 3104 Et
1946 3070 2158 3104 consideravi

253 3114 424 3148 510011111111.
445 3119 478 3147 vt
497 3125 572 3147 ecce
591 3122 662 3148 erat
683 3117 869 3159 periculum
890 3122 1028 3161 propter
1047 3117 1271 3161 cogitationes
1290 3128 1365 3161 quae
1383 3117 1417 3151 in
1437 3129 1475 3151 eo
1493 3118 1719 3151 advenerunt.
1762 3119 1785 3137 ²¹
1807 3117 1853 3150 Et
1872 3117 1952 3157 vidi,
1972 3120 2006 3151 et
2024 3116 2158 3162 peperci

253 3160 281 3192 ei
298 3161 411 3193 valde:
429 3168 461 3194 et
477 3161 611 3195 servavi
626 3163 706 3195 mihi
723 3164 858 3197 acinum
874 3165 915 3196 de
932 3165 1040 3198 botro.
1057 3168 1092 3198 et
1107 3164 1358 3209 plantationem
1373 3165 1415 3198 de
1430 3164 1521 3198 tribu
1538 3165 1658 3199 multa.
1698 3166 1725 3184 ²²
1740 3165 1863 3198 Pereat
1876 3175 1954 3209 ergo
1969 3162 2158 3197 multitudo

253 3216 328 3250 quae
346 3208 416 3239 sim»
435 3219 535 3241 causa
554 3214 636 3242 nata
654 3216 714 3242 051.
734 3217 767 3243 et
785 3214 939 3244 servetur
957 3211 1073 3244 acinus
1091 3222 1197 3251 meus,
1216 3215 1250 3245 et
1268 3211 1438 3255 plantatio
1457 3222 1547 3245 mea:
1567 3212 1648 3255 quia
1665 3222 1743 3245 011111
1760 3211 1871 3245 11111110
1888 3211 2004 3245 labore
2021 3210 2156 3255 perfeci.

367 3256 391 3273 ²³²
417 3255 465 3287 'l'u
486 3259 601 3288 autem
620 3255 646 3288 si
665 3256 777 3289 adhuc
795 3258 1007 3292 intromittas
1025 3262 1156 3302 septem
1176 3258 1246 3292 dies
1265 3258 1358 3292 alios.
1378 3259 1435 3291 sed
1456 3270 1523 3292 non
1541 3258 1707 3292 ieiunabis
1726 3258 1761 3292 in
1779 3258 1839 3292 eis:
1883 3260 1909 3277 ²⁴
1929 3257 1996 3291 Ibis
2014 3257 2049 3290 in
2067 3267 2158 3290 cam-

257 3311 337 3345 pum
357 3301 487 3334 florum.
508 3303 565 3335 ubi
585 3302 706 3335 domus
724 3313 792 3335 non
810 3308 861 3337 est
878 3305 1062 3338 aedificata:
1083 3308 1118 3339 et
1134 3305 1358 3338 manducabis
1377 3306 1592 3339 solummodo
1611 3306 1652 3338 de
1670 3305 1809 3339 floribus
1828 3305 1950 3349 campi,
1969 3307 2004 3337 et
2021 3314 2157 3337 carnem

253 3358 321 3380 11011
336 3348 500 3391 gustabis.
512 3354 544 3381 et
561 3349 677 3382 vinum
695 3360 763 3382 11011
778 3349 952 3384 1111105501]
967 3352 1182 3385 solummodo
1201 3352 1312 3385 flores:
1353 3354 1378 3371 ²⁵
1393 3352 1573 3396 deprecare
1583 3352 1799 3385 Altissimum
1812 3352 1883 3385 sine
1896 3350 2156 3389 intermissione,

254 3398 287 3427 et
304 3395 450 3430 veniam,
468 3401 500 3428 et
518 3395 636 3438 loquar
653 3402 776 3430 tecum.
817 3398 845 3415 ²⁶
863 3398 907 3431 Et
923 3398 1094 3441 protectus
1111 3410 1197 3438 sum,
1219 3399 1309 3432 sicut
1328 3398 1417 3432 dixit
1439 3399 1521 3432 mihi
1537 3399 1572 3432 in
1588 3409 1760 3443 campum,
1776 3399 1836 3442 qui
1850 3401 1996 3432 vocatur
2011 3397 2156 3436 Ardath,

254 3445 286 3474 01
308 3442 377 3474 sedi
401 3442 444 3474 ibi
467 3442 498 3474 111
522 3442 669 3476 floribus.
698 3444 742 3476 Et
764 3443 805 3475 de
828 3443 937 3477 herbis
960 3445 1028 3488 agri
1051 3446 1268 3485 manducavi,
1291 3449 1325 3479 et
1346 3447 1439 3479 facta
1459 3449 1512 3479 est
1532 3456 1608 3480 esca
1628 3456 1744 3479 eamn]
1766 3445 1850 3478 mihi
1870 3444 1905 3478 in
1925 3445 2156 3478 saturitatem.
