2356 3760
282 215 359 252 „90
1003 209 1275 243 ΡκοΡΗΕΤΙΑ
1303 209 1458 243 AGGAEI
1977 211 2006 250 2,
2033 210 2130 249 9—2,
2157 210 2199 243 24

283 304 354 347 ria,
382 303 481 344 dicit
506 302 707 344 Dominus
733 303 998 343 exercituum.
1055 304 1070 325 ⁹
1094 302 1231 342 Meum
1257 306 1319 341 est
1344 306 1572 353 argentum,
1600 306 1641 341 et
1665 314 1801 342 meum
1828 308 1889 342 est
1913 315 2070 351 aurum,
2098 303 2199 343 dicit

281 362 482 402 Dominus
516 362 781 402 exercituum.
844 362 879 384 ¹⁰
910 360 1058 409 Magna
1092 360 1169 400 erit
1200 359 1328 412 gloria
1359 359 1504 400 domus
1537 359 1653 400 istius
1686 360 1918 401 novissimae
1951 361 2040 414 plus
2075 374 2198 415 quam

283 421 434 473 primae,
470 420 567 461 dicit
602 420 801 461 Dominus
836 419 1107 458 exercituum:
1143 423 1184 458 et
1216 418 1257 458 in
1289 418 1377 459 loco
1410 418 1488 459 isto
1522 418 1628 459 dabo
1665 431 1817 471 pacem,
1867 419 1967 460 dicit
1998 419 2199 461 Dominus

283 487 547 521 exercituum.

797 581 836 620 2.
867 579 1126 620 Benedictio
1158 580 1236 620 Dei
1268 580 1434 631 danda,
1462 582 1502 631 2,
1521 580 1695 620 11—20.

98 657 260 682 Malvdictio
393 655 419 677 ¹¹
460 653 500 692 ln
534 651 728 701 vigesima
759 656 799 690 et
832 656 981 703 quarta
1012 650 1107 691 noni
1139 651 1299 696 mensis,
1333 650 1373 690 in
1405 663 1512 691 anno
1544 650 1720 691 secundo
1752 650 1865 690 Darii
1895 651 2010 701 regis,
2043 651 2201 692 factum

88 693 267 752 ¹¹¹1i1's1l'0‘l1lw'
285 718 343 751 est
368 712 537 750 verbum
562 709 725 750 Domini
750 709 801 749 ad
823 709 1018 762 Aggzeum
1041 709 1299 762 prophetam,
1329 709 1483 749 dicens:
1536 711 1566 733 ¹²
1590 709 1688 749 Haec
1710 708 1806 749 dicit
1833 709 2030 750 Dominus
2053 709 2201 750 exerci-

110 766 245 789 ‘'²““‘'¹¹¹‘·
286 778 420 810 tuum:
452 770 660 819 Interroga
679 768 909 809 sacerdotes
930 767 1070 822 legem,
1094 768 1249 808 dicens:
1300 769 1332 792 ¹³
1351 767 1392 808 Si
1413 767 1552 808 tulerit
1575 767 1696 809 homo
1717 780 1878 808 carnem
1901 768 2200 809 sanctificatam

284 829 321 868 in
350 841 418 868 ora
446 827 681 868 vestimenti
708 827 781 873 sui,
810 832 851 867 et
878 827 1059 879 tetigerit
1086 827 1135 867 de
1161 826 1401 867 summitate
1428 826 1511 867 eius
1539 839 1699 879 panem,
1729 832 1802 867 aut
1827 826 2099 879 pulmentum,
2128 833 2202 867 aut

284 887 437 935 vinum,
475 892 549 927 aut
584 885 729 935 oleum,
767 890 839 926 aut
875 898 1036 926 omnem
1073 885 1228 926 cibum:
1266 884 1467 938 nmnquid
1503 884 1852 925 sanctificabitur?
1892 885 2202 938 Respondentes

283 951 421 986 autem
455 945 698 989 sacerdotes,
733 944 943 984 dixerunt:
981 944 1083 984 Non.
1147 945 1178 967 ¹⁴
1210 943 1265 984 Et
1298 943 1404 984 dixit
1436 944 1626 996 Aggaeus:
1661 943 1701 983 Si
1736 943 1916 997 tetigerit
1947 944 2129 997 pollutus
2162 944 2202 984 in

283 1004 421 1045 anima
456 1017 505 1044 ex
542 1003 730 1045 omnibus
767 1003 840 1049 his,
879 1002 1080 1056 numquid
1117 1002 1493 1043 contaminabitur?
1532 1002 1588 1043 Et
1623 1003 1922 1055 responderunt
1957 1003 2200 1051 sacerdotes,

283 1069 324 1104 et
350 1063 561 1104 dixerunt:
589 1061 960 1103 Contaminabitur.
1016 1063 1047 1085 ¹⁵
1073 1060 1129 1102 Et
1154 1061 1365 1114 respondit
1390 1061 1575 1115 Aggaeus,
1604 1066 1645 1102 et
1671 1061 1793 1102 dixit:
1821 1061 1885 1102 Sic
1911 1061 2086 1115 populus
2112 1061 2200 1109 iste,

283 1127 323 1163 et
343 1122 397 1163 sic
415 1135 512 1175 gens
532 1122 612 1162 ista.
630 1125 725 1161 ante
744 1120 889 1161 faciem
909 1133 1055 1167 meam,
1077 1120 1177 1161 dicit
1195 1119 1410 1167 Dominus,
1431 1126 1473 1160 et
1491 1120 1546 1160 sic
1566 1133 1685 1160 omne
1704 1133 1805 1173 opus
1825 1133 2022 1160 manuum
2043 1133 2201 1161 eorum:

282 1187 322 1221 et
349 1180 486 1221 onmia
512 1193 602 1233 quae
626 1179 866 1220 obtulerunt.
890 1178 958 1226 ibi,
986 1178 1271 1219 contaminata
1295 1183 1426 1220 erunt.
1482 1180 1516 1202 ¹⁶
1541 1178 1596 1219 Et
1621 1191 1729 1218 nunc
1754 1178 1894 1231 ponite
1919 1179 2043 1220 corda
2067 1183 2205 1219 vestra

283 1253 306 1279 a
336 1240 399 1280 die
430 1240 505 1279 hac
535 1244 576 1280 et
605 1251 741 1291 supra,
773 1242 997 1291 antequam
1027 1243 1249 1291 poneretur
1276 1237 1379 1291 lapis
1410 1250 1530 1291 super
1558 1237 1737 1290 lapidem
1768 1237 1807 1277 in
1838 1237 1992 1291 templo
2022 1237 2201 1278 Domini.

285 1300 316 1322 ¹⁷
336 1298 436 1339 Cum
467 1297 711 1338 accederetis
741 1297 794 1338 ad
822 1309 1014 1337 acervum
1044 1296 1191 1350 viginti
1219 1296 1462 1345 modiorum,
1494 1301 1535 1337 et
1563 1296 1707 1337 fierent
1736 1296 1893 1337 decem:
1925 1301 1967 1337 et
1995 1296 2203 1337 intraretis

283 1358 334 1398 ad
361 1356 549 1402 torcular,
577 1362 624 1397 ut
648 1355 927 1409 exprimeretis
954 1355 1255 1409 quinquaginta
1278 1355 1454 1409 lagenas,
1481 1359 1523 1396 et
1546 1354 1701 1395 fiebant
1726 1355 1883 1408 viginti.
1938 1356 1972 1379 ¹⁸
2001 1354 2204 1395 aPereussi

284 1430 356 1457 vos
377 1421 501 1457 vento
523 1420 678 1463 urente,
700 1420 741 1456 et
762 1414 969 1468 aurugine,
993 1420 1034 1455 et
1052 1414 1249 1467 grandine
1270 1414 1408 1455 omnia
1428 1426 1551 1467 opera
1570 1426 1769 1454 manuum
1791 1419 2039 1454 vestrarum:
2062 1418 2103 1454 et
2122 1426 2203 1454 non

285 1475 361 1515 fuit
390 1475 430 1515 in
459 1474 587 1523 vobis,
619 1474 688 1527 qui
716 1478 989 1514 reverteretur
1017 1473 1068 1513 ad
1097 1486 1173 1519 me,
1204 1473 1303 1513 dicit
1330 1473 1544 1514 Dominus.
1603 1474 1637 1496 ¹⁹
1664 1472 1811 1513 Ponite
1839 1473 1963 1513 corda
1990 1477 2129 1512 vestra
2155 1484 2205 1512 ex

284 1534 347 1574 die
367 1534 457 1583 ista,
479 1538 519 1574 et
538 1533 579 1573 in
598 1533 797 1576 futurum,
819 1545 843 1572 a
861 1532 925 1572 die
945 1532 1141 1586 vigesima
1159 1536 1200 1573 et
1219 1536 1369 1585 quarta
1387 1531 1484 1572 noni
1502 1531 1670 1571 mensis:
1691 1544 1715 1571 a
1733 1531 1808 1580 die,
1832 1544 1912 1584 qua
1930 1531 2205 1572 fundamenta

285 1593 393 1633 iacta.
422 1598 519 1633 sunt
546 1591 688 1645 templi
717 1590 896 1639 Domini,
927 1591 1068 1644 ponite
1095 1604 1216 1644 super
1245 1603 1312 1631 cor
1341 1596 1536 1631 vestrum.
1586 1591 1623 1614 '²⁰
1647 1589 1858 1643 Numquid
1883 1590 1964 1630 iam
1995 1602 2131 1630 semen
2162 1589 2203 1629 in

283 1651 462 1703 germine
484 1656 562 1691 est:
589 1656 630 1691 et
652 1650 786 1690 adhuc
804 1649 936 1692 vinea,
958 1655 999 1690 et
1016 1649 1127 1698 ficus,
1149 1655 1191 1690 et
1208 1648 1552 1702 malogranatum,
1572 1654 1614 1689 et
1630 1648 1785 1702 lignum
1805 1648 1922 1690 olivae
1940 1662 2022 1690 non
2039 1647 2202 1689 floruit?

287 1723 335 1750 ex
365 1710 428 1750 die
458 1710 538 1750 ista
567 1708 818 1749 benedicam.

766 1813 805 1853 3.
837 1809 1011 1851 Solium
1043 1810 1189 1851 David
1219 1811 1460 1862 aeternum,
1488 1811 1528 1862 2,
1548 1811 1722 1851 21—24.

82 1887 271 1912 ¹¹¹⁰*'‘¹³¹“‘¹¹·³
392 1886 421 1908 ²¹
451 1884 507 1925 Et
532 1884 689 1924 factum
717 1888 778 1923 est
804 1882 975 1923 verbum
1002 1882 1169 1923 Domini
1196 1882 1374 1923 secundo
1401 1882 1453 1923 ad
1479 1881 1674 1935 Aggaeum
1702 1881 1741 1921 in
1769 1881 1965 1934 vigesima
1990 1886 2032 1922 et
2059 1886 2207 1934 quarta

107 1930 256 1983 ¹''52‘ss323'''
289 1943 448 1988 mensis,
475 1943 629 1984 dicens:
680 1943 712 1966 ²2
735 1942 919 1995 Loquere
942 1941 993 1981 ad
1017 1940 1241 1982 Zorobabel
1265 1941 1410 1981 ducem
1435 1940 1550 1990 Iuda,
1575 1940 1730 1982 dicens:
1756 1940 1842 1993 Ego
1865 1940 2040 1981 movebo
2063 1939 2204 1980 caelum

287 2002 439 2055 pariter
468 2008 508 2042 et
538 2007 700 2042 terram.
759 2002 792 2025 ²3
821 2000 877 2041 Et
905 2000 1145 2041 subvertam
1175 1999 1320 2041 solium
1350 2012 1579 2053 regnorum,
1611 2004 1653 2040 et.
1681 2004 1890 2040 conteram
1919 1998 2205 2040 fortitudinem

289 2061 398 2114 regni
424 2061 637 2102 Gentium:
666 2065 707 2100 et
732 2059 970 2100 subvertam
998 2058 1252 2112 quadrigam,
1281 2064 1322 2099 et
1347 2071 1600 2099 ascensorem
1627 2057 1730 2099 eius:
1758 2063 1799 2098 et
1824 2057 2072 2098 descendent
2098 2057 2203 2111 equi,

287 2125 328 2161 et
343 2132 573 2161 ascensores
589 2132 747 2160 eorum:
765 2118 828 2158 vir
841 2117 882 2158 in
897 2117 1031 2171 gladio
1048 2118 1184 2158 fratris
1200 2117 1273 2159 sui.
1318 2118 1350 2142 ²⁴
1367 2117 1414 2158 In
1430 2117 1494 2158 die
1508 2116 1587 2165 illa,
1606 2116 1706 2157 dicit
1719 2116 1921 2158 Dominus
1937 2116 2203 2165 exercituum,

288 2192 494 2220 assumam
517 2184 557 2219 te
582 2177 828 2218 bZorobabel
849 2176 904 2217 fili
926 2176 1122 2217 Salathiel
1144 2189 1257 2217 serve
1278 2189 1404 2220 meus,
1429 2175 1529 2217 dicit
1548 2176 1769 2217 Dominus:
1793 2181 1834 2216 et
1855 2188 2005 2229 ponam
2028 2180 2068 2216 te
2091 2174 2206 2229 quasi

288 2237 555 2292 signaculum,
587 2236 684 2290 quia
712 2241 752 2276 te
781 2235 892 2289 elegi,
924 2235 1024 2276 dicit
1052 2235 1253 2276 Dominus
1283 2235 1549 2276 exercituum.

420 2363 462 2396 18
486 2363 571 2396 aAm
596 2364 626 2402 4,
653 2362 682 2397 9.
705 2383 745 2385 1-
767 2362 809 2397 24
829 2362 900 2397 bSir
920 2362 972 2403 49,
996 2363 1047 2397 13.
