2356 3760
161 151 213 190 11,
239 151 380 190 35ffl12‚
406 151 449 183 44
1030 150 1197 184 ESDRAE
1965 156 2067 197 1229

161 244 285 276 verunt
302 245 419 276 autem
436 242 504 276 duo
522 243 648 287 capita,
667 253 743 287 quae
759 245 794 276 et
809 241 884 286 ipsa
900 241 1056 276 similiter
1071 245 1303 287 regnaverunt
1318 253 1420 287 super
1436 245 1575 282 terram,
1593 246 1628 277 et
1643 254 1745 288 super
1760 256 1815 279 eos
1833 246 1892 291 qui
1908 246 2070 281 habitant

158 289 194 322 in
217 299 266 322 ea.
316 291 342 308 ³⁵
367 289 414 323 Et
439 289 521 330 vidi,
547 292 581 323 et
606 300 682 323 ecce
707 288 887 323 devoravit
912 295 1017 333 caput
1041 300 1062 323 a
1085 290 1227 323 dextera
1251 293 1350 334 parte
1372 289 1457 323 illud
1481 290 1575 334 quod
1599 301 1618 324 a
1641 290 1738 325 laeva.

269 338 298 355 ³⁶
323 336 369 370 Et
395 336 513 370 audivi
536 347 656 370 vocem
684 336 855 370 dicentem
882 335 977 375 mihi,
1007 336 1171 381 Conspice
1199 343 1318 370 contra
1346 340 1392 377 te,
1421 341 1455 370 et
1484 337 1660 371 considera
1687 339 1780 382 quod
1808 340 1912 374 vides.
1966 343 1992 360 ³⁷
2023 341 2069 374 Et
2089 344 2132 383 15³0
2153 343 2257 383 aqunae

157 381 241 422 vidi,
270 386 306 417 et
332 394 408 417 ecce
435 383 525 417 sicut
552 383 603 417 leo
632 384 825 417 concitatus
854 382 896 416 de
923 382 1008 416 silva
1038 384 1187 428 rugiens:
1218 388 1252 417 et
1277 383 1348 417 vidi
1373 384 1537 428 quoniam
1562 385 1747 419 emittebat
1775 396 1894 419 vocem
1922 387 2068 421 hominis
2098 380 2250 419 intentum

158 429 203 463 ad
227 429 390 474 aquilam.
438 430 484 464 Et
507 430 606 469 dixit.
631 429 756 468 dicens,
804 431 832 449 33
857 429 948 462 Αο(11
970 435 1021 469 tu,
1045 436 1079 464 et
1102 430 1224 474 loquar
1247 430 1290 464 ad
1313 435 1358 469 te.
1383 434 1417 464 et
1441 431 1531 465 dicet
1554 431 1750 465 Altissimus
1773 432 1847 466 tibi.
1895 435 1923 453 ³⁹
1946 434 2069 467 Nonne
2109 416 2236 444 nuntiat,

158 479 197 510 tu
223 487 256 510 es
282 476 341 520 qui
365 477 536 521 superasti
560 476 601 510 de
626 479 793 520 quattuor
817 475 1032 514 animalibus,
1059 488 1134 520 quae
1158 478 1306 511 feceram
1330 488 1470 521 regnare
1493 478 1529 511 in
1552 478 1674 512 saeculo
1698 489 1785 519 meo.
1811 482 1845 512 et
1870 486 1907 513 ut
1932 491 1992 524 per
2015 492 2069 514 eos

158 523 291 557 veniret
315 523 391 556 finis
416 528 613 568 temporum
635 524 772 557 eorum?
821 525 849 543 ⁴⁰
873 523 919 557 Et
943 526 1086 567 quartus
1111 524 1249 558 veniens
1273 524 1400 558 devicit
1424 525 1538 558 omnia
1562 525 1725 559 animalia
1748 536 1824 570 quae
1846 527 2068 566 transierunt.

158 574 192 603 et
217 573 404 614 potentatu
428 570 542 604 tenuit
565 569 727 604 saeculum
753 580 831 603 cum
855 573 1002 604 tremore
1026 570 1148 610 multo.
1175 576 1209 604 et
1234 581 1370 604 omnem
1396 571 1512 604 orbem
1538 583 1615 605 curn
1640 572 1755 606 labore
1780 573 1937 617 pessimo,
1964 581 1998 607 et
2022 574 2070 607 in-

157 617 333 651 habitavit
358 622 412 651 tot
436 617 649 662 temporibus
675 617 793 650 orbem
817 621 987 650 terrarum
1013 628 1091 651 cum
1116 617 1204 651 dolo.
1254 620 1279 637 ³¹
1306 618 1353 651 Et
1376 618 1537 652 iudicasti
1561 623 1689 652 terram
1714 630 1783 653 non
1808 630 1886 654 cum
1911 620 2069 654 veritate.

158 666 185 683 ⁴²
210 663 398 698 Tribulasti
421 664 512 698 enim
535 668 745 704 mansuetos,
773 668 808 698 et
833 664 949 698 laesisti
976 664 1200 708 quiescentes,
1229 671 1262 698 et
1290 664 1440 699 dilexisti
1465 665 1657 705 mendaces,
1686 672 1719 700 et
1746 666 1948 701 destruxisti
1973 667 2069 700 habi-

157 711 307 744 tationes
325 721 442 744 eorum
460 710 519 755 qui
535 710 804 749 fructificabant,
823 715 857 744 et
874 711 1064 745 humiliasti
1081 722 1196 745 muros
1214 721 1332 745 eorum
1350 711 1408 755 qui
1426 715 1460 745 te
1477 723 1547 745 non
1563 717 1765 747 nocuerunt.
1807 715 1833 733 ⁴³
1852 714 1898 747 Et
1916 714 2072 748 ascendit

158 757 367 791 contumelia
381 760 443 791 tua
458 768 566 801 usque
583 757 626 790 ad
643 757 870 798 Altissimum‚
887 761 920 792 et
936 758 1097 802 superbia
1111 761 1174 792 tua
1190 758 1233 792 ad
1250 758 1399 792 Fortem.
1440 760 1467 778 ⁴⁴
1482 759 1528 792 Et
1545 760 1693 804 respexit
1710 759 1906 794 Altissimus
1922 761 2072 805 superba

157 808 326 849 tempora,
352 808 386 839 et
407 815 482 838 ecce
502 804 601 838 finita
622 808 714 844 sunt,
739 808 773 838 et
793 804 918 838 scelera
940 805 1011 838 eius
1033 805 1203 850 completa
1224 808 1315 839 sunt.
1351 807 1377 824 ⁴⁵
1398 806 1585 849 Propterea
1605 817 1674 840 non
1695 817 1861 851 appareas
1882 813 1921 841 tu
1943 808 2072 851 aquila.

158 855 193 886 et
217 852 279 886 alae
302 854 372 886 tuae
396 851 585 891 horribiles,
612 855 646 886 et
671 852 862 896 pennacula
887 855 948 885 tua
974 852 1132 897 pessima.
1159 855 1193 886 et
1218 853 1333 896 capita
1357 855 1420 886 tua
1444 853 1604 897 maligna,
1632 856 1665 886 et
1690 864 1819 898 ungues
1845 854 1897 888 tui
1921 854 2069 899 pessimi,

158 901 193 933 et
218 909 318 932 omne
343 909 464 942 corpus
489 902 590 932 tuum
615 909 756 939 vanum,
810 901 840 918 ⁴⁸
865 899 917 932 uti
948 900 1164 944 refrigeretur
1195 900 1304 933 omnis
1335 902 1437 938 terra.
1470 902 1504 933 et
1535 905 1730 934 revertatur
1760 900 1904 934 liberata
1937 901 1978 935 de
2008 905 2071 935 tua

158 945 204 985 vi,
229 948 264 979 et
287 950 401 990 speret
425 945 590 979 iudicium
616 948 650 979 et
674 945 940 979 misericordiam
966 946 1036 979 eius
1063 947 1121 990 qui
1145 946 1227 980 fecit
1252 957 1338 980 eam.

268 992 321 1027 12.
369 994 380 1012 ¹
406 992 452 1026 Et
476 993 609 1026 tactum
634 997 696 1026 est.
723 992 805 1026 dum
829 992 1027 1036 loqueretur
1048 993 1099 1026 leo
1122 993 1227 1026 verba
1249 993 1321 1027 haec
1344 993 1387 1026 ad
1410 993 1576 1037 aquilam:
1602 997 1635 1027 et
1659 993 1740 1033 vidi,
1787 996 1798 1014 ²
1821 999 1854 1028 et
1876 1005 1952 1028 ecce
1975 995 2067 1039 quod
2128 1000 2215 1027 caput

156 1043 383 1084 superaverat
398 1045 513 1084 caput,
534 1043 569 1074 et
582 1050 651 1073 non
667 1044 933 1084 comparuerunt
948 1045 1118 1084 quattuor
1137 1040 1198 1074 alae
1214 1040 1280 1074 iflae
1300 1051 1376 1084 quae
1395 1040 1439 1073 ad
1458 1051 1534 1074 eum
1555 1041 1776 1075 transierunt.
1799 1048 1833 1075 et
1848 1045 1967 1075 erectae
1986 1046 2067 1076 sunt
2095 1033 2249 1058 dexterum

158 1089 198 1120 ut
222 1090 419 1131 regnarent:
446 1090 481 1120 et
505 1089 579 1120 erat
601 1096 744 1131 regnum
767 1097 883 1120 eorum
907 1087 1002 1126 exile,
1027 1093 1061 1121 et
1083 1087 1238 1121 tumultu
1262 1087 1412 1131 plenum.
1459 1090 1470 1107 3
1494 1088 1539 1121 Et
1563 1087 1644 1127 w‘di.
1668 1092 1702 1122 et
1724 1099 1800 1122 ecce
1822 1089 1896 1133 ipsa
1918 1099 1987 1122 non
2009 1100 2067 1133 ap-
2115 1069 2230 1133 ῗρὲἒξ

156 1133 336 1178 parebant,
363 1136 398 1167 et
423 1144 522 1167 omne
548 1144 669 1178 corpus
695 1134 817 1178 aquilae
841 1134 1100 1173 incendebatur,
1127 1138 1161 1168 et
1186 1134 1438 1179 expavescebat
1463 1138 1554 1168 terra
1580 1135 1690 1170 valde.
2089 1139 2252 1169 disparent:

267 1183 302 1214 et
320 1191 380 1225 ego
400 1191 419 1213 a
437 1180 592 1214 tumultu
612 1183 645 1214 et
664 1191 802 1214 excessu
822 1181 957 1215 mentis.
978 1185 1012 1215 et
1031 1192 1050 1214 a
1068 1191 1193 1226 magno
1212 1182 1334 1215 timore
1354 1181 1503 1226 vigilan}
1524 1186 1558 1215 et
1577 1182 1647 1215 dixi
1666 1182 1802 1226 spiritui
1819 1193 1906 1218 meo.
1949 1184 1961 1202 ⁴
1978 1183 2065 1216 Ecce
2117 1192 2225 1216 Esdras

155 1230 196 1262 tu
220 1227 412 1272 praestitisti
432 1227 515 1261 mihi
539 1228 602 1261 hoc
627 1228 662 1261 in
687 1238 736 1268 eo,
763 1228 855 1272 quod
875 1228 1037 1262 scrutaris
1059 1228 1131 1262 vias
1152 1228 1330 1263 Altissimi.
1376 1230 1387 1248 3
1412 1229 1500 1262 Εο00
1521 1229 1633 1262 adhuc
1653 1229 1820 1274 fatigatus
1841 1240 1917 1263 30111
1939 1230 2064 1263 animo.
2101 1227 2240 1266 interpre-

157 1277 192 1308 et
215 1274 338 1319 spiritu
362 1285 438 1308 meo
463 1274 635 1308 invalidus
659 1285 735 1308 sum
761 1275 871 1314 valde,
898 1281 931 1309 et
956 1286 1018 1309 nec
1042 1275 1177 1309 modica
1202 1281 1252 1309 est
1277 1275 1311 1309 in
1348 1286 1402 1309 me
1439 1276 1548 1309 virtus
1586 1287 1605 1309 a
1642 1276 1752 1310 multo
1790 1276 1923 1310 timore.
1962 1287 2065 1320 quam
2098 1265 2242 1322 tapponlfixsn

156 1321 283 1366 expavi
304 1326 405 1355 nocte
426 1321 501 1356 hac.
553 1323 564 1341 ⁵
588 1321 689 1355 Nunc
712 1333 790 1366 ergo
814 1322 918 1356 orabo
942 1322 1169 1362 Arltissirnum,
1194 1326 1232 1356 ut
1255 1333 1309 1356 me
1332 1323 1502 1356 confortet
1525 1333 1633 1367 usque
1655 1323 1690 1356 in
1713 1323 1826 1357 finem.
1875 1325 1886 1342 ⁷
1912 1324 1958 1357 Et
1983 1324 2064 1359 d'm'.
2108 1320 2183 1363 petit
2204 1334 2232 1358 et

156 1368 364 1402 Dominator
387 1368 545 1407 Domine.
570 1369 599 1402 si
622 1369 737 1402 inveni
756 1369 902 1413 gratiam
923 1372 1002 1403 ante
1022 1369 1136 1403 oculos
1155 1373 1244 1409 tuos,
1265 1373 1299 1403 et
1318 1369 1343 1403 si
1363 1370 1568 1403 iustificatus
1588 1381 1663 1403 sum
1684 1370 1777 1414 apud
1795 1374 1830 1403 te
1849 1381 1916 1414 prae
1935 1370 2064 1406 multis.
2109 1369 2229 1399 accipit:

157 1419 192 1449 et
215 1415 243 1448 si
269 1419 358 1449 certe
383 1415 538 1450 ascendit
560 1416 755 1460 deprecatio
777 1427 854 1450 mea
874 1421 954 1450 ante
974 1417 1096 1449 faciem
1117 1423 1226 1455 tuam,
1273 1419 1284 1435 δ’
1305 1417 1460 1450 conforta
1482 1427 1546 1456 010,
1568 1421 1602 1450 et
1623 1417 1764 1450 ostende
1784 1428 1881 1451 servo
1901 1421 1962 1451 tuo
1983 1417 2066 1450 1111111

156 1462 479 1507 interpretationem
502 1466 536 1496 et
559 1462 816 1496 distinctionem
839 1463 932 1496 visus
955 1463 1124 1496 horribilis
1148 1463 1259 1498 huius.
1284 1469 1323 1496 ut
1347 1463 1540 1507 plenissime
1564 1464 1743 1497 consoleris
1767 1464 1919 1498 animam
1941 1474 2064 1498 meam.

161 1511 173 1529 ⁹
198 1509 350 1554 Dignum
375 1509 465 1543 enim
489 1519 544 1543 me
567 1509 720 1543 habuisti
744 1509 922 1543 ostendere
947 1510 1030 1543 mihi
1053 1515 1249 1554 temporum
1273 1510 1469 1544 novissima.

268 1556 314 1590 Et
339 1556 426 1590 dixit
452 1555 496 1590 ad
519 1566 584 1590 me.
632 1558 660 1576 ¹⁰
686 1556 769 1590 Haec
791 1560 843 1590 est
864 1557 1104 1602 interpretatio
1128 1557 1266 1590 visionis
1290 1557 1400 1591 huius.
1448 1559 1472 1576 ¹¹
1497 1557 1658 1601 Aquilam
1682 1568 1787 1601 quarn
1811 1557 1928 1591 vidisti
1951 1568 2065 1591 ascen·
2121 1558 2218 1590 aquila

157 1603 297 1637 dentem
321 1603 362 1637 de
386 1603 483 1643 mari.
508 1603 572 1637 hoc
596 1609 647 1637 est
672 1614 813 1648 regnum
839 1604 931 1648 quod
955 1604 1067 1638 visum
1092 1609 1143 1638 est
1167 1604 1202 1637 111
1227 1604 1355 1637 visione
1380 1604 1514 1637 Danieli
1538 1605 1637 1638 tratri
1660 1610 1731 1639 tuo.
1779 1606 1807 1624 ¹²
1831 1604 1898 1638 Sed
1921 1615 1991 1638 non
2015 1610 2065 1638 est
2081 1601 2249 1655 Rgffiffgffm

156 1650 205 1684 illi
228 1651 495 1695 interpretatum
521 1651 685 1694 quoniam
710 1661 770 1695 ego
795 1662 886 1685 nunc
910 1651 975 1684 tibi
998 1651 1214 1695 interpretor.
1263 1653 1289 1671 ¹³
1313 1651 1400 1685 Ecce
1425 1651 1494 1684 dies
1520 1651 1674 1691 veniunt,
1700 1655 1734 1685 et
1759 1655 1899 1695 exurget
1923 1662 2064 1695 regnum
2160 1646 2166 1653 ‘
2252 1648 2258 1658 ’

157 1708 259 1742 super
282 1700 422 1737 terram.
449 1702 483 1731 et
509 1698 572 1731 erit
598 1698 702 1731 timor
728 1698 836 1731 acrior
861 1698 1015 1732 omnium
1041 1709 1222 1743 regnorum
1249 1709 1324 1742 quae
1350 1699 1490 1732 fuerunt
1516 1702 1596 1731 ante
1622 1709 1710 1732 eum.

267 1746 295 1764 ¹⁴
321 1744 529 1789 Regnabunt
557 1749 674 1778 autem
700 1745 736 1778 in
762 1756 800 1778 ea
829 1756 920 1790 reges
948 1745 1140 1785 duodecim,
1169 1756 1256 1779 unus
1284 1751 1361 1790 post
1389 1756 1507 1779 unum.
1558 1747 1585 1764 ¹⁵
1612 1745 1702 1779 Nam
1729 1745 1897 1779 secundus
1924 1745 2064 1789 incipiet
2090 1745 2142 1769 ³1ae
2169 1751 2248 1784 reges

158 1802 309 1837 regnare,
328 1795 362 1825 et
380 1792 451 1836 ipse
468 1791 601 1825 tenebit
620 1791 766 1836 amplius
784 1796 920 1836 tempus
940 1803 1008 1837 prae
1027 1792 1217 1826 duodecim.
1260 1794 1289 1812 ¹⁵
1308 1792 1390 1826 Haec
1408 1798 1458 1825 est
1477 1792 1716 1836 interpretatio
1735 1792 1915 1826 duodecim
1934 1792 2065 1825 alarum
2087 1780 2250 1809 duodecim,

158 1849 243 1883 quas
263 1838 391 1872 vidisti.
435 1840 463 1858 ¹⁷
485 1839 531 1872 Et
552 1849 656 1883 quam
677 1839 805 1872 audisti
824 1850 943 1873 vocem
964 1850 1039 1883 quae
1059 1840 1176 1873 locuta
1196 1844 1257 1874 est.
1291 1850 1359 1873 non
1380 1839 1421 1872 de
1442 1839 1612 1884 capitibus
1633 1840 1703 1872 eius
1724 1846 1918 1878 exeuntem,
1946 1839 2005 1872 sed
2025 1839 2066 1872 de

157 1885 270 1919 medio
295 1886 443 1930 corporis
468 1886 550 1925 eius.
599 1887 627 1905 ¹⁸
651 1886 722 1919 haec
747 1890 797 1919 est
822 1886 1072 1931 interpretatio.
1099 1887 1261 1931 quoniam
1287 1889 1365 1931 post
1389 1893 1525 1930 tempus
1550 1887 1643 1930 regni
1667 1886 1755 1920 illius
1779 1891 1964 1920 nascentur
1988 1897 2066 1919 con-

158 1933 330 1967 tentiones
353 1943 423 1966 000
445 1932 599 1973 modicae,
623 1936 657 1966 et
681 1933 932 1977 periclitabitur
954 1940 992 1967 ut
1017 1934 1134 1967 cadat:
1160 1940 1193 1967 et
1216 1945 1285 1967 non
1309 1933 1409 1967 cadet
1431 1936 1525 1967 tunc.
1550 1934 1608 1967 sed
1631 1934 1756 1967 iterum
1780 1933 2010 1967 constituetur
2032 1933 2067 1966 in

158 1990 259 2014 suum
282 1979 431 2014 initium.

268 2028 297 2046 ¹⁹
322 2026 369 2060 Et
393 2026 557 2070 quoniam
574 2026 692 2060 vidisti
709 2027 882 2061 subalares
901 2031 978 2062 octo
996 2028 1203 2061 cohaerentes
1222 2027 1282 2061 alis
1300 2028 1382 2063 eius,
1424 2029 1452 2047 ²⁰
1469 2028 1541 2061 1000
1559 2031 1610 2060 031
1626 2027 1876 2071 interpretatio.
1897 2030 2063 2071 exurgent
2117 2035 2220 2068 pennae

157 2074 193 2107 in
214 2073 287 2118 ipso
310 2078 387 2107 octo
410 2084 520 2118 reges.
545 2085 692 2118 quorum
714 2078 814 2108 erunt
835 2078 993 2119 tempora
1015 2075 1122 2114 levia,
1145 2079 1179 2108 et
1202 2074 1283 2108 anni
1305 2074 1421 2108 citati.
1446 2080 1480 2108 et
1502 2074 1570 2108 duo
1593 2074 1732 2118 quidem
1755 2085 1796 2107 ex
1818 2074 1898 2118 ipsis
1922 2074 2063 2118 perient.
2084 2067 2249 2124 Γξῖξξῑὲξζξ

159 2123 184 2140 ²¹
209 2121 520 2165 Appropinquante
550 2124 666 2155 autem
696 2125 850 2165 tempore
878 2122 990 2155 medio
1020 2126 1188 2165 quattuor
1214 2121 1446 2155 servabuntur
1473 2122 1508 2154 in
1536 2126 1701 2165 tempore,
1732 2132 1810 2155 cum
1838 2121 1978 2165 incipiet
2007 2132 2065 2164 ap·
2116 2120 2130 2130 ‘²
2151 2119 2161 2124 ⁹
2252 2118 2258 2128 '

159 2168 390 2212 propinquare
413 2172 550 2212 tempus
575 2168 644 2201 eius
669 2175 708 2201 ut
732 2168 887 2202 finiatur:
914 2169 981 2202 duo
1006 2179 1086 2201 vero
1110 2169 1145 2202 in
1169 2168 1271 2201 finem
1295 2168 1535 2202 servabuntur.

269 2216 295 2234 ‘³²
320 2215 366 2248 Et
391 2215 555 2258 quoniam
579 2215 696 2248 vidisti
719 2215 785 2249 tria
810 2216 925 2260 capita
949 2216 1169 2259 quiescentia.
1218 2217 1244 2235 ²³
1267 2216 1338 2249 haec
1363 2221 1414 2248 est
1438 2215 1692 2259 interpretatio:
1718 2215 1753 2248 in
1776 2215 1970 2248 novissimis
1994 2214 2065 2248 eius
2121 2215 2218 2261 capita

158 2261 339 2295 suscitabit
363 2261 558 2295 Altissimus
583 2262 650 2295 tria
674 2273 787 2306 regna,
814 2268 847 2295 et
872 2262 1049 2295 revocabit
1072 2263 1107 2295 in
1132 2273 1170 2295 ea
1195 2262 1316 2296 multa.
1355 2267 1389 2295 et
1414 2262 1687 2295 dominabuntur
1710 2266 1849 2295 terram.
1898 2263 1924 2281 ²⁴
1948 2264 1982 2294 et
2007 2261 2066 2304 qui
2086 2258 2164 2282 ‘⁹3⁹³
2185 2252 2252 2279 tres.

158 2309 319 2343 habitant
339 2308 375 2342 in
394 2319 444 2348 ea,
467 2319 545 2342 cum
564 2308 680 2342 labore
700 2309 810 2342 multo
830 2320 932 2354 super
952 2320 1068 2343 omnes
1090 2309 1149 2353 qui
1168 2309 1307 2342 fuerunt
1329 2315 1409 2342 ante
1429 2309 1500 2342 hos.
1524 2315 1664 2353 propter
1682 2308 1747 2341 hoc
1767 2308 1831 2352 ipsi
1852 2308 1967 2341 vocati
1986 2314 2068 2341 sunt

158 2356 274 2400 capita
295 2355 427 2399 aquilae.
474 2357 500 2375 ²⁵
524 2356 586 2389 Isti
608 2356 698 2389 enim
720 2360 820 2390 erunt
843 2357 902 2400 qui
923 2355 1202 2401 recapitulabunt
1224 2356 1420 2400 impietates
1443 2356 1524 2394 eius,
1548 2360 1582 2389 et
1604 2355 1663 2399 qui
1684 2355 1861 2400 perficient
1882 2355 2070 2388 novissima

159 2403 240 2436 eius.
285 2404 315 2422 ²⁶
335 2403 382 2436 Et
400 2403 564 2446 quoniam
579 2403 698 2436 vidisti
712 2407 817 2447 caput
831 2403 942 2437 maius
959 2414 1029 2437 non
1043 2414 1223 2448 apparens.
1238 2403 1310 2436 haec
1325 2409 1376 2436 est
1390 2403 1631 2447 interpretatio
1649 2402 1729 2436 eius.
1743 2402 1907 2446 quoniam
1922 2412 2010 2435 unus
2025 2412 2067 2435 ex

158 2450 204 2483 eis
222 2460 325 2494 super
339 2449 468 2483 lectum
481 2461 583 2483 suum
597 2450 772 2484 morietur.
789 2455 822 2484 et
837 2456 956 2484 tamen
971 2461 1049 2484 cum
1062 2450 1254 2484 tormentis.
1301 2451 1328 2469 ²⁷
1350 2450 1441 2483 Nam
1456 2450 1524 2483 duo
1540 2449 1599 2493 qui
1612 2449 1917 2493 perseveraverint.
1934 2448 2066 2493 gladius

158 2507 214 2530 eos
239 2496 405 2530 comedet.
456 2498 484 2516 ²³
511 2497 618 2530 Unius
645 2498 735 2531 enim
760 2497 892 2542 gladius
919 2497 1075 2532 comedet
1101 2498 1159 2541 qui
1185 2508 1263 2531 cum
1289 2507 1342 2531 eo:
1369 2497 1429 2530 sed
1453 2500 1572 2530 tamen
1596 2496 1651 2530 hic
1675 2496 1788 2540 gladio
1813 2496 1849 2529 in
1872 2495 2066 2529 novissimis

158 2543 268 2578 cadet.
315 2545 344 2563 ²⁹
369 2543 415 2577 Et
438 2543 601 2587 quoniam
624 2544 742 2578 vidisti
764 2545 849 2578 duas
871 2545 1045 2578 subalares
1066 2544 1275 2578 trajicientes
1297 2555 1399 2588 super
1421 2548 1526 2588 caput
1548 2543 1641 2587 quod
1663 2550 1714 2576 est
1736 2543 1771 2576 in
1793 2543 1934 2576 dextera
1957 2547 2066 2587 parte,

158 2592 188 2611 ³⁰
210 2590 283 2624 haec
301 2595 353 2624 est
370 2591 621 2635 interpretatio.
640 2591 676 2625 hi
694 2594 776 2625 sunt
794 2602 879 2636 quos
898 2591 1116 2626 conservavit
1135 2591 1331 2625 Altissimus
1349 2591 1385 2624 in
1403 2590 1505 2624 finem
1524 2601 1635 2624 suum.
1655 2590 1718 2624 1100
1737 2592 1788 2623 est
1806 2600 1949 2634 regnum
1967 2589 2064 2624 exile.

158 2641 193 2671 et
216 2637 424 2671 turbationis
450 2637 599 2682 plenum.

269 2686 295 2704 ³¹
320 2684 415 2718 Sicut
440 2684 558 2718 vidisti
583 2690 617 2718 et
641 2685 785 2725 leonem,
812 2696 915 2730 quern
940 2685 1058 2719 vidisti
1083 2686 1124 2719 de
1149 2685 1235 2719 silva
1260 2685 1490 2730 evigilantem.
1518 2688 1551 2718 et
1576 2684 1778 2728 rugientem.
1805 2687 1839 2717 et
1863 2683 2062 2727 loquentem
2075 2681 2118 2721 leo
2134 2682 2268 2730 nessia-m

159 2731 203 2765 ad
228 2730 390 2775 aquilam,
428 2735 463 2765 et
487 2735 687 2776 arguentem
716 2743 803 2771 eam,
845 2736 879 2766 et
907 2732 1093 2766 iniustitias
1122 2733 1227 2777 ipsius
1257 2743 1317 2777 per
1345 2742 1461 2766 omnes
1490 2742 1661 2765 sermones
1690 2731 1760 2764 eius
1789 2731 1877 2763 sicut
1919 2729 2060 2763 audisti:
2087 2717 2244 2748 mgnrficat,

159 2779 186 2798 ³²
209 2777 264 2811 hic
288 2781 339 2811 est
363 2782 488 2812 ventus
515 2789 619 2823 quem
645 2780 797 2813 servavit
824 2780 1019 2813 Altissimus
1046 2780 1081 2813 in
1108 2779 1211 2813 finem
1238 2779 1283 2813 ad
1309 2789 1376 2813 eos.
1404 2785 1439 2812 et
1465 2778 1660 2822 impietates
1686 2778 1853 2821 ipsorum:
1882 2783 1916 2810 et
1944 2781 2063 2820 arguet

158 2824 244 2864 illos,
269 2828 304 2859 et
327 2825 472 2859 incutiet
496 2836 610 2859 coram
632 2826 713 2870 ipsis
737 2826 981 2871 discerptiones
1005 2837 1132 2860 eorum.
1181 2828 1207 2846 33
1230 2826 1370 2860 Statuet
1394 2825 1484 2859 enim
1507 2836 1563 2858 003
1586 2825 1621 2858 10
1643 2824 1767 2857 iudicio
1791 2824 1904 2857 vivos:
1930 2827 1964 2856 et
1987 2823 2062 2858 erit,

160 2882 238 2905 011111
262 2872 411 2917 arguerit
435 2883 502 2912 003,
527 2876 612 2906 tunc
636 2873 795 2918 corripiet
819 2884 885 2908 eos.
934 2876 962 2893 ³⁴
985 2874 1075 2907 Nam
1100 2873 1275 2907 residuum
1300 2872 1466 2917 populum
1490 2882 1606 2905 meum
1630 2871 1789 2904 liberabit
1814 2881 1892 2904 cum
1916 2870 2063 2904 miseria.

160 2918 219 2962 qui
242 2918 368 2952 salvati
388 2922 470 2952 sunt
491 2930 593 2964 super
614 2920 697 2954 fines
719 2931 823 2960 meos,
847 2924 881 2954 et
902 2920 1107 2954 iucundabit
1129 2931 1184 2954 eos
1207 2919 1432 2964 quoadusque
1454 2919 1569 2952 veniet
1591 2918 1666 2952 finis
1690 2918 1759 2951 dies
1782 2917 1908 2957 iudicii,
1931 2917 1973 2950 de
1995 2928 2063 2960 quo

158 2965 294 2999 locutus
320 2976 395 2999 sum
421 2966 486 3000 tibi
511 2966 554 3000 ab
580 2967 688 3001 initio.

270 3013 297 3031 ³⁵
322 3012 396 3046 Hoc
419 3013 591 3046 somnium
613 3014 707 3058 quod
729 3014 858 3053 vidisti.
882 3018 917 3048 et
938 3014 991 3048 hae
1013 3014 1324 3059 interpretationes.
1372 3015 1401 3033 ³⁶
1425 3013 1476 3046 Tu
1499 3023 1576 3056 ergo
1600 3011 1690 3045 solus
1714 3011 1836 3056 dignus
1858 3011 1955 3044 fuisti
1977 3010 2060 3043 scire
2110 3010 2219 3056 Esgdras

160 3058 327 3092 Altissimi
345 3063 512 3093 secretum
531 3060 605 3094 1100.
649 3062 677 3080 ³⁷
695 3061 811 3095 Scribe
830 3072 908 3106 ergo
927 3061 1042 3095 omnia
1060 3061 1126 3095 ista
1145 3061 1181 3094 in
1197 3060 1283 3094 libro
1303 3070 1378 3104 quae
1397 3059 1524 3094 vidisti.
1545 3063 1580 3092 et
1598 3069 1686 3103 pone
1705 3069 1744 3091 ea
1767 3058 1804 3092 in
1826 3058 1899 3091 loco
1919 3057 2060 3090 abscon·
2071 3045 2267 3106 ξῗζῗξὲξξῖθ

160 3105 248 3139 dito:
291 3107 319 3125 33
344 3109 379 3139 et
396 3106 532 3140 docebis
551 3117 590 3140 ea
607 3107 778 3152 sapientes
797 3108 838 3141 de
858 3108 984 3152 populo
1002 3111 1074 3148 tuo,
1095 3118 1240 3152 quorum
1260 3106 1361 3141 corda
1379 3107 1442 3140 scis
1462 3116 1559 3150 posse
1578 3116 1708 3150 capere,
1727 3109 1762 3139 et
1779 3114 1913 3139 servare
1931 3107 2060 3137 secreta
2075 3116 2141 3141 dere
2157 3115 2253 3140 debet.

160 3152 240 3186 haec.
287 3153 316 3171 ³⁹
337 3152 388 3186 Tu
409 3156 526 3187 autem
548 3153 660 3188 adhuc
681 3155 810 3188 sustine
830 3155 885 3188 hic
907 3155 989 3189 alios
1011 3155 1080 3188 dies
1102 3161 1245 3199 septem,
1267 3156 1307 3187 ut
1327 3153 1392 3187 tibi
1413 3152 1616 3187 ostendatur
1637 3151 1805 3196 quidquid
1826 3151 1937 3184 visum
1958 3150 2062 3183 fuerit

160 3199 337 3233 Altissimo
363 3199 540 3234 ostendere
563 3200 637 3234 tibi.
686 3203 716 3222 ¹⁰
740 3201 787 3235 Et
811 3202 984 3246 profectus
1009 3206 1060 3236 est
1085 3213 1103 3235 a
1128 3212 1192 3235 me.

271 3246 317 3279 Et
343 3246 476 3280 factum
502 3249 564 3287 est,
592 3258 670 3281 cum
697 3248 848 3282 audisset-
875 3249 984 3282 omnis
1012 3248 1157 3293 populus
1185 3247 1349 3292 quoniam
1375 3246 1647 3291 pertransierunt
1672 3250 1804 3289 septem
1831 3244 1911 3278 dies.
1939 3247 1974 3277 et
2000 3254 2060 3287 ego
2086 3243 2115 3267 111
2133 3242 2243 3301 leodem

160 3303 231 3326 non
246 3293 387 3326 fuissem
404 3303 557 3327 reversus
574 3294 611 3327 in
628 3294 817 3331 civitatem.
836 3298 870 3329 et
888 3295 1108 3340 congregavit
1125 3305 1159 3328 se
1178 3295 1287 3328 omnis
1305 3305 1325 3327 a
1342 3293 1484 3327 minimo
1502 3304 1610 3337 usque
1627 3293 1671 3326 ad
1689 3292 1894 3325 maximum:
1914 3293 1949 3324 et
1966 3290 2061 3323 venit
2104 3284 2224 3337 „13⁰5ssOE

162 3338 207 3372 ad
230 3350 295 3380 me,
321 3342 355 3373 et
379 3339 541 3374 dixerunt
564 3341 649 3374 mihi
672 3341 838 3375 dicentes:
878 3343 904 3361 ¹¹
922 3342 1012 3385 Quid
1027 3342 1244 3387 peccavimus
1260 3341 1335 3375 tibi.
1352 3344 1386 3374 et
1402 3340 1485 3385 quid
1500 3340 1625 3374 iniuste
1641 3339 1770 3384 egimus
1785 3338 1821 3371 in
1835 3340 1881 3371 te.
1898 3336 2060 3381 quoniam
2095 3347 2235 3378 populum

162 3385 397 3430 derelinquens
420 3397 481 3420 nos
504 3387 622 3421 sedisti
643 3388 679 3421 in
700 3388 774 3422 loco
796 3388 880 3422 1100.3
927 3391 954 3408 ⁴²
979 3389 1030 3423 Tu
1053 3389 1144 3422 enim
1165 3388 1263 3422 nobis
1286 3398 1422 3432 superes
1445 3387 1535 3421 solus
1559 3398 1601 3421 ex
1624 3385 1780 3419 omnibus
1804 3384 1949 3429 populis,
1972 3383 2060 3416 sicut
2076 3382 2251 3408 consolatur.

164 3432 283 3466 botrus
305 3433 347 3467 de
369 3434 480 3470 vinea,
504 3437 539 3467 et
559 3434 648 3468 sicut
670 3434 807 3469 lucerna
828 3435 864 3469 in
884 3435 958 3470 loco
981 3436 1136 3475 obscuro,
1160 3438 1194 3469 et
1215 3435 1304 3469 sicut
1326 3438 1446 3480 portus
1468 3439 1503 3468 et
1524 3434 1621 3468 navis
1644 3433 1779 3466 salvata
1802 3443 1821 3465 a
1843 3432 2061 3474 tempestate.

163 3481 190 3498 ⁴³
214 3480 286 3513 Aut
308 3490 379 3514 non
401 3480 578 3515 sufficiunt
599 3481 698 3515 nobis
721 3482 811 3516 mala
834 3492 910 3527 quae
933 3482 1157 3527 contingunt?
1205 3483 1233 3501 ⁴¹
1255 3481 1290 3515 Si
1313 3493 1390 3526 ergo
1413 3485 1453 3515 tu
1475 3492 1536 3515 nos
1560 3479 1786 3522 dereliqueris.
1812 3481 1942 3522 quanto
1964 3475 2062 3509 nobis
