2356 3760
285 130 361 170 174
1172 125 1321 159 LIBER
1907 129 1962 170 33,
1989 129 2131 170 11—33‚
2158 129 2199 163 29

290 224 314 245 ¹¹
348 220 525 261 Benedic
555 220 730 261 Domine
759 219 994 260 fortitudini
1024 218 1120 265 eius,
1206 223 1247 257 et
1277 209 1400 271 opera
1428 231 1627 259 manuum
1658 218 1763 260 illius
1794 221 1965 275 suscipe.

285 280 458 320 Percute
489 279 609 320 dorsa
638 278 895 319 inimicorum
926 277 1029 317 eius:
1114 280 1155 316 et
1186 276 1255 330 qui
1285 276 1461 317 oderunt
1490 290 1595 326 eum,
1628 290 1710 319 non
1740 285 2000 334 consurgant.

100 398 249 458 Betgssfflm
390 398 421 420 ¹²
451 395 505 436 Et
538 393 750 434 Beniamin
781 392 856 433 ait:

283 471 601 512 Amantissimus
631 468 797 509 Domini
881 468 1090 509 habitabit
1119 468 1375 509 confidenter
1406 469 1446 509 in
1477 482 1541 510 eo:

284 531 399 584 quasi
429 530 468 569 in
499 528 682 569 thalamo
713 532 804 568 tota
833 527 898 567 die
928 527 1169 570 morabitur.
1255 532 1297 568 et
1326 528 1434 569 inter
1463 528 1653 569 humeros
1684 527 1790 569 illius
1820 529 2060 584 requiescet.

124 646 223 706 1¹02?ss
393 647 422 669 ¹³
454 645 598 698 Ioseph
631 656 793 698 quoque
823 643 899 683 ait:

157 702 165 705 „
188 688 235 711 pi,

283 721 344 761 De
375 720 655 761 benedictione
684 718 850 760 Domini
892 723 999 759 terra
1042 719 1138 761 eius.
1224 718 1274 759 de
1313 720 1446 772 pomis
1488 719 1584 768 caeli,
1627 724 1669 760 et
1707 732 1807 769 rore,
1892 725 2018 775 atque
2056 720 2205 775 abysso

548 779 796 819 subiacente.

285 841 316 864 ¹¹
345 839 406 879 De
436 838 567 892 pomis
598 838 806 878 fructuum
837 836 930 877 solis
961 849 1008 877 ac
1036 836 1155 879 lunae.
1244 838 1274 861 ¹⁵
1303 836 1353 877 de
1383 837 1536 878 vertice
1566 836 1832 891 antiquorum
1861 839 2080 882 montium.

283 899 333 939 de
362 898 493 951 pomis
523 897 687 938 collium
716 902 980 937 aeternorum:
1080 898 1114 920 ¹⁶
1144 900 1185 936 et
1214 896 1264 937 de
1292 896 1477 950 frugibus
1508 902 1638 943 terrae,
1670 902 1712 937 et
1741 897 1791 938 de
1820 896 2076 951 plenitudine
2106 897 2203 939 eius.

285 956 522 998 Benedictio
552 956 669 1003 illius,
701 956 790 1009 aqui
820 955 1014 1009 apparuit
1042 955 1083 995 in
1112 955 1228 1004 rubo,
1311 955 1452 996 veniat
1481 968 1602 1009 super
1625 961 1752 1009 caput
1779 955 1940 1010 Ioseph,
2019 961 2061 998 et
2086 969 2207 1010 super

548 1015 743 1056 verticem
773 1014 945 1055 nazaraei
976 1014 1083 1055 inter
1111 1014 1257 1056 fratres
1287 1027 1394 1055 suos.

285 1077 318 1099 ¹⁷
349 1075 474 1124 Quasi
504 1074 763 1128 primogeniti
794 1073 901 1114 tauri
930 1073 1194 1127 pulchritudo
1225 1073 1321 1119 eius,
1420 1086 1573 1114 cornua
1601 1073 1868 1115 rhinocerotis
1899 1087 2052 1116 cornua
2079 1074 2204 1115 illius:

284 1135 325 1175 in
355 1135 451 1189 ipsis
482 1133 702 1175 ventilabit
731 1134 882 1174 Gentes
966 1145 1095 1187 usque
1125 1133 1178 1174 ad
1207 1132 1404 1174 terminos
1434 1138 1563 1174 terrae.

284 1193 346 1234 hae
375 1198 472 1234 sunt
501 1192 788 1234 multitudines
818 1191 1036 1245 Ephraim:
1122 1197 1163 1233 et
1192 1191 1277 1233 haec
1306 1190 1434 1232 milh’a
1462 1191 1662 1233 Manasse.

135 1315 222 1340 tribui
392 1313 425 1335 18
454 1311 511 1352 Et
541 1309 723 1351 Zabulon
754 1308 829 1349 ait:

115 1351 243 1376 Zabulon

87 1387 443 1428 e¹¹⁵⁵³⁰¹¹⁸svLaetare
474 1385 656 1426 Zabulon
685 1384 726 1425 in
756 1384 869 1425 exitu
899 1390 984 1434 tuo,
1069 1389 1111 1426 et
1142 1384 1328 1426 Issachar
1356 1385 1398 1425 in
1427 1384 1703 1426 tabernaculis
1733 1386 1827 1427 tuis.

286 1448 319 1470 ¹9
348 1445 525 1499 Populos
556 1444 766 1485 vocabunt
796 1444 849 1485 ad
878 1448 1081 1485 montem:
1166 1444 1223 1485 ibi
1252 1444 1529 1486 immolabunt
1558 1444 1748 1486 victimas
1778 1445 1957 1487 iustitiae.

286 1506 364 1554 Qui
393 1504 706 1545 inundationem
736 1503 858 1544 maris
890 1503 1006 1557 quasi
1036 1503 1098 1544 lac
1128 1508 1287 1558 sugent,
1370 1508 1411 1545 et
1440 1504 1654 1545 thesauros
1685 1504 1947 1546 absconditos
1978 1517 2205 1546 arenarum.

91 1625 178 1650 tribui
197 1625 268 1651 (ΕΜ,
392 1624 427 1647 2⁰
455 1622 511 1663 Et
541 1621 631 1663 Gfld
661 1621 737 1662 Hit:

286 1699 532 1739 Benedictus
572 1698 613 1738 in
653 1697 872 1738 latitudine
913 1696 1022 1738 Gad:
1123 1695 1239 1750 quasi
1279 1694 1341 1737 leo
1381 1695 1597 1749 requievit.
1683 1696 1873 1751 cepitque
1914 1697 2128 1739 brachium
2168 1702 2209 1738 et

549 1757 756 1798 verticem.

286 1819 317 1842 ²¹
347 1817 403 1858 Et
432 1817 537 1858 vidit
566 1816 845 1870 principatum
875 1829 1007 1864 suum,
1094 1815 1204 1869 quod
1233 1814 1274 1854 in
1304 1820 1422 1867 parte
1452 1828 1525 1855 sua
1556 1814 1701 1856 doctor
1730 1820 1836 1856 esset
1864 1815 2086 1870 repositus:

288 1876 356 1930 qui
385 1876 465 1917 fuit
495 1889 587 1917 cum
616 1875 867 1930 principibus
898 1874 1050 1928 populi,
1135 1878 1177 1915 et
1212 1873 1310 1915 fecit
1338 1873 1517 1914 iustitias
1546 1874 1727 1923 Domini,
1771 1879 1813 1916 et
1852 1874 2049 1916 iudicium
2089 1888 2207 1916 suum

551 1948 643 1976 cum
675 1934 810 1975 Israel.

92 2053 178 2078 11111111
199 2053 270 2082 111111»
393 2054 424 2076 2²
453 2052 547 2093 Dan
579 2065 740 2105 quoque
771 2051 847 2092 ait:

287 2123 379 2164 Dan
411 2122 569 2164 catulus
599 2122 737 2169 leonis,
826 2122 926 2163 fluet
953 2121 1119 2176 largiter
1149 2121 1198 2162 de
1229 2119 1378 2161 Basan.

138 2240 224 2264 tribui
393 2242 425 2264 23
454 2240 510 2280 Et
540 2238 764 2292 Nephthali
795 2238 918 2279 dixit:

100 2276 123 2300 N
164 2275 255 2300 hthali

127 2282 161 2306 ep
260 2299 265 2305 ’
290 2310 512 2365 Nephthali
537 2309 793 2351 abundantia
819 2310 1062 2363 perfruetur,
1132 2312 1174 2350 et
1195 2308 1339 2363 plenus
1364 2307 1441 2349 erit
1463 2306 1819 2348 benedictionibus
1843 2307 2030 2351 Domini:
2097 2323 2209 2352 mare

553 2375 593 2410 et
622 2369 833 2410 meridiem
862 2368 1101 2422 possidebit.

139 2492 231 2555 fiiis.
395 2490 426 2512 '2¹
456 2488 555 2528 Aser
585 2500 747 2540 quoque
778 2486 853 2527 ait:

290 2564 535 2604 Benedictus
565 2563 606 2603 in
640 2562 730 2603 filiis
760 2563 871 2605 Aser.
957 2562 1011 2603 sit
1039 2561 1203 2616 placens
1233 2560 1429 2602 fratribus
1461 2560 1555 2606 suis,
1641 2565 1682 2601 et
1711 2559 1847 2613 tingat
1875 2559 1916 2600 in
1946 2559 2033 2602 oleo
2062 2562 2207 2615 pedem

553 2635 685 2663 suum.

289 2685 320 2707 ‘25
350 2682 518 2723 Ferrum
549 2686 590 2722 et
618 2694 669 2721 aes
701 2680 1022 2721 calceamentum
1053 2680 1148 2721 eius.
1234 2679 1349 2721 Sicut
1378 2679 1461 2719 dies
1492 2678 1720 2719 iuventutis
1759 2682 1852 2725 tuae,
1894 2677 1955 2719 ita
1994 2684 2036 2720 et
2074 2692 2207 2721 senec-

556 2745 622 2781 tus
653 2746 737 2781 tua.

104 2849 270 2914 ‹1‡'.22²,¹,E¹¹¹;32-
293 2849 327 2871 2⁶
353 2847 443 2886 Non
473 2850 533 2887 est
557 2846 667 2887 Deus
692 2845 793 2886 alius
818 2850 863 2885 111
890 2845 999 2886 Deus
1027 2844 1259 2886 rectissimi:
1354 2855 1542 2884 ascensor
1568 2842 1652 2883 caeli
1679 2841 1900 2883 auxiliator
1925 2846 2033 2884 tuus.
2123 2843 2207 2884 Ma-

139 2920 237 2980 ‘13³5ss
555 2904 793 2956 gnificentia
823 2905 906 2945 eius
937 2904 1171 2945 discurrunt
1200 2903 1341 2949 nubes,

294 2966 327 2989 2⁷
359 2965 639 3004 habitaculum
671 2964 754 3005 eius
785 2977 956 3009 sursum,
1042 2968 1083 3004 et
1112 2963 1253 3004 subter
1282 2962 1449 3003 brachia
1477 2961 1743 3014 sempiterna:

293 3024 424 3065 eiiciet
454 3037 475 3063 a
506 3023 607 3063 facie
638 3029 709 3064 tua
739 3023 961 3065 inimicum.
1053 3022 1260 3076 dicetque:
1293 3021 1520 3063 Conterere.

294 3084 329 3107 ²⁸
363 3082 578 3122 Habitabit
612 3082 735 3123 lsrael
765 3082 1030 3124 confidenter.
1116 3086 1157 3122 et
1186 3081 1306 3123 solus.
1339 3079 1490 3121 Oculus
1524 3079 1645 3120 Iacob

294 3142 333 3182 in
365 3148 471 3182 terra
500 3141 693 3181 frumenti
726 3146 765 3181 et
796 3141 892 3189 vini,
979 3141 1145 3194 caelique
1175 3140 1411 3194 caligabunt
1441 3151 1541 3179 rore.

293 3202 328 3225 '2⁹
359 3201 510 3241 Beatus
542 3214 580 3240 es
611 3206 655 3240 tu
691 3200 828 3240 lsrael:
862 3200 950 3254 quis
981 3199 1121 3240 similis
1152 3200 1212 3240 tui
1292 3197 1452 3252 popule.
1486 3196 1554 3250 qui
1583 3196 1752 3237 salvaris
1782 3195 1823 3236 in
1852 3195 2056 3237 Domino?

294 3265 456 3301 scutum
487 3259 626 3300 auxilii
657 3259 729 3300 tui.
815 3264 855 3299 et
883 3259 1042 3313 gladius
1071 3259 1207 3313 gloriae
1236 3264 1335 3298 tuae:

294 3319 505 3373 negabunt
535 3324 574 3359 te
603 3317 755 3358 inimici
787 3318 859 3363 tui,
945 3323 985 3359 et
1014 3323 1060 3359 111
1090 3331 1229 3359 eorum
1260 3316 1361 3358 colla
1391 3314 1578 3356 calcabis.

427 3469 468 3504 16
493 3468 566 3502 aEx
591 3468 623 3509 3,
649 3468 679 3502 2.
