2356 3760
53 358 129 382 Finis
146 358 230 383 mira-

74 393 204 418 culorum

255 193 349 234 1064
783 189 1093 224 EVANuELwM
1121 188 1374 222 siect'xm‘n
1404 189 1618 222 ioAxxffiM
1869 190 1919 222 20,
1946 190 2086 224 :sc-m.
2113 190 2154 223 25

854 282 982 322 Prior
1012 281 1262 332 conclusio,
1290 281 1356 331 20,
1377 280 1549 321 30-31.

351 356 388 379 ³⁰
416 354 562 395 ‘Multa
590 353 765 407 quidem,
792 358 830 392 et
856 351 934 391 aliu
958 351 1069 404 signa
1094 351 1189 391 fecit
1222 352 1326 391 lesus
1353 350 1391 391 in
1416 357 1633 404 conspectu
1659 350 1949 404 discipulorum
1973 366 2153 396 suorum,

48 429 233 459 scriptorum.
248 426 337 466 quie
365 427 445 455 non
473 420 565 454 sunt
597 412 745 464 scripta
776 411 813 450 in
842 410 943 450 libro
972 410 1058 451 hoc.
1115 413 1143 434 ³⁵¹
1181 410 1273 450 Haec
1301 416 1437 451 autem
1468 409 1617 462 scripta
1646 415 1741 450 sunt
1772 416 1815 451 ut
1844 410 2030 455 credatis,
2061 411 2153 464 quia

107 649 177 673 Mira

80 686 202 714 captura

80 726 201 750 mscuim

56 1448 224 1478 prandium:

91 1887 195 1912 Petrus

94 1925 193 1953 pastor

83 1966 224 1990 agnorum

65 1997 94 2019 et
121 1995 222 2020 ovium

100 2240 190 2269 atque

91 2274 199 2299 crucifi·

86 2310 204 2341 gendus,

85 2473 208 2497 Ioannes

97 2509 195 2532 nutem

84 2550 210 2567 manens.

96 2946 207 2971 veritas

71 2981 231 3007 testimonii

249 472 359 512 lesus
387 479 446 514 est
475 471 656 512 (hristus
689 469 807 509 Filius
835 468 929 509 Dei:
959 474 999 509 et
1027 474 1073 509 ut
1100 469 1321 511 credentes,
1353 468 1479 509 vitam
1509 468 1694 509 habeatis
1723 469 1760 508 in
1788 468 1951 509 nomine
1978 469 2074 509 eius.

697 575 735 614 4.
766 572 949 625 Septem
982 573 1216 624 discipulis
1247 574 1455 624 apparet,
1483 575 1549 624 21,
1568 574 1714 614 1ff23.

352 645 414 687 21.
474 648 480 669 ¹
517 645 661 685 l‘ostea
700 643 981 684 manifestavit
1020 657 1060 684 se
1099 643 1244 684 iterum
1293 643 1397 683 lesus
1436 642 1641 696 discipulis
1680 643 1730 683 ud
1772 656 1880 683 mare
1918 643 2154 685 Tiberia-dis.

248 704 527 745 Manil'estuvit
561 709 699 744 autem
733 702 806 743 sie:
867 704 881 726 2
914 702 1045 743 Erunt
1077 702 1197 743 simul
1230 701 1369 742 Simon
1402 702 1560 749 Petrus,
1595 708 1636 743 et
1669 701 1858 748 Thomas,
1908 702 1976 755 qui
2009 702 2159 744 dicitur

247 764 461 815 Didymus,
482 768 522 804 et
543 761 786 811 Nathanael,
808 761 876 815 qui
895 767 981 802 erat
1000 775 1020 801 a
1041 761 1152 801 Cana
1169 760 1356 808 (lalilzeae,
1376 767 1417 801 et
1437 760 1503 800 filii
1523 760 1717 809 Zebedaei,
1738 766 1779 802 et
1796 760 1863 801 alii
1882 774 1930 801 ex
1949 761 2155 815 discipulis

246 822 329 861 eius
350 822 442 861 (1110.
491 824 506 845 ³
526 821 634 862 Dicit
656 820 709 861 eis
729 820 869 861 Simon
890 820 1053 861 Petrus:
1077 819 1191 860 Vado
1212 819 1368 872 piscari.
1391 819 1545 860 Dicunt
1564 819 1617 859 ei:
1638 819 1833 860 Venimus
1853 826 1894 861 ct
1914 833 1986 861 nos
2007 826 2154 863 tecum.

246 880 300 921 Et
330 879 529 930 exierunt,
561 886 601 921 et
631 880 901 920 ascenderunt
931 879 969 918 in
1000 878 1158 918 navim:
1189 884 1230 919 et
1259 878 1323 918 illa
1355 884 1473 919 nocte
1504 878 1602 918 nihil
1634 878 1936 931 prendiderunt.
1995 881 2010 903 ⁴
2038 879 2157 920 Mane

245 945 383 980 autem
408 939 516 980 sacto
539 939 655 980 stetit
680 939 790 979 103113
814 938 851 978 111
874 937 1030 979 littore:
1054 950 1134 978 non
1158 946 1296 978 tamen
1319 943 1598 988 cognoverunt
1620 937 1806 990 discipuli
1829 937 1922 991 quia
1950 938 2058 978 103113
2081 944 2154 980 est.

244 1000 259 1022 ⁵
288 998 406 1039 Dixit
436 1011 528 1051 ergo
559 997 613 1038 eis
647 998 776 1038 lesus:
808 996 927 1037 Pueri
958 996 1158 1049 numquid
1188 996 1508 1049 pulmentarium
1540 995 1725 1037 habetis?
1759 996 2074 1050 Responderunt
2103 997 2157 1038 ei:

248 1057 350 1097 Non.
411 1059 425 1081 ⁶
453 1056 561 1098 Dicit
591 1056 663 1097 eis:
694 1055 847 1097 Mittite
876 1055 915 1095 in
943 1056 1155 1097 dexteram
1184 1054 1333 1108 navigii
1363 1062 1465 1096 rete:
1495 1061 1534 1096 et
1562 1054 1790 1096 invenietis.
1820 1055 2018 1097 Miserunt
2045 1070 2157 1108 ergo:

246 1122 286 1157 et
308 1116 386 1157 iam
409 1129 489 1157 non
512 1115 707 1156 valebant
728 1114 826 1155 illud
848 1114 1007 1156 tra-here
1028 1128 1110 1167 prae
1130 1114 1395 1155 multitudine
1416 1114 1599 1167 piscium.
1652 1115 1665 1137 ⁷
1686 1113 1803 1156 Dixit
1824 1128 1916 1166 ergo
1938 1114 2159 1169 discipulus

246 1174 321 1223 ille,
354 1188 473 1228 quem
504 1174 699 1225 diligebat
730 1174 854 1220 Iesus,
885 1174 1026 1214 Petro:
1056 1173 1257 1214 Dominus
1287 1179 1359 1215 est.
1390 1173 1530 1214 Simon
1559 1174 1704 1214 Petrus
1733 1186 1824 1213 cum
1855 1173 2035 1216 audisset
2064 1174 2156 1228 quia

245 1233 446 1274 Dominus
477 1239 550 1283 est,
583 1233 722 1274 tunica
750 1232 952 1273 succinxit
981 1246 1022 1273 se
1053 1235 1157 1283 (era-t
1186 1231 1292 1273 enim
1323 1233 1472 1281 nudus)
1504 1237 1544 1274 et
1574 1232 1684 1273 misit
1714 1246 1754 1272 se
1783 1232 1823 1273 in
1854 1246 1976 1274 mare.
2037 1236 2052 1257 ὅ
2080 1233 2159 1273 Α111

246 1299 385 1334 autem
409 1292 595 1346 discipuli
619 1291 782 1345 navigio
808 1297 1025 1332 venerunt:
1051 1293 1149 1340 (non
1174 1291 1281 1332 enim
1306 1291 1422 1342 longe
1446 1296 1562 1332 erant
1586 1305 1608 1332 a
1634 1297 1753 1335 terra,
1779 1292 1848 1331 sed
1873 1292 1987 1344 quusi
2011 1292 2159 1332 cubitis

247 1351 450 1401 ducentis)
483 1352 691 1393 trahentes
720 1356 804 1391 rete
833 1350 1017 1404 piscium.

354 1413 368 1434 ⁹
397 1411 453 1452 Ut
480 1424 572 1464 ergo
600 1410 897 1451 descenderunt
923 1409 963 1450 in
993 1416 1155 1457 terram,
1187 1409 1377 1450 viderunt
1404 1422 1555 1462 prunas
1583 1409 1750 1462 positas,
1778 1415 1819 1450 et
1846 1409 1996 1462 piscem
2024 1422 2161 1462 super-

247 1470 439 1523 positum,
465 1476 506 1512 et
528 1483 688 1522 panem.
741 1471 776 1494 1⁰
797 1468 908 1510 Dicit
931 1468 985 1509 eis
1011 1468 1140 1509 Iesus:
1164 1468 1319 1509 Afferte
1342 1469 1391 1509 de
1414 1468 1603 1521 piscibus.
1630 1482 1731 1522 quos
1754 1467 2016 1521 prendidistis
2038 1481 2158 1509 nunc.

245 1531 274 1553 11
298 1529 494 1570 Ascendit
515 1529 655 1570 Simon
678 1528 835 1578 Petrus,
860 1533 901 1569 et
923 1527 1050 1569 traxit
1072 1533 1156 1568 rete
1178 1527 1218 1567 in
1242 1533 1404 1575 terram,
1428 1527 1593 1580 plenum
1616 1527 1773 1580 magnis
1796 1527 1972 1580 piscibus
1995 1532 2160 1568 centum

247 1588 545 1642 quinquaginta
568 1588 710 1628 tribus.
760 1587 816 1628 Et
836 1600 927 1627 cum
952 1586 1057 1627 tanti
1078 1592 1224 1635 essent,
1247 1599 1329 1627 non
1349 1591 1411 1626 est
1432 1586 1600 1626 scissum
1621 1591 1717 1627 rete.
1768 1588 1798 1610 1”-’
1819 1585 1929 1626 Dicit
1951 1586 2005 1626 eis
2029 1586 2158 1626 Iesus:

246 1647 404 1693 Venite,
429 1647 639 1700 prandete.
670 1646 725 1687 Et
755 1659 873 1687 nemo
903 1645 1084 1686 audebat
1107 1644 1453 1685 discumbentium
1482 1645 1731 1697 interrogare
1755 1658 1866 1685 eum:
1897 1644 1957 1685 Tu
1982 1644 2070 1698 quis
2093 1644 2159 1686 es?

246 1706 431 1756 scientes,
454 1706 549 1759 quia
566 1705 767 1746 Dominus
786 1710 859 1745 est.
906 1706 937 1729 13
955 1704 1011 1745 Ε1
1030 1704 1143 1744 venit
1163 1704 1285 1750 103113,
1307 1709 1348 1744 01
1365 1703 1514 1757 accipit
1532 1717 1693 1757 panem,
1713 1708 1754 1745 et
1772 1703 1845 1745 dat
1863 1703 1931 1749 013,
1952 1709 1993 1745 01
2010 1703 2160 1757 piscem

247 1764 442 1806 similiter.
494 1766 524 1789 ¹⁴
549 1764 636 1805 Hoc
657 1764 738 1805 iam
762 1763 883 1805 tertio
904 1762 1193 1804 manifestatus
1215 1768 1276 1803 est
1300 1762 1411 1803 Iesus
1433 1762 1640 1815 discipulis
1662 1762 1743 1803 suis
1765 1775 1856 1803 cum
1880 1762 2162 1803 resurrexisset

248 1838 272 1865 a
300 1824 484 1865 mortuis.

355 1885 385 1907 ¹5
413 1883 514 1924 Cum
542 1896 635 1936 ergo
663 1881 935 1936 prandissent,
960 1880 1059 1923 dicit
1085 1881 1241 1922 Simoni
1267 1881 1391 1922 Petro
1420 1881 1550 1922 Iesus:
1579 1880 1719 1922 Simon
1749 1880 1913 1922 loannis
1941 1880 2072 1934 diligis
2100 1894 2164 1921 1110

250 1942 339 1996 plus
362 1942 448 1984 his?
471 1941 583 1983 Dicit
605 1941 657 1982 ei:
682 1940 821 1982 Etiam
842 1940 1031 1990 Domine,
1057 1945 1102 1981 111
1125 1939 1200 1981 3013
1224 1939 1317 1994 quia
1341 1954 1434 1981 amo
1457 1945 1509 1982 te.
1533 1939 1644 1981 Dicit
1667 1939 1719 1980 ei:
1743 1940 1868 1981 Pasce
1890 1952 2016 1993 agnos
2038 1953 2162 1982 meos.

251 2004 285 2026 ¹⁶
306 2001 418 2042 Dicit
442 2001 476 2042 ei
500 2001 667 2042 iterum:
691 2000 832 2041 Simon
859 1999 1034 2048 Ioannis,
1061 1998 1191 2053 diligis
1215 1999 1304 2040 me?
1328 1999 1400 2040 Ait
1422 1998 1496 2039 illi:
1522 1998 1661 2040 Etiam
1684 1998 1872 2046 Domine,
1898 2004 1944 2040 tu
1968 1998 2044 2040 scis
2069 1998 2165 2052 quia

249 2074 342 2102 amo
369 2067 420 2102 te.
447 2060 558 2102 Dicit
583 2059 636 2101 ei:
662 2060 788 2100 Pasce
813 2072 938 2112 agnos
963 2072 1086 2100 meos.
1141 2060 1175 2083 1⁷
1199 2057 1312 2099 Dicit
1336 2058 1371 2099 ei
1396 2057 1537 2100 tertio:
1563 2057 1703 2099 Simon
1732 2057 1907 2107 loannis,
1936 2071 2048 2099 amas
2073 2057 2162 2098 me?

249 2119 525 2161 Contristatus
546 2125 607 2160 est
624 2119 782 2167 Petrus,
806 2117 902 2171 quia
921 2117 1026 2159 dixit
1044 2117 1080 2159 ei
1099 2117 1233 2167 tertio,
1255 2117 1381 2158 Amas
1400 2117 1489 2158 me?
1510 2123 1550 2158 et
1570 2117 1675 2158 dixit.
1694 2116 1747 2158 ei:
1767 2116 1942 2158 Domine
1962 2122 2008 2158 tu
2028 2117 2166 2158 omnia.

252 2178 376 2221 nosti:
410 2184 454 2220 tu
485 2177 560 2219 scis
592 2177 688 2232 quia
716 2191 808 2218 amo
840 2183 891 2217 te.
949 2176 1066 2217 Dixit
1096 2175 1149 2217 ei:
1180 2176 1306 2217 Pasce
1337 2190 1431 2217 oves
1462 2190 1584 2217 meas.

358 2240 391 2262 1⁸
425 2237 587 2282 bAmen,
621 2249 739 2277 amen
770 2235 859 2276 dico
890 2234 983 2276 tibi:
1016 2249 1108 2276 cum
1139 2248 1243 2276 esses
1274 2234 1405 2276 iunior
1449 2235 1638 2288 cingebas
1672 2241 1721 2281 te,
1754 2240 1794 2276 et
1824 2234 2065 2276 ambulabas
2096 2235 2164 2275 uhi

253 2296 436 2338 volebas:
469 2310 560 2337 cum
591 2301 730 2337 autem
761 2293 950 2339 senueris,
983 2295 1177 2335 extendes
1208 2307 1353 2335 manus
1384 2299 1488 2336 tuas.
1521 2300 1561 2335 et
1591 2293 1693 2334 alius
1724 2298 1763 2334 10
1794 2293 1940 2348 cinget,
1972 2299 2014 2335 et
2043 2294 2165 2335 ducet

253 2370 332 2409 quo
353 2362 396 2397 tu
415 2369 497 2397 non
517 2355 589 2396 vis.
638 2356 671 2379 1⁹
691 2354 780 2395 Hoc
799 2358 937 2395 autem
957 2353 1062 2394 dixit
1080 2352 1311 2407 significans
1331 2366 1412 2406 qua
1430 2357 1561 2394 morte
1580 2352 1874 2393 clarificaturus
1894 2357 1997 2393 esset
2016 2353 2162 2393 Deum.

252 2416 306 2456 Et
337 2429 428 2456 cum
458 2415 534 2456 hoc
564 2413 743 2459 dixisset,
777 2412 875 2454 dicit
904 2411 957 2453 ei:
988 2412 1164 2466 Sequere
1193 2425 1269 2452 me.

357 2476 393 2498 ‘²⁰
417 2474 643 2515 Conversus
668 2473 814 2513 Petrus
839 2471 945 2512 vidit
969 2471 1082 2512 illum
1109 2470 1365 2525 discipulum,
1394 2484 1514 2524 quem
1539 2470 1735 2524 diligebat
1762 2470 1885 2515 Iesus,
1913 2475 2163 2523 sequentem.

260 2533 346 2587 ⁰qui
367 2538 407 2574 et
428 2532 613 2574 recubuit
635 2531 674 2572 in
697 2544 813 2572 coena
833 2544 954 2584 super
974 2535 1115 2584 pectus
1137 2529 1233 2575 eius,
1256 2535 1297 2571 et
1318 2529 1441 2570 dixit:
1462 2529 1638 2571 Domine
1660 2529 1748 2583 quis
1769 2534 1831 2570 est
1852 2529 1920 2583 qui
1943 2529 2079 2570 tradet
2099 2529 2164 2570 te?

249 2595 281 2617 2¹
312 2592 431 2633 Hunc
459 2605 551 2645 ergo
580 2605 671 2632 cum
700 2589 869 2631 vidisset
896 2589 1053 2635 Petrus,
1084 2589 1189 2630 dixit
1218 2589 1327 2630 Iesu:
1356 2588 1532 2630 Domine
1559 2588 1623 2630 hic
1651 2594 1790 2630 autem
1818 2587 1941 2642 quid?
1996 2590 2028 2612 '²2
2054 2587 2166 2629 Dicit

250 2651 284 2692 ei
311 2652 439 2692 Iesus:
465 2650 528 2691 Sic
552 2664 643 2691 eum
668 2649 760 2691 volo
784 2662 947 2690 manere
970 2649 1098 2689 donec
1122 2647 1297 2693 veniam,
1324 2647 1422 2702 quid
1444 2648 1497 2689 ad
1519 2647 1584 2689 te?
1610 2654 1655 2688 tu
1679 2662 1742 2689 me
1765 2661 1945 2701 sequere.
1997 2650 2030 2673 ²3
2052 2647 2167 2689 Exiit

250 2724 342 2764 ergo
365 2724 496 2752 sermo
518 2709 593 2751 iste
616 2709 723 2750 inter
744 2708 890 2749 fratres
913 2707 1009 2762 quia
1030 2707 1251 2761 discipulus
1272 2707 1337 2748 1110
1358 2720 1440 2748 11011
1462 2706 1646 2748 moritur.
1672 2707 1726 2748 Et
1748 2720 1828 2749 11011
1851 2706 1955 2747 dixit
1977 2706 2011 2747 ei
2036 2706 2165 2747 Iesus:

254 2770 343 2811 Non
374 2769 558 2811 moritur.
615 2769 703 2810 sed:
734 2767 798 2809 Sic
827 2781 920 2808 eum
950 2767 1042 2807 volo
1072 2780 1235 2807 manere
1264 2767 1392 2807 donec
1421 2766 1596 2813 veniam,
1629 2766 1727 2819 quid
1756 2766 1809 2807 ad
1839 2765 1902 2807 te?

856 2871 1009 2911 Altera
1039 2870 1287 2920 conclusio,
1314 2870 1382 2921 21,
1400 2869 1574 2910 24-25.

361 2945 391 2967 ”-’1
426 2943 500 2983 Hic
531 2947 591 2984 est
622 2940 842 2995 discipulus
873 2941 948 2990 ille,
983 2940 1051 2993 qui
1084 2941 1364 2982 testimonium
1396 2940 1583 2994 perhibet
1613 2941 1662 2981 de
1693 2939 1765 2986 1113,
1799 2945 1839 2982 01
1870 2939 2031 2993 scripsit
2061 2940 2164 2981 haec:

88 3018 213 3043 ioannis.
257 3007 297 3042 et
324 3001 481 3045 scimus,
513 3001 608 3055 quia
635 3014 774 3041 verum
802 3005 864 3041 est
890 2999 1171 3041 testimonium
1199 2999 1295 3042 01113.
1350 3001 1382 3024 2⁵
1411 3000 1537 3041 dSunt
1564 3004 1703 3040 autem
1730 3003 1772 3040 01
1797 2998 1876 3039 alia
1902 2998 2044 3043 multa,
2076 3011 2166 3052 quae

257 3060 353 3101 fecit
392 3060 515 3101 lesus:
552 3073 641 3113 quae
673 3059 705 3099 si
738 3059 969 3101 scriba-ntur
1000 3071 1072 3112 per
1104 3058 1273 3113 singula.
1310 3072 1381 3100 nec
1414 3058 1546 3112 ipsum
1581 3057 1758 3099 arbitror
1789 3058 1990 3099 mundum
2024 3070 2167 3111 capere

259 3132 375 3173 posse
405 3133 482 3160 eos.
516 3119 581 3172 qui
612 3118 812 3159 scribendi
842 3122 949 3167 sunt,
981 3117 1115 3159 libros.

391 3220 432 3254 30
458 3221 532 3254 alni
557 3222 608 3262 21,
634 3224 685 3256 22»
722 3243 753 3246 *-
778 3222 831 3263 21,
861 3224 898 3256 l&
924 3223 961 3255 b2
989 3223 1049 3255 l'tr
1073 3223 1104 3262 l,
1130 3223 1180 3255 14.
1212 3243 1249 3246 —
1274 3222 1316 3255 :20
1343 3223 1430 3266 cSup
1456 3222 1508 3261 13,
1534 3222 1585 3255 23.
1613 3241 1654 3244 ——
1678 3222 1719 3254 535
1744 3221 1834 3265 ds'up
1860 3222 1912 3259 211,
1938 3220 1991 3254 31).
