2356 3760
284 132 360 171 ,38
1130 128 1274 162 LIBER
1302 129 1328 163 Ι.
1934 130 1987 169 15,
2014 129 2155 167 1546,
2180 127 2200 161 8

285 223 395 271 meis,
419 227 459 263 et
480 227 772 264 armentorum.
796 236 919 276 qnam
942 234 1014 274 ego
1036 222 1182 263 audio?
1233 224 1263 246 ¹⁵
1284 222 1340 262 Et
1361 221 1419 262 ait
1439 222 1554 263 Saul:
1577 223 1638 263 De
1660 221 1829 263 Amalec
1850 223 2113 264 adduxerunt
2133 236 2197 264 ea:

284 281 466 336 pepercit
499 280 606 322 enim
639 280 814 334 populus
848 279 1081 321 melioribus
1116 280 1260 321 ovibus
1295 286 1336 321 et
1369 281 1564 321 armentis
1598 286 1646 322 ut
1678 280 1989 323 immolarentur
2020 281 2198 322 Domino

285 341 371 382 Deo
398 346 483 387 tuo,
512 339 666 393 reliqua
695 352 789 379 vero
818 337 1051 380 occidimus.
1108 341 1142 363 ¹⁶
1168 339 1240 379 Ait
1267 344 1404 380 autem
1432 339 1597 380 Samuel
1624 341 1676 380 ad
1703 340 1818 381 Saul:
1847 340 1941 381 Sine
1967 353 2044 389 me,
2074 346 2114 381 et
2140 340 2199 380 in-

285 399 429 440 dicabo
459 398 532 439 tibi
563 411 652 451 qua}
680 397 839 438 locutus
868 397 921 438 sit
950 397 1152 438 Dominus
1182 399 1233 438 ad
1262 411 1325 438 me
1354 404 1486 439 nocte.
1518 398 1716 452 Dixitque
1746 399 1798 439 ei:
1833 400 2024 453 Loquere.
2082 401 2115 423 ¹⁷
2144 399 2200 440 Et

286 459 343 499 ait
363 456 544 498 Samuel:
568 456 711 497 Nonne
732 470 823 497 cuni
843 455 1039 509 parvulus
1059 469 1164 497 esses
1183 457 1225 497 in
1245 456 1370 497 oculis
1389 458 1485 505 tuis,
1507 462 1633 510 caput
1651 457 1692 497 in
1713 457 1902 498 tribubus
1924 458 2047 498 Israel
2066 457 2200 499 factus

286 518 350 557 es?
378 515 578 569 unxitque
602 520 643 556 te
667 514 869 556 Dominus
894 514 935 555 in
960 528 1093 568 regem
1119 528 1240 569 super
1266 515 1402 561 lsrael,
1456 518 1490 539 ¹⁸
1516 521 1557 556 et
1580 516 1694 557 misit
1718 521 1758 557 te
1782 516 1984 557 Dominus
2008 515 2050 556 in
2075 516 2198 564 viam,

287 580 328 616 et
349 576 424 615 ait:
447 575 572 619 Vade,
596 578 638 615 et
658 573 840 615 interfice
861 579 1094 627 peccatores
1116 574 1295 623 Amalec,
1319 580 1360 615 et
1380 574 1582 628 pugnabis
1604 580 1748 616 contra
1768 588 1835 616 eos
1856 589 1983 629 usque
2005 576 2057 616 ad
2078 575 2201 616 inter-

289 634 495 675 necionem
518 645 669 674 eorum.
721 635 754 657 ¹⁹
777 633 909 681 Quare
931 645 1023 684 ergo
1046 646 1126 673 non
1148 633 1299 674 audisti
1322 646 1464 675 vocem
1487 633 1671 674 Domini:
1694 635 1764 675 sed
1786 646 1925 675 versus
1947 635 1999 675 ad
2019 634 2199 688 praedam

288 706 340 736 es.
366 697 407 733 et
428 691 561 733 fecisti
584 691 736 732 malum
761 691 801 731 in
825 691 950 732 oculis
974 691 1165 733 Domini?
1217 694 1253 715 2⁰
1275 692 1330 732 Et
1353 692 1412 733 ait
1433 692 1530 733 Saul
1554 693 1606 733 ad
1628 692 1877 734 Samuelem:
1906 692 2037 734 [mmo
2061 692 2199 733 audivi

289 765 429 793 vocem
455 750 635 794 Domini.
664 755 705 791 et
730 749 939 791 ambulavi
965 750 1005 790 in
1032 750 1100 791 via
1124 763 1196 803 per
1222 764 1344 804 quam
1372 751 1484 792 misit
1509 764 1573 791 me
1598 751 1812 797 Dominus,
1841 757 1882 792 et
1908 751 2060 792 adduxi
2087 752 2202 805 Agag

289 824 421 858 regem
443 809 620 854 Amalec,
642 816 683 850 et
700 809 866 850 Amalec
887 808 1081 850 interfeci.
1130 812 1159 833 ‘-'¹
1181 809 1291 850 Tulit
1310 815 1448 851 autem
1468 811 1517 850 de
1535 811 1675 863 praeda
1691 810 1867 864 populus
1887 823 1982 852 oves
2002 816 2043 851 et
2063 811 2198 859 boves,

289 869 490 923 primitias
512 882 650 910 eorum
675 882 764 922 quae
785 882 888 909 czcsa
907 874 1015 917 sunt,
1038 874 1085 909 ut
1106 868 1290 910 immol-et
1310 868 1488 910 Domino
1509 869 1596 910 Deo
1618 883 1690 910 suo
1712 869 1752 910 in
1774 869 1964 923 Galgalis.
2014 871 2046 893 22
2067 869 2123 910 Et
2144 869 2203 909 ait

289 928 471 970 Samuel:
496 928 726 981 aNumquid
745 928 835 968 vult
852 927 1053 968 Dominus
1071 927 1312 969 holocausta
1329 933 1370 969 et
1387 928 1589 976 victimas,
1609 933 1650 969 ct
1667 941 1749 969 non
1766 928 1902 982 potius
1921 933 1968 969 ut
1985 927 2202 969 obediatur

290 988 378 1029 voci
413 986 599 1027 Domini?
629 986 847 1028 MELIOR
875 992 937 1028 est
965 986 1071 1027 enim
1102 986 1335 1028 obedientia
1365 1000 1488 1040 quam
1518 986 1714 1028 victimae:
1745 992 1786 1028 et
1814 987 2044 1028 auscultare
2072 986 2201 1040 magis

292 1059 413 1100 quam
449 1046 590 1086 offerre.
621 1044 784 1099 adipem
817 1045 1003 1086 arietum.
1064 1048 1096 1070 2³
1128 1045 1321 1099 quoniam
1355 1045 1469 1099 quasi
1501 1051 1716 1099 peccatum
1749 1045 1947 1088 ariolandi
1979 1051 2051 1095 est,
2085 1059 2202 1099 repu-

290 1118 431 1158 gnare:
465 1111 506 1145 et
538 1104 653 1158 quasi
684 1103 812 1145 scelus
843 1103 1095 1149 idololatriae,
1130 1104 1234 1145 nolle
1266 1105 1530 1159 acquiescere.
1564 1105 1643 1146 Pro
1674 1119 1720 1146 eo
1753 1118 1844 1159 ergo
1877 1105 1987 1159 quod
2019 1102 2202 1146 abiecisti

291 1177 517 1205 sermonem
541 1162 720 1207 Domini.
745 1163 894 1204 abiecit
915 1169 956 1204 te
978 1163 1180 1204 Dominus
1202 1177 1252 1204 ne
1275 1163 1327 1204 sis
1350 1177 1431 1205 rex.
1483 1165 1514 1188 24
1536 1163 1735 1218 Dixitque
1757 1164 1855 1205 Saul
1877 1164 1929 1205 ad
1950 1163 2200 1205 Samuelem:

290 1222 475 1269 Peccavi,
501 1221 597 1276 quia
617 1222 909 1275 praevaricatus
932 1236 1021 1263 sum
1045 1236 1272 1264 sermonem
1294 1222 1473 1272 Domini,
1498 1228 1540 1264 et
1562 1223 1688 1264 verba
1709 1228 1793 1270 tua,
1818 1223 1966 1264 timens
1988 1221 2200 1277 populum,

292 1288 333 1323 et
358 1281 548 1322 obediens
574 1281 663 1323 voci
688 1294 840 1322 eorum.
894 1283 925 1306 ²⁵
949 1282 1028 1323 Sed
1053 1295 1161 1323 nunc
1184 1286 1316 1335 porta,
1345 1295 1492 1336 quaeso,
1519 1286 1735 1335 peccatum
1760 1296 1909 1331 meum,
1936 1288 1977 1324 et
2000 1286 2202 1323 revertere

291 1354 464 1384 meeum.
497 1345 541 1381 ut
572 1341 736 1382 adorem
766 1340 1004 1382 Dominum.
1062 1343 1098 1365 ‘2⁶
1126 1341 1182 1382 Et
1211 1341 1269 1381 ait
1297 1340 1461 1382 Samuel
1491 1341 1543 1382 ad
1572 1340 1687 1382 Saul:
1720 1341 1812 1383 Non
1840 1346 2024 1382 revertar
2050 1346 2200 1388 tecum,

292 1400 388 1453 quia
414 1399 617 1453 proiecisti
644 1412 871 1440 sermonem
897 1399 1076 1447 Domini,
1106 1405 1147 1441 et
1172 1399 1343 1453 proiecit
1368 1405 1409 1441 te
1436 1400 1638 1441 Dominus
1665 1413 1714 1440 ne
1741 1400 1793 1441 sis
1820 1413 1891 1441 rex
1917 1413 2038 1454 super
2065 1398 2200 1440 Israel.

291 1461 325 1483 2⁷
354 1459 410 1499 Et
438 1471 656 1499 conversus
685 1464 745 1499 est
773 1458 937 1499 Samuel
965 1463 1012 1500 ut
1040 1458 1188 1500 abiret:
1218 1458 1284 1499 ille
1313 1464 1451 1500 autem
1481 1459 1753 1513 apprehendit
1780 1459 2063 1500 summitatem
2091 1457 2204 1512 pallii

291 1517 388 1562 eius.
416 1531 505 1572 quae
529 1522 569 1558 et
592 1517 716 1558 scissa
739 1522 810 1558 est.
863 1519 898 1541 2⁸
922 1518 977 1558 Et
1001 1517 1059 1558 ait
1083 1519 1135 1559 ad
1159 1531 1251 1558 euni
1275 1517 1456 1559 Samuel:
1486 1518 1636 1559 bScidit
1658 1518 1860 1559 Dominus
1883 1531 2053 1572 regnum
2079 1516 2202 1558 Israel

292 1591 316 1617 a
334 1582 376 1617 te
396 1577 528 1621 hodie.
551 1582 591 1618 et
612 1576 783 1618 tradidit
804 1576 903 1617 illud
925 1576 1110 1630 proximo
1130 1582 1203 1618 tuo
1224 1576 1379 1618 meliori
1399 1582 1451 1618 te.
1501 1579 1536 1601 2⁹
1555 1577 1681 1619 Porro
1703 1577 1996 1631 Triumphator
2014 1576 2057 1617 in
2079 1575 2204 1617 Israel

293 1649 373 1677 non
391 1642 543 1690 parcet,
564 1640 605 1676 et
621 1635 879 1690 poenitudine
898 1649 978 1677 non
1000 1636 1204 1677 flectetur:
1225 1649 1356 1690 neque
1375 1635 1482 1677 enim
1500 1636 1622 1678 homo
1641 1640 1703 1677 est
1720 1641 1767 1677 ut
1785 1641 1882 1690 agat
1898 1635 2201 1690 poenitentiam.

291 1697 328 1719 3⁰
348 1695 405 1736 At
427 1694 491 1735 ille
515 1694 590 1736 ait:
615 1694 806 1735 Peccavi:
830 1696 901 1736 sed
923 1708 1031 1736 nunc
1053 1695 1209 1736 honora
1231 1709 1294 1736 me
1318 1708 1454 1737 coram
1477 1695 1702 1737 senioribus
1725 1695 1865 1749 populi
1887 1695 1978 1740 mei,
2003 1700 2045 1736 et
2066 1707 2203 1736 coram

294 1754 429 1799 Israel,
459 1760 500 1795 et
524 1759 725 1795 revertere
750 1767 923 1798 mecum.
952 1759 999 1795 ut
1024 1755 1190 1796 adorem
1215 1754 1441 1796 Dominum
1467 1755 1601 1796 Deum
1627 1760 1758 1796 tuum.

103 1819 119 1837 ⁸
141 1811 273 1873 {33¹0st
398 1815 430 1837 31
467 1814 669 1854 Reversus
703 1826 795 1867 ergo
829 1813 994 1854 Samuel
1028 1818 1190 1854 secutus
1224 1818 1286 1855 est
1319 1813 1501 1855 Saulem:
1537 1820 1578 1855 et
1612 1814 1802 1856 adoravit
1834 1813 1932 1855 Saul
1964 1813 2202 1855 Dominum.

134 1884 241 1915 quitur.
293 1874 326 1897 3²
350 1872 549 1926 Dixitque
573 1871 755 1914 Samuel:
781 1872 986 1913 Adducite
1011 1874 1063 1914 ad
1088 1886 1151 1913 me
1175 1873 1290 1926 Agag
1313 1885 1447 1927 regem
1472 1873 1650 1914 Amalec.
1677 1873 1734 1914 Et
1758 1872 1920 1914 oblatus
1945 1877 2007 1914 est
2032 1872 2067 1913 ei
2090 1872 2205 1926 Agag

292 1931 593 1985 pinguissimus,
622 1935 664 1973 et
688 1936 878 1972 tremens.
907 1931 964 1973 Et
990 1931 1096 1973 dixit
1120 1932 1253 1986 Agag:
1281 1931 1436 1974 Siccine
1463 1937 1627 1986 separat
1653 1945 1794 1973 amara
1818 1932 1951 1974 mors?
2005 1933 2038 1956 33
2064 1931 2121 1972 Et
2147 1930 2205 1971 ait

291 1990 473 2031 Samuel:
496 1990 610 2031 Sicut
629 1990 727 2031 fecit
746 1991 900 2044 absque
921 1990 1056 2031 liberis
1078 1991 1264 2032 mulieres
1284 1990 1442 2045 gladius
1464 1996 1572 2041 tuus,
1595 1990 1651 2032 sic
1672 1991 1826 2045 absque
1844 1990 1981 2032 liberis
2002 1990 2079 2032 erit
2098 1990 2206 2031 inter

291 2049 477 2090 mulieres
502 2054 634 2091 mater
656 2054 741 2090 tua.
769 2049 825 2090 Et
848 2049 890 2090 in
914 2049 1048 2091 frusta
1071 2049 1250 2091 concidit
1275 2063 1367 2091 eum
1392 2050 1557 2091 Samuel
1581 2063 1717 2092 coram
1742 2050 1920 2092 Domino
1944 2049 1986 2091 in
2011 2048 2202 2103 Galgalis.

289 2111 322 2133 ³⁴
343 2108 460 2149 Abiit
482 2114 620 2149 autem
643 2108 808 2150 Samuel
828 2108 869 2148 in
894 2109 1121 2150 Ramatha:
1145 2109 1242 2150 Saul
1264 2121 1359 2150 vero
1383 2109 1568 2150 ascendit
1588 2109 1630 2150 in
1653 2109 1822 2150 domum
1844 2122 1961 2150 suam
1982 2108 2024 2149 in
2046 2109 2192 2150 Gabaa

289 2170 322 2192 ³5
344 2168 400 2208 Et
421 2181 502 2209 non
525 2167 630 2208 vidit
651 2167 815 2208 Samuel
837 2167 946 2208 ultra
966 2167 1063 2209 Saul
1084 2181 1212 2222 usque
1235 2168 1287 2209 ad
1309 2167 1416 2209 diem
1438 2169 1581 2210 mortis
1604 2182 1704 2209 0111οῑ
1729 2173 2014 2210 verumtamen
2035 2167 2205 2221 lugebat

290 2226 454 2268 Samuel
491 2226 666 2276 Saulem,
708 2226 902 2280 quoniam
939 2226 1165 2268 Dominum
1203 2227 1435 2281 poenitebat
1474 2228 1584 2282 quod
1621 2227 1903 2269 constituisset
1940 2241 2032 2268 eum
2069 2239 2203 2281 regem

291 2299 412 2340 super
443 2285 577 2327 Israel.

613 2390 684 2442 II.
724 2391 865 2442 Post
905 2391 1283 2443 reiectionem
1323 2391 1466 2453 eius,
1506 2390 1585 2453 16,
1612 2392 1787 2453 1—31‚
1814 2390 1891 2442 13.

836 2478 875 2517 1.
906 2476 1052 2517 David
1083 2477 1274 2529 ungitur
1303 2487 1402 2528 rex,
1431 2476 1497 2527 16,
1516 2477 1664 2518 1—13.

145 2543 231 2567 quta
399 2540 462 2582 16.
519 2543 531 2565 1
562 2541 761 2595 Dixitque
791 2542 994 2583 Dominus
1026 2542 1077 2584 ad
1108 2542 1357 2583 Samuelem:
1391 2542 1614 2596 Usquequo
1645 2548 1692 2584 tu
1722 2542 1834 2596 luges
1865 2541 1974 2591 Saul,
2008 2553 2101 2583 cum
2133 2554 2205 2595 ego

103 2579 274 2639 mffl‘iiiixlim
294 2598 529 2653 proiecerim
552 2614 644 2641 eum
666 2614 716 2642 ne
737 2606 879 2655 regnet
900 2614 1021 2655 super
1043 2601 1192 2642 Israel?
1215 2601 1339 2655 imple
1361 2614 1486 2642 cornu
1508 2605 1628 2642 tuum
1651 2601 1750 2649 oleo,
1775 2606 1817 2642 et
1837 2600 1943 2649 veni,
1968 2606 2016 2642 ut
2036 2600 2205 2641 mittam

293 2664 333 2699 te
356 2658 407 2699 ad
431 2658 510 2700 Isai
533 2659 896 2701 Bethlehemitem:
919 2660 1079 2715 providi
1101 2660 1209 2701 enim
1230 2661 1270 2701 in
1292 2660 1383 2701 filiis
1405 2660 1489 2701 eius
1510 2660 1610 2701 mihi
1631 2673 1777 2714 regem.
1828 2662 1842 2685 2
1864 2660 1920 2701 Et
1941 2659 2000 2701 ait
2020 2659 2204 2701 Samuel:

293 2717 382 2766 Quo
408 2718 530 2760 modo
556 2719 733 2760 vadam?
761 2719 900 2760 audiet
925 2719 1033 2760 enim
1058 2719 1167 2765 Saul,
1195 2724 1236 2761 et
1259 2719 1477 2760 interficiet
1501 2733 1577 2760 me.
1605 2719 1661 2761 Et
1687 2719 1745 2760 ait
1769 2719 1991 2761 Dominus:
2018 2717 2206 2759 Vitulum

294 2777 342 2817 de
374 2782 559 2819 armento
589 2777 705 2819 tolles
736 2778 777 2819 in
808 2792 931 2819 manu
963 2783 1048 2827 tua,
1081 2783 1122 2820 et
1151 2778 1277 2820 dices:
1308 2779 1373 2820 Ad
1404 2778 1701 2820 immolandum
1732 2777 1910 2820 Domino
1941 2777 2046 2819 veni.
2105 2780 2121 2802 ³
2151 2777 2207 2818 Et

294 2835 459 2876 vocabis
485 2836 564 2877 lsai
587 2837 639 2878 ad
662 2837 886 2885 victimam,
912 2843 952 2878 et
975 2851 1046 2891 ego
1070 2838 1285 2879 ostendam
1308 2837 1384 2879 tibi
1409 2837 1506 2891 quid
1528 2837 1666 2886 facias,
1692 2843 1733 2878 et
1755 2851 1880 2891 unges
1905 2849 2206 2891 quemcumque

295 2899 577 2937 monstravero
604 2895 691 2938 tibi.

131 2954 246 3015 {2235}
399 2955 414 2977 ⁴
444 2954 557 2995 Fecit
587 2968 679 3008 ergo
709 2956 885 3005 Samuel,
917 2956 1022 2997 sicut
1050 2955 1211 2997 locutus
1242 2960 1304 2997 est
1333 2955 1367 2997 ei
1396 2955 1610 2997 Dominus.
1643 2955 1848 3009 Venitque
1877 2954 1919 2995 in
1950 2954 2203 3004 Bethlehem,

144 3014 233 3057 ungit.
294 3016 336 3053 et
369 3012 559 3054 admirati
595 3020 690 3054 sunt
723 3015 897 3056 seniores
931 3014 1123 3060 civitatis,
1160 3020 1415 3056 occurrentes
1449 3014 1495 3059 ei,
1532 3014 1824 3069 dixeruntque:
1859 3013 2111 3055 Pacificusne
2145 3017 2207 3054 est

294 3071 494 3125 ingressus
518 3073 639 3113 tuus?
689 3075 704 3097 ⁵
727 3074 783 3115 Et
806 3073 881 3115 ait:
906 3074 1123 3115 Pacificus:
1149 3075 1201 3115 ad
1224 3073 1521 3115 immolandum
1544 3073 1722 3115 Domino
1746 3073 1852 3122 veni,
1878 3071 2204 3121 sanctificamini,

296 3135 337 3171 et
362 3131 499 3171 venite
524 3144 683 3172 mecum
710 3139 757 3173 ut
781 3132 1000 3174 immolem.
1029 3132 1312 3174 Sanctificavit
1338 3146 1429 3187 ergo
1458 3132 1536 3173 lsai
1562 3137 1603 3173 et
1628 3132 1729 3174 filios
1756 3132 1852 3181 eius,
1880 3136 1922 3173 et
1946 3130 2113 3173 vocavit
2139 3144 2205 3172 eos

296 3189 347 3230 ad
371 3189 624 3231 sacrificium.
680 3192 694 3213 ‘¹
716 3193 900 3246 Cumque
923 3192 1090 3246 ingressi
1113 3197 1258 3238 essent,
1284 3191 1389 3233 vidit
1412 3191 1543 3238 Eliab,
1569 3196 1610 3232 et
1632 3191 1708 3232 ait:
1736 3192 1844 3232 Num
1867 3203 2003 3233 coram
2026 3189 2205 3232 Domino

296 3254 358 3288 est
385 3249 568 3290 Christus
597 3249 705 3290 eius?
764 3252 777 3273 ⁷
808 3251 862 3291 Et
890 3251 995 3292 dixit
1021 3250 1223 3292 Dominus
1252 3251 1304 3292 ad
1331 3250 1580 3292 Samuelem:
1611 3250 1671 3291 Ne
1698 3250 1888 3305 respicias
1915 3249 2079 3290 vultum
2107 3249 2203 3298 eius,

296 3320 428 3360 neque
453 3307 713 3349 altitudinem
740 3314 909 3351 statura}
934 3310 1036 3351 eius:
1064 3309 1257 3364 quoniam
1283 3309 1410 3351 abieci
1436 3322 1540 3358 eum,
1568 3322 1640 3350 nec
1664 3309 1783 3350 iuxta
1806 3308 2003 3350 intuitum
2028 3307 2205 3350 hominis

297 3379 368 3419 ego
395 3366 545 3408 iudico:
573 3368 694 3409 homo
719 3368 825 3408 enim
853 3369 966 3409 videt
989 3383 1034 3409 ea
1060 3382 1151 3422 011εο
1174 3374 1331 3422 parent,
1364 3368 1582 3409 cDominus
1607 3374 1745 3409 autem
1769 3367 1955 3409 intuetur
1978 3380 2056 3409 cor.
2112 3368 2127 3391 ⁸
2150 3367 2206 3408 Et

429 3481 471 3514 22
495 3481 573 3515 aEcl
598 3483 628 3523 4,
653 3483 709 3523 173
737 3483 782 3517 Os
806 3484 836 3524 6,
861 3484 895 3523 ὃς
923 3483 973 3517 Mt
996 3484 1028 3523 9,
1054 3483 1110 3523 133
1138 3484 1190 3524 12,
1214 3484 1244 3517 7.
1278 3504 1316 3507 —
1343 3484 1384 3518 28
1407 3483 1485 3518 blnf
1507 3484 1560 3525 28,
1585 3483 1635 3517 17.
1663 3504 1703 3507 —
1730 3483 1816 3526 16st
1834 3483 1938 3523 cPs7,
1953 3482 2004 3516 10.
