2356 3760
100 160 129 198 1,
154 158 273 197 24—2,
301 157 341 190 13
832 152 978 186 LIBER
1004 152 1030 185 1.
1050 151 1284 185 SAMUELIS
1922 155 1999 196 225

99 253 227 293 donec
257 250 437 291 ablactes
467 262 578 290 eum:
609 259 829 301 precorque
859 252 905 286 ut
935 245 1105 298 impleat
1133 244 1332 286 Dominus
1364 245 1533 284 verbum
1563 257 1692 286 suum.
1724 247 1874 289 Mansit
1903 261 1995 298 ergo

97 310 251 359 mulier,
284 314 325 350 et
353 307 525 350 lactavit
556 306 685 347 filium
714 318 845 348 suum,
878 305 1006 345 donec
1035 308 1244 345 amoveret
1273 316 1365 343 eum
1394 316 1417 342 a
1445 302 1561 343 lacte.
1957 299 1961 301 ”

205 371 238 393 ²⁴
263 368 318 409 Et
344 365 518 408 adduxit
543 378 635 406 eum
660 377 809 411 secum,
836 368 1058 416 postquam
1084 362 1376 409 ablactaverat,
1405 361 1445 400 in
1471 360 1609 401 vitulis
1635 361 1777 409 tribus,
1805 368 1845 403 et
1869 364 1997 405 tribus
2016 373 2048 389 ²¹⁶
2070 365 2193 390 D0¹¹¹i¹¹0

98 427 244 469 modiis
270 426 422 473 farinae,
451 429 492 465 et
517 423 716 477 amphora
740 422 838 467 vini,
866 425 907 462 et
932 421 1106 462 adduxit
1132 434 1223 461 eum
1250 421 1302 461 ad
1327 420 1494 461 domum
1519 419 1685 461 Domini
1712 420 1750 460 in
1777 421 1869 462 Silo.
1897 422 2001 463 Puer
2058 401 2151 429 Offffi'

99 492 240 527 autem
264 490 351 526 erat
374 483 508 524 adhuc
532 481 778 522 infantulus:
831 482 862 504 “25
887 485 928 520 et
950 479 1268 520 immolaverunt
1292 478 1480 526 vitulum,
1507 482 1548 518 et
1571 478 1807 519 obtulerunt
1830 492 2000 532 puerum

100 545 206 586 Heli.
259 546 294 568 ²⁶
318 543 374 583 Et
399 542 458 583 ait
480 542 619 582 Anna:
646 540 822 581 Obsecro
847 538 903 579 mi
928 538 1103 585 domine,
1130 537 1236 578 vivit
1260 537 1397 577 anima
1421 542 1494 577 tua
1518 537 1698 578 domine:
1725 551 1796 591 ego
1821 551 1910 579 sum
1934 538 2000 579 illa

99 603 256 650 mulier,
284 615 374 656 quae
397 600 493 642 steti
517 612 653 641 coram
677 603 718 640 te
742 598 806 639 hic
831 610 948 639 orans
972 597 1209 638 Dominum.
1262 597 1294 619 '²⁷
1320 596 1397 636 Pro
1422 608 1546 648 puero
1571 595 1649 636 isto
1674 596 1799 645 oravi⁷
1826 601 1866 637 et
1890 597 2001 637 dedit

99 661 200 702 mihi
216 660 419 703 Dominus
436 659 678 713 petitionem
694 670 840 702 meam,
861 669 984 710 quam
1001 654 1209 709 postulavi
1225 667 1329 695 eum.
1376 655 1410 678 2⁸
1429 653 1582 694 Idcirco
1600 659 1640 694 et
1656 668 1727 707 ego
1745 656 2003 696 commodavi

100 734 194 762 eum
221 720 399 761 Domino
427 717 583 759 cunct-is
611 717 765 763 diebus,
796 715 942 770 quibus
969 714 1092 755 fuerit
1119 713 1402 756 commodatus
1429 712 1619 754 Domino.
1648 712 1703 753 Et
1730 713 2004 755 adoraverunt

98 779 154 820 ibi
183 778 419 821 Dominum.

205 838 260 879 Et
289 836 424 879 oravit
451 836 582 879 Anna.
615 839 655 875 et
685 834 760 874 ait:
2060 830 2164 897 {2333

336 942 374 984 2.
430 943 444 965 1
474 939 691 981 Exultavit
721 951 788 979 001·
816 951 952 978 meum
982 936 1022 977 in
1051 936 1241 983 Domino,
2035 935 2190 959 Domimuu

2058 970 2166 996 laudat.

337 1006 378 1042 et
407 999 635 1040 exaltatum
666 1003 727 1038 est
755 1010 879 1038 cornu
909 1009 1045 1036 meum
1074 995 1115 1035 in
1144 995 1231 1035 Deo
1261 1007 1369 1035 meo:

337 1058 558 1100 dilatatum
588 1062 649 1098 est
679 1070 721 1097 03
750 1069 887 1097 meum
917 1067 1037 1108 super
1064 1054 1247 1095 inimicos
1276 1066 1405 1094 meos:

339 1118 435 1172 quia
462 1117 603 1157 laetata
631 1129 721 1156 sum
752 1115 792 1155 in
822 1114 990 1155 salutari
1020 1119 1103 1154 tuo.

338 1179 352 1201 2
383 1177 475 1217 Non
505 1180 566 1216 est
595 1179 772 1222 sanctus,
804 1179 851 1214 ut
880 1178 941 1214 est
969 1172 1188 1214 Dominus:
1220 1184 1351 1225 neque
1380 1170 1487 1211 enim
1517 1174 1578 1210 031
1607 1168 1707 1210 alius
1737 1174 1853 1211 extra
1881 1174 1934 1217 te,

340 1240 381 1277 et
409 1248 491 1276 non
521 1239 582 1275 031
610 1233 727 1275 101113
757 1233 862 1273 310111
890 1233 1000 1273 Deus
1030 1236 1178 1272 noster.

339 1343 355 1365 3
384 1339 520 1381 Nolite
549 1338 820 1392 multiplicare
848 1337 959 1391 loqui
988 1335 1188 1383 sublimia,
1219 1333 1455 1388 gloriantes:
2046 1332 2184 1393 sgffgggs

339 1399 532 1440 recedant
561 1402 701 1438 vetera
730 1397 778 1437 de.
809 1409 874 1437 010
904 1401 1058 1436 vestro:
2098 1392 2102 1393 ’
2162 1387 2168 1396 ’

342 1458 437 1512 quia
465 1458 574 1497 Deus
605 1455 877 1501 scientiarum,
909 1454 1109 1495 Dominus
1140 1458 1211 1501 est,

340 1522 382 1558 01
410 1516 486 1570 ipsi
516 1520 798 1569 praeparantur
827 1513 1104 1567 cogitationes.

340 1578 355 1600 ‘¹
383 1575 511 1616 Arcus
542 1574 710 1616 fortium
740 1578 953 1627 superatus
984 1578 1056 1616 031,

341 1640 382 1676 01
410 1634 562 1675 infirmi
592 1632 762 1673 accincti
792 1637 888 1673 sunt
917 1632 1071 1673 robore.

341 1696 357 1719 5
388 1692 548 1747 Repleti
578 1693 700 1746 prius,
732 1705 804 1745 pro
834 1691 1007 1744 panibus
1038 1703 1078 1730 se
1106 1689 1363 1730 locaverunt:

342 1757 384 1793 01
412 1751 587 1793 famelici
616 1750 790 1792 saturati
819 1756 926 1794 sum,

342 1812 470 1853 donec
500 1810 644 1852 sterilis
674 1809 831 1864 peperit
860 1809 1072 1862 plurimos:

343 1875 384 1911 et
414 1884 503 1924 quae
532 1869 682 1910 multos
712 1868 893 1909 habebat
925 1868 1038 1916 filios,
1070 1867 1279 1907 infirmata
1308 1869 1380 1905 est.

345 1978 360 2000 ⁶
394 1975 612 2016 aDominus
642 1973 866 2015 mortificat
895 1978 936 2014 et
965 1971 1162 2021 vivificat,
2046 1961 2193 2022 ffiiigskssss‘-

343 2034 509 2076 deducit
538 2034 590 2074 ad
619 2033 767 2073 inferos
797 2037 838 2073 et
866 2031 1034 2073 reducit.
2030 2033 2208 2058 vastabuntur-

346 2095 360 2117 ⁷
389 2093 590 2134 Dominus
619 2104 840 2145 pauperem
870 2091 969 2131 facit
997 2095 1039 2131 et
1068 2090 1186 2135 ditat,

344 2152 533 2193 humiliat
563 2156 603 2192 et
632 2150 832 2191 sublevat.

346 2213 362 2236 ⁸
390 2211 571 2253 Suscitat
600 2211 649 2251 de
678 2209 843 2264 pulvere
874 2222 1056 2263 egenum,

345 2276 386 2312 et
415 2271 463 2311 de
493 2274 666 2311 stercore
697 2268 829 2309 elevat
858 2280 1098 2322 pauperem:

345 2335 393 2371 ut
421 2329 561 2370 sedeat
590 2341 681 2369 cum
711 2327 974 2381 principibus,

346 2393 387 2429 et
415 2388 561 2430 solium
590 2387 725 2441 gloriae
754 2392 904 2428 teneat.

345 2447 512 2489 Domini
542 2446 648 2487 enim
678 2451 774 2487 sunt
803 2446 984 2486 cardines
1016 2450 1142 2491 terrae,

347 2512 388 2548 01
415 2506 554 2560 posuit
582 2518 702 2559 super
731 2518 796 2546 003
827 2505 977 2546 orbem.

349 2614 364 2636 ⁹
392 2612 520 2653 Pedes
550 2615 785 2652 sanctorum
815 2623 979 2650 suorum
1009 2608 1201 2655 servabit,
2065 2597 2180 2657 fflffissbi

347 2676 388 2711 et
417 2670 531 2724 impii
559 2670 601 2710 in
630 2669 806 2711 tenebris
837 2668 1126 2709 conticescent:
2059 2667 2188 2727 thumum.

349 2730 444 2783 quia
472 2743 553 2770 non
582 2729 623 2769 in
652 2727 894 2770 fortitudine
923 2740 997 2768 sua
1024 2726 1284 2768 roborabitur
1312 2738 1385 2767 Vir.
2087 2705 2181 2728 mmm

348 2790 385 2813 1⁰
411 2788 636 2830 Dominum
665 2786 947 2829 formidabunt
977 2785 1198 2827 adversarii
1227 2785 1329 2826 eius:

349 2852 390 2889 et
418 2860 538 2901 super
565 2847 673 2900 ipsos
703 2846 743 2886 in
773 2845 877 2887 caelis
907 2845 1088 2887 tonabit:

349 2906 548 2948 Dominus
578 2905 776 2947 iudicabit
807 2905 906 2945 fines
937 2904 1078 2952 Terrae,

349 2970 390 3006 et
419 2965 536 3006 dabit
563 2964 778 3018 imperium
807 2964 890 3017 regi
919 2977 1004 3013 suo,

350 3029 390 3065 01
419 3023 658 3065 sublimabit
687 3036 811 3065 cornu
840 3022 990 3064 Christi
1019 3021 1091 3063 sui.

576 3146 615 3184 2.
643 3144 786 3185 Nimia
815 3142 1100 3194 indulgentia
1130 3141 1239 3192 Heli,
1267 3142 1307 3192 2,
1327 3141 1476 3191 11—3,
1495 3139 1560 3180 21.

220 3219 252 3241 ¹¹
280 3217 335 3257 Et
364 3215 466 3256 abiit
493 3215 648 3256 Elcana
677 3214 897 3262 Ramatha,
927 3215 968 3255 in
997 3215 1165 3256 domum
1193 3226 1327 3254 suam:
1357 3224 1457 3266 puer
1485 3214 1623 3252 autem
1651 3213 1739 3250 erat
1766 3207 1951 3247 minister
1977 3206 2019 3247 in
2038 3198 2225 3261 ⁸1¹?,2‡,{{{,¹¹¹m

116 3280 336 3329 conspectu
365 3274 532 3316 Domini
560 3279 655 3315 ante
682 3273 828 3314 faciem
857 3273 950 3314 Heli
977 3273 1211 3314 sacerdotis,

221 3336 252 3360 12
277 3334 403 3375 Porro
431 3333 503 3374 fflii
529 3332 632 3381 Heli,
664 3331 734 3372 filii
761 3332 899 3381 Belial,
928 3331 1151 3373 nescientes
1176 3331 1413 3378 Dominum,
1468 3330 1500 3354 13
1524 3340 1655 3381 neque
1682 3325 1864 3367 officium
1889 3336 2016 3364 sacer·
2064 3320 2179 3350 1³⁰⁰⁰²¹¹²

2063 3354 2181 3378 filiorum

117 3395 263 3436 dotum
282 3393 334 3434 ad
352 3392 568 3446 populum:
589 3391 660 3433 sed
679 3391 925 3445 quicumque
942 3390 1194 3433 immolasset
1212 3389 1435 3436 victimam,
1457 3386 1649 3429 veniebat
1666 3397 1766 3438 puer
1783 3381 2013 3424 sacerdotis,
2086 3388 2157 3414 Heliv

250 3496 282 3538 2,
305 3497 326 3530 6
355 3496 419 3530 aDt
441 3496 494 3537 32,
519 3496 576 3536 393
602 3495 675 3529 Tob
700 3495 752 3536 13,
777 3495 812 3535 2;
838 3494 906 3539 Sap
930 3495 983 3535 16,
1008 3495 1059 3528 13.

189 3560 439 3589 Hetzenauer,
465 3558 592 3590 Vulgata
613 3558 803 3584 clementina.
1766 3544 1815 3584 15
