2356 3760
303 161 378 202 582
1177 162 1323 195 LIBER
1926 166 1978 206 22,
2006 166 2147 207 19—23,
2173 167 2214 200 29

357 268 448 296 cum
479 255 701 295 servaveris
732 268 818 295 eam
852 255 891 295 111
922 260 1064 295 ventre
1095 260 1177 305 tuo,
1264 262 1303 296 ct
1334 257 1581 298 redundabit
1612 258 1653 298 in
1682 257 1798 298 labiis
1829 259 1928 299 tuis:

306 315 338 337 ¹⁹
359 313 415 354 Ut
443 313 495 354 sit
524 313 565 354 in
595 314 771 355 Domino
802 313 951 353 fiducia
982 320 1064 358 tua,
1150 315 1257 355 unde
1287 320 1328 356 et
1357 316 1517 357 ostendi
1547 329 1636 357 eam
1667 317 1741 358 tibi
1771 316 1902 359 hodie.

303 372 460 413 ²⁰Ecce
490 373 680 425 descripsi
711 386 800 412 cam
832 372 905 412 tibi
937 372 1159 425 triplicium,
1244 374 1285 414 in
1315 374 1631 427 cogitationibus
1661 381 1703 416 et
1732 376 1918 416 scientia:

303 433 402 472 31111
433 432 686 473 ostenderem
722 430 795 470 tibi
828 431 1078 475 firmitatem,
1124 438 1160 472 et
1197 433 1358 486 eloquia
1390 433 1586 483 veritatis,
1674 435 1916 488 respondere
1948 449 1998 476 ex
2029 436 2090 478 his
2122 437 2209 483 illis,

566 490 634 543 qui
664 490 861 529 miserunt
892 496 942 530 tc.

121 611 269 671 §.I‘Jffijssff
304 610 334 632 33
358 609 447 649 Νο11
466 608 589 648 facias
605 607 842 648 violentiam
858 608 1039 661 pauperi.
1059 609 1155 663 quia
1169 622 1324 663 pauper
1339 615 1417 650 est:
1482 623 1612 664 neque
1627 617 1813 653 conteras
1829 625 1999 665 egenum
2016 613 2056 653 in
2072 619 2209 667 porta:

119 653 271 713 {sileam
304 669 335 691 33
358 668 453 719 quia
484 666 682 707 iudicabit
716 667 915 707 Dominus
957 680 1122 708 causam
1155 669 1251 713 eius,
1339 674 1380 709 et
1413 670 1587 721 configet
1620 683 1698 715 eos.
1735 671 1803 724 qui
1837 671 2094 713 confixerunt
2127 674 2211 714 ani-

564 739 673 766 mam
705 739 800 767 61113.

302 787 333 808 31
358 784 446 825 Noli
476 798 559 825 esse.
589 785 742 825 amicus
771 785 925 826 homini
954 786 1160 831 iracundo,
1245 800 1376 841 neque
1405 788 1588 828 ambules
1617 802 1709 829 cum
1739 789 1824 830 viro
1853 789 2023 831 furioso:

301 846 402 883 35116
432 844 536 884 forte
566 844 696 884 discas
726 844 891 885 semitas
921 845 1016 889 eius,
1101 850 1142 885 et
1171 858 1308 886 sumas
1338 847 1574 887 scandalum
1607 847 1752 889 animae
1780 853 1874 889 tuae.

301 904 337 926 2⁶
356 902 446 944 Noli
465 916 548 943 esse
567 916 659 944 cum
678 903 751 948 his,
773 903 841 957 qui
860 904 1043 954 defigunt
1062 917 1207 945 manus
1226 918 1330 950 suas,
1405 911 1445 945 et
1465 906 1533 959 qui
1553 907 1677 947 vades
1695 919 1736 947 se
1754 907 1932 948 offerunt
1950 921 2022 961 pro
2041 908 2208 950 debitis:

301 963 334 985 2⁷
353 962 384 1002 si
413 962 517 1002 enim
549 976 627 1003 non
657 963 781 1003 habes
809 963 916 1003 unde
944 963 1147 1009 restituas,
1232 964 1329 1017 quid
1358 977 1489 1005 causae
1516 970 1577 1005 est
1612 970 1660 1006 ut
1686 965 1805 1007 tollat
1833 967 2132 1020 operimentum
2161 968 2210 1009 de

564 1022 685 1061 cubili
715 1022 811 1062 tuo?

301 1081 336 1104 ²⁵³
355 1080 414 1121 Ne
444 1081 751 1133 transgrediaris
782 1081 976 1122 terminos
1007 1081 1209 1136 antiquos.
1297 1096 1396 1136 quos
1426 1088 1651 1136 posuerunt
1680 1089 1817 1137 patres
1847 1085 1920 1126 tui.

301 1142 336 1163 39
354 1139 500 1180 Vidisti
532 1139 665 1180 virum
696 1140 875 1180 velocem
907 1140 947 1180 in
979 1154 1098 1194 opere
1128 1141 1226 1183 suo?
1312 1155 1448 1183 coram
1478 1142 1639 1195 regibus
1677 1143 1817 1189 stabit,
1904 1157 1976 1185 nec
2007 1145 2083 1185 erit
2113 1150 2209 1186 ante

563 1198 769 1252 ignobiles.

120 1321 267 1382 ‹affiffi‘gi‘p
301 1316 364 1360 23.
421 1320 433 1341 ¹
457 1318 630 1366 Quando
653 1318 800 1358 sederis
822 1323 868 1359 ut
891 1319 1079 1359 comedas
1102 1332 1194 1360 cum
1217 1319 1408 1373 principe,
1484 1320 1696 1373 diligenter
1717 1321 1886 1361 attende
1909 1334 1999 1374 quae
2021 1322 2210 1375 apposita

118 1364 269 1424 alapa.
563 1383 659 1418 sunt
689 1382 784 1418 ante
813 1378 959 1418 faciem
989 1383 1123 1418 tuam:

321 1438 334 1460 3
353 1442 393 1477 61
419 1442 556 1477 statue
583 1436 759 1477 cultrum
786 1437 826 1477 in
851 1442 1018 1490 gutture
1045 1443 1129 1485 tuo,
1199 1437 1231 1479 si
1257 1443 1395 1479 tamen
1423 1438 1548 1479 habes
1574 1439 1615 1479 in
1641 1443 1848 1492 potestate
1871 1439 2050 1480 animam
2077 1444 2205 1487 tuam,

321 1498 335 1519 3
353 1508 402 1536 ne
432 1495 633 1536 desideres
663 1496 712 1536 de
742 1496 840 1537 cibis
870 1496 966 1540 eius,
1051 1497 1091 1537 111
1123 1510 1202 1550 quo
1233 1505 1294 1538 631
1323 1498 1440 1551 panis
1470 1498 1683 1539 mendacii.

320 1556 334 1578 ⁴
354 1554 445 1596 Noli
474 1555 658 1595 laborare
688 1560 734 1595 ut
764 1555 921 1596 diteris:
1005 1556 1075 1596 sed
1104 1556 1332 1609 prudentiae
1361 1562 1442 1597 tuae
1471 1570 1576 1610 pone
1605 1557 1786 1598 modum.

320 1616 334 1638 ⁵
356 1614 413 1654 Ne
443 1614 570 1668 erigas
601 1614 736 1655 oeulos
766 1618 858 1655 11103
889 1615 940 1655 ad
971 1628 1078 1668 opes,
1112 1628 1212 1668 quas
1242 1628 1323 1656 non
1352 1621 1469 1668 potes
1499 1616 1666 1656 habere:

354 1673 450 1727 quia
477 1673 630 1714 facient
658 1673 734 1713 sibi
763 1686 918 1727 pennas
949 1673 1065 1727 quasi
1095 1674 1251 1727 aquilae.
1337 1680 1379 1715 et
1407 1674 1609 1716 volabunt
1637 1675 1678 1716 in
1708 1675 1862 1716 caelum.

318 1733 334 1757 ⁶
355 1732 412 1773 Ne
442 1733 630 1773 comedas
660 1746 752 1773 cum
782 1732 944 1774 homine
974 1733 1125 1777 invido.
1210 1738 1251 1774 et
1280 1747 1329 1774 ne
1359 1734 1558 1775 desideres
1589 1733 1698 1775 cibos
1728 1734 1830 1775 eius:

319 1792 333 1815 ⁷
353 1791 544 1845 quoniam
571 1792 609 1832 in
635 1791 942 1832 similitudinem
967 1792 1090 1837 arioli,
1118 1797 1159 1833 et
1182 1792 1431 1841 coniectoris,
1458 1793 1635 1834 aestimat
1661 1794 1770 1847 quod
1793 1793 1965 1847 ignorat.
2033 1793 2208 1835 Comede

562 1857 601 1891 et
632 1851 735 1895 bibe,
768 1851 875 1892 dicet
904 1851 998 1892 tibi:
1083 1857 1124 1892 et
1151 1865 1265 1893 mens
1296 1852 1379 1893 eius
1409 1866 1490 1894 non
1520 1859 1582 1893 est
1610 1858 1758 1893 tecum.

320 1910 483 1954 ⁸Cib0s.
519 1924 618 1964 quos
651 1911 895 1957 comederas,
930 1924 1110 1952 evomes:
1197 1917 1238 1952 et
1268 1912 1411 1965 perdes
1441 1911 1632 1965 pulchros
1663 1924 1866 1953 sermones
1898 1917 2002 1953 tuos.

320 1971 335 1994 ⁹
354 1969 402 2010 In
436 1970 600 2011 auribus
633 1970 912 2023 insipientium
945 1983 994 2011 ne
1026 1970 1223 2024 loquaris:
1304 1971 1400 2024 quia
1432 1971 1656 2024 despicient
1689 1970 1918 2012 doctrinam
1951 1971 2099 2025 eloquii
2132 1971 2204 2013 tui.

300 2031 335 2053 ¹⁰
353 2029 413 2070 Ne
443 2029 622 2083 attingas
651 2029 916 2083 parvulorum
945 2029 1159 2071 terminos:
1244 2035 1284 2071 et
1314 2043 1456 2084 agrum
1485 2030 1732 2084 pupillorum
1762 2043 1811 2071 ne
1841 2031 2036 2072 introeas:

300 2090 330 2112 ¹¹
352 2088 610 2142 Propinquus
633 2089 739 2129 enim
760 2088 921 2130 illorum
941 2089 1058 2130 fortis
1080 2094 1159 2130 est:
1232 2094 1273 2130 et
1293 2089 1378 2143 ipse
1398 2089 1598 2130 iudicabit
1619 2094 1763 2131 contra
1782 2094 1824 2130 te
1845 2102 2010 2130 causam
2031 2089 2204 2132 illorum.

300 2148 331 2171 13
354 2147 612 2201 Ingrediatur
643 2148 694 2188 ad
726 2148 954 2189 doctrinam
986 2161 1053 2189 cor
1083 2153 1221 2188 tuum:
1307 2155 1347 2189 et
1379 2162 1494 2189 aures
1526 2154 1608 2190 tuae
1639 2149 1692 2190 ad
1721 2149 1849 2189 verba
1878 2149 2067 2190 scientiae.

300 2208 332 2231 ¹3
352 2206 464 2248 aNoli
498 2207 736 2247 subtrahere
770 2220 794 2247 a
826 2220 949 2260 puero
984 2207 1258 2260 disciplinam:
1346 2207 1378 2248 si
1411 2208 1517 2247 enim
1561 2208 1803 2261 percusseris
1838 2221 1929 2249 eum
1964 2208 2088 2262 virga.
2126 2222 2207 2250 non

562 2266 767 2307 morietur.

299 2327 331 2350 11
351 2325 412 2366 Tu
443 2325 557 2379 virga
584 2326 784 2379 percuties
815 2339 926 2366 eum:
1010 2331 1051 2367 et
1080 2326 1260 2366 animam
1290 2326 1373 2367 eius
1403 2326 1452 2367 de
1481 2326 1637 2367 inferno
1666 2326 1868 2367 liberabis.

300 2387 331 2409 ¹5
352 2384 427 2425 Fili
456 2385 523 2433 mi,
555 2384 587 2425 si
617 2385 775 2438 sapiens
805 2385 927 2425 fuerit
957 2385 1116 2425 animus
1146 2390 1253 2430 111113,
1337 2385 1534 2438 gaudebit
1562 2390 1699 2426 tecum
1729 2398 1796 2425 cor
1824 2398 1979 2425 meum:

299 2446 334 2468 ¹⁶
352 2449 393 2484 et
422 2443 669 2485 exultabunt
697 2457 811 2484 renes
840 2445 931 2487 mei.
1016 2457 1108 2485 cum
1136 2443 1276 2485 locuta
1304 2444 1456 2485 fuerint
1484 2449 1641 2485 rectum
1670 2443 1781 2484 labia
1809 2448 1893 2485 tua.

300 2505 333 2527 ¹⁷
355 2503 468 2544 bNon
499 2503 712 2544 aemuletur
743 2517 810 2544 eor
840 2509 959 2544 tuum
990 2508 1240 2557 peccatores:
1326 2504 1396 2544 sed
1426 2503 1467 2544 in
1499 2503 1643 2545 timore
1674 2503 1841 2544 Domini
1883 2509 1969 2544 esto
2002 2508 2093 2544 tota
2123 2503 2204 2545 die:

300 2564 334 2586 ¹⁸
354 2562 449 2616 quia
476 2562 645 2603 habebis
676 2576 787 2616 spem
818 2563 858 2603 in
888 2562 1120 2606 novissimo.
1206 2568 1247 2604 et
1275 2562 1524 2616 praestolatio
1555 2568 1629 2603 tua
1657 2576 1738 2604 11011
1769 2562 1986 2604 auferetur.

300 2622 460 2662 ¹⁹Audi
490 2622 545 2662 fili
574 2622 641 2665 mi,
674 2628 712 2662 et
744 2627 829 2663 esto
860 2622 1037 2676 sapiens:
1122 2626 1163 2663 et
1192 2622 1316 2676 dirige
1346 2622 1386 2663 in
1416 2622 1484 2663 via
1512 2622 1695 2662 animum
1724 2627 1855 2662 tuum.

300 2682 336 2705 ²⁰
354 2681 446 2721 Noli
475 2694 558 2721 esse
587 2681 626 2721 in
656 2681 852 2722 conviviis
881 2686 1130 2735 potatorum,
1214 2695 1287 2722 nec
1315 2681 1357 2722 in
1385 2681 1748 2723 comessationibus
1777 2694 1927 2725 60111111,
1970 2680 2038 2734 qui
2067 2693 2206 2722 carnes

563 2741 615 2781 ad
644 2741 891 2781 vescendum
921 2741 1154 2781 conferunt:

301 2801 332 2824 31
355 2799 450 2853 quia
479 2805 672 2840 vacantes
702 2800 878 2853 potibus,
911 2805 952 2840 et
981 2800 1125 2840 dantes
1155 2800 1342 2854 symbola
1371 2805 1672 2844 consumentur,
1758 2804 1798 2840 et
1828 2799 2025 2840 vestietur
2060 2799 2205 2853 pannis

564 2859 812 2900 dormitatio.

302 2920 333 2941 33
354 2918 461 2959 Audi
486 2924 646 2971 patrem
672 2924 803 2960 tuum.
834 2918 901 2972 qui
926 2918 1067 2972 genuit
1094 2924 1151 2959 te:
1233 2924 1273 2959 et
1299 2932 1347 2959 ne
1374 2924 1612 2959 contemnas
1639 2931 1731 2959 cum
1757 2918 1933 2958 senuerit
1960 2922 2093 2958 mater
2117 2922 2202 2958 tua.

302 2979 333 3000 ²³³
355 2977 579 3018 Veritatem
609 2991 706 3027 eme,
739 2983 779 3018 et
809 2977 889 3019 noli
919 2978 1093 3018 vendere
1175 2977 1430 3031 sapientiam.
1462 2983 1503 3018 et
1532 2977 1772 3023 doctrinam,
1804 2982 1845 3017 61
1880 2976 2202 3030 intelligentiam.

303 3037 333 3059 31
355 3036 527 3077 Exultat
556 3037 703 3091 gaudio
734 3042 852 3090 pater
880 3036 994 3077 iusti:
1079 3037 1146 3090 qui
1176 3037 1402 3091 sapientem
1431 3037 1582 3090 genuit.
1614 3036 1823 3077 laetabitur
1850 3036 1891 3076 in
1921 3049 1978 3076 eo,

304 3096 334 3118 35
356 3096 543 3136 Gaudeat
571 3101 689 3149 pater
718 3102 825 3142 tuus,
858 3101 898 3137 et
927 3101 1059 3136 mater
1088 3101 1171 3139 tua.
1257 3102 1297 3136 et
1327 3096 1483 3137 exultet
1513 3109 1603 3150 quae
1630 3095 1771 3149 genuit
1800 3101 1852 3136 te.

304 3155 338 3176 ²⁶
359 3154 494 3194 l'rzebc
525 3155 575 3195 fili
607 3155 661 3195 mi
692 3168 759 3196 cor
788 3160 905 3196 tuum
936 3155 1052 3195 mihi:
1137 3160 1176 3195 et
1207 3155 1310 3196 oculi
1341 3155 1400 3195 tui
1431 3155 1516 3195 vias
1546 3168 1656 3196 meas
1686 3154 1933 3195 custodiant.

304 3213 337 3235 ²⁷
356 3212 491 3253 Fovca
521 3215 624 3254 enim
656 3215 860 3267 profunda
889 3220 949 3254 est
980 3214 1189 3255 meretrix:
1273 3219 1313 3255 et
1343 3219 1490 3267 puteus
1521 3218 1729 3267 angustus,
1762 3212 1904 3254 aliena.

303 3272 338 3294 *2³
358 3271 578 3312 insidiatur
608 3273 645 3313 in
676 3274 743 3313 via
773 3274 887 3327 quasi
918 3273 1032 3319 latro,
1118 3279 1158 3313 et
1189 3286 1288 3326 quos
1318 3273 1503 3314 incautos
1533 3273 1692 3319 viderit,
1724 3272 1950 3313 interficiet.

303 3330 425 3370 336111
455 3331 538 3371 vae?
567 3332 677 3371 cuius
704 3333 811 3385 patri
839 3332 923 3373 vae?
1004 3333 1067 3373 0111
1094 3332 1213 3373 rixae?
1242 3332 1304 3373 cui
1332 3332 1483 3373 foveae?
1565 3332 1628 3373 cui
1654 3332 1738 3372 sine
1770 3344 1893 3372 causa
1919 3329 2111 3371 vulnera?
2139 3330 2202 3371 cui

565 3391 730 3431 sul'l'usio
761 3391 993 3433 oculorum?

435 3521 487 3562 23,
515 3522 554 3555 13
580 3524 668 3566 &sup
697 3526 746 3560 1:⁴5,
773 3525 829 3558 ‘241
856 3524 908 3557 Sir
932 3524 984 3558 30.
1012 3527 1040 3558 1.
1068 3545 1110 3549 —
1135 3524 1176 3558 17
1202 3523 1277 3557 blus
1302 3525 1354 3561 ⁶24,
1383 3526 1411 3558 1.
