2356 3760
72 467 216 496 sapientia

66 502 218 533 acquiritur

81 541 209 567 ternpore

64 580 88 597 xx
90 581 133 597 11111
139 574 226 598 itatis.

95 2062 192 2087 studio

59 2099 87 2122 at
93 2105 147 2128 que
167 2104 227 2123 ora·

100 2134 187 2158 tione.

253 129 329 169 656
1134 126 1280 159 LIBER
1875 129 1928 169 38,
1954 130 2095 170 24—39‚
2122 132 2162 165 15

252 222 284 244 2⁴
309 220 378 260 ³111
402 220 541 273 requie
566 219 718 261 mortui
743 220 991 273 requiescere
1017 219 1081 259 fac
1106 219 1344 260 memoriam
1371 219 1466 264 eius,
1548 225 1589 260 et
1614 220 1820 262 consolare
1844 221 1959 264 illum
1983 223 2025 264 in
2050 224 2163 265 exitu

513 279 679 332 spiritus
710 279 782 319 sui.

548 395 586 435 5.
617 394 852 444 Praecepta
882 393 938 434 de
968 393 1212 445 adeptione
1243 394 1497 445 sapientiae,
1525 395 1593 446 38,
1612 395 1785 447 25—39,
1805 396 1871 437 15.

251 468 282 490 '²⁵
303 465 511 519 Sapientia
545 464 685 504 scribae
716 464 756 504 in
792 470 973 517 tempore
1007 464 1246 505 vacuitatis:
1337 469 1377 505 et
1411 465 1479 518 qui
1511 465 1740 507 minoratur
1772 472 1879 513 actu,
1919 467 2163 521 sapientiam

514 522 727 577 percipiet:

305 596 386 636 qua
414 582 617 636 sapientia
644 581 867 635 replebitur
901 584 936 606 '2⁶
961 582 1029 635 qui
1059 588 1171 623 tenet
1202 586 1397 624 aratrum.
1483 588 1524 623 et
1553 584 1621 637 qui
1649 583 1847 637 gloriatur
1874 584 1916 625 in
1944 585 2088 631 iaculo,

303 641 467 682 stimulo
498 642 622 681 boves
654 641 795 694 agitat,
828 646 869 681 et
897 647 1164 682 conversatur
1193 641 1231 681 in
1260 641 1450 694 operibus
1476 654 1627 686 eorum,
1705 649 1745 683 et
1775 644 1978 685 enarratio
2009 644 2093 685 eius
2123 644 2163 685 in

513 700 601 741 filiis
632 706 857 741 taurorum.

250 762 283 784 ²⁷
302 760 378 801 Cor
404 773 523 800 suum
551 759 666 800 dabit
695 760 745 799 ad
773 760 995 800 versandos
1022 759 1164 801 sulcos,
1247 763 1288 800 et
1314 759 1452 813 vigilia
1477 759 1561 800 eius
1588 759 1629 800 in
1655 761 1797 815 sagina
1823 774 2055 803 vaccarum.

250 822 284 843 ²⁵
302 819 365 860 Sir·
397 819 527 860 omnis
557 819 673 859 faber
702 824 743 858 et
773 818 1032 862 architectus,
1119 818 1187 871 qui
1218 822 1382 859 noctem
1412 823 1629 873 tamquam
1659 819 1767 860 diem
1798 820 1999 875 transigit,

303 878 372 931 qui
401 877 547 931 sculpit
578 876 788 931 signacula
815 876 1030 930 sculptilia,
1115 882 1157 918 et
1185 877 1403 918 assiduitas
1433 877 1517 918 eius
1546 877 1680 919 variat
1709 879 1932 932 picturam:

302 950 369 978 cor
395 951 514 978 suum
542 936 659 977 dabit
685 936 725 976 in
753 936 1061 977 similitudinem
1089 935 1270 989 picturae,
1351 942 1393 978 et
1420 936 1558 991 vigilia
1583 949 1656 978 sua
1682 937 1864 991 perficiet
1891 951 2004 992 opus

249 998 284 1021 2³
301 996 365 1037 Sic
396 996 510 1037 faber
539 995 729 1036 ferrarius
759 996 902 1036 sedens
932 995 1050 1036 iuxta
1078 995 1281 1041 incudem,
1367 1000 1408 1036 et
1437 996 1697 1037 considerans
1728 1010 1828 1051 opus
1858 997 1971 1037 ferri:

302 1055 440 1109 Vapor
467 1054 569 1109 ignis
599 1060 691 1095 uret
719 1067 858 1095 carnes
888 1053 984 1097 eius.
1069 1060 1109 1095 et
1138 1054 1177 1095 in
1208 1054 1339 1096 calore
1368 1055 1544 1096 fornacis
1573 1061 1852 1096 concertatur:

248 1117 285 1139 ³⁰
301 1115 392 1156 Vox
424 1113 557 1155 mallei
589 1113 763 1154 innovat
795 1126 934 1154 aurem
966 1113 1062 1162 eius,
1160 1118 1201 1154 et
1233 1119 1377 1155 contra
1407 1113 1717 1155 similitudinem
1749 1114 1857 1156 vasis
1889 1115 2029 1157 oculus
2061 1116 2163 1156 eius:

247 1176 279 1199 ³¹
301 1174 377 1215 Cor
407 1186 525 1214 suum
557 1172 674 1214 dabit
702 1172 742 1213 in
774 1172 1172 1214 consummationem
1203 1185 1383 1226 operum.
1473 1177 1515 1214 et
1544 1173 1682 1227 vigilia
1711 1187 1785 1214 sua
1814 1174 1978 1215 ornabit
2006 1174 2047 1215 in
2078 1187 2166 1228 per-

511 1232 742 1273 sectionem.

248 1293 281 1317 ³2
301 1292 366 1334 Sic
395 1291 540 1346 figulus
569 1291 712 1332 sedens
742 1292 793 1332 ad
823 1304 924 1345 opus
953 1304 1085 1339 suum,
1169 1295 1412 1333 convertens
1441 1291 1614 1345 pedibus
1642 1292 1723 1332 suis
1751 1297 1899 1340 rotam,

302 1351 370 1405 qui
401 1351 441 1392 in
471 1350 727 1392 solicitudine
756 1350 914 1404 positus
944 1356 1005 1391 est
1035 1363 1193 1404 semper
1220 1355 1390 1404 propter
1417 1364 1519 1404 opus
1549 1363 1680 1399 suum,
1766 1356 1807 1392 et
1835 1351 1877 1391 in
1905 1363 2074 1392 numero
2105 1356 2166 1391 est

512 1410 642 1451 omnis
673 1409 855 1463 operatio
886 1409 982 1450 eius,

248 1472 281 1495 ³³
303 1469 350 1510 In
380 1469 543 1510 brachio
572 1482 645 1510 suo
673 1469 870 1510 formabit
895 1468 1042 1515 lutum,
1125 1474 1167 1509 et
1195 1474 1290 1509 ante
1318 1469 1440 1523 pedes
1468 1482 1561 1510 suos
1590 1469 1780 1510 curvabit
1807 1469 2006 1510 virtutem
2033 1482 2163 1510 suam.

248 1531 281 1554 ³4
301 1529 377 1570 Cor
403 1542 522 1569 suum
549 1527 666 1569 dabit
692 1534 738 1569 ut
764 1533 1022 1570 consummet
1046 1527 1286 1573 linitionem,
1368 1534 1409 1568 et
1434 1527 1572 1581 vigilia
1597 1541 1672 1568 sua
1696 1527 1917 1569 mundabit
1941 1528 2162 1569 fornacem.

247 1590 279 1613 ³⁵
300 1588 452 1629 Omnes
473 1587 515 1628 hi
536 1587 577 1628 in
599 1587 789 1628 manibus
812 1587 892 1627 suis
916 1593 1196 1640 speraverunt.
1272 1592 1313 1628 et
1334 1586 1615 1640 unusquisque
1637 1587 1678 1627 in
1701 1592 1789 1628 arte
1811 1600 1885 1627 sua
1906 1587 2067 1641 sapiens
2089 1591 2162 1628 est.

247 1649 283 1672 ³⁶
300 1647 384 1688 sine
414 1647 474 1687 his
505 1646 693 1688 omnibus
722 1659 803 1687 non
833 1646 1059 1687 aedificatur
1088 1645 1244 1687 civitas
1331 1647 1366 1669 ³⁷
1395 1645 1452 1686 Et
1479 1658 1562 1687 non
1590 1645 1898 1691 inhabitabunt,
1934 1659 2008 1687 nec
2035 1646 2165 1686 inam—

512 1704 727 1749 bulabunt.
812 1710 853 1746 et
878 1705 919 1746 in
949 1704 1158 1746 ecclesiam
1185 1718 1267 1746 non
1296 1704 1538 1746 transilient.

248 1767 284 1791 ³³
301 1766 431 1819 Super
463 1764 602 1806 sellam
634 1764 777 1805 iudicis
809 1777 891 1806 non
924 1764 1138 1806 sedebunt.
1236 1769 1277 1805 et
1308 1768 1607 1805 testamentum
1638 1762 1777 1805 iudicii
1809 1777 1890 1805 non
1922 1763 2163 1818 intelligent,

301 1838 433 1879 neque
462 1824 598 1879 palam
623 1823 776 1865 facient
797 1823 1054 1877 disciplinam
1076 1829 1117 1865 01
1138 1823 1346 1872 iudicium,
1427 1828 1467 1864 et
1488 1823 1530 1864 in
1553 1822 1758 1877 parabolis
1780 1836 1863 1864 non
1884 1822 2164 1864 invenientur:

248 1886 284 1909 ³⁹
302 1885 371 1925 sed
404 1890 634 1924 creaturam
665 1883 741 1924 aevi
773 1883 1088 1929 confirmabunt,
1180 1888 1222 1923 et
1252 1882 1484 1936 deprecatio
1520 1881 1680 1923 illorum
1710 1882 1753 1922 in
1784 1881 2020 1936 operatione
2052 1881 2163 1930 artis,

302 1943 661 1984 accommodantes
693 1942 873 1983 animam
905 1955 1033 1985 suam.
1120 1947 1161 1983 et
1192 1941 1477 1995 conquirentes
1508 1941 1549 1982 in
1578 1940 1664 1995 lege
1694 1940 1905 1982 Altissimi.

252 2060 315 2104 39.
372 2063 385 2084 1
406 2060 661 2114 Sapientiam
683 2059 867 2101 omnium
889 2059 1155 2113 antiquorum
1177 2058 1365 2113 exquiret
1385 2058 1558 2112 sapiens,
1629 2063 1671 2099 et
1690 2057 1732 2098 in
1752 2057 1964 2112 prophetis
1985 2058 2164 2099 vacabit.

271 2122 285 2144 2
304 2119 593 2161 Narrationem
621 2119 802 2160 virorum
829 2118 1138 2159 nominatorum
1168 2118 1439 2163 conservabit,
1513 2123 1553 2158 et
1581 2117 1622 2158 in
1645 2116 1847 2158 versutias
1876 2116 2166 2171 parabolarum

513 2177 634 2219 simul
661 2177 860 2219 introibit.

269 2240 285 2264 ³
303 2237 477 2280 Occulta
499 2236 808 2291 proverbiorum
835 2236 1034 2290 exquiret,
1105 2241 1145 2276 et
1172 2236 1213 2277 in
1242 2235 1492 2277 absconditis
1520 2235 1811 2290 parabolarum
1840 2234 2164 2276 conversabitur.

271 2300 286 2322 ⁴
305 2297 354 2338 In
380 2296 514 2338 medio
542 2300 833 2350 magnatorum
859 2295 1123 2338 ministrabit.
1206 2300 1247 2336 et
1271 2294 1314 2336 in
1340 2299 1562 2348 conspectu
1592 2293 1774 2348 praesidis
1802 2293 2031 2347 apparebit.

270 2358 285 2381 ⁵
305 2356 353 2398 In
375 2361 527 2398 terram
550 2355 868 2409 alienigenarum
890 2354 1075 2408 gentium
1098 2353 1363 2407 pertransiet:
1422 2354 1531 2395 bona
1549 2353 1657 2394 enim
1679 2358 1721 2394 et
1741 2352 1852 2393 mala
1867 2352 1909 2393 in
1930 2352 2166 2394 hominibus

516 2415 708 2456 tentabit.

272 2476 287 2500 ⁶
304 2475 381 2517 Cor
404 2488 523 2516 suum
547 2474 685 2515 tradet
709 2474 760 2514 ad
785 2472 1037 2526 vigilandum
1062 2472 1239 2514 diluculo
1306 2472 1358 2513 ad
1380 2471 1617 2519 Dominum,
1646 2471 1714 2524 qui
1736 2470 1833 2512 fecit
1857 2469 1983 2513 ilium.
2062 2475 2103 2511 et
2126 2470 2166 2511 in

515 2538 737 2587 conspectu
767 2531 965 2573 Altissimi
995 2532 1292 2585 deprecabitur.

271 2595 285 2617 ⁷
304 2593 472 2647 Aperiet
503 2606 545 2634 os
577 2605 696 2633 suum
727 2591 768 2632 in
800 2591 994 2635 oratione,
1081 2596 1122 2632 et.
1152 2604 1224 2645 pro
1256 2590 1412 2632 delictis
1445 2590 1526 2631 suis
1558 2589 1855 2643 deprecabitur.

272 2653 346 2694 381
376 2652 483 2693 0111111
514 2651 715 2692 Dominus
745 2663 918 2704 magnus
949 2649 1136 2699 voluerit,
1221 2650 1366 2704 spiritu
1396 2648 1675 2702 intelligentiae
1705 2647 1878 2702 replebit
1906 2647 2039 2688 illum:

273 2714 288 2736 ⁹
306 2716 347 2752 et
364 2711 448 2765 ipse
468 2716 683 2764 tamquam
702 2709 850 2750 imbres
869 2709 1009 2750 mittet
1028 2709 1189 2764 eloquia
1206 2709 1416 2763 sapientia}
1434 2721 1527 2755 suae,
1586 2715 1627 2748 01
1644 2708 1685 2748 in
1704 2707 1887 2748 ora-tione
1905 2706 2168 2748 confitebitur

515 2769 713 2811 Domino:

255 2831 290 2854 ¹⁰
308 2836 347 2871 et
389 2830 472 2883 ipse
510 2829 655 2883 diriget
691 2827 902 2869 consilium
938 2827 1033 2870 eius.
1078 2835 1119 2869 et
1154 2827 1421 2882 disciplinam,
1519 2832 1560 2867 et
1595 2826 1636 2866 in
1672 2824 1921 2866 absconditis
1957 2824 2038 2865 suis
2074 2837 2166 2866 con-

515 2887 727 2929 siliabitur.

255 2949 283 2971 ¹¹
309 2947 398 3001 Ipse
431 2947 568 3000 palam
602 2946 722 2987 faciet
759 2945 1013 3000 disciplinam
1051 2946 1247 2987 doctrinae
1279 2958 1372 2988 suae,
1461 2950 1503 2986 et
1535 2944 1575 2985 in
1608 2943 1693 2997 lege
1729 2942 1967 2983 testamenti
2000 2941 2167 2984 Domini

516 3005 767 3059 gloriabitur.

255 3067 286 3089 ¹²
308 3064 610 3106 Collaudabunt-
638 3064 757 3105 multi
787 3064 1031 3118 sapientiam
1062 3064 1156 3106 eius.
1240 3070 1281 3105 et
1309 3076 1437 3117 usque
1466 3063 1507 3103 in
1537 3061 1728 3103 saeeulum
1758 3073 1840 3102 non
1870 3059 2081 3101 delebitur.

255 3126 287 3148 ¹³
312 3124 403 3165 Non
433 3124 590 3164 recedet
620 3123 816 3165 memoria
844 3123 939 3166 eius.
1027 3129 1068 3164 et
1095 3136 1242 3165 nomen
1273 3123 1356 3163 eius
1387 3121 1616 3175 requiretur
1644 3134 1668 3161 a
1693 3119 1954 3174 generatione
1981 3119 2022 3159 in
2050 3131 2167 3172 gene-

517 3183 730 3224 rationem.

256 3244 286 3266 ¹⁴
308 3241 561 3295 Sapientiam
593 3241 674 3281 eius
707 3241 958 3282 enarrabunt
987 3246 1138 3295 gentes,
1225 3246 1266 3282 et
1294 3241 1458 3282 laudem
1490 3239 1573 3280 eius
1604 3237 1841 3279 enunciabit
1870 3236 2047 3277 ecclesia.

258 3303 289 3324 ¹⁵
310 3300 351 3342 Si
380 3300 658 3354 pemianserit.
684 3313 833 3342 nomen
863 3300 1115 3354 derelinquet
1150 3299 1239 3353 plus
1270 3313 1393 3353 quam
1423 3298 1549 3339 mille:
1628 3303 1669 3338 et
1702 3297 1733 3338 si
1765 3295 2021 3350 requieverit.
2047 3295 2166 3349 prod-

520 3358 595 3399 erit
623 3358 689 3399 illi.

391 3486 433 3519 24
458 3486 496 3519 ⁸2
521 3485 578 3520 Sm
605 3486 658 3526 12,
683 3486 734 3520 21.
