2356 3760
287 203 365 244 690
1099 201 1375 236 PROPHETJA
1930 204 1982 244 28,
2009 205 2126 244 1—28,
2153 205 2194 238 19

656 296 752 348 IV.
792 296 839 346 V
844 295 1085 346 aticinia
1124 295 1195 346 de
1234 296 1386 348 Sion.
1425 296 1514 357 28,
1541 296 1724 358 1—35,
1750 296 1831 348 10.

673 393 710 432 1.
744 392 912 432 Futura
942 390 1163 433 Samariae
1194 403 1246 433 ac
1276 393 1536 444 Ierusalem,
1563 394 1630 444 28,
1649 392 1800 433 1—29.

101 464 242 525 31¹3ssng
281 463 346 507 28.
402 466 415 489 1
451 464 517 505 Vae
535 477 693 504 corona}
713 462 922 516 ι011101111εο,
945 463 1063 503 ebriis
1084 463 1293 517 Ephraim,
1368 469 1411 504 et
1429 464 1516 505 flori
1536 464 1752 513 decidenti,
1773 464 1910 519 gloriae
1929 465 2192 508 exultationis

545 536 640 565 eius.

335 582 403 635 qui
432 587 549 621 erant
580 581 617 621 in
649 581 799 621 vertice
830 580 945 621 vallis
976 581 1260 634 pinguissimae,
1293 588 1473 622 errantes
1503 595 1527 622 a
1556 582 1663 624 vino.

298 642 312 665 '³
333 641 436 681 Ecce
469 640 628 680 validus
660 645 699 680 et
733 639 847 680 fortis
879 640 1080 681 Dominus
1164 640 1270 681 sicut.
1301 640 1477 693 impetus
1508 642 1733 693 grandinis:
1768 641 1888 683 turbo
1921 642 2190 696 confringens,

333 700 436 739 sicut
469 698 644 752 impetus
677 711 876 752 aquarum
908 699 1131 740 multarum
1162 699 1466 745 inundantium,
1551 705 1593 741 et
1622 701 1861 741 emissarum
1891 714 2012 754 super
2041 706 2193 742 terram

543 757 778 810 spatiosam.

297 818 312 840 3
334 816 510 857 Pedibus
536 817 843 857 conculcabitur
921 830 1070 858 corona
1094 816 1294 870 superbiae
1318 817 1523 858 ebriorum
1548 817 1758 871 Ephraim.

296 877 311 899 ‘¹
333 875 388 916 Et
419 875 495 916 erit
527 875 599 916 flos
633 875 821 916 decidens
853 875 989 929 gloriae
1021 875 1285 917 exultationis
1318 876 1414 923 01110,
1503 876 1572 930 qui
1604 881 1666 918 est
1697 890 1817 932 super
1849 877 2043 919 verticem
2076 878 2191 919 vallis

542 948 766 988 pinguium,

333 993 447 1047 quasi
478 999 786 1047 temporaneum
817 998 911 1034 ante
940 993 1225 1035 maturitatem
1253 994 1461 1035 autumni:
1546 995 1655 1048 quod
1683 1008 1776 1036 cum
1804 995 2008 1049 aspexerit
2035 995 2190 1039 videns,

542 1053 683 1093 statim
715 1058 761 1093 ut
790 1065 915 1093 manu
946 1052 1134 1101 tenuerit,
1167 1053 1384 1094 devorabit
1411 1052 1522 1094 illud.

97 1157 253 1223 1223}ssss
298 1159 313 1180 ³
334 1157 382 1199 In
416 1158 480 1198 die
514 1157 582 1198 illa
615 1157 691 1198 erit
724 1156 925 1197 Dominus
960 1156 1213 1197 exercituum
1248 1170 1398 1198 corona
1429 1157 1576 1211 gloriae,
1665 1163 1705 1199 et
1740 1164 1893 1200 sertum
1928 1159 2192 1201 exultationis

132 1217 216 1256 bitur.
541 1216 701 1257 residuo
731 1215 872 1270 populi
901 1215 980 1256 sui:

297 1277 312 1298 ⁶
332 1280 373 1317 et
400 1275 566 1330 spiritus
593 1275 731 1316 iudicii
759 1275 917 1316 sedenti
945 1287 1066 1328 super
1092 1274 1300 1325 iudicium,
1384 1281 1426 1316 et
1451 1276 1654 1318 fortitudo
1681 1278 1981 1319 revertentibus
2011 1278 2060 1319 de
2089 1277 2192 1319 bello

542 1335 594 1376 ad
623 1339 798 1389 portam.

96 1438 252 1504 ffgossgfiffi
298 1442 311 1464 ⁷
333 1440 483 1484 Verum
510 1440 551 1481 hi
579 1453 741 1494 quoque
768 1452 851 1493 prae
877 1439 972 1481 vino
1000 1440 1241 1485 nescierunt,
1324 1444 1365 1481 et
1390 1453 1474 1493 prae
1500 1440 1698 1482 ebrietate
1725 1446 1982 1482 erraverunt:

120 1509 227 1540 indigni
333 1500 518 1541 sacerdos
548 1504 589 1540 et
616 1499 819 1553 propheta
847 1499 1078 1540 nescierunt
1105 1512 1188 1553 prae
1217 1499 1426 1548 ebrietate,
1510 1499 1694 1554 absorpti
1722 1505 1819 1541 sunt
1848 1513 1872 1541 a
1900 1500 2007 1548 vino,

331 1564 571 1600 erraverunt
602 1558 643 1599 in
676 1558 885 1607 ebrietate,
973 1558 1205 1599 nescierunt
1237 1558 1458 1607 videntem,
1495 1559 1788 1612 ignoraverunt
1818 1559 2027 1602 iudicium.

296 1619 310 1642 s
331 1618 482 1659 Omnes
497 1618 605 1659 enim
620 1630 769 1658 mensae
783 1617 948 1671 repletae
962 1622 1058 1658 sunt
1073 1617 1232 1658 vomitu
1249 1617 1523 1671 sordiumque,
1593 1617 1653 1659 ita
1667 1623 1713 1659 ut
1728 1631 1809 1659 non
1825 1623 1930 1659 esset
1944 1618 2054 1660 ultra
2066 1618 2190 1661 locus.

295 1679 310 1701 ‘³
331 1677 460 1725 Quem
492 1676 655 1718 docebit
685 1676 922 1717 scientiam?
1007 1681 1048 1717 et
1079 1689 1199 1730 quem
1230 1675 1451 1726 intelligere
1481 1676 1605 1717 faciet
1635 1677 1849 1718 auditum?

330 1736 560 1777 ablactatos
589 1749 613 1776 a
639 1735 756 1779 lacte,
839 1735 1002 1777 avulsos
1031 1736 1081 1776 ab
1110 1735 1314 1777 uberibus,

279 1797 314 1820 ¹⁰
332 1795 437 1844 Quia
464 1795 618 1836 manda
644 1795 852 1843 remanda,
936 1795 1090 1836 manda
1116 1795 1325 1844 remanda,

330 1860 503 1908 expecta
531 1859 759 1908 reexpecta,
844 1860 1017 1907 expecta
1044 1858 1273 1907 reexpecta,

330 1914 537 1955 modicum
567 1914 634 1961 ibi,
718 1913 925 1954 modicum
955 1913 1022 1954 ibi.

278 1974 310 1997 11
335 1973 403 2013 aln
430 1972 591 2026 loquela
617 1972 723 2013 enim
749 1971 858 2020 labii,
888 1978 928 2013 et
953 1972 1092 2026 lingua
1118 1972 1247 2013 altera
1323 1971 1516 2026 loquetur
1541 1973 1593 2014 ad
1618 1973 1817 2027 populum
1843 1973 1980 2014 istum.

279 2033 310 2056 ¹²
330 2031 403 2073 Cui
431 2032 554 2072 dixit:
584 2032 682 2073 Haec
710 2037 771 2072 est
797 2031 956 2085 requies
982 2045 1084 2081 mea,
1167 2031 1319 2073 reficite
1346 2031 1509 2081 lassum,

330 2097 372 2132 et
401 2091 476 2132 hoc
506 2096 567 2132 est
595 2104 732 2132 meum
762 2090 1031 2143 refrigerium:
1115 2095 1157 2132 et
1185 2091 1405 2131 noluerunt
1434 2090 1586 2133 audire.

279 2152 311 2175 1³
331 2150 386 2190 Et
416 2150 491 2190 erit
520 2150 776 2191 eis'verbum
806 2149 991 2190 Domini:

330 2209 494 2257 Manda,
526 2209 733 2254 remanda,
818 2208 972 2249 manda
999 2209 1207 2255 remanda,

331 2274 504 2322 expecta
531 2273 759 2322 reexpecta.
845 2272 1018 2321 expecta
1045 2273 1273 2321 reexpecta.

331 2328 538 2369 modicum
567 2327 634 2373 ibi,
719 2327 925 2368 modicum
956 2326 1029 2368 ibi:
1197 2333 1201 2337 '

330 2392 377 2428 ut
402 2387 569 2431 vadant,
597 2393 638 2427 et
662 2386 813 2427 cadant
838 2391 1071 2430 retrorsum,
1099 2392 1139 2427 et
1164 2390 1440 2430 conterantur,
1521 2389 1562 2427 et
1585 2385 1868 2440 illaqueentur,
1896 2392 1937 2427 et
1962 2387 2189 2440 capiantur.

86 2492 260 2517 ⁰⁰¹¹f¹¹¹¹de¹*·
283 2494 312 2517 14
331 2493 505 2546 Propter
526 2492 602 2534 hoc
625 2492 764 2533 audite
787 2492 959 2532 verbum
982 2491 1147 2531 Domini
1171 2491 1245 2532 viri
1268 2490 1460 2539 illusores,
1540 2491 1609 2544 qui
1632 2490 1901 2532 dominamini
1922 2504 2043 2546 super
2064 2505 2190 2546 popu-

114 2530 233 2592 -ἶὲῌῖῑὲι-ῒι
542 2551 626 2592 111111
657 2564 805 2599 meum,
839 2550 907 2604 qui
937 2555 998 2590 est
1027 2549 1067 2590 in
1100 2549 1330 2591 Ierusalem.

122 2600 227 2623 mmm
282 2613 312 2635 1⁵
333 2610 504 2651 Dixistis
526 2610 652 2651 enim:
675 2609 952 2650 Percussimus
974 2609 1108 2650 foedus
1130 2622 1223 2650 cum
1244 2614 1387 2653 morte.
1464 2614 1505 2650 et
1526 2622 1619 2649 cum
1640 2609 1797 2651 inferno
1819 2609 1988 2650 fecimus
2009 2614 2189 2663 pactum.

331 2669 555 2723 Flagellum
584 2669 787 2709 inundans
815 2682 907 2709 cum
936 2668 1154 2718 transierit,
1237 2682 1317 2710 non
1347 2668 1482 2709 veniet
1509 2681 1630 2722 super
1656 2682 1746 2710 nos:

334 2729 429 2783 quia
457 2729 667 2783 posuimus
696 2727 955 2769 mendacium
986 2741 1099 2781 spem
1128 2732 1323 2777 nostram,
1409 2732 1450 2768 et
1478 2727 1690 2769 mendacio
1721 2727 1895 2781 protecti
1924 2741 2075 2769 sumus.

280 2790 314 2813 1⁶
334 2787 487 2829 Idcirco
524 2788 609 2829 haec
644 2787 741 2828 dicit
778 2786 978 2828 Dominus
1014 2787 1143 2827 Deus:
1237 2787 1361 2827 bEcce
1396 2800 1468 2840 ego
1504 2786 1670 2827 mittam
1704 2786 1746 2827 in
1780 2787 2060 2828 fundamentis
2096 2787 2191 2828 Sion

541 2847 731 2901 lapidem,

332 2905 509 2959 lapidem
538 2906 772 2960 probatum,
805 2905 1052 2958 angularem,
1136 2905 1360 2959 pretiosum
1389 2904 1430 2945 in
1459 2904 1730 2946 fundamento
1759 2905 1993 2946 fundatum.

335 2965 403 3018 qui
433 2965 658 3013 crediderit,
692 2978 771 3006 non
802 2964 979 3005 festinet.

282 3024 316 3047 ¹⁷
335 3023 390 3063 Et
416 3037 565 3076 ponam
592 3024 632 3064 in
659 3024 837 3077 pondere
864 3023 1070 3068 iudicium,
1152 3028 1193 3064 et
1218 3023 1419 3064 iustitiam
1446 3023 1486 3063 in
1513 3035 1720 3064 mensura:

335 3087 375 3122 et
403 3083 613 3124 subvertet
642 3083 796 3136 grando
826 3096 939 3136 spem
968 3082 1187 3123 mendacii:
1270 3087 1311 3123 et
1339 3081 1636 3136 protectionem
1665 3095 1782 3136 aquae
1810 3082 2083 3123 inundabunt.

284 3141 318 3165 111
336 3140 389 3181 Et
426 3141 625 3182 delebitur
659 3143 792 3183 foedus
830 3147 1012 3182 vestrum
1048 3155 1140 3182 cum
1175 3146 1317 3186 morte,
1409 3146 1448 3182 et
1484 3146 1652 3195 pactum
1688 3146 1868 3182 vestrum
1907 3154 1999 3182 cum
2034 3141 2190 3182 inferno

544 3214 624 3241 non
654 3201 800 3242 stabit:

335 3257 537 3306 flagellum
568 3258 769 3300 inundans
801 3274 891 3301 cum
923 3259 1140 3303 transierit,
1226 3259 1334 3301 eritis
1365 3259 1399 3300 ei
1428 3259 1469 3299 in
1499 3259 1859 3300 conculcationem.

284 3319 318 3341 1⁹
336 3317 685 3370 Quandocumque
716 3319 1005 3371 pertransierit,
1091 3318 1206 3359 tollet
1236 3332 1326 3360 vos:

337 3376 528 3430 quoniam
559 3390 676 3416 mane
706 3377 881 3419 diluculo
911 3378 1174 3432 pertransibit
1204 3378 1243 3418 in
1273 3378 1336 3418 die
1366 3383 1406 3418 et
1434 3377 1474 3418 in
1505 3381 1634 3423 nocte,
1718 3382 1759 3418 et
1788 3377 2077 3418 tantummodo
2106 3376 2192 3418 sola

545 3435 707 3475 vexatio
740 3437 989 3478 intellectum
1020 3437 1135 3477 dabit
1167 3437 1337 3478 auditui.

414 3551 467 3593 28,
486 3552 525 3585 11
545 3552 807 3591 ε*1(Ϊο11ι1ι,·.)1.
836 3574 875 3577 —
902 3554 941 3586 16
967 3554 1029 3587 st
1056 3554 1129 3594 117,
1147 3553 1205 3593 22;
1225 3553 1277 3586 Mt
1295 3554 1346 3593 21,
1366 3553 1422 3592 42:
1450 3554 1516 3587 Act
1539 3554 1570 3593 4,
1597 3554 1653 3592 11;
1680 3552 1769 3585 Rom
1787 3552 1817 3592 9,
1835 3552 1893 3592 33;
1921 3552 1937 3585 1
1965 3552 2026 3585 Ptr
2049 3552 2080 3591 2,
2098 3551 2128 3585 6.
