2356 3760
263 212 340 253 896
1072 206 1346 240 PROPHETIA
1928 211 1958 250 9,
1992 210 2133 251 10-11,
2159 210 2180 244 2

264 305 299 328 ¹⁰
315 303 371 343 Et
401 301 633 354 disperdam
666 300 906 354 quadrigam
939 312 987 338 ex
1017 298 1228 351 Ephraim,
1313 306 1353 339 et
1384 312 1535 353 equum
1565 299 1615 339 de
1647 299 1879 346 Ierusalem,

315 366 356 402 et
383 359 651 414 dissipabitur
677 372 792 399 arcus
823 356 932 397 belli:
1016 362 1055 397 ct
1082 356 1275 410 loquetur
1301 370 1443 410 pacem
1471 357 1686 402 Gentibus.

314 425 354 461 et
380 424 564 473 potestas
591 418 673 459 eius
701 431 721 457 a
749 416 849 456 mari
877 427 1005 469 usque
1031 415 1083 456 ad
1109 428 1231 459 mare.
1313 423 1353 456 et
1379 429 1403 456 a
1427 416 1664 457 fluminibus
1690 430 1819 471 usque
1844 418 1897 459 ad
1922 418 2176 461 finesterrae.

132 526 181 585 ῑίῡῐ
206 562 210 565 .
264 525 294 548 11
316 523 377 564 Τ11
407 537 568 577 quoque
599 523 638 562 in
668 520 864 573 sanguine
894 519 1132 560 testamenti
1162 520 1223 561 tui
1305 520 1473 561 emisisti
1503 520 1662 563 vinctos
1693 526 1785 562 tuos
1815 521 1864 562 de
1892 521 1996 572 lacu,
2027 523 2068 563 in
2099 536 2179 577 quo

101 564 210 622 Γὲἶιῖὲῖῗ
528 594 607 621 11011
638 586 697 620 est
729 592 847 632 aqua.

107 636 203 660 ⁰⁸¹⁰*
265 644 295 666 ¹2
316 639 610 682 Convertimini
641 639 694 679 ad
725 637 997 678 munitionem
1029 636 1157 679 vincti
1187 637 1283 691 spei.
1370 637 1490 678 hodie
1522 650 1685 691 quoque
1716 639 1970 680 annuncians
2002 639 2181 694 duplicia

524 698 694 738 reddam
724 696 811 737 tibi.

261 761 291 783 ¹³
313 757 516 806 Quoniam
547 755 712 797 extendi
742 755 842 796 mihi
874 755 1019 796 Iudam
1051 755 1165 808 quasi
1196 767 1348 803 arcum,
1434 754 1599 808 implevi
1629 755 1846 809 Ephraim:

313 823 352 857 et
372 816 579 857 suscitabo
599 815 700 856 filios
721 820 813 855 tuos
832 814 929 855 Sion
949 827 1070 867 super
1088 813 1190 855 filios
1210 819 1303 854 tuos
1322 813 1495 854 Graecia:
1571 818 1612 854 et
1630 827 1781 867 ponam
1803 821 1843 856 te
1863 815 1980 869 quasi
1997 815 2178 869 gladium

522 874 703 915 fortium.

260 936 291 958 ¹⁴
312 933 367 974 Et
400 933 601 975 Dominus
634 933 744 973 Deus
778 945 898 985 super
930 944 996 973 eos
1030 931 1249 980 videbitur,
1352 937 1392 972 et
1425 930 1555 972 exibit
1595 936 1641 972 ut
1680 931 1827 984 fulgur,
1863 932 2041 974 iaculum
2074 934 2177 975 eius:

311 998 352 1034 et
381 993 582 1034 Dominus
612 992 722 1032 Deus
752 991 791 1031 in
822 990 925 1031 tuba
952 995 1084 1039 canet,
1169 995 1209 1031 et
1239 990 1365 1031 vadet
1393 989 1433 1030 in
1464 989 1627 1031 turbine
1655 990 1809 1033 Austri.

260 1053 290 1076 ¹5
311 1051 512 1091 Dominus
552 1050 805 1091 exercituum
844 1053 1031 1101 proteget
1071 1062 1156 1089 eos:
1250 1054 1290 1089 et
1329 1048 1602 1097 devorabunt,
1643 1053 1683 1089 et
1721 1049 1939 1092 subiicient
1974 1050 2180 1105 lapidibus

522 1109 677 1149 fundae:

311 1176 352 1210 ct
385 1169 569 1209 bibentes
602 1167 916 1207 inebriabuntur
949 1166 1064 1220 quasi
1096 1180 1120 1207 a
1152 1166 1260 1214 vino,
1342 1172 1383 1207 et
1415 1166 1683 1220 replebuntur
1713 1174 1759 1208 ut
1792 1167 1954 1221 phialae,
1990 1173 2031 1210 et
2064 1168 2181 1223 quasi

520 1240 672 1267 cornua
702 1225 852 1266 altaris.

260 1289 292 1311 ¹⁶
310 1286 365 1327 Et
393 1286 570 1327 salvabit
598 1299 664 1327 eos
692 1284 892 1326 Dominus
919 1284 1030 1325 Deus
1058 1297 1197 1326 eorum
1224 1284 1264 1325 in
1293 1284 1357 1325 die
1383 1283 1463 1333 illa,
1494 1289 1541 1325 ut
1567 1297 1730 1338 gregem
1756 1285 1897 1339 populi
1923 1286 2002 1327 sui:
2085 1287 2181 1341 quia

520 1344 674 1398 lapides
705 1344 836 1384 sancti
867 1343 1141 1384 elevabuntur
1168 1356 1290 1398 super
1318 1348 1470 1384 terram
1501 1342 1596 1384 eius.

259 1406 291 1428 17
311 1404 417 1453 Quid
448 1404 555 1444 9111111
586 1404 739 1444 boumn
771 1402 854 1444 eius
885 1408 957 1449 est,
1042 1408 1083 1444 et
1113 1402 1212 1456 quid
1240 1401 1456 1456 pulchrum
1488 1402 1584 1451 eius,

312 1463 387 1504 nisi
414 1463 668 1504 frumentum
697 1461 930 1506 electorum.
1013 1468 1053 1503 et
1081 1462 1223 1502 vinum
1250 1461 1482 1515 germinans
1511 1460 1711 1514 virgines?

92 1572 214 1632 ⁵5³¹1g‹j¹¹¹
263 1569 325 1611 10.
382 1570 394 1592 1
425 1568 558 1608 Ρ91119
589 1581 610 1608 a
641 1567 818 1608 Domino
848 1565 1032 1620 pluviam
1114 1566 1155 1607 in
1186 1573 1368 1620 tempore
1399 1566 1589 1614 serotino,

77 1616 231 1674 ρέῖωᾶἕηι
314 1632 355 1668 91
373 1627 574 1667 Dominus
594 1626 716 1667 faciet
736 1626 860 1669 nives.
935 1631 976 1666 et
993 1624 1178 1678 pluviam
1197 1624 1337 1665 imbris
1357 1625 1474 1665 dabit
1493 1624 1559 1674 eis,
1633 1624 1800 1678 singulis
1819 1625 1988 1666 herbam
2008 1626 2049 1667 in
2068 1639 2177 1681 agro.

276 1688 290 1710 '2
312 1686 416 1734 Quia
445 1685 689 1726 simulachra
717 1684 855 1725 locuta
883 1688 980 1724 sunt
1008 1683 1163 1733 inutile,
1247 1689 1287 1724 et
1316 1683 1444 1724 divini
1473 1683 1667 1724 viderunt
1694 1683 1966 1734 mendacium,

311 1751 351 1785 et
380 1744 648 1785 somniatores
676 1743 802 1784 locuti
830 1747 927 1784 sunt
954 1742 1125 1783 frustra:
1209 1755 1314 1783 vane
1342 1741 1681 1783 consolabantur:

313 1803 460 1844 idcirco
490 1802 659 1843 abducti
688 1808 784 1842 sunt
813 1801 929 1856 quasi
956 1814 1071 1855 grex:
1156 1801 1401 1855 affligentur,
1435 1801 1530 1854 quia
1557 1814 1640 1842 non
1669 1807 1730 1842 est
1758 1801 1813 1842 eis
1840 1807 1993 1856 pastor.

74 1911 253 1970 ἕζζξρξέἓω
274 1912 289 1933 ³
309 1910 439 1961 Super
468 1914 650 1961 pastores
680 1907 808 1947 iratus
838 1912 900 1947 est
928 1906 1020 1947 fuor
1048 1919 1174 1952 meus,
1259 1912 1300 1947 et
1329 1919 1450 1959 super
1477 1905 1609 1947 hircos
1639 1905 1835 1948 visitabo:

52 1953 249 2012 μῖζέᾳῑρῃηῇ
313 1967 408 2021 quia
443 1966 628 2007 visitavit
662 1966 864 2007 Dominus
900 1965 1153 2006 exercituum
1187 1978 1349 2019 gregem
1383 1978 1515 2009 suum.
1553 1965 1722 2006 domum
1759 1965 1874 2014 Iuda,
1966 1971 2007 2007 et
2041 1966 2180 2020 posuit

520 2038 585 2066 eos
618 2025 733 2079 quasi
763 2038 915 2078 equum
944 2024 1081 2078 gloriae
1110 2037 1192 2065 suae
1221 2024 1261 2064 in
1292 2023 1408 2065 bello.

275 2088 289 2110 ⁴
310 2085 374 2125 Ex
404 2085 489 2138 ipso
521 2084 704 2138 angulus.
790 2097 839 2124 ex
868 2083 954 2137 ipso
985 2082 1173 2137 paxillus,

310 2157 360 2185 ex
389 2144 475 2197 ipso
506 2156 621 2184 arcus
653 2142 787 2196 praelii.
873 2156 922 2183 ex
952 2142 1038 2196 ipso
1069 2142 1298 2196 egredietur
1327 2142 1456 2184 omnis
1487 2148 1656 2184 exactor
1685 2141 1817 2184 simul.

275 2205 289 2227 5
310 2203 365 2244 Et
394 2208 512 2243 erunt
541 2202 657 2256 quasi
684 2202 808 2243 fortes
890 2200 1175 2242 conculcantes
1202 2200 1337 2242 lutum
1366 2200 1526 2242 viarum
1553 2201 1594 2242 111
1622 2200 1778 2255 praelio:

312 2268 351 2302 et
385 2261 608 2304 bellabunt.
646 2260 741 2315 quia
771 2260 973 2301 Dominus
1006 2273 1098 2301 cum
1132 2259 1204 2301 eis:
1292 2264 1332 2300 et
1365 2259 1672 2301 confundentur
1704 2273 1934 2302 ascensores
1967 2274 2176 2315 equorum.

276 2322 291 2345 ⁶
311 2320 367 2360 Et
397 2320 637 2361 confortabo
668 2320 836 2360 domum
869 2319 983 2362 Iuda.
1068 2324 1108 2360 et
1139 2319 1307 2360 domum
1339 2318 1485 2372 Ioseph
1515 2318 1703 2360 salvabo:

312 2385 352 2420 et
380 2384 618 2420 convertam
646 2392 723 2425 eos,
755 2378 849 2432 quia
877 2378 1097 2419 miserebor
1123 2391 1282 2419 eorum:
1364 2382 1404 2417 et
1432 2383 1551 2419 erunt
1578 2378 1682 2419 sicut
1709 2377 1877 2419 fuerunt
1905 2379 2070 2432 quando
2097 2393 2179 2420 non

523 2438 769 2491 proieceram
801 2451 886 2478 eos:

312 2511 383 2549 ego
415 2497 521 2538 enim
552 2496 752 2538 Dominus
783 2496 893 2537 Deus
924 2509 1075 2540 eorum.
1162 2502 1202 2536 et
1232 2495 1450 2536 exaudiam
1481 2509 1559 2537 eos.

277 2558 290 2579 ⁷
312 2556 367 2596 Et
396 2561 516 2596 erunt
545 2555 660 2609 quasi
688 2555 815 2597 fortes
844 2554 1054 2609 Ephraim,
1138 2560 1180 2595 et
1206 2554 1417 2596 laetabitur
1444 2568 1512 2596 cor
1540 2568 1679 2596 eorum
1710 2554 1825 2609 quasi
1853 2568 1878 2596 a
1906 2555 2019 2597 vino:

313 2621 353 2656 et
386 2614 454 2655 filii
487 2628 626 2656 eorum
660 2614 872 2657 videbunt.
908 2619 948 2654 et
979 2613 1244 2658 leetabuntur,
1332 2619 1372 2654 91
1405 2613 1609 2655 exultabit
1641 2627 1710 2656 cor
1741 2627 1880 2655 eorum
1911 2613 1953 2655 in
1985 2614 2176 2656 Domino.

78 2727 236 2785 difflffiffslm
281 2724 294 2743 ⁸
315 2719 495 2761 Sibilabo
527 2719 592 2763 eis.
627 2726 667 2760 et
698 2719 951 2772 congregabo
982 2718 1081 2761 illos.
1116 2718 1211 2772 quia
1240 2718 1392 2759 redemi
1423 2731 1508 2759 eos:
1593 2723 1635 2759 et
1664 2717 1946 2772 multiplicabo
1977 2732 2044 2760 eos
2074 2718 2180 2760 sicut

82 2775 231 2829 cona-15³1·-
526 2784 622 2819 ante
653 2778 815 2819 fuerant
847 2777 1120 2831 multiplicati.

133 2827 182 2850 ''²“
282 2841 296 2859 ²⁴
318 2837 372 2877 Et
401 2837 610 2878 seminabo
641 2850 706 2878 eos
737 2837 777 2877 in
807 2835 979 2890 populis,
1064 2842 1104 2877 et
1134 2837 1184 2877 de
1212 2836 1329 2890 longe
1359 2836 1684 2877 recordabuntur
1712 2836 1810 2876 mei:

314 2903 349 2935 et
384 2896 525 2936 vivent
556 2910 648 2936 cum
679 2895 768 2936 filiis
799 2895 892 2944 suis,
978 2901 1017 2935 91
1047 2900 1317 2936 revertentur.

263 2955 297 2976 ¹⁰
317 2953 368 2993 Et
399 2955 589 2995 reducam
621 2968 686 2996 eos
719 2955 767 2996 de
798 2955 921 2995 Terra
951 2954 1131 3008 AEgypti.
1218 2959 1258 2995 91
1289 2954 1338 2995 de
1368 2953 1543 3007 Assyriis
1573 2954 1828 3007 congregabo
1859 2966 1938 3003 eos,

316 3020 354 3051 et
388 3013 439 3052 ad
472 3013 634 3054 Terram
668 3014 825 3055 Galaad
858 3018 898 3054 et
930 3013 1075 3053 Libani
1108 3013 1311 3054 adducam
1345 3026 1423 3057 eos.
1510 3018 1552 3054 et
1582 3026 1665 3054 non
1696 3012 1929 3053 inveniet-ur
1960 3012 2014 3053 eis
2045 3012 2175 3054 locus:

266 3072 293 3093 ¹¹
316 3078 355 3111 et
390 3072 577 3112 transibit
611 3073 650 3113 in
683 3073 805 3113 maris
837 3072 953 3120 freto,
1041 3077 1081 3112 et
1114 3072 1315 3125 percutiet
1346 3071 1387 3112 in
1419 3071 1521 3112 mari
1553 3070 1714 3116 fluctus,
1802 3077 1843 3112 et.
1874 3071 2179 3112 confundentur

526 3131 662 3171 omnia
691 3132 895 3184 profunda
925 3130 1114 3174 fluminis.

317 3194 356 3227 et
386 3187 668 3229 humiliabitur
695 3190 882 3243 superbia
914 3190 1050 3235 Assur,
1135 3196 1176 3230 et
1203 3194 1410 3242 sceptrum
1440 3189 1609 3243 AEgypti
1636 3189 1808 3230 recedet.

267 3247 296 3269 ’Ξ
318 3246 566 3287 confortabo
601 3262 665 3287 eos
700 3249 736 3289 in
772 3249 961 3291 Domino.
1050 3254 1090 3289 et
1123 3248 1163 3288 111
1196 3248 1359 3288 1101111119
1393 3248 1476 3288 eius
1509 3247 1795 3291 ambulabunt.
1830 3247 1929 3288 dicit
1961 3247 2175 3289 Dominus.

831 3355 870 3393 2.
901 3353 937 3393 A
967 3363 1117 3404 grege
1148 3353 1354 3404 abicitur,
1379 3353 1446 3403 11,
1466 3353 1610 3393 1-17,

76 3421 247 3482 νίιζξξξζξζηῃ
270 3420 331 3462 11.
388 3421 401 3443 1
432 3419 552 3471 Aperi
587 3419 737 3459 Libane
769 3428 904 3473 portas
936 3428 1039 3466 tuas,
1125 3428 1165 3463 91
1195 3422 1384 3463 comedat
1413 3422 1515 3474 ignis
1545 3423 1684 3463 cedros
1715 3428 1840 3462 tuas·

285 3479 300 3502 2
323 3477 442 3517 l'lula
473 3478 594 3520 abies,
629 3478 723 3531 quia
753 3480 896 3520 cecidit
927 3482 1080 3525 cedrus,
1167 3481 1358 3535 quoniam
1391 3481 1593 3533 magnifici
1624 3480 1776 3521 vastati
1806 3485 1920 3520 sunt:

321 3536 472 3576 ululate
504 3550 673 3590 quercus
711 3537 851 3578 Busan.
938 3540 1128 3591 quoniam
1161 3539 1338 3580 succisus
1369 3545 1429 3580 est
1459 3539 1586 3580 saltus
1617 3539 1811 3580 munitus.
