2356 3760
151 93 204 132 16,
230 94 349 130 1-17,
376 95 412 126 11
963 95 1247 130 l’sALMORUM
1965 110 2040 150 493

694 185 861 236 1607).
892 186 1050 228 Petitio
1080 188 1231 229 afflicti
1263 191 1306 231 et
1335 192 1500 232 vexati.

258 270 269 292 1
301 268 441 309 Oratio
470 268 617 329 David.
650 267 762 308 XVI.

210 372 372 414 Exaudi
401 373 575 414 Domine
604 371 804 412 iustitiam
834 385 986 413 meam:
1070 373 1234 415 intende
1264 377 1587 429 deprecationem
1619 393 1761 421 meam.
2080 389 2213 414 Ionocen-

210 432 386 473 Auribus
413 430 572 484 percipe
601 430 825 471 orationem
854 444 999 476 meam,
1029 445 1110 473 non
1138 433 1178 473 in
1199 434 1320 475 labiis
1349 436 1505 477 dolosis.
2060 424 2231 485 ‘kl‘ssssssvgessffit'i'

171 492 186 514 ‘-‘
209 491 271 531 De
297 489 415 530 vultu
441 495 513 531 tuo
539 488 731 530 iudicium
759 503 895 530 meum
923 490 1112 543 prodeat:
1193 493 1296 534 oculi
1324 494 1382 534 tui
1409 495 1575 536 videant
1602 497 1826 549 aequitates.

170 552 186 573 ²³
210 548 398 589 Probasti
427 561 495 590 cor
523 561 671 592 meum.
704 554 745 588 et
775 548 951 589 visitasti
981 555 1117 591 nocte:
1202 551 1291 602 igne
1321 566 1385 593 me
1415 555 1668 599 examinasti,

208 613 249 647 et
278 620 357 648 non
387 612 449 647 est
476 607 646 648 inventa
673 607 713 647 in
742 620 806 647 me
835 607 1040 661 iniquitas.
1221 603 1230 604 7

169 667 185 689 ⁴
209 665 266 706 Ut
295 679 376 707 non
403 666 597 719 loquatur
625 678 668 706 os
696 679 831 706 meum
862 680 984 720 opera
1011 668 1241 709 hominum:
1308 676 1473 723 propter
1504 672 1627 711 verba
1654 672 1848 714 labiorum
1881 680 2040 716 tuorum

410 738 481 778 ego
511 724 713 765 custodivi
743 725 828 765 vias
858 726 990 767 duras.

169 785 185 807 ⁵
210 783 360 824 Perfice
387 796 545 837 gressus
574 796 684 825 meos
713 784 753 824 in
783 784 935 825 semitis
965 785 1063 825 tuis:
1147 792 1194 827 ut
1222 788 1302 827 non
1332 794 1576 828 moveantur
1604 790 1774 839 vestigia
1802 804 1901 832 mea.

169 890 185 912 ⁶
208 888 294 942 Ego
324 888 509 935 clamavi,
542 889 735 942 quoniam
764 890 966 930 exaudisti
995 904 1058 931 me
1088 891 1215 931 Deus:
2058 903 2227 942 ‘nequitiam

207 947 357 988 inclina
386 960 523 988 aurem
554 952 670 988 tuam
700 947 810 994 mihi,
843 954 884 989 et
913 949 1061 990 exaudi
1091 951 1214 991 verba
1245 964 1346 992 mea.
2058 944 2237 1002 miinssg‘iiifn

169 1008 183 1030 ⁷
206 1006 376 1047 Mirifica
402 1006 695 1048 misericordias
724 1012 829 1053 tuas,
862 1008 930 1061 qui
960 1008 1093 1050 salvos
1122 1009 1220 1050 facis
1250 1017 1461 1063 sperantes
1491 1011 1531 1051 in
1561 1017 1612 1052 te.

170 1070 185 1087 ⁸
208 1065 244 1105 A
264 1065 546 1106 resistentibus
569 1066 747 1106 dexterae
769 1071 851 1107 tuae
873 1067 1031 1108 custodi
1053 1081 1128 1111 me.
1154 1074 1200 1109 ut
1223 1068 1417 1122 pupillam
1442 1070 1556 1111 oculi.
1615 1071 1698 1111 Sub
1724 1072 1867 1112 umbra
1888 1072 2043 1113 alarum

409 1130 574 1165 tuarum
603 1130 768 1178 protege
797 1139 879 1166 me:

169 1186 184 1207 ⁹
207 1197 232 1224 a
249 1184 350 1225 facie
369 1184 585 1237 impiorum
603 1183 671 1237 qui
690 1197 754 1224 me
769 1184 1015 1226 afflixerunt.
1067 1185 1223 1226 Inimici
1242 1187 1319 1227 mei
1333 1187 1511 1227 animam
1531 1201 1663 1234 meam
1678 1188 2041 1240 circumdederunn

149 1245 184 1266 ¹⁰
208 1243 368 1297 adipem
400 1256 518 1283 suum
549 1242 851 1284 concluserunt:
936 1257 979 1285 os
1009 1257 1148 1285 eorum
1178 1244 1360 1286 locutum
1391 1250 1452 1286 est
1481 1246 1724 1299 superbiam.

150 1304 180 1326 11
207 1302 468 1343 Proiicientes
499 1314 563 1342 me
594 1314 702 1342 nunc
734 1303 1088 1343 circumdederunt
1120 1316 1201 1344 me:
1290 1303 1425 1345 oculos
1457 1317 1549 1345 suos
1580 1310 1815 1347 statuerunt
1846 1306 2044 1348 declinare

410 1362 450 1401 in
481 1366 642 1401 terram.

148 1422 180 1444 ¹²
205 1421 479 1473 Susceperunt
500 1432 564 1459 me
587 1419 692 1459 sicut
714 1418 774 1460 leo
797 1425 967 1473 paratus
990 1420 1043 1460 ad
1065 1421 1262 1473 praedam:
1338 1427 1379 1462 et
1401 1421 1504 1463 sicut
1527 1422 1685 1463 catulus
1708 1422 1831 1464 leonis
1854 1423 2044 1464 habitans

407 1478 448 1518 in
477 1477 638 1519 abditis.

147 1586 178 1609 ¹3
203 1584 366 1637 Exurge
394 1584 580 1628 Domine,
612 1583 788 1636 praeveni
818 1596 922 1630 eum,
953 1592 995 1624 et.
1023 1584 1244 1637 supplanta
1272 1598 1382 1625 eum:
2050 1590 2248 1631 fiberatffonem

204 1644 311 1697 eripe
338 1643 517 1684 animam
544 1655 678 1683 meam
706 1642 757 1682 ab
785 1642 920 1695 impio.
1002 1643 1198 1684 frameam
1227 1649 1341 1684 tuam
1398 1647 1427 1669 ¹⁴
1454 1645 1506 1685 ab
1533 1644 1702 1685 inimicis
1729 1659 1873 1686 manus
1902 1652 1992 1687 tuae.
2104 1627 2188 1657 pem'

204 1702 378 1744 Domine
397 1715 421 1742 a
437 1701 577 1755 paucis
596 1702 644 1742 de
667 1706 776 1742 terra
793 1701 929 1742 divide
947 1715 1014 1742 eos
1034 1702 1074 1743 in
1095 1702 1183 1743 vita
1202 1716 1359 1744 eorum:
1417 1704 1466 1744 de
1485 1703 1732 1745 absconditis
1751 1704 1831 1745 tuis
1850 1704 2042 1759 adimple-

406 1766 472 1802 tus
502 1766 563 1801 est
592 1766 735 1801 venter
763 1773 913 1802 eorum.

203 1820 386 1862 Saturati
414 1825 511 1861 sunt
539 1818 647 1860 filiis:
731 1824 771 1860 et
799 1819 1041 1861 dimiserunt
1068 1819 1256 1874 reliquias
1286 1834 1378 1861 suas
1407 1821 1585 1875 parvulis
1614 1822 1707 1862 suis.

145 1881 177 1904 ¹⁵
204 1880 289 1934 Ego
325 1884 463 1920 autem
506 1879 546 1919 in
590 1878 748 1919 iustitia
786 1879 990 1932 apparebo
1025 1879 1259 1932 conspectui
1293 1885 1383 1920 tuo:
1471 1880 1651 1921 satiabor
1684 1894 1775 1921 cum
1810 1880 2044 1935 apparuerit

404 1937 531 1991 gloria
558 1942 642 1978 tua.
692 1947 701 1955 ²

681 2040 848 2091 17(18).
878 2040 1140 2082 Gratiarum
1171 2043 1288 2084 actio
1317 2042 1506 2084 liberati.

248 2127 262 2149 1
290 2125 345 2166 In
370 2124 495 2176 finem
522 2137 642 2176 puero
671 2124 837 2165 Domini
864 2123 1007 2169 David,
1038 2125 1107 2177 qui
1134 2125 1285 2166 locutus
1313 2131 1368 2166 est
1398 2125 1568 2166 Domino
1596 2125 1708 2166 verba
1735 2126 1879 2167 cantici
1905 2126 2039 2175 huius,

142 2185 188 2226 in
216 2184 288 2232 die,
319 2197 396 2237 qua
425 2183 570 2236 eripuit
599 2197 686 2224 eum¹
715 2183 916 2224 Dominus
945 2183 990 2224 de
1017 2197 1141 2225 manu
1169 2184 1347 2225 omnium
1374 2184 1628 2226 inimicorum
1657 2185 1755 2232 eius,
1787 2190 1819 2226 et
1848 2184 1892 2225 de
1920 2198 2042 2225 manu

143 2244 252 2291 Saul,
285 2248 317 2284 et
346 2242 460 2284 discit:
491 2241 532 2295 (2
558 2241 650 2296 Req.
681 2241 744 2288 22,
775 2241 831 2291 2.)
862 2242 998 2283 XVII.

163 2351 178 2373 2
199 2347 378 2401 Diligam
406 2353 447 2389 te
475 2348 650 2389 Domine
678 2347 878 2389 fortitudo
909 2361 1016 2389 mea:
2074 2346 2214 2408 ¹252thss

162 2409 179 2433 ³
201 2407 402 2448 Dominus
429 2406 735 2448 firmamentum
761 2420 911 2452 meum,
940 2411 982 2447 et
1007 2407 1209 2459 refugium
1236 2421 1384 2453 meum,
1413 2412 1455 2448 et
1480 2407 1672 2448 liberator
1698 2420 1823 2448 meus.

205 2466 335 2507 aDeus
360 2478 474 2506 meus
495 2466 658 2507 adiutor
681 2479 807 2515 meus,
829 2471 871 2507 et
889 2466 1059 2519 sperabo
1087 2466 1126 2507 in
1147 2479 1252 2508 eum.
1309 2466 1521 2507 Protector
1545 2479 1669 2511 meus,
1692 2470 1733 2506 et
1752 2478 1876 2507 cornu
1896 2465 2037 2506 salutis

403 2538 514 2569 meae,
546 2530 587 2565 et
615 2530 826 2579 susceptor
852 2538 978 2566 meus,

162 2587 179 2609 ⁴
201 2584 393 2626 Laudans
421 2584 622 2625 invocabo
649 2584 892 2625 Dominum:
976 2589 1017 2625 et
1045 2584 1096 2625 ab
1125 2584 1296 2625 inimicis
1325 2584 1422 2625 meis
1450 2583 1587 2625 salvus
1615 2597 1692 2624 ero.

161 2692 177 2716 ⁵
200 2690 563 2731 Circumdederunt
583 2702 648 2730 me
667 2689 823 2731 dolores
844 2690 1004 2731 mortis:
1063 2695 1103 2730 et
1124 2693 1324 2731 torrentes
1342 2688 1570 2742 iniquitatis
1591 2688 1939 2729 conturbaverunt
1958 2700 2034 2729 me.
2068 2682 2215 2748 13³3ssss-

160 2751 177 2774 ⁶
198 2748 367 2791 Dolores
395 2748 541 2790 inferni
570 2748 924 2790 circumdederunt
952 2762 1035 2789 me:
1118 2752 1506 2802 praeoccupaverunt
1534 2760 1598 2787 me
1626 2746 1759 2800 laquei
1788 2746 1941 2788 mortis.
2072 2753 2206 2813 aliialii*

161 2810 176 2833 ⁷
201 2808 249 2849 In
277 2807 542 2849 tribulatione
570 2820 662 2848 mea
689 2807 878 2849 invocavi
906 2807 1142 2855 Dominum,
1226 2811 1266 2848 et
1295 2807 1348 2847 ad
1375 2806 1508 2847 Deum
1537 2818 1672 2846 meum
1702 2804 1893 2845 clamavi:

199 2867 256 2908 Et
273 2866 485 2908 exaudivit
503 2866 553 2908 de
577 2865 730 2920 templo
756 2871 897 2908 sancto
923 2879 995 2908 suo
1016 2880 1158 2908 vocem
1183 2878 1335 2907 meam:
1391 2869 1432 2906 et
1452 2864 1602 2905 clamor
1626 2877 1738 2905 meus
1759 2864 1800 2905 in
1818 2868 2036 2917 conspectu

402 2925 497 2973 eius,
528 2925 714 2966 introivit
742 2925 784 2966 in
813 2938 928 2966 aures
957 2926 1053 2967 eius.

159 3033 175 3056 ⁸
198 3031 414 3073 Commota
446 3035 518 3079 est,
549 3035 591 3071 et
623 3029 870 3072 contremuit
902 3034 1027 3071 terra:
1109 3030 1380 3071 fundamenta
1412 3028 1615 3069 montium
1647 3028 1894 3069 conturbata
1924 3032 2031 3073 sunt,
2077 3025 2200 3085 tgffiffii

197 3095 239 3132 et
268 3094 475 3132 commota
503 3094 610 3138 sunt,
644 3089 836 3143 quoniam
866 3088 993 3129 iratus
1023 3093 1084 3130 est
1113 3089 1180 3130 eis.

160 3152 176 3174 ⁹
198 3149 393 3190 Ascendit
419 3149 557 3189 fumus
584 3148 626 3188 in
652 3147 713 3188 ira
739 3148 841 3188 eius:
923 3152 965 3188 et
991 3148 1092 3202 ignis
1121 3160 1145 3188 a
1170 3147 1272 3188 faeie
1300 3146 1382 3187 eius
1411 3145 1580 3186 exarsit:

200 3208 393 3249 carbones
422 3207 603 3248 succensi
630 3212 727 3248 sunt
755 3206 806 3248 ab
835 3219 894 3249 eo.

140 3269 176 3291 ¹⁰
201 3266 419 3307 Inclinavit
447 3265 575 3315 caelos,
607 3270 649 3306 et
677 3265 904 3306 descendit:
987 3271 1028 3306 et
1057 3265 1184 3319 caligo
1214 3264 1288 3305 sub
1318 3262 1487 3316 pedibus
1517 3263 1613 3304 eius.

139 3328 170 3350 11
197 3326 253 3367 Et
278 3325 460 3366 ascendit
485 3337 605 3378 super
630 3323 849 3374 cherubim,
878 3329 919 3365 et
943 3323 1118 3366 volavit:
1198 3321 1353 3364 volavit
1378 3334 1498 3375 super
1521 3334 1674 3374 pennas
1701 3326 1927 3362 ventorum,

271 3440 325 3482 17,
348 3439 369 3473 3
393 3438 489 3473 aHbr
512 3440 544 3481 2,
568 3439 620 3473 13.
