2356 3760
287 158 365 200 430
1164 159 1307 192 LIBER
1969 161 2000 200 9,
2027 162 2146 201 ian,
2171 161 2191 194 5

685 252 723 291 3.
755 251 997 291 Pecuniam
1029 252 1073 291 et
1104 250 1330 292 Gabelum
1362 251 1559 302 adducit,
1588 252 1792 302 9,1*12.

95 320 114 343 Α
136 319 230 383 1222}ss
243 321 271 344 ¹¹¹
393 322 429 364 9.
487 324 495 345 1
519 322 629 362 Tune
650 322 813 362 vocavit
834 321 979 361 Tobias
998 322 1197 370 Angelum
1218 323 1269 363 ad
1288 336 1339 363 se.
1363 335 1481 375 quem
1503 322 1663 376 (pridem
1684 322 1889 363 hominem
1911 324 2188 370 existimabat,

133 392 235 415 missus
289 380 472 434 dixitque
503 381 555 421 ei:
587 381 730 421 Azaria
762 381 897 423 frater,
930 386 1024 433 peto
1057 386 1102 421 nt
1131 380 1333 421 auscultes
1364 381 1489 421 verba
1518 395 1625 422 mea:
1683 383 1697 406 2
1726 382 1767 422 Si
1796 382 1995 436 meipsum
2027 385 2188 425 tradam

290 439 363 479 tibi
388 453 561 482 servum.
589 453 668 479 non
694 452 759 480 ero
784 439 1006 487 condignus
1031 440 1298 492 providentiae
1323 445 1413 480 tute.
1466 443 1482 464 ³
1506 440 1656 480 Tamen
1683 441 1845 482 obsecro
1872 447 1911 482 te
1936 448 1980 482 ut
2006 456 2189 484 assumas

288 498 359 538 tibi
393 498 580 538 animalia
614 498 697 537 sive
728 498 903 540 servitia.
938 504 976 538 et
1009 499 1135 539 vadas
1167 500 1217 539 ad
1249 499 1447 539 (elabelum
1480 498 1519 539 in
1554 500 1683 553 Rages
1715 499 1924 541 civitatem
1958 502 2188 543 Medorum:

286 558 511 610 reddasque
535 557 569 597 ei
596 557 906 610 chirographum
932 570 1061 601 snum,
1089 564 1129 598 et
1154 557 1320 610 recipias
1344 558 1395 598 ab
1419 571 1463 599 eo
1488 559 1712 610 pecuniam,
1739 564 1780 599 et
1802 572 1914 611 roges
1938 573 2028 601 cum
2054 560 2191 602 venire

288 617 337 656 ad
359 616 521 669 nuptias
540 629 660 656 meas.
707 618 721 640 ⁴
738 616 821 656 Scis
840 616 945 656 enim
964 617 1047 669 ipse
1066 617 1257 670 quoniam
1276 622 1465 657 numerat
1482 622 1599 670 pater
1615 631 1727 658 meus
1745 618 1846 658 dies:
1866 623 1907 659 et
1923 619 1954 659 si
1973 621 2189 661 tardavero

287 689 369 715 una
396 675 458 715 die
489 675 587 727 plus,
619 675 887 715 contristatur
914 676 1051 716 anima
1078 676 1173 716 eius.
1231 678 1245 699 ⁵
1274 676 1329 716 Et
1356 681 1464 716 certe
1493 675 1604 717 vides
1634 690 1712 730 quo
1742 677 1862 718 modo
1893 677 2098 719 adiuravit
2126 692 2190 720 me

296 734 454 777 itaquel.
487 734 597 773 euius
627 734 953 775 adiuramentum
985 747 1170 788 spernere
1198 748 1278 775 non
1310 748 1483 788 possum.

107 794 257 859 p‘i-f-isiiii'rn'
395 795 409 815 ‘³
440 793 551 833 Tunc
584 793 765 846 Rapliael
796 806 1003 834 assumens
1035 799 1231 847 quattuor
1260 807 1308 834 ex
1339 794 1462 833 servis
1498 794 1694 843 Raguelis.
1728 800 1765 835 et
1797 796 1898 836 duos
1929 796 2115 845 camelos,
2147 796 2187 837 in

294 853 419 902 stages
439 852 647 892 civitatem
663 853 872 893 Medorum
894 853 1088 906 perrexit:
1108 858 1147 893 et
1166 852 1374 894 inveniens
1392 853 1606 898 Gabelum,
1626 853 1803 895 reddidit
1822 854 1855 895 ei
1875 854 2188 908 chirographum

288 924 417 954 suum.
445 917 484 951 et
511 911 659 964 recepit
684 912 734 952 ab
760 926 804 952 eo
830 926 989 953 omnem
1017 911 1242 965 pecuniam.
1299 914 1312 935 ⁷
1340 912 1623 965 indicavitque
1648 912 1681 952 ei
1706 913 1755 953 de
1781 913 1909 954 Tobia
1933 914 2012 955 filio
2039 913 2187 956 Tobiae.

288 970 424 1011 onmia
454 984 543 1023 quat
569 977 685 1024 gesta
712 978 825 1011 sunt:
856 971 1030 1025 fecitque
1060 984 1151 1011 eum
1181 984 1316 1011 secum
1346 971 1481 1011 venire
1511 971 1561 1011 ad
1591 971 1767 1024 nuptias.

89 1031 274 1092 νῐξῇξιῖξιυυ·
395 1033 409 1051 ⁸
440 1030 621 1082 (¹umque
654 1030 851 1078 ingressus
882 1038 986 1070 esset
1017 1031 1183 1071 domum
1218 1030 1419 1080 Raguelis,
1455 1030 1610 1071 invenit
1642 1031 1811 1071 Tobiam
1843 1031 2188 1073 discumbentem:

134 1086 226 1128 dulcit.
288 1094 327 1128 et
354 1088 529 1132 exiliens,
559 1088 728 1128 osculati
755 1094 850 1129 sunt
876 1103 916 1129 se
942 1089 1133 1129 invicem:
1162 1094 1202 1129 et
1231 1089 1344 1130 flevit
1370 1090 1557 1133 Gabelus,
1588 1089 1877 1144 benedixitque
1904 1091 2049 1135 Deum,
2107 1092 2123 1115 ⁹
2149 1096 2188 1131 et

286 1147 407 1187 dixit:
435 1147 651 1188 Benedicat
672 1152 711 1187 te
729 1148 839 1188 Deus
862 1148 993 1191 lsrael.
1017 1148 1112 1202 quia
1132 1148 1238 1188 filius
1258 1162 1297 1188 es
1317 1149 1461 1202 optimi
1481 1149 1566 1193 viri.
1589 1154 1629 1189 et
1649 1148 1755 1193 iusti,
1778 1154 1818 1189 et
1838 1149 2020 1190 timentis
2040 1150 2186 1196 Deum,

285 1212 326 1247 et
354 1206 628 1259 eleemosynas
657 1207 860 1248 facientis:
918 1209 953 1231 ¹⁰
980 1213 1019 1248 et
1049 1208 1209 1248 dicatur
1237 1207 1463 1248 benedictio
1493 1221 1613 1261 super
1641 1221 1807 1248 uxorem
1838 1213 1965 1251 tuam.
1998 1215 2039 1249 et.
2067 1222 2189 1262 super

285 1271 471 1319 parentes
500 1271 673 1307 vestros:
732 1269 757 1290 ¹¹
789 1272 830 1307 et
857 1266 1029 1307 videatis
1058 1265 1158 1308 filios
1187 1272 1355 1310 vestros.
1387 1272 1427 1307 et
1455 1266 1555 1308 filios
1584 1267 1755 1308 filiorum
1787 1272 2027 1315 vestrorum,
2059 1281 2190 1321 usque

283 1324 323 1365 in
357 1324 520 1365 tertiam
555 1330 595 1365 et
629 1330 817 1378 quartam
850 1326 1170 1377 generationem:
1206 1331 1245 1366 et
1279 1325 1331 1366 sit
1364 1339 1499 1366 semen
1533 1331 1713 1366 vestrum
1749 1326 2010 1366 benedictum
2045 1340 2068 1367 a
2100 1327 2187 1367 Deo

288 1383 419 1426 lsrael.
446 1383 512 1437 qui
536 1390 677 1437 regnat
701 1385 739 1424 in
764 1385 909 1425 saeeula
930 1385 1179 1426 saeculorum.
1233 1387 1263 1408 ¹²
1285 1385 1468 1438 (Tinnque
1492 1398 1630 1426 omnes
1654 1384 1861 1433 dixissent,
1888 1385 2030 1430 Amen,
2057 1398 2187 1426 acces-

284 1449 422 1483 serunt
445 1443 496 1483 ad
519 1443 772 1484 convivium:
795 1445 862 1484 sed
886 1449 926 1484 et
948 1458 1039 1484 cum
1062 1445 1206 1485 timore
1227 1444 1391 1485 Domini
1414 1444 1651 1497 nuptiarum
1674 1443 1908 1485 convivium
1931 1444 2188 1485 exercebant.

467 1549 567 1599 Ill.
606 1549 955 1599 Illuminans
995 1549 1230 1599 Tobiam
1272 1549 1574 1609 seniorem,
1615 1550 1897 1611 lul—12,
1925 1548 2009 1600 22.

760 1641 798 1680 1.
828 1640 995 1681 Tobias
1025 1641 1176 1681 iunior
1205 1639 1465 1690 revertitur,
1493 1640 1560 1690 10,
1579 1640 1724 1680 143.

90 1714 264 1775 pssiiiictit'issffl
393 1712 452 1755 10.
508 1714 518 1736 1
548 1712 647 1753 Cum
676 1725 770 1753 vero
798 1725 930 1753 moras
956 1712 1108 1752 faceret
1135 1712 1166 1752 T
1170 1711 1294 1756 obias,
1325 1725 1447 1752 causa
1473 1711 1724 1765 nuptiarum,
1754 1711 1933 1753 solicitus
1960 1717 2048 1753 erat
2073 1717 2193 1765 pater

111 1770 134 1775 “⁷
231 1770 239 1775 “
285 1771 367 1811 eius
394 1771 551 1813 Tobias.
579 1771 733 1811 dicens:
760 1771 886 1812 Putas
914 1784 1037 1824 quare
1063 1776 1248 1812 moratur
1272 1770 1376 1811 filius
1402 1784 1527 1815 meus,
1556 1775 1629 1811 aut
1655 1783 1777 1823 quare
1804 1771 1994 1811 detentus
2020 1776 2081 1812 est
2106 1770 2189 1811 ibi?

281 1833 294 1854 ‘-’
325 1830 504 1871 Putasne
535 1830 711 1871 (jiabelus
743 1835 928 1871 mortuus
960 1836 1031 1875 est,
1065 1835 1105 1871 et
1136 1844 1254 1871 nemo
1285 1830 1427 1871 reddet
1458 1829 1513 1870 illi
1543 1829 1783 1883 pecuniam?
1841 1832 1857 1854 3
1887 1830 2021 1883 Coepit
2051 1835 2188 1871 autem

281 1889 511 1930 contristari
540 1890 657 1930 nimis
685 1889 769 1943 ipse
797 1894 838 1930 et
863 1890 982 1930 Anna
1012 1903 1114 1930 uxor
1141 1889 1224 1930 eius
1253 1903 1347 1931 cum
1376 1903 1440 1930 eo:
1471 1894 1511 1929 et
1539 1894 1750 1942 coeperunt
1779 1889 1899 1930 ambo
1928 1889 2048 1929 simul
2076 1888 2190 1930 flere:

281 1962 325 1989 eo
349 1949 457 2002 quod
479 1949 542 1989 die
564 1954 722 1990 statuto
744 1949 910 1989 minime
932 1954 1203 1989 reverteretur
1225 1948 1329 1989 filius
1351 1961 1490 1989 eorum
1513 1948 1565 1988 ad
1586 1962 1663 1989 eos.
1714 1950 1729 1972 4
1750 1948 1897 1989 Flebat
1917 1948 2039 2001 igitur
2060 1954 2192 1989 mater

281 2008 363 2048 eius
381 2008 744 2049 irremediabilibus
760 2008 961 2062 lacrymis,
982 2014 1107 2061 atque
1124 2008 1306 2048 dicebat:
1328 2007 1417 2048 Heu
1435 2007 1513 2047 heu
1531 2020 1594 2047 me
1612 2007 1667 2047 fili
1684 2007 1752 2056 mi,
1772 2012 1819 2047 ut
1836 2007 1934 2061 quid
1951 2012 1991 2048 te
2007 2007 2190 2048 misimus

280 2067 536 2120 peregrinari.
562 2067 699 2108 lumen
724 2067 931 2108 oculorum
958 2072 1201 2112 nostrornm,
1229 2067 1420 2107 baculum
1445 2066 1666 2107 senectutis
1690 2071 1851 2115 nostrae,
1879 2066 2070 2107 solatium
2096 2066 2193 2107 vitae

281 2131 439 2170 nostrae,
463 2140 575 2179 spem
595 2126 847 2180 posteritatis
869 2126 1040 2167 nosti-ze?
1088 2128 1103 2150 5
1124 2126 1273 2167 Omnia
1291 2126 1410 2166 simul
1430 2125 1471 2166 in
1491 2131 1531 2166 te
1552 2139 1632 2167 uno
1653 2125 1865 2171 habentes,
1888 2130 1928 2166 te
1949 2139 2031 2167 non
2052 2125 2191 2166 debui-

281 2199 370 2226 mus
393 2186 598 2226 dimittere
622 2199 640 2226 a
666 2186 792 2226 nobis.
847 2187 862 2209 ⁶
884 2185 955 2226 (fui
979 2185 1142 2225 dicebat
1164 2185 1329 2226 Tobias:
1355 2185 1470 2227 Tace.
1496 2191 1535 2224 et
1559 2184 1640 2225 noli
1662 2184 1831 2229 turbari,
1857 2197 1980 2225 sanus
2003 2190 2064 2225 est
2086 2184 2190 2225 filius

282 2250 435 2286 noster:
464 2244 561 2285 satis
590 2244 715 2285 fidelis
743 2250 803 2285 est
830 2244 892 2284 vir
917 2244 992 2289 ille,
1022 2257 1113 2284 cum
1142 2258 1220 2298 quo
1248 2244 1431 2284 misimus
1458 2257 1562 2284 eum.
1621 2245 1634 2266 ⁷
1664 2243 1739 2283 Illa
1765 2248 1902 2284 autem
1932 2243 2041 2285 nullo
2068 2244 2189 2285 modo

281 2304 475 2345 consolari
511 2309 681 2357 poterat.
715 2304 784 2344 sed
816 2303 996 2357 quotidie
1027 2303 1191 2344 exiliens
1222 2303 1586 2356 circumspiciebat,
1620 2308 1661 2343 et
1691 2302 1890 2343 circuibat
1920 2303 2007 2343 vias
2038 2316 2188 2347 omnes,

281 2376 351 2417 per
373 2377 471 2417 quas
493 2377 581 2417 spes
602 2362 806 2403 remeandi
829 2363 1059 2407 videbatur,
1082 2368 1128 2403 ut
1148 2362 1287 2415 procul
1310 2362 1466 2403 videret
1486 2375 1590 2407 eum,
1613 2361 1645 2401 si
1666 2361 1750 2402 fieri
1770 2367 1919 2415 posset,
1944 2361 2188 2402 venientem.

117 2427 242 2477 ,113ιὲ1101
390 2426 404 2446 ⁸
424 2423 478 2463 At
500 2436 593 2463 vero
617 2422 771 2472 Raguel
792 2422 956 2462 dicebat
976 2422 1027 2462 ad
1046 2435 1237 2472 generum
1260 2435 1396 2462 suum:
1418 2422 1538 2461 Mane
1558 2420 1633 2469 hic,
1657 2425 1697 2461 et
1717 2434 1788 2474 ego
1809 2420 1975 2461 mittam
1996 2421 2191 2461 nuncium

106 2471 244 2524 ζὲἰῗιῖῗῗιῗ
283 2482 424 2522 salutis
446 2482 494 2522 de
516 2488 555 2522 te
577 2482 628 2522 ad
650 2481 818 2522 'sobiam
843 2487 1000 2534 patrem
1022 2487 1153 2522 tuum.
1205 2483 1220 2505 ⁹
1240 2481 1311 2522 (fui
1333 2480 1481 2521 Tobias
1503 2480 1579 2520 ait:
1602 2480 1687 2533 Ego
1710 2479 1804 2521 novi
1827 2480 1923 2533 quia
1940 2485 2060 2533 pater
2078 2493 2191 2520 meus

281 2547 320 2581 et
340 2547 471 2581 mater
487 2554 579 2581 mea
596 2542 717 2581 modo
737 2540 820 2581 dies
839 2545 1096 2594 computant,
1118 2546 1159 2581 et
1176 2540 1381 2581 cruciatur
1398 2539 1563 2593 spiritus
1582 2552 1721 2580 eorum
1741 2539 1780 2579 in
1798 2539 1906 2592 ipsis.
1956 2541 1991 2563 1⁰
2009 2539 2192 2593 Cumque

280 2600 412 2641 verbis
432 2600 569 2640 multis
587 2608 748 2653 rogaret
770 2600 923 2656 Rag‘uel
942 2600 1123 2643 Tobiam,
1145 2605 1186 2640 et
1204 2599 1269 2640 ille
1287 2613 1378 2639 eum
1399 2598 1510 2639 nulla
1526 2598 1684 2639 ratione
1704 2598 1826 2639 vellet
1845 2598 1996 2641 audire.
2019 2598 2192 2639 tradidit

279 2660 312 2700 ei
334 2661 487 2700 Saram.
511 2666 550 2699 et
571 2659 781 2699 dimidiam
802 2664 961 2712 partem
983 2659 1113 2700 omnis
1134 2659 1376 2699 substantiae
1395 2671 1477 2698 suae
1499 2658 1541 2698 in
1562 2657 1707 2711 pueris,
1730 2657 1770 2697 in
1790 2657 1944 2710 puellis,
1967 2657 2008 2697 in
2028 2657 2192 2710 pecudi-

282 2719 366 2763 bus,
400 2719 438 2759 in
471 2718 644 2763 camelis,
678 2724 717 2759 et
748 2718 788 2758 in
819 2718 963 2761 vaccis.
997 2723 1036 2759 et
1068 2718 1106 2758 in
1138 2718 1312 2771 pecunia
1340 2717 1490 2758 multa:
1523 2722 1564 2757 et
1594 2716 1753 2757 salvum
1786 2722 1910 2770 atque
1940 2717 2189 2769 gaudentem

281 2778 433 2819 dimisit
454 2791 544 2818 eum
567 2791 589 2818 a
609 2791 661 2819 se.
711 2780 739 2801 ¹¹
762 2778 915 2818 dicens:
938 2777 1114 2827 Angelus
1134 2777 1299 2818 Domini
1320 2782 1485 2817 sanctus
1506 2776 1559 2816 sit
1578 2776 1617 2816 in
1638 2776 1781 2816 itinere
1801 2781 1949 2820 vestro,
1972 2776 2192 2829 perducat-

281 2850 358 2890 que
391 2851 461 2877 vos
495 2837 725 2879 incolumes,
760 2842 800 2877 et
832 2837 1048 2877 inveniatis
1081 2837 1219 2877 omnia
1248 2842 1356 2877 recte
1388 2836 1493 2876 eirca
1523 2841 1712 2888 parentes
1744 2839 1912 2877 vestros.
1948 2840 1989 2874 et
2020 2834 2192 2875 videant

281 2896 382 2937 oculi
414 2896 488 2936 mei
521 2896 620 2937 filios
650 2903 805 2937 vestros
836 2896 1072 2949 priusquam
1103 2896 1262 2936 moriar.
1318 2898 1348 2919 ¹²
1378 2895 1433 2935 Et
1463 2894 1814 2947 apprehendentes
1845 2898 2033 2946 parentes
2063 2893 2189 2934 filiam

282 2969 409 2998 suam.
439 2956 609 2996 osculati
639 2962 733 2996 sunt
764 2969 865 3001 eam,
897 2962 937 2995 et
966 2955 1207 2995 dimiserunt
1236 2955 1309 2995 ire:
1368 2957 1400 2979 1³
1428 2960 1640 2995 monentes
1670 2966 1758 2993 eam
1788 2953 1985 2994 honorare
2014 2966 2185 3001 soceros,

281 3014 441 3062 diligere
465 3015 670 3056 maritum.
696 3027 829 3063 regere
851 3014 1060 3055 familiam.
1084 3014 1309 3062 gubernare
1334 3014 1514 3055 domum.
1539 3018 1578 3053 et
1602 3011 1774 3065 seipsam
1798 3011 2189 3065 irreprehensibilem

281 3074 479 3114 exhibere.

801 3133 839 3172 2.
870 3131 989 3172 Patri
1021 3133 1170 3171 visum
1203 3131 1414 3181 restituit,
1442 3131 1510 3181 11,
1529 3130 1674 3170 1—21.
1981 3145 2000 3159 e

114 3205 239 3234 '’⁵³¹1·’¹“··¹
389 3204 447 3245 11.
505 3206 512 3227 1
538 3203 719 3257 Dumque
741 3207 1052 3245 reverterentur.
1076 3208 1353 3255 pervenerunt
1374 3203 1426 3242 ad
1447 3202 1619 3243 ‹that-an.
1644 3214 1734 3254 quae
1753 3206 1812 3240 est
1833 3200 1873 3240 in
1895 3199 2026 3240 medio
2050 3199 2193 3239 itinere

89 3241 423 3305 ¹'1¹:122-‹i-'sii't''²contra
457 3262 640 3303 Niniven.
676 3263 888 3303 undecimo
921 3262 994 3302 die.
1055 3264 1069 3285 ²
1103 3261 1300 3314 Dixitque
1332 3261 1528 3314 Angelus:
1562 3260 1691 3300 Tobia
1720 3260 1856 3302 frater.
1890 3258 1964 3299 scis
1997 3258 2191 3310 quemad-

111 3319 238 3372 {ffssss'f‘ffssffts
281 3321 445 3360 modum
484 3321 675 3373 reliquisti
712 3327 867 3374 patrem
903 3327 1033 3361 tuum.
1095 3323 1110 3344 ³³
1143 3320 1183 3360 Si
1223 3321 1354 3373 placet
1388 3321 1527 3373 itaque
1562 3319 1647 3363 tibi.
1683 3319 1971 3372 praecedamus.
2007 3322 2048 3357 et
2080 3316 2190 3357 lento

280 3380 404 3428 gradu
432 3386 654 3432 sequantur
679 3381 753 3420 iter
776 3387 958 3421 nostrum
987 3379 1159 3422 samilite,
1187 3379 1303 3419 simul
1330 3393 1420 3419 cum
1446 3379 1615 3427 coniuge
1642 3383 1723 3419 tua.
1752 3383 1793 3417 et
1815 3389 1906 3417 cum
1932 3375 2188 3416 animalibus.

283 3441 297 3462 ⁴
323 3440 505 3491 (funique
533 3439 604 3477 boe
634 3439 847 3491 placuisset
875 3446 921 3479 ut
948 3440 1062 3482 irent.
1091 3439 1189 3479 dixit
1228 3438 1404 3490 l‘x‘apliael
1434 3438 1485 3478 ad
1512 3437 1702 3478 Tobiam:
1731 3436 1840 3476 Tolle
1867 3441 1999 3475 tecum
2029 3448 2077 3475 ex
2104 3434 2193 3475 felle

280 3498 417 3551 piscis:
442 3498 512 3537 erit
538 3498 640 3537 enini
668 3498 948 3538 necessarium.
974 3498 1078 3537 Tulit
1108 3498 1244 3550 itaque
1269 3498 1415 3537 'l'obias
1439 3510 1487 3536 ex
1510 3496 1599 3537 felle
1622 3496 1699 3536 illo.
1727 3501 1765 3536 et
1789 3495 1988 3535 abierunt.
2038 3496 2052 3517 ⁵
2074 3494 2195 3534 Anna
