2356 3760
145 772 194 795 fest
203 778 248 795 ιιιιι

106 810 231 831 ›enteews
248 814 285 832 νζ.

142 1250 213 1274 festu
220 1257 245 1273 ιιι

127 1286 258 1310 taberna·

121 1320 263 1346 culorum:

104 1622 188 1639 ‹mms-
209 1622 279 1638 ma:-

103 1650 230 1675 culinum
246 1650 281 1674 :nil

90 1687 286 1710 sarii·tiiariiiiii

140 1728 192 1746 ven
198 1723 201 1744 i
207 1723 245 1745 at.

117 2023 155 2046 De
177 2022 276 2046 iudici-

147 2058 197 2081 bus
218 2060 245 2082 vt

120 2093 272 2122 inagis-tris.

303 94 376 134 1438
1184 89 1333 124 LIBER
1967 92 2019 133 16,
2046 92 2165 133 4-17,
2191 93 2210 126 e

306 198 462 238 panem.
494 183 687 237 quoniam
715 183 755 223 in
784 196 934 236 pavore
962 195 1141 235 egressus
1169 196 1208 223 es
1237 183 1286 222 de
1314 183 1511 236 rEg-ypto:
1541 188 1588 223 ut
1615 183 1843 223 memineris
1871 184 1949 225 diei
1977 186 2210 237 egressionis

304 249 384 284 tute
405 243 453 283 de
474 243 666 296 AEgypto,
689 242 877 282 omnibus
897 241 1038 281 diebus
1060 241 1156 281 vita>
1175 246 1267 281 tuae.
1316 243 1330 265 ·1
1352 241 1442 281 Non
1463 241 1679 294 apparebit
1696 241 1944 283 fermentum
1963 237 2210 284 in‘omnibus

301 302 484 342 terminis
512 302 592 342 tuis
619 306 775 353 septem
803 300 957 347 diebus,
986 303 1026 340 et
1054 311 1135 339 non
1161 299 1389 340 remanebit
1415 299 1464 340 de
1491 300 1678 340 carnibus
1706 300 1788 340 eius
1817 301 1927 354 quod
1952 301 2212 343 immolatum

301 369 363 401 est
389 373 553 414 vespere
579 360 619 400 in
647 359 710 399 die
737 359 866 411 primo
894 371 1020 411 usque
1047 370 1177 398 mane.
1232 359 1247 382 5
1275 358 1365 398 Non
1393 358 1542 411 poteris
1569 358 1777 399 immola-re
1803 359 1934 401 Phase
1960 360 2001 400 in
2028 361 2211 414 qualibet

303 419 464 460 urbium
492 424 669 460 tuarum.
701 430 801 470 quas
828 416 1029 457 Dominus
1056 416 1166 456 Deus
1196 424 1289 457 tuus
1318 417 1488 457 daturus
1516 421 1577 457 est
1605 417 1697 462 tibi:
1755 419 1771 441 ⁶
1797 418 1867 458 sed
1893 418 1934 459 in
1961 418 2060 468 loco,
2091 432 2211 472 quem

302 478 466 527 eleg-orit
490 477 691 517 Dominus
718 476 827 515 Deus
855 480 962 522 tuus,
991 479 1038 515 ut
1062 474 1223 515 habitet
1250 488 1396 515 nomen
1423 475 1506 515 eius
1533 475 1605 515 ibi:
1634 475 1862 517 immolabis
1889 477 2019 518 Phase
2045 490 2210 531 vespere

303 537 355 577 ad
377 536 469 576 solis
491 548 691 578 occasum,
717 534 881 587 quando
904 546 1083 587 egressus
1106 547 1145 574 es
1168 534 1216 574 de
1238 534 1430 587 AEgypto.
1483 535 1497 557 ⁷
1520 534 1575 574 Et
1596 547 1755 587 coques,
1779 540 1820 575 et
1841 536 2026 577 comedes
2048 536 2089 576 in
2110 536 2209 583 loco,

305 608 424 647 quein
450 594 610 645 elegerit
636 593 836 634 Dominus
861 593 971 633 Deus
996 597 1103 635 tuus.
1130 605 1331 646 maneque
1356 605 1598 645 consurgens
1624 593 1748 633 vades
1772 593 1813 633 in
1838 594 2103 635 tabernacula
2126 600 2209 636 tua.

306 656 319 675 '³
345 654 422 693 Sex
448 653 589 693 diebus
615 652 800 693 comedes
826 665 989 705 azyma:
1016 656 1057 692 et
1082 652 1121 691 ιιι
1147 651 1209 691 die
1235 651 1421 704 septima.
1450 651 1542 704 quia
1569 651 1737 692 collecta
1761 658 1823 693 est
1847 653 2012 693 Domini
2036 654 2112 694 Dei
2137 653 2210 696 tui.

305 725 380 753 non
416 712 533 752 facies
565 724 677 764 opus.

411 775 425 793 ²⁹
464 772 629 823 Septem
668 769 947 810 hebdomadas
987 769 1219 809 numerabis
1259 769 1334 809 tibi
1371 769 1422 809 ab
1462 782 1509 809 ea
1547 769 1610 809 die
1650 782 1731 822 qua
1769 769 1916 811 falcem
1955 771 1997 811 in
2036 775 2212 823 segetem

304 830 467 870 miseris.
514 831 548 853 10
566 834 607 869 et
627 828 847 869 celebrabis
869 828 976 869 diem
998 828 1147 868 festum
1169 827 1521 868 hebdomadarum
1543 828 1719 869 Domino
1741 828 1828 869 Deo
1852 833 1935 877 tuo,
1960 829 2211 870 oblationem

301 894 571 941 spontaneam
612 901 757 928 manus
800 894 890 930 tute.
941 900 1062 940 quam
1106 887 1246 927 ol‘l'eres
1288 886 1404 927 iuxta
1446 886 1770 927 benedictionem
1809 887 1975 928 Domini
2014 888 2091 928 Dei
2131 888 2209 928 tui:

305 950 328 971 11
362 954 401 988 et
431 946 656 1000 epulaberis
686 959 823 987 coram
847 946 1024 986 Domino
1050 946 1136 986 Deo
1167 950 1250 994 tuo,
1284 950 1340 993 tu,
1379 945 1481 985 filius
1507 950 1614 993 tuus,
1648 950 1689 986 et
1716 945 1799 986 filia
1822 951 1906 994 tua,
1938 959 2077 987 servus
2102 951 2210 995 tuus,

302 1014 341 1047 et
369 1006 512 1046 ancilla
541 1011 623 1046 tua.
651 1010 690 1045 et
722 1005 883 1045 Levites
915 1005 982 1058 qui
1014 1009 1075 1044 est
1091 1004 1196 1044 intra
1227 1009 1365 1058 portas
1396 1009 1500 1052 tuas,
1533 1005 1694 1045 advena
1723 1018 1769 1045 ac
1800 1004 1978 1059 pupillus
2008 1010 2050 1046 et
2073 1005 2210 1053 vidua,

302 1065 369 1118 qui
401 1070 612 1105 morantur
642 1063 871 1104 vobiscum:
917 1064 955 1103 ιιι
985 1063 1072 1104 loco
1102 1076 1222 1116 quem
1253 1063 1415 1117 elegerit
1448 1063 1649 1104 Dominus
1680 1064 1789 1104 Deus
1819 1069 1927 1113 tuus,
1968 1069 2015 1105 ut
2052 1064 2213 1105 habitet

303 1136 450 1164 nomen
471 1123 553 1164 eius
574 1122 647 1163 ibi:
699 1124 727 1146 ¹2
748 1127 787 1162 et
808 1122 1081 1162 recordaberis
1106 1122 1300 1175 quoniam
1328 1135 1467 1162 servus
1490 1122 1613 1162 fueris
1636 1122 1677 1163 in
1701 1122 1899 1176 AEgypto:
1928 1123 2212 1176 custodiesque

302 1196 346 1223 ae
379 1182 499 1222 facies
532 1195 622 1235 quae
652 1186 853 1234 praecepta
885 1186 991 1222 sunt.

406 1255 436 1276 ¹³
459 1251 785 1292 Sollemnitatem
816 1264 977 1304 quoque
1006 1250 1364 1291 tabernaeulorum
1393 1249 1613 1290 celebrabis
1641 1264 1712 1304 per
1739 1256 1897 1304 septem
1926 1250 2021 1299 dies,
2049 1251 2213 1305 quando

301 1311 502 1363 collegeris
530 1310 579 1350 de
606 1323 697 1350 area
725 1315 764 1350 et
794 1309 981 1350 torculari
1010 1310 1143 1363 fruges
1171 1315 1281 1350 tuas:
1338 1311 1368 1333 11
1395 1313 1436 1349 et
1462 1308 1689 1362 epulaberis
1715 1309 1757 1350 in
1783 1310 2010 1351 festivitate
2038 1315 2122 1358 tua,
2152 1314 2210 1353 tu.

305 1370 405 1410 filius
435 1375 542 1412 tuus.
572 1374 613 1409 et
643 1368 735 1415 filia,
766 1381 904 1409 servus
934 1373 1028 1409 tuus
1056 1373 1097 1409 et
1125 1368 1281 1412 ancilla,
1312 1368 1473 1408 Levites
1503 1381 1665 1421 quoque
1693 1373 1733 1409 et
1761 1369 1932 1417 advena,
1962 1368 2139 1422 pupillus
2168 1382 2213 1409 ae

300 1429 421 1469 vidua
447 1428 515 1482 qui
537 1428 643 1468 intra
668 1434 805 1481 portas
829 1432 921 1468 tuas
944 1432 1051 1468 sunt.
1104 1429 1134 1451 ¹⁵
1156 1428 1322 1480 Septem
1344 1427 1486 1467 diebus
1508 1427 1686 1467 Domino
1708 1428 1795 1468 Deo
1818 1432 1890 1469 tuo
1912 1428 2018 1468 festa
2039 1427 2213 1468 celebra-

303 1488 360 1527 ¹ois
380 1488 419 1528 in
440 1487 537 1533 loco,
561 1500 682 1540 quem
701 1486 863 1538 elegerit
883 1486 1102 1527 Dominus:
1125 1486 1418 1539 benedicetque
1439 1486 1512 1526 tibi
1531 1486 1732 1527 Dominus
1752 1487 1862 1527 Deus
1882 1491 1977 1527 tuus
1996 1486 2037 1526 in
2057 1486 2212 1527 cunctis

302 1547 481 1595 [rutubus
512 1546 604 1588 tuis.
638 1551 679 1586 et
710 1546 749 1585 in
780 1545 889 1586 omni
921 1558 1039 1598 opere
1070 1558 1268 1586 manuum
1299 1550 1476 1593 tuarum,
1510 1545 1666 1598 erisque
1697 1546 1737 1585 in
1769 1545 1921 1587 laetitia.

408 1619 438 1640 ¹⁴³
465 1617 609 1657 Tribus
637 1616 792 1656 vicibus
819 1629 890 1669 per
915 1628 1069 1655 annum
1097 1615 1311 1669 apparebit
1339 1628 1457 1656 omne
1484 1615 1754 1656 masculinum
1781 1620 1900 1656 tuum
1926 1615 1967 1656 in
1993 1623 2213 1670 conspectu

303 1676 462 1716 Domini
492 1675 564 1716 Dei
594 1675 653 1715 tui
681 1675 721 1715 in
748 1674 835 1715 loco
865 1688 985 1728 quem
1013 1673 1193 1727 elegerit:
1223 1674 1263 1714 in
1291 1674 1564 1715 sollemnitate
1592 1687 1842 1728 azymorum,
1872 1674 1913 1715 in
1940 1675 2214 1715 sollemnitate

302 1734 663 1778 hebdomadarum,
687 1739 728 1775 et
748 1734 788 1774 in
809 1733 1083 1775 sollemnitate
1104 1732 1474 1774 tabernaculorum.
1501 1733 1614 1773 aNon
1636 1733 1852 1786 apparebit
1873 1738 1968 1774 ante
1988 1734 2213 1775 Dominum

300 1808 470 1835 vacuus:
524 1795 557 1817 ¹⁷
583 1793 652 1833 sed
677 1793 819 1833 offeret
845 1792 1123 1845 unusquisque
1148 1792 1372 1833 secundum
1398 1792 1508 1845 quod
1532 1792 1722 1833 habuerit
1746 1792 1863 1833 iuxta
1887 1793 2211 1833 benedictionem

300 1853 463 1893 Domini
498 1852 572 1893 Dei
605 1852 677 1896 sui,
714 1865 834 1906 quam
871 1851 1028 1892 dederit
1060 1851 1105 1892 ei.

690 1956 728 1995 6.
761 1956 997 2006 Praecepta
1028 1955 1083 1995 de
1115 1955 1337 1995 ministris
1368 1955 1462 2006 Dei,
1490 1954 1748 2006 16‚18—18,
1767 1956 1832 1996 22.

411 2025 441 2047 ¹³
469 2023 625 2064 Iudices
651 2027 692 2063 et
715 2021 930 2075 magistros
955 2021 1178 2061 constitues
1203 2021 1243 2061 in
1269 2021 1457 2061 omnibus
1481 2020 1610 2074 portis
1634 2021 1727 2069 tuis,
1755 2034 1855 2074 quas
1879 2021 2080 2062 Dominus
2104 2022 2214 2062 Deus

306 2090 397 2122 tuus
432 2082 589 2123 dederit
623 2081 709 2123 tibi.
745 2093 816 2134 per
849 2078 1026 2131 singulas
1061 2080 1190 2120 tribus
1224 2085 1335 2120 tuas:
1380 2084 1427 2120 ut
1459 2079 1640 2120 iudicent
1672 2079 1871 2133 populum
1904 2079 2011 2121 iusto
2052 2080 2213 2125 iudicio,

304 2143 335 2165 ¹¹³
366 2154 437 2181 net·
469 2141 509 2181 in
542 2140 711 2181 alteram
742 2143 903 2192 partem
935 2138 1149 2179 declinent.
1188 2139 1301 2179 bNon
1332 2138 1502 2192 accipies
1534 2151 1761 2192 personam,
1796 2152 1868 2179 nec
1899 2152 2086 2180 munera:
2121 2139 2213 2193 quia

303 2213 470 2240 munera
502 2204 709 2241 excaecant
742 2197 877 2239 oculos
910 2198 1155 2251 sapientum.
1191 2203 1231 2238 et
1263 2202 1430 2238 mutant
1465 2198 1587 2238 verba
1619 2197 1831 2239 iustorum.
1892 2199 1928 2221 ²⁰
1962 2198 2072 2239 Iuste
2106 2198 2215 2252 quod

303 2259 453 2299 iustum
483 2264 543 2299 est
570 2257 838 2312 persequeris:
869 2262 916 2297 ut.
943 2257 1059 2297 vivas
1088 2261 1129 2297 et
1156 2256 1362 2310 possideas
1392 2257 1568 2301 Terram,
1600 2270 1724 2310 quani
1751 2256 1952 2297 Dominus
1980 2257 2090 2297 Deus
2119 2262 2214 2298 tuus

301 2318 457 2358 dederit
490 2318 575 2359 tibi.
638 2319 669 2342 '2¹
707 2317 798 2357 Non
831 2316 1036 2369 plantabis
1068 2315 1217 2364 lucum,
1253 2320 1294 2357 et
1326 2329 1488 2356 omnem
1522 2316 1707 2357 arborem
1739 2316 1857 2356 iuxta
1889 2315 2015 2356 altare
2048 2316 2213 2356 Domini

306 2377 374 2417 Dei
407 2377 478 2418 tui.
538 2379 569 2401 ‘22
604 2377 684 2417 Nec
713 2375 835 2416 facies
867 2374 954 2420 tibi,
987 2388 1117 2428 neque
1148 2374 1371 2415 constitues
1402 2379 1604 2415 statuam:
1637 2388 1727 2428 quae
1757 2374 1844 2416 odit
1873 2374 2074 2415 Dominus
2104 2375 2214 2416 Deus

307 2444 410 2476 tuus.
471 2436 533 2478 17.
578 2438 589 2459 1
610 2435 701 2475 Non
722 2433 952 2474 immolabis
973 2434 1150 2474 Domino
1173 2434 1259 2474 Deo
1286 2439 1358 2474 tuo
1380 2447 1510 2481 ovem,
1534 2439 1576 2476 et
1602 2434 1761 2478 bovem,
1784 2433 1826 2474 in
1853 2446 1932 2487 quo
1954 2438 2016 2474 est
2041 2433 2212 2476 macula.

301 2503 373 2535 aut
401 2495 611 2548 quippiam
638 2493 746 2534 vitii:
776 2493 871 2546 quia
897 2492 1149 2533 abominatio
1176 2497 1238 2534 est
1262 2492 1440 2533 Domino
1466 2493 1553 2533 Deo
1579 2497 1664 2534 tuo.
1719 2495 1734 2517 2
1760 2493 1862 2533 Cum
1886 2492 2036 2546 reperti
2061 2492 2213 2534 fuerint

302 2554 412 2606 apud
442 2559 481 2594 te
511 2554 616 2593 intra
649 2565 774 2592 unam
803 2556 1016 2605 portarum
1046 2557 1224 2595 tuarum,
1258 2565 1358 2605 quas
1388 2552 1589 2592 Dominus
1619 2552 1730 2592 Deus
1760 2556 1855 2592 tuus
1886 2551 2003 2592 dabit
2033 2551 2119 2600 tibi,
2153 2551 2216 2593 vir

301 2617 373 2652 aut
406 2612 548 2652 mulier
581 2611 649 2665 qui
680 2611 835 2651 faciant
866 2610 1020 2651 malum
1052 2610 1092 2650 in
1125 2616 1345 2664 conspectu
1377 2610 1543 2651 Domini
1574 2610 1651 2651 Dei
1682 2611 1755 2653 tui.
1789 2616 1831 2651 et
1861 2610 2214 2663 transgrediantur

304 2678 469 2724 pat-tum
492 2671 609 2713 illius.
661 2673 676 2695 3
698 2675 745 2711 ut
768 2670 925 2710 vadant
947 2674 988 2710 et
1009 2669 1190 2710 serviant
1212 2670 1287 2710 diis
1311 2669 1462 2717 alienis,
1487 2675 1529 2710 et
1551 2670 1723 2711 adorent
1745 2683 1822 2717 eos,
1848 2669 1973 2723 solem
1995 2675 2037 2710 et
2058 2669 2210 2712 lunam.

302 2736 340 2769 et
358 2744 518 2770 «minem
534 2729 723 2770 militiam
739 2728 834 2773 caeli,
854 2742 943 2782 quie
959 2741 1038 2769 non
1055 2729 1244 2782 praecepi:
1287 2731 1302 2753 ⁴
1317 2733 1358 2769 et
1372 2729 1448 2769 hoc
1464 2728 1537 2769 tibi
1553 2729 1677 2769 fuerit
1691 2728 1945 2775 nunciatum,
1963 2728 2213 2782 audiensque

303 2789 527 2841 inquisieris
559 2788 782 2841 diligenter,
816 2793 856 2827 et
887 2800 1028 2827 verum
1059 2801 1143 2827 esse
1173 2787 1377 2841 repereris,
1411 2792 1451 2829 et
1483 2787 1734 2828 abominatio
1765 2788 1876 2828 faeta
1907 2792 1968 2827 est
1997 2787 2038 2827 in
2071 2786 2212 2828 Israel:

351 2847 494 2887 educes
530 2848 662 2888 virum
699 2860 744 2887 ac
780 2846 1000 2888 mulierem.
1040 2846 1106 2899 qui
1142 2859 1226 2887 rem
1261 2846 1614 2887 sceleratissimam
1648 2850 1949 2900 perpetrarunt,
1987 2846 2040 2886 ad
2073 2851 2213 2899 portas

302 2906 480 2946 ‹ix-itatis
505 2912 595 2949 tuae,
621 2912 661 2946 et
682 2905 885 2959 lapidibus
909 2905 1143 2946 obruentur.
1199 2908 1213 2928 '³
1242 2906 1307 2946 6[ιι
1330 2918 1396 2946 ore
1419 2905 1604 2950 duorum,
1630 2910 1703 2946 aut
1724 2905 1849 2946 trium
1871 2904 2040 2945 testium
2063 2904 2213 2958 peribit

303 2965 368 3017 qui
400 2965 675 3006 interficietur.
709 2965 836 3005 Nemo
865 2964 1085 3012 occidatur,
1116 2978 1195 3004 uno
1224 2969 1367 3005 eontra
1393 2978 1433 3004 se
1461 2964 1621 3005 dicente
1648 2964 1941 3005 testimonium.
2001 2965 2014 2987 ⁷
2046 2964 2212 3004 <1Manus

303 3023 470 3064 testium
495 3024 621 3076 prima
642 3023 857 3064 interficiet
879 3036 983 3070 eum,
1006 3028 1046 3063 et
1066 3036 1210 3063 manus
1231 3022 1372 3076 reliqui
1393 3023 1533 3076 populi
1553 3029 1737 3064 extrema
1756 3023 1963 3064 mittetur:
1985 3028 2032 3063 ut
2052 3023 2211 3063 auferas

305 3082 455 3122 malum
479 3083 526 3122 de
551 3082 681 3122 medio
706 3082 776 3123 tui.
831 3086 846 3106 ⁸
868 3082 905 3123 Si
931 3081 1096 3122 difficile
1119 3086 1159 3121 et
1182 3082 1419 3135 ambiguum
1443 3082 1554 3134 apud
1577 3087 1615 3122 te
1638 3082 1833 3122 iudicium
1855 3095 1939 3122 esse
1962 3081 2212 3135 perspexeris

304 3141 407 3180 ina-1·
434 3141 669 3186 sanquinem
699 3147 739 3181 et
766 3141 1016 3193 sanguinem,
1046 3154 1210 3181 causam
1239 3145 1279 3181 et
1306 3154 1483 3187 (allisam,
1514 3140 1667 3194 lepra-m
1695 3146 1736 3182 et
1762 3140 1934 3194 lepram:
1965 3144 2006 3181 et
2032 3139 2210 3180 iudicum

304 3200 407 3239 intra
437 3207 572 3252 portas
601 3206 691 3240 tuas
720 3200 864 3239 videris
890 3200 1015 3240 verba
1042 3199 1206 3240 variari:
1234 3213 1362 3251 surge,
1390 3205 1431 3240 et
1456 3199 1627 3240 ascende
1654 3200 1705 3241 ad
1729 3199 1875 3249 locum,
1905 3212 2025 3253 quem
2051 3198 2212 3252 elegerit

307 3258 501 3298 Doininus
533 3260 638 3299 Deus
668 3265 771 3298 tuus.
831 3262 845 3282 ³
878 3258 1121 3312 “Veniesque
1149 3258 1200 3298 ad
1228 3258 1455 3299 sacerdotes
1489 3258 1653 3298 Levitiei
1680 3259 1847 3313 generis,
1877 3263 1918 3298 et
1944 3257 1997 3298 ad
2022 3257 2210 3298 iudicem.

438 3385 488 3424 16,
508 3386 546 3417 lo*
564 3385 635 3417 alix
653 3385 705 3418 23.
728 3387 779 3419 1⁴3:
806 3386 858 3419 ΞΗ.
877 3388 933 3419 24);
960 3385 1012 3419 Sir
1028 3386 1080 3423 35,
1099 3387 1126 3417 ⁴5.
1172 3407 1196 3409 κ-
1225 3386 1262 3418 19
1280 3385 1353 3418 bEx
1369 3387 1421 3421 23,
1439 3385 1474 3419 8:
1504 3385 1551 3418 Lv
1573 3387 1621 3425 19,
1642 3386 1695 3426 1ἵ);
1722 3386 1792 3429 Sup
1810 3386 1840 3424 1,
1859 3385 1914 3420 17:
1940 3384 1993 3418 Sir
2017 3385 2068 3420 20.
2094 3385 2144 3417 31.

306 3432 355 3470 17,
374 3435 393 3463 ti
416 3431 488 3463 'inl'
510 3433 558 3464 w,
582 3433 633 3468 15:
661 3432 711 3464 Mt
735 3435 781 3465 18.
807 3435 857 3465 1⁴3:
885 3433 1055 3472 2t'0rl3,
1078 3434 1103 3465 1.
1168 3454 1172 3456 -
1200 3433 1217 3465 7
1233 3433 1324 3476 dSup
1344 3434 1394 3471 123,
1414 3434 1442 3465 Si.
1472 3454 1511 3456 w
1535 3434 1555 3465 ,Ἰ
1576 3434 1612 3465 02
1636 3433 1697 3466 Par
1715 3433 1766 3465 19.
1786 3432 1835 3465 10.
