2356 3760
319 144 394 184 332
1166 141 1309 173 LIBER
1336 141 1382 174 Il.
1944 142 1996 182 18,
2024 144 2165 183 25-19,
2194 144 2237 177 16

321 243 488 290 propter
515 249 652 276 currus
681 242 721 276 et
749 235 929 288 equites?
985 236 1016 258 ²5
1046 234 1257 288 Numquid
1284 234 1368 274 sine
1395 234 1561 275 Domini
1591 235 1803 275 voluntate
1831 236 1993 276 ascendi
2020 237 2072 277 ad
2101 236 2235 277 locum

319 295 457 339 istum,
480 300 524 335 ut
544 294 758 335 demolirer
777 293 894 334 eum?
915 293 1115 334 Dominus
1136 292 1240 334 dixit
1259 292 1377 333 mihi:
1398 293 1581 334 Ascende
1601 293 1653 334 ad
1673 300 1823 334 terram
1842 294 1959 341 hanc,
1981 299 2022 336 et
2041 295 2235 336 demolire

320 367 421 394 eam.
466 355 501 377 '2⁶
517 353 719 393 Dixerunt
737 358 875 392 autem
896 351 1063 392 Eliaeim
1080 351 1184 392 filius
1202 351 1363 395 Helciae,
1381 357 1419 391 et
1436 352 1585 397 Sohna,
1604 358 1644 393 et
1662 352 1784 393 loahe
1802 352 1996 393 Rabsaci:
2014 353 2235 395 Precamur

320 418 365 453 ut
392 412 569 465 loquaris
598 411 712 451 nobis
740 410 864 451 servis
894 410 972 451 tuis
999 410 1181 464 Syria-ce:
1210 410 1409 464 siquidem
1438 410 1699 463 intelligimus
1728 411 1830 452 hanc
1859 411 2057 464 linguam:
2085 418 2126 453 et
2152 426 2234 454 non

318 471 496 525 loquaris
527 470 641 509 nobis
673 469 848 513 iudaice,
881 469 1071 510 audiente
1102 469 1263 522 populo,
1295 469 1361 523 qui
1393 474 1453 510 est
1480 482 1602 522 super
1628 482 1803 511 murum.
1860 471 1893 494 ²⁷
1926 471 2235 524 Responditque

319 530 374 571 eis
396 530 611 571 Rabsaces.
633 528 788 569 dicens:
812 528 1022 582 Numquid
1041 528 1093 569 ad
1113 528 1323 569 dominum
1346 534 1475 572 tuum.
1496 533 1537 569 et
1556 528 1608 569 ad
1627 533 1666 569 te
1685 528 1797 569 misit
1815 542 1878 569 me
1897 528 2087 570 dominus
2107 542 2233 573 meuS.

320 594 365 629 ut
384 588 569 641 loquerer
588 600 791 628 sermones
812 587 896 630 hos.
919 593 958 627 et
979 600 1059 627 non
1082 587 1216 640 potius
1237 587 1289 627 ad
1308 587 1428 629 viros.
1452 587 1521 640 qui
1540 587 1682 628 sedent
1702 600 1823 640 super
1841 600 2016 635 murum,
2038 592 2085 629 ut
2104 601 2235 629 001110-

320 649 421 687 dant
449 654 625 687 stercora
654 660 738 690 sua,
769 653 807 686 et
837 646 981 686 bibant
1009 646 1168 686 urinam
1196 659 1312 686 suam
1341 645 1577 687 vobiscum?
1633 647 1668 670 ²⁸
1694 646 1820 687 Stetit
1847 646 1986 700 itaque
2016 646 2232 694 Rabsaces,

319 711 359 746 et
375 705 621 745 exclamavit
638 718 735 745 voce
752 718 901 757 magna.
918 705 1092 748 Iudaice.
1110 710 1149 745 01
1166 704 1241 745 ait:
1260 704 1410 745 Audite
1423 705 1548 746 verba
1559 704 1661 755 regis
1677 705 1825 759 magni,
1842 705 1944 758 regis
1960 705 2232 759 Assyriorum.

319 766 353 789 2⁹
377 764 474 805 Haec
498 764 595 804 dicit
619 777 706 803 rex:
735 764 824 804 Non
848 777 920 805 vos
943 764 1112 804 seducat
1139 763 1348 804 Ezechias:
1374 776 1455 804 non
1478 763 1584 804 enim
1608 764 1759 817 poterit
1782 777 1919 805 eruere
1942 777 2014 805 vos
2037 764 2086 805 de
2109 777 2234 805 manu

318 837 420 864 mea.
477 826 513 847 ³⁰
543 823 682 876 Neque
712 823 902 863 fiduciam
932 822 1047 863 vobis
1078 822 1233 863 tribuat
1260 835 1381 876 super
1408 822 1644 867 Dominum,
1675 822 1830 863 dicens:
1861 823 2017 864 Eruens
2045 822 2235 864 liberabit

318 896 390 923 nos
420 882 634 927 Dominus,
667 888 705 922 et
737 895 817 922 non
850 882 1034 922 tradetur
1063 881 1207 922 civitas
1237 882 1322 922 haee
1352 882 1392 922 in
1422 895 1544 922 manu
1576 881 1677 935 regis
1707 882 1978 935 Assyriorum.
2037 884 2068 906 ³¹
2100 881 2235 923 Nolite

318 941 457 982 audire
486 941 715 982 Ezechiam.
751 941 845 981 Hzec
873 940 977 981 enim
1007 940 1106 981 dicit
1133 953 1202 981 rex
1232 940 1508 994 Assyriorum:
1537 940 1677 981 Facite
1704 954 1864 982 mecum
1893 941 2003 995 quod
2031 940 2146 982 vobis
2174 946 2235 981 est

318 1000 429 1043 utile.
459 1007 498 1041 et
525 1000 761 1053 egredimini
788 1001 839 1040 ad
865 1013 946 1040 me:
976 1006 1014 1041 et
1042 1000 1227 1041 comedet
1256 1000 1534 1053 unusquisque
1560 1000 1609 1040 de
1637 1000 1756 1040 vinea
1781 1013 1865 1046 sua,
1894 1005 1935 1041 et
1961 1000 2010 1040 de
2037 1000 2114 1040 ficu
2141 1012 2233 1040 sua:

318 1065 358 1100 et
381 1059 527 1100 bibetis
550 1072 677 1112 aquas
699 1059 748 1099 de
769 1059 953 1099 cisternis
978 1059 1134 1103 vestris,
1184 1061 1216 1083 ³2
1238 1059 1364 1099 donec
1387 1059 1562 1103 veniam.
1586 1064 1626 1100 et
1648 1059 1890 1099 transferam
1913 1072 1985 1100 vos
2007 1058 2048 1098 in
2068 1063 2233 1103 terram,

319 1132 408 1172 qnae
434 1118 572 1158 similis
599 1123 660 1158 est
686 1122 802 1158 terrae
828 1124 984 1163 vestrae,
1013 1118 1053 1158 in
1080 1123 1230 1159 terram
1256 1118 1522 1163 fructiferam,
1550 1123 1591 1159 et
1615 1118 1789 1159 fertilem
1816 1117 1912 1163 vini,
1941 1122 2092 1158 terram
2118 1116 2235 1170 panis

317 1184 358 1218 et
380 1177 603 1220 vinearum.
628 1182 778 1217 terram
801 1176 1012 1223 olivarum,
1037 1182 1076 1218 et
1098 1177 1173 1218 olei
1195 1190 1241 1218 ac
1262 1176 1402 1223 mellis,
1426 1183 1465 1218 01
1488 1177 1648 1226 vivetis,
1672 1183 1712 1218 et
1733 1190 1815 1218 non
1835 1176 2075 1218 moriemini.
2101 1175 2236 1217 Nolite

318 1236 457 1276 audire
489 1236 721 1280 Ezechiam,
758 1236 826 1290 qui
860 1249 931 1277 vos
966 1235 1129 1290 decipit,
1165 1236 1320 1277 dicens:
1355 1236 1556 1277 Dominus
1590 1236 1780 1277 liberabit
1812 1249 1896 1277 nos.
1958 1238 1991 1260 3³
2024 1234 2236 1289 Numquid

317 1295 594 1336 liberaverunt
627 1295 681 1336 dii
715 1295 909 1336 Gentium
942 1301 1093 1336 terram
1126 1308 1242 1336 suam
1276 1296 1324 1336 de
1357 1309 1482 1336 manu
1515 1295 1617 1349 regis
1649 1295 1934 1349 Assyriorum?
1995 1296 2027 1319 ³⁴
2061 1293 2142 1335 Ubi
2175 1299 2235 1334 est

316 1354 427 1395 Deus
451 1354 617 1399 Emath,
643 1359 683 1395 et
705 1354 899 1407 Arphad?
924 1354 992 1395 ubi
1017 1360 1077 1395 est
1103 1355 1209 1395 Deus
1233 1354 1514 1408 Sepharvaim,
1539 1355 1641 1397 Ana.
1667 1360 1706 1395 et
1730 1355 1844 1395 Ava?
1868 1353 2071 1408 numquid
2092 1352 2236 1394 libera-

317 1419 465 1454 verunt
492 1413 720 1454 Samariam
748 1414 797 1454 de
825 1427 949 1454 manu
978 1414 1092 1455 mea?
1149 1416 1180 1438 35
1209 1414 1385 1463 Quinam
1414 1413 1469 1454 illi
1496 1419 1593 1454 sunt
1620 1413 1659 1453 in
1688 1413 1886 1454 universis
1915 1412 1990 1453 diis
2018 1417 2232 1456 terrarum.

318 1472 385 1526 qui
417 1478 609 1513 eruerunt
639 1472 843 1526 regionem
874 1486 990 1513 suam
1021 1473 1070 1513 de
1101 1486 1225 1513 manu
1257 1486 1347 1513 mea
1378 1478 1423 1513 ut
1454 1473 1582 1526 possit
1613 1486 1751 1513 eruere
1782 1471 1983 1513 Dominus
2016 1470 2235 1512 Ierusalem

317 1531 366 1572 de
389 1545 514 1572 manu
538 1532 652 1572 mea?
702 1533 738 1556 3⁶
762 1531 906 1572 Tacuit
930 1531 1069 1585 itaque
1092 1532 1279 1585 populus,
1305 1537 1345 1572 et
1368 1545 1449 1573 non
1472 1532 1683 1585 respondit
1706 1531 1740 1573 ei
1764 1531 2009 1585 quidquam:
2034 1529 2234 1584 siquidem

316 1596 567 1644 praeceptum
598 1590 700 1644 regis
733 1596 974 1644 acceperant
1007 1595 1052 1631 ut
1083 1604 1163 1632 non
1195 1591 1488 1644 responderent
1519 1591 1565 1632 ei.
1625 1593 1659 1615 ³⁷
1690 1591 1895 1645 Venitque
1927 1589 2099 1631 Eliacim
2129 1588 2234 1629 filius

318 1649 479 1693 Helciae.
508 1650 750 1703 praepositus
777 1650 935 1694 domus,
964 1655 1004 1691 et
1030 1651 1168 1691 Sobria
1194 1649 1337 1694 scriba.
1366 1656 1407 1690 et
1434 1649 1557 1691 Ioahe
1584 1649 1688 1691 filius
1715 1650 1855 1704 Asaph
1882 1663 1906 1690 a
1931 1647 2234 1690 commentariis

316 1709 368 1749 ad
398 1709 615 1750 Ezechiam
646 1709 777 1749 scissis
807 1709 1002 1751 vestibus.
1035 1715 1075 1750 et
1106 1709 1406 1750 nunciaverunt
1435 1709 1470 1749 ei
1499 1709 1622 1750 verba
1656 1709 1864 1750 Rabsacis.

118 1770 303 1831 Isjfjmlffn-
422 1768 486 1811 19.
542 1770 556 1793 1
592 1769 691 1817 Quae
729 1782 839 1808 acum
875 1768 1055 1809 audisset
1090 1767 1284 1809 Ezechias
1319 1781 1401 1813 rex,
1437 1768 1557 1809 scidit
1591 1768 1839 1809 vestimenta
1873 1781 1957 1812 sua.
1994 1771 2035 1807 et
2069 1771 2234 1819 opertus

142 1822 280 1871 {matum
318 1832 378 1868 est
399 1841 527 1869 sacco.
553 1827 835 1881 ingressusque
856 1834 916 1868 est
938 1828 1105 1868 domum
1126 1827 1304 1868 Domini.
1355 1829 1369 1851 ²
1389 1827 1445 1868 Et
1464 1827 1576 1868 misit
1596 1827 1767 1868 Eliaeim
1788 1825 2054 1881 praepositum
2075 1825 2232 1868 domus.

316 1891 357 1927 et
381 1886 561 1927 Sobnam
587 1887 774 1932 scribam,
802 1892 842 1927 et
866 1900 979 1927 senes
1005 1887 1054 1927 de
1079 1886 1358 1928 sacerdotibus
1384 1892 1546 1940 opertos
1571 1886 1709 1932 saccis,
1737 1886 1790 1927 ad
1816 1885 1965 1926 Isaiam
1989 1884 2234 1939 prophetam

316 1945 444 1986 filiurn
459 1946 597 1987 Amos.
641 1948 658 1970 3
673 1945 750 1994 Qui
767 1946 977 1986 dixerunt:
997 1946 1093 1987 Haec
1109 1945 1207 1986 dicit
1224 1945 1438 1986 Ezechias:
1455 1945 1550 1986 Dies
1566 1945 1856 1993 tribulationis,
1875 1950 1915 1985 et
1929 1942 2232 1997 increpationis.

316 2010 355 2045 et
373 2004 635 2058 blasphemiae
651 2005 733 2045 dies
750 2005 844 2046 iste:
862 2010 1063 2046 venerunt
1078 2004 1148 2045 filii
1165 2018 1292 2058 usque
1309 2005 1359 2045 ad
1376 2010 1554 2058 partum,
1572 2010 1613 2045 et
1628 2004 1733 2045 vires
1749 2018 1830 2045 non
1847 2004 1974 2044 habet
1987 2002 2232 2057 parturiens.

316 2065 331 2088 4
360 2063 402 2105 Si
432 2064 537 2105 forte
570 2064 711 2105 audiat
742 2064 943 2105 Dominus
976 2064 1086 2105 Deus
1118 2071 1213 2104 tuus
1246 2063 1435 2104 universa
1468 2064 1589 2104 verba
1626 2063 1835 2109 Rabsacis‚
1870 2075 1991 2116 quem
2022 2061 2134 2102 misit
2164 2074 2235 2102 rex

316 2122 574 2176 Assyriorum
610 2123 798 2164 dominus
834 2137 941 2167 suus,
979 2128 1025 2164 ut
1060 2123 1325 2177 exprobraret
1358 2123 1492 2163 Deum
1528 2123 1750 2168 viventem,
1787 2128 1828 2163 et
1862 2126 2048 2175 argueret
2084 2120 2231 2169 verbis,

319 2195 408 2235 quae
431 2182 589 2223 audivit
612 2182 813 2223 Dominus
836 2183 946 2223 Deus
971 2188 1084 2223 tuus:
1109 2187 1148 2223 et
1172 2183 1235 2223 fac
1258 2182 1485 2223 orationem
1508 2195 1580 2235 pro
1603 2181 1794 2236 reliquiis,
1821 2194 1911 2235 quae
1932 2185 2102 2235 repertae
2124 2185 2232 2221 sunt.

317 2243 331 2266 5
356 2241 565 2282 Venerunt
589 2254 680 2295 ergo
705 2241 809 2282 servi
832 2241 933 2294 regis
958 2241 1143 2282 Ezechiae
1167 2242 1218 2282 ad
1244 2240 1404 2281 Isaiam.
1460 2243 1475 2264 ⁶
1497 2240 1695 2294 Dixitque
1718 2240 1773 2281 eis
1799 2240 1944 2281 Isaias:
1970 2240 2067 2281 Haec
2091 2239 2233 2280 dicetis

317 2300 482 2342 domino
510 2306 664 2341 vestro:
695 2300 792 2341 Haec
820 2300 918 2341 dicit
945 2300 1166 2341 Dominus:
1198 2299 1290 2341 Noli
1316 2299 1458 2341 timere
1486 2313 1509 2340 a
1535 2300 1636 2340 faeie
1664 2313 1909 2347 sermonum,
1940 2312 2040 2353 quos
2068 2298 2232 2343 audisti.

318 2359 464 2413 quibus
498 2360 889 2413 blasphemaverunt
924 2359 1035 2413 pueri
1069 2359 1170 2413 regis
1202 2358 1461 2413 Assyriorum
1495 2372 1571 2400 me.
1636 2361 1649 2382 ⁷
1682 2359 1799 2405 Ecce,
1834 2372 1906 2412 ego
1941 2357 2166 2399 immittam
2199 2358 2231 2398 ei

314 2418 515 2472 spiritum,
541 2425 581 2460 et
605 2419 745 2460 audiet
767 2419 974 2463 nuncium,
1000 2424 1039 2459 et
1064 2424 1294 2459 revertetur
1316 2418 1356 2459 in
1380 2424 1530 2459 terram
1554 2432 1683 2463 suam,
1709 2423 1750 2459 et
1772 2417 1959 2459 deiiciam
1983 2430 2075 2458 eum
2098 2416 2232 2471 gladio

313 2491 354 2519 in
384 2484 491 2519 terra
521 2492 605 2519 sua.

107 2544 156 2602 [2¹3
174 2542 301 2601 rtfffuvle,
422 2539 436 2560 ⁸
474 2538 674 2578 Reversus
711 2543 772 2578 est
807 2550 898 2591 ergo
937 2537 1153 2585 Rabsaces,
1192 2543 1232 2578 et
1267 2537 1425 2577 invenit
1459 2550 1593 2590 regem
1628 2536 1887 2590 Assyriorum
1927 2541 2233 2589 expugnantem

118 2585 519 2643 ¹0ssp223iii*Lobnam:
540 2596 739 2637 Audierat
759 2596 865 2637 enim
887 2596 995 2650 quod
1015 2595 1243 2637 recessisset
1263 2596 1313 2637 de
1333 2595 1491 2636 Lachis.
1542 2598 1558 2619 ⁹
1576 2596 1760 2649 Cumque
1780 2595 1962 2636 audisset
1980 2595 2030 2636 de
2049 2594 2234 2635 Tharaca

315 2669 406 2709 rege
431 2655 661 2709 AEthiopiae.
689 2655 887 2696 dicentes:
914 2655 1030 2704 Ecce,
1057 2668 1236 2709 egressus
1262 2660 1322 2696 est
1349 2660 1395 2695 ut
1420 2660 1574 2708 pugnet
1599 2654 1816 2695 adversum
1841 2660 1900 2695 te:
1926 2659 1967 2695 et
1990 2653 2067 2695 iret
2090 2658 2234 2695 contra

316 2728 420 2763 eum,
450 2714 560 2755 misit
587 2714 756 2755 nuncios
784 2715 836 2755 ad
862 2714 1079 2755 Ezechiam
1121 2714 1276 2755 dicens:
1333 2716 1367 2738 ¹⁰
1394 2714 1490 2754 Haec
1518 2713 1639 2754 dicite
1668 2713 1851 2754 Ezechiae
1877 2713 1959 2767 regi
1989 2713 2110 2753 Iuda:
2140 2713 2232 2754 Non

314 2780 355 2815 te
377 2774 546 2814 seducat
568 2774 677 2814 Deus
701 2780 808 2819 111113,
832 2774 873 2814 111
896 2787 975 2827 quo
998 2773 1123 2814 habes
1146 2772 1356 2814 fiduciam:
1381 2786 1511 2826 neque
1534 2773 1662 2813 dicas:
1689 2773 1780 2814 Non
1803 2772 1991 2813 tradetur
2014 2771 2232 2812 Ierusalem

315 2833 355 2873 in
376 2846 521 2873 manus
542 2832 643 2886 regis
664 2832 936 2886 Assyriorum.
988 2835 1014 2856 ¹¹
1039 2833 1098 2872 Tu
1121 2833 1226 2873 enim
1248 2832 1332 2886 ipse
1353 2831 1504 2872 audisti
1526 2845 1616 2885 quae
1636 2832 1821 2872 fecerunt
1841 2844 1951 2885 reges
1973 2830 2232 2884 Assyriorum

316 2891 513 2932 universis
531 2892 659 2935 terris.
680 2905 759 2945 quo
776 2892 898 2933 modo
916 2897 1187 2932 vastaverunt
1205 2905 1290 2932 eas:
1309 2904 1406 2932 num
1425 2904 1516 2944 ergo
1534 2891 1640 2932 solus
1658 2890 1810 2944 poteris
1826 2889 2012 2931 liberari?
2058 2891 2088 2914 ¹2
2106 2889 2233 2930 Num-

317 2950 413 3004 quid
429 2950 705 2992 liberaverunt
722 2951 777 2991 dii
792 2950 987 2992 Gentium
1003 2950 1194 3004 singulos.
1213 2964 1313 3004 quos
1329 2955 1600 2991 vasta-verunt
1615 2956 1750 3003 patres
1766 2949 1857 2995 mei,
1874 2949 2014 2990 Gozan
2030 2948 2230 2993 videlicet,

316 3015 357 3050 et
378 3009 545 3051 Haram.
569 3015 607 3050 01
632 3010 805 3063 Reseph.
829 3015 869 3050 et
890 3009 990 3050 filios
1013 3010 1140 3053 Eden,
1165 3010 1233 3063 qui
1255 3015 1371 3050 erant.
1393 3009 1431 3049 in
1453 3009 1690 3049 Thelassar?
1743 3010 1771 3032 ¹3
1792 3008 1873 3049 Ubi
1893 3013 1954 3049 est
1973 3021 2044 3048 rex
2064 3006 2230 3052 Emath.

316 3074 356 3109 et
377 3081 446 3109 rex
467 3068 648 3121 Arphad.
672 3075 710 3110 et
733 3083 801 3109 rex
822 3068 1002 3109 civitatis
1023 3068 1304 3121 Scpharvaim.
1328 3069 1430 3113 Ana,
1453 3074 1493 3109 et
1514 3067 1628 3108 Ava?
1679 3069 1709 3092 ¹⁴
1732 3068 1877 3121 ltaque
1898 3080 1990 3108 011111
2011 3066 2232 3120 accepisset

316 3127 511 3168 Ezechias
538 3127 694 3168 litteras
720 3129 768 3168 de
795 3142 918 3168 manu
946 3127 1199 3169 nunciorum.
1228 3133 1266 3168 et
1292 3127 1453 3178 legisset
1478 3141 1556 3171 eas,
1584 3126 1766 3168 ascendit
1792 3126 1833 3166 in
1858 3127 2026 3167 domum
2051 3124 2229 3171 Domini,

317 3192 355 3227 et
387 3186 583 3240 expandit
615 3200 679 3227 eas
711 3200 844 3227 coram
876 3187 1067 3229 Domino.
1129 3188 1158 3210 ¹⁵
1188 3192 1227 3227 et
1258 3186 1391 3227 oravit
1421 3186 1460 3226 in
1492 3191 1711 3239 conspectu
1742 3185 1837 3229 eius,
1870 3184 2025 3226 dicens:
2056 3183 2231 3225 Domine

316 3245 425 3285 Deus
461 3245 594 3290 lsrael,
630 3246 696 3299 qui
730 3247 842 3286 sedes
875 3259 995 3299 super
1026 3245 1247 3289 cherubim,
1282 3252 1327 3286 tu
1358 3260 1397 3285 03
1429 3245 1539 3285 Deus
1571 3245 1677 3286 solus
1710 3257 1848 3297 regum
1880 3243 2062 3284 omnium
2095 3249 2230 3284 terrae:

316 3309 362 3344 tu
387 3303 515 3344 fecisti
542 3304 683 3345 czelum
710 3311 748 3345 et
775 3312 937 3346 terram.
995 3307 1026 3329 ¹⁸
1057 3304 1209 3344 lnclina,
1233 3317 1371 3345 aurem
1396 3310 1524 3348 tuam.
1552 3309 1591 3344 et
1617 3304 1730 3344 audi:
1758 3302 1866 3357 aperi
1892 3301 2068 3342 Domine
2093 3301 2230 3343 0011103

316 3368 420 3406 11103,
446 3368 485 3403 01
508 3363 618 3403 vide:
643 3364 736 3404 audi
761 3364 898 3405 onmia
921 3365 1046 3405 verba
1067 3363 1353 3406 Sennacherib.
1379 3363 1445 3416 qui
1468 3363 1579 3403 misit
1604 3369 1647 3403 ut
1670 3362 1934 3415 exprobraret
1957 3361 2072 3401 nobis
2094 3361 2230 3401 Deum

452 3491 502 3530 19,
529 3493 544 3523 l
573 3490 625 3522 als
650 3492 703 3525 237.
731 3494 759 3524 1.
