2356 3760
153 129 206 169 29,
232 128 372 168 17—30‚
399 128 440 161 10
995 126 1208 160 IEREMIAE
1978 130 2049 171 751

152 221 564 274 transmigrationem.
609 222 642 244 1⁷
661 220 758 260 Haec
774 219 873 260 dicit
888 219 1089 260 Dominus
1105 220 1376 260 exercituum:
1399 219 1522 260 ἂιΕο00
1539 219 1703 260 1111110111
1720 220 1758 260 111
1777 235 1842 262 003
1858 223 2050 275 gladium,

152 284 194 320 et
219 280 382 328 famem,
412 284 453 320 et
479 283 653 333 pestem:
683 283 724 318 et
750 289 901 330 ponam
927 290 994 318 eos
1023 278 1137 331 quasi
1165 278 1262 318 ficus
1289 277 1429 325 mala-S,
1461 290 1550 331 quae
1577 278 1733 319 comedi
1761 292 1840 319 non
1868 286 2050 332 possunt,

153 351 198 379 eo
223 338 332 391 quod
355 338 538 391 pessimae
560 337 653 377 sint.
705 337 739 360 ¹⁸
762 335 817 376 Et
839 348 1058 388 persequar
1080 349 1146 377 eos
1169 336 1210 376 in
1232 335 1378 389 gladio,
1404 341 1444 376 et
1467 336 1508 376 in
1530 336 1650 383 fame,
1675 341 1716 377 et
1739 337 1779 376 in
1802 338 2050 390 pestilentia:

152 401 194 437 et
213 396 319 437 dabo
340 410 405 437 eos
425 396 467 436 in
486 395 746 435 vexationem
767 394 963 433 universis
982 394 1113 447 regnis
1133 399 1267 435 terrae:
1289 394 1329 434 in
1350 394 1688 438 maledictionem,
1711 400 1752 435 et
1771 395 1811 434 in
1831 400 2050 448 stuporem,

153 460 194 495 et
213 455 254 495 in
275 454 448 499 sibilum,
471 459 512 494 et
530 453 572 493 in
593 452 856 505 opprobrium
877 452 1032 492 cunctis
1053 452 1265 501 Gentibus,
1289 453 1340 493 ad
1362 466 1461 506 quas
1482 466 1553 505 ego
1575 453 1669 493 eieci
1690 466 1775 494 eos:
1824 455 1858 478 19
1877 467 1922 494 eo
1945 456 2053 507 quod

152 526 234 554 non
253 512 456 553 audierint
475 511 600 552 verba
616 523 718 558 mea,
739 510 838 551 dicit
855 510 1074 551 Dominus:
1095 524 1185 564 quae
1202 511 1292 551 misi
1310 512 1362 551 ad
1380 524 1446 551 eos
1465 524 1535 564 per
1552 524 1688 553 servos
1706 524 1816 553 meos
1834 512 2054 565 prophetas

153 572 202 612 de
222 575 341 611 nocte
361 582 615 623 consurgens,
638 573 679 609 et
697 568 884 609 mittens:
906 574 947 609 et
965 582 1047 610 non
1067 569 1250 617 audistis,
1272 569 1371 609 dicit
1389 569 1601 610 Dominus.
1650 572 1686 594 2⁰
1705 570 1784 611 Vos
1804 584 1895 623 ergo
1916 571 2054 611 audite

152 629 323 669 verbum
356 628 522 669 Domini
555 627 684 667 omnis
719 627 1035 681 transmigratio,
1072 640 1195 682 quam
1229 627 1342 668 emisi
1376 628 1424 667 de
1460 627 1677 668 Ierusalem
1711 629 1751 669 in
1787 629 2052 682 Babylonem.

575 730 613 769 4.
644 729 855 770 Ieremias
885 730 982 771 tres
1012 741 1169 771 eorum
1199 730 1343 781 punit,
1372 730 1438 781 29,
1457 731 1629 770 21—32.

256 803 286 825 ²¹
317 801 414 841 Haec
441 800 541 841 dicit
567 800 767 841 Dominus
796 800 1048 841 exercituum
1076 801 1186 841 Deus
1216 800 1340 841 Israel
1368 801 1419 841 ad
1447 800 1589 841 Achab
1618 800 1745 840 filiuni
1773 801 1903 848 Coliae,
1934 808 1974 842 et
2003 803 2053 844 ad
2090 802 2232 829 Achab&

151 859 360 901 Sedeciam
388 858 515 899 filium
544 858 719 908 Maasiae,
752 859 821 912 qui
848 859 1099 912 prophetant
1128 860 1242 900 vobis
1272 859 1313 899 in
1341 859 1504 900 nomine
1533 872 1622 900 meo
1651 860 1918 900 mendaciter:
1950 861 2053 901 Ecce
2095 839 2226 914 §efflas

151 931 223 971 ego
255 918 417 959 tradam
449 930 515 958 eos
547 917 587 957 in
619 930 764 958 manus
797 917 1175 959 Nabuchodonosor
1204 918 1306 971 regis
1339 918 1580 971 Babylonis:
1613 922 1655 958 et
1686 919 1886 971 percutiet
1917 932 1982 959 eos
2014 920 2054 959 in
2086 909 2235 940 fs¹g⁶¹¹t¹¹''

152 976 277 1018 oculis
302 976 458 1017 vestris.
513 977 544 999 2⁴
569 975 625 1016 Et
650 981 880 1016 assumetur
904 989 954 1016 ex
979 976 1032 1017 eis
1058 976 1290 1017 maledictio
1316 976 1427 1018 omni
1451 976 1800 1030 transmigrationi
1827 977 1941 1026 Iuda,
1970 990 2059 1030 quae

151 1040 214 1076 est
243 1035 284 1075 in
315 1034 538 1088 Babylone.
571 1034 813 1075 dicentium:
845 1034 979 1075 Ponat
1009 1040 1049 1075 te
1078 1035 1279 1076 Dominus
1310 1035 1415 1076 sicut
1444 1035 1664 1081 Sedeciam,
1698 1039 1739 1075 et
1768 1036 1872 1076 sicut
1902 1035 2057 1084 Achab,

154 1106 255 1147 quos
279 1093 394 1134 frixit
419 1106 490 1133 rex
516 1093 738 1146 Babylonis
763 1094 804 1133 in
828 1093 937 1146 igne:
991 1096 1022 1118 ²3
1046 1107 1118 1147 pro
1145 1107 1190 1135 eo
1217 1094 1327 1147 quod
1350 1093 1519 1134 fecerint
1544 1093 1764 1134 stultitiam
1788 1095 1829 1134 in
1857 1094 1991 1143 Israel,
2018 1099 2060 1135 01

152 1151 351 1193 moechati
375 1156 471 1192 sunt
496 1151 537 1191 in
562 1164 707 1193 uxores
733 1152 956 1193 amicorum
981 1165 1158 1201 suorum,
1186 1157 1227 1193 et
1251 1152 1376 1193 locuti
1400 1157 1495 1193 sunt
1521 1152 1691 1192 verbum
1716 1152 1757 1192 in
1783 1153 1945 1193 nomine
1969 1166 2059 1194 meo

151 1210 413 1259 mendaciter,
445 1211 555 1264 quod
582 1223 664 1251 non
691 1210 887 1251 mandavi
915 1210 987 1251 eis:
1017 1224 1089 1264 ego
1117 1223 1207 1251 sum
1235 1211 1358 1251 iudex
1385 1215 1426 1250 et
1454 1211 1580 1253 testis.
1612 1210 1710 1251 dicit
1738 1211 1949 1252 Dominus.

255 1271 288 1293 24
321 1269 376 1309 Et
411 1269 463 1309 ad
497 1269 682 1310 Semeian
718 1269 1001 1310 Nehelamiten
1035 1270 1160 1309 dices:
1222 1271 1253 1293 2⁵
1289 1269 1386 1310 Haec
1421 1269 1520 1309 dicit
1553 1269 1752 1309 Dominus
1787 1270 2050 1317 exercituum,
2098 1271 2226 1331 {ggggssgg

150 1328 261 1368 Deus
285 1327 426 1368 Israel:
450 1328 528 1369 Pro
552 1340 597 1369 eo
621 1328 731 1381 quod
752 1327 897 1368 misisti
920 1328 960 1367 in
983 1328 1145 1368 nomine
1168 1332 1239 1368 tuo
1262 1326 1383 1367 libros
1407 1328 1459 1367 ad
1482 1340 1643 1368 omnem
1666 1327 1875 1380 populum,
1902 1328 1970 1381 qui
1992 1332 2051 1368 est
2065 1313 2122 1366 110¹„
2134 1324 2262 1366 habebit.

151 1387 193 1427 in
212 1385 444 1434 Ierusalem,
464 1391 505 1426 et
522 1386 572 1426 ad
589 1386 840 1439 Sophoniam
856 1385 983 1426 filium
1000 1386 1164 1426 Maasiae
1180 1386 1444 1433 sacerdotem,
1464 1390 1505 1426 et
1522 1386 1571 1426 ad
1590 1386 1798 1427 universos
1815 1386 2056 1433 sacerdotes,

151 1445 306 1486 dicens:
357 1446 392 1468 2⁶
414 1444 615 1485 Dominus
639 1444 753 1484 dedit
776 1449 816 1484 te
839 1444 1091 1485 sacerdotem
1114 1457 1186 1497 pro
1213 1444 1350 1485 Ioiade
1373 1444 1594 1488 sacerdote,
1621 1448 1666 1484 ut
1690 1444 1741 1484 sis
1765 1444 1850 1485 dux
1872 1445 1913 1485 in
1937 1445 2057 1485 domo

150 1503 318 1544 Domini
336 1515 457 1556 super
474 1516 636 1543 omnem
655 1503 788 1543 virum
807 1503 1066 1556 arreptitium
1084 1508 1125 1544 et
1142 1502 1472 1556 prophetantem,
1493 1508 1540 1543 ut
1558 1503 1700 1543 mittas
1719 1516 1811 1543 eum
1831 1503 1869 1543 in
1889 1516 2059 1543 nervum

151 1566 193 1602 et
224 1561 265 1602 in
299 1574 511 1602 carcerem.
573 1563 607 1585 2⁷
641 1561 696 1602 Et
728 1574 836 1602 nunc
870 1574 994 1615 quare
1027 1575 1108 1602 non
1141 1561 1360 1614 increpasti
1395 1561 1607 1602 Ieremiam
1640 1561 1954 1610 Anathothiten,
1991 1562 2061 1614 qui

150 1620 373 1674 prophetat
396 1619 537 1661 vobis?
589 1622 625 1644 2⁸
650 1620 755 1668 Quia
778 1633 898 1673 super
922 1620 997 1661 hoc
1022 1620 1133 1661 misit
1157 1620 1198 1660 in
1224 1620 1478 1673 Babylonem
1504 1620 1556 1660 ad
1581 1633 1664 1667 nos,
1692 1620 1846 1660 dicens:
1873 1620 2059 1673 Longum

152 1683 230 1719 est:
259 1678 456 1719 aedificate
484 1678 638 1725 domos,
667 1683 709 1719 et
734 1678 939 1719 habitate:
968 1683 1009 1719 et
1034 1678 1221 1732 plantate
1247 1678 1399 1723 hortos,
1429 1683 1469 1719 et
1496 1678 1696 1719 comedite
1722 1678 1878 1719 fructus
1906 1691 2057 1720 eorum.

151 1739 187 1762 ²⁹
222 1736 340 1790 Legit
374 1750 466 1789 ergo
502 1737 729 1791 Sophonias
765 1738 950 1778 sacerdos
985 1737 1134 1778 librum
1169 1738 1293 1777 istum
1329 1737 1369 1777 in
1406 1737 1570 1778 auribus
1608 1737 1786 1777 Ieremiae
1837 1737 2058 1791 prophetae.

151 1797 188 1820 3⁰
209 1795 266 1837 Et
288 1796 444 1836 factum
469 1800 528 1836 est
552 1795 723 1836 verbum
746 1795 912 1837 Domini
936 1796 989 1837 ad
1014 1796 1238 1841 Ieremiam,
1265 1796 1419 1836 dicens:
1470 1798 1502 1820 ³1
1525 1796 1644 1836 Mitte
1668 1796 1720 1836 ad
1744 1809 1905 1836 omnem
1929 1801 2060 1836 trans-

151 1854 448 1908 migrationem,
479 1855 633 1895 djcens:
665 1854 762 1895 Haec
790 1854 889 1895 dicit
914 1855 1116 1896 Dominus
1144 1855 1197 1895 ad
1223 1854 1409 1895 Semeian
1439 1854 1740 1895 Nehelamiten:
1770 1854 1847 1895 Pro
1876 1867 1921 1895 eo
1951 1854 2061 1908 quod

150 1913 417 1966 prophetavit
436 1913 552 1954 vobis
572 1913 762 1961 Semeias,
784 1918 825 1953 et
844 1926 915 1966 ego
936 1926 1017 1955 non
1036 1913 1127 1954 misi
1147 1927 1257 1953 eum:
1279 1918 1320 1953 et
1339 1913 1434 1953 fecit
1456 1926 1527 1954 vos
1547 1913 1747 1954 confidere
1767 1913 1808 1953 in
1828 1913 2059 1953 mendacio:

151 1973 185 1996 ³²
213 1971 362 2012 idcirco
391 1971 477 2012 haec
507 1971 605 2012 dicit
634 1971 853 2012 Dominus:
885 1972 990 2013 Ecce
1019 1985 1091 2025 ego
1121 1972 1298 2013 visitabo
1329 1984 1449 2024 super
1477 1971 1663 2013 8011101011
1693 1971 1988 2015 Nehelamiten,
2020 1974 2062 2012 et

152 2043 274 2083 super
289 2043 426 2070 semen
444 2030 546 2070 eius:
565 2043 647 2072 non
664 2030 741 2071 erit
757 2030 792 2071 ei
809 2030 871 2070 vir
887 2031 1029 2071 sedens
1046 2031 1087 2071 in
1104 2031 1237 2072 medio
1254 2030 1395 2084 populi
1412 2030 1542 2078 huius,
1562 2035 1603 2071 et
1619 2043 1701 2071 non
1718 2030 1876 2070 videbit
1893 2030 2060 2078 bonum,

153 2088 263 2142 quod
297 2101 368 2141 ego
403 2088 552 2129 faciam
587 2088 738 2142 populo
773 2101 875 2137 meo,
914 2089 972 2129 ait
1006 2089 1225 2130 Dominus:
1263 2088 1358 2142 quia
1391 2088 1770 2142 praevaricationem
1804 2087 1964 2129 locutus
2000 2092 2063 2129 est

152 2147 345 2188 adversus
374 2147 611 2188 Dominum.

152 2263 248 2314 IX.
288 2262 572 2314 Solatium
612 2263 978 2314 subditorum
1018 2278 1083 2314 00
1128 2263 1589 2329 przepositorum,
1636 2262 1723 2325 30,
1757 2261 1940 2325 1—33,
1972 2261 2058 2314 26.

590 2352 628 2392 1.
660 2352 900 2393 Restitutio
930 2352 1087 2404 populi
1117 2352 1286 2404 futura,
1316 2354 1381 2404 30,
1401 2353 1547 2403 1-31,
1569 2352 1633 2392 40.

257 2421 321 2466 30.
379 2425 387 2446 ¹
415 2422 504 2464 Hoc
527 2422 710 2468 verbum,
738 2423 848 2476 quod
870 2422 1027 2463 factum
1052 2426 1113 2463 est
1137 2423 1189 2463 ad
1214 2422 1427 2463 Ieremiam
1451 2436 1476 2463 a
1497 2422 1687 2469 Domino,
1713 2422 1868 2463 dicens:
1920 2424 1934 2446 ²
1959 2422 2056 2463 Haec
2107 2423 2223 2483 3333,

153 2481 252 2523 dicit
277 2481 478 2522 Dominus
504 2481 615 2522 Deus
644 2481 778 2530 Israel,
808 2481 963 2522 dicens:
991 2481 1128 2522 Scribe
1154 2480 1231 2522 tibi
1258 2481 1395 2522 onmia
1422 2482 1556 2530 verba,
1588 2494 1677 2535 quae
1703 2480 1862 2522 locutus
1889 2494 1978 2521 311111
2006 2481 2058 2521 ad
2106 2493 2134 2533 ³¹}
2151 2493 2223 2519 libro

151 2545 204 2589 10,
229 2540 271 2581 111
292 2540 406 2581 libro.
457 2542 473 2565 ³
494 2539 598 2580 Ecce
621 2539 728 2581 enim
751 2540 834 2581 dies
857 2540 1040 2587 veniunt,
1066 2540 1165 2581 dicit
1186 2539 1405 2581 Dominus:
1431 2545 1471 2581 et
1493 2545 1731 2581 convertam
1755 2539 2058 2580 conversionem
2075 2529 2251 2559 smmum*

151 2598 292 2653 populi
317 2598 397 2639 mei
425 2598 548 2639 Israel
574 2603 616 2639 et
643 2598 757 2647 Iuda,
787 2598 846 2639 ait
871 2599 1090 2640 Dominus:
1119 2603 1160 2639 et
1186 2603 1424 2640 convertam
1451 2612 1517 2640 eos
1545 2599 1597 2640 ad
1624 2603 1786 2647 terram,
1817 2610 1939 2651 quam
1967 2598 2059 2638 dedi

151 2657 338 2711 patribus
368 2670 525 2698 eorum:
555 2661 598 2698 et
625 2657 894 2711 possidebunt
922 2670 1023 2699 eam.

256 2718 272 2740 4
294 2716 350 2756 Et
371 2715 456 2756 haec
481 2716 614 2765 verba,
641 2729 731 2769 quae
752 2716 911 2757 locutus
935 2721 996 2757 est
1017 2716 1218 2757 Dominus
1241 2716 1294 2757 ad
1318 2715 1441 2757 Israel
1463 2720 1504 2757 et
1526 2716 1579 2757 ad
1603 2715 1766 2756 Iudam:
1817 2716 1832 2738 5
1855 2714 2057 2763 Quoniam
2121 2712 2209 2738 1³⁰0b

2083 2748 2246 2773 salvabitur

151 2774 237 2815 haec
261 2774 360 2816 dicit
383 2774 602 2816 Dominus:
628 2774 779 2816 Vocem
805 2775 966 2816 terroris
992 2775 1242 2815 audivimus:
1268 2774 1455 2823 formido,
1482 2779 1524 2815 et
1548 2787 1628 2815 non
1653 2778 1715 2814 est
1737 2786 1832 2826 pax.
1888 2774 1903 2797 ⁶
1929 2773 2057 2813 Inter·
2089 2783 2239 2828 aneoet

152 2838 303 2886 rogate,
336 2837 378 2874 et
406 2833 543 2874 videte
572 2832 605 2874 si
633 2838 801 2886 generat
829 2833 1051 2874 masculus:
1084 2845 1208 2886 quare
1238 2846 1330 2887 ergo
1362 2833 1445 2873 vidi
1476 2833 1605 2874 omnis
1636 2832 1711 2872 viri
1740 2844 1909 2872 manum
1939 2845 2059 2885 super
2106 2819 2221 2884 ξθῗῗῗέζζ

151 2891 339 2932 lumbum
361 2904 492 2940 suum,
518 2892 633 2945 quasi
656 2892 933 2945 parturientis,
959 2897 1001 2932 et
1023 2904 1227 2933 conversae
1249 2897 1345 2932 sunt
1368 2891 1566 2932 universae
1588 2891 1709 2931 facies
1732 2890 1773 2930 in
1796 2890 2059 2943 auruginem?

155 2951 169 2974 ⁷
195 2949 297 2998 bVae,
322 2949 418 3002 quia
436 2962 588 3003 magna
607 2950 691 2991 dies
712 2950 791 2998 illa,
816 2963 888 2991 nec
909 2955 970 2991 est
990 2950 1129 2991 similis
1151 2950 1252 2991 eius:
1276 2955 1519 3004 tempusque
1541 2949 1817 2990 tribulationis
1839 2953 1900 2989 est
1924 2949 2058 2997 Iacob,

153 3012 195 3049 et
224 3021 274 3049 ex
302 3008 389 3062 ipso
420 3008 659 3050 salvabitur.
720 3010 736 3032 ⁸
764 3008 821 3049 Et
850 3009 927 3049 erit
954 3008 994 3049 in
1026 3008 1089 3050 die
1118 3009 1197 3058 illa,
1231 3008 1289 3050 ait
1317 3008 1518 3049 Dominus
1549 3007 1819 3048 exercituum:
1852 3012 2060 3049 conteram

152 3067 293 3120 iugum
313 3066 396 3107 eius
417 3066 466 3107 de
486 3065 586 3107 collo
608 3072 692 3111 tuo,
715 3072 756 3108 et
775 3067 939 3108 vincula
957 3067 1040 3108 eius
1061 3067 1305 3121 dirumpam,
1329 3072 1369 3107 et
1388 3080 1469 3108 non
1490 3066 1814 3108 dominabuntur
1832 3066 1867 3106 ei
1887 3065 2060 3119 amplius

153 3124 291 3166 alieni:
351 3127 366 3149 ⁹
395 3125 465 3166 sed
495 3125 673 3166 servient
700 3125 878 3167 Domino
907 3126 994 3167 Deo
1024 3139 1109 3175 suo,
1141 3130 1183 3166 et
1211 3125 1347 3166 David
1377 3125 1458 3178 regi
1487 3138 1571 3174 suo,
1605 3138 1725 3179 quem
1755 3125 1960 3165 suscitabo
1991 3124 2058 3165 013.

257 3185 293 3208 1⁰
327 3183 404 3224 cTu
431 3195 523 3237 ergo
551 3196 600 3223 ne
628 3183 773 3225 timeas
800 3197 913 3225 serve
940 3197 1053 3225 meus
1083 3184 1218 3233 Iacob,
1249 3184 1306 3224 ait
1333 3183 1545 3233 Dominus,
1575 3197 1706 3238 neque
1732 3196 1884 3237 paveas
1915 3182 2055 3223 Israel:
2088 3183 2237 3247 {3233th

154 3241 250 3295 quia
274 3254 364 3283 ecce
390 3254 462 3295 ego
489 3241 656 3283 salvabo
684 3247 723 3282 te
750 3243 799 3283 de
824 3247 934 3283 terra
956 3243 1190 3297 longinqua,
1219 3247 1261 3283 et
1286 3255 1422 3283 semen
1448 3247 1567 3283 tuum
1593 3243 1642 3283 de
1668 3247 1777 3283 terra
1802 3240 2056 3295 captivitatis
2138 3253 2186 3276 tur

153 3313 311 3341 eorum:
337 3305 379 3341 et
400 3304 629 3341 revertetur
654 3300 789 3349 Iacob,
816 3306 858 3342 et
882 3301 1073 3355 quiescet,
1099 3306 1140 3342 01
1165 3300 1320 3342 cunctis
1346 3300 1489 3341 affluet
1512 3301 1640 3350 bonis,
1667 3306 1709 3342 et
1732 3313 1814 3342 non
1838 3299 1914 3340 erit
1939 3310 2058 3352 quem

154 3446 181 3480 L
226 3448 243 3481 1
282 3400 328 3482 ἐζ
353 3401 442 3446 aSup
466 3403 519 3443 24,
544 3403 596 3437 10.
622 3423 665 3428 -
689 3403 742 3446 30,
767 3405 785 3437 7
804 3404 895 3437 bloel
917 3406 949 3445 2,
973 3406 1003 3439 2.
1030 3406 1085 3445 11;
1112 3405 1179 3438 Am
1203 3404 1234 3443 5,
1262 3404 1317 3444 18;
1343 3403 1437 3448 Soph
1462 3404 1492 3444 1,
1518 3404 1570 3438 15.
1596 3423 1638 3427 -
1662 3403 1704 3437 10
1726 3403 1775 3436 cls
1800 3403 1852 3441 43,
1879 3403 1912 3441 13
1938 3401 1996 3439 44,
2020 3399 2056 3437 2;

184 3457 202 3481 c
248 3473 257 3488 ‚
327 3474 335 3482 .
