2356 3760
355 130 390 169 X
1011 124 1152 159 RATIO
1180 124 1322 158 Hissws
1349 123 1586 158 EDITIONIS

172 224 323 281 ¹''‚⁴ssff?ii'''
459 219 704 261 esu-rectorio
746 218 930 259 'Romano
969 231 1048 259 non
1088 217 1276 259 obstante
1320 217 1533 258 aeditiones
1572 216 1749 257 secunda
1786 221 1827 257 et
1866 216 1987 257 tertia
2023 217 2248 258 coniunctae,

188 265 218 287 μ’
238 266 271 281 ‘¹
304 278 306 281 ’
354 281 389 319 in
421 279 514 319 locis
543 292 600 319 ca.
635 279 711 318 270
739 277 789 317 ab
819 277 993 317 editione
1025 276 1153 330 prima
1183 276 1392 324 recedunt:
1423 289 1539 329 porro
1568 275 1745 317 secunda
1773 275 1896 316 editio
1926 274 1965 316 111
1994 288 2034 316 se
2063 281 2249 328 spectata

354 339 390 377 in
420 337 513 377 locis
540 350 597 378 ca.
632 338 702 377 140
729 350 752 375 a
777 336 908 389 prima
933 341 973 376 et
1001 335 1122 376 tertia
1146 335 1370 375 coniunctis
1397 334 1617 388 discrepat;
1646 334 1819 387 denique
1846 334 1966 375 tertia
1991 333 2115 374 editio
2141 334 2181 374 in
2207 348 2248 375 se

353 396 607 437 considerata
632 395 669 435 in
698 394 792 434 loeis
817 408 874 435 ea.
902 395 977 433 830
1002 408 1023 434 a
1051 394 1180 447 prima
1204 399 1241 434 et·
1268 393 1445 433 secunda
1467 393 1692 433 coniunctis
1718 392 1916 433 dissentit.
1973 392 2017 432 111
2043 391 2118 433 hac
2143 405 2249 433 com-

353 455 565 507 putatione
595 454 866 494 im‘lil'l'erentes
895 453 1242 505 interpunotiones
1270 458 1308 493 et
1337 458 1526 493 accentus
1554 465 1633 493 non
1660 456 1936 491 numerantur.
1993 450 2062 491 Vir
2088 450 2249 491 criticus

353 514 473 563 igitur
503 519 710 566 patentem
742 511 867 552 habet
896 524 1098 564 campum.

194 574 304 633 ξζὲᾞζζζ,
457 576 492 614 2.
528 572 559 611 1)
579 586 597 611 e
654 586 676 610 o
696 584 712 610 r
731 576 745 611 t
764 570 789 610 h
808 584 830 608 o
846 584 871 620 g
891 583 906 609 r
924 584 947 610 a
964 583 988 623 p
1008 570 1032 610 h
1051 570 1060 610 i
1080 583 1103 610 a
1158 583 1178 610 e
1198 574 1213 610 t:
1269 569 1395 610 inte
1414 582 1430 609 r
1448 582 1471 622 p
1491 582 1513 609 u
1535 582 1557 609 n
1577 583 1597 609 c
1617 574 1632 609 t
1651 568 1659 609 i
1679 582 1700 607 o
1719 581 1743 608 n
1762 581 1793 608 e.
1863 567 1980 616 Quod
2021 567 2072 607 ad
2115 567 2249 608 ortho-

173 618 200 667 11
234 616 318 669 iim-'t-
354 631 561 682 graphium
591 636 629 670 et
657 629 1023 682 interpunctionem
1051 628 1213 677 attinet,
1242 642 1378 668 omnes
1406 627 1478 668 viri
1506 627 1627 674 docti,
1656 640 1825 680 quorum
1855 626 2002 667 iudicia
2027 625 2247 674 audieram,

188 681 307 739 ‘'⁰2:1⁴5''
357 703 478 728 unum
506 695 629 742 atque
656 688 758 728 idem
785 693 1007 732 senserunt,
1034 687 1185 728 scilicet
1210 686 1538 740 orthographiam
1567 692 1607 727 et
1631 685 1998 739 interpunctionem
2025 685 2245 725 editionum

158 747 584 788 efferret**ot'iiviaiium
626 747 854 787 retinendas
891 760 986 792 esse,
1026 760 1070 785 eo
1109 745 1216 800 quod
1254 746 1303 786 ad
1344 745 1609 799 proprietates
1648 744 1831 798 Vulgata}
1867 743 2127 785 Clementinae
2163 757 2250 798 per-

153 787 523 851 ⁴1¹35¹s¹1¹331¹21¹1¹1¹Z⁹tineam.
589 806 785 854 Quocirca
822 804 1096 845 Wordsworth
1132 810 1172 845 et
1211 804 1343 845 White
1379 804 1417 844 in
1454 809 1654 857 apparatu
1691 803 1829 844 critico
1865 802 2026 843 maioris
2062 802 2249 843 editionis

357 865 456 905 Novi
497 864 745 905 Testamenti
788 864 917 904 Latini
957 863 1287 916 orthographiam
1324 862 1617 903 (tlonwntinam
1656 866 1869 909 annotant,
1910 861 2043 902 White
2080 861 2120 902 in
2158 874 2247 915 pag.

354 923 576 963 Xlssexltl
611 929 649 964 et
682 923 718 963 in
751 923 855 964 notis
886 922 1049 963 minoris
1079 922 1265 963 editionis
1296 921 1608 975 discrepantiam
1639 934 1720 962 sure
1749 934 1795 961 ac
1824 920 2084 961 Clementinae
2114 920 2249 961 ortho-

351 983 529 1035 graphiae
546 982 757 1032 diligenter
773 981 953 1034 exponit,
975 981 1109 1022 Nestle
1126 981 1164 1021 in
1182 981 1357 1022 editione
1377 980 1480 1021 Novi
1498 980 1747 1021 Testamenti
1768 979 1899 1020 Latini
1917 979 2248 1033 orthographiam

353 1041 643 1081 (¹lementinam
679 1040 855 1091 religiose
884 1039 1152 1081 conservavit.

157 1100 335 1160 ‚{f;}}‘3,53,¹,¹;‚¹,¹,1
460 1100 535 1148 Qui
574 1105 708 1140 textus
744 1099 933 1152 antiquos
969 1098 1052 1139 sine
1087 1098 1249 1152 propria
1284 1111 1421 1138 eorum
1457 1097 1746 1151 orthographia
1781 1096 1876 1146 edit,
1928 1110 1993 1138 eos
2031 1101 2141 1137 veste
2176 1109 2251 1137 sua

182 1156 326 1211 νιρ-ιιιρηᾨ
353 1158 497 1211 spoliat
525 1164 564 1198 et
588 1158 638 1198 ad
662 1172 777 1198 nsum
804 1158 980 1198 virorum
1004 1157 1215 1199 doctorum
1240 1157 1401 1198 inutiles
1425 1156 1534 1198 facit.
1586 1157 1686 1197 Otto
1710 1156 1869 1197 (nemen
1894 1155 1933 1197 in
1956 1155 2119 1196 libraria
2144 1155 2249 1196 Bon-

211 1210 280 1232 ¹¹¹¹²⁰
353 1217 461 1257 nensi
498 1217 654 1257 Marcus
685 1222 726 1258 et
758 1216 920 1257 Webers
951 1229 1048 1270 „pro
1079 1216 1282 1262 studiosis,
1316 1215 1523 1269 theologis,
1554 1215 1810 1269 germanistis
1840 1220 1882 1257 et
1911 1214 2136 1256 historicis“
2168 1214 2249 1255 edi-

353 1276 500 1316 tionem
546 1289 710 1329 operum
755 1275 919 1317 Lutheri
962 1275 1027 1319 ..in
1068 1275 1199 1316 forma
1240 1280 1377 1315 textus
1417 1275 1645 1316 scientificis
1686 1274 1902 1328 postulatis
1958 1273 2248 1315 satisfacienti“

353 1334 546 1387 publicat,
584 1349 674 1375 cum
710 1334 796 1375 aliae
831 1334 1026 1375 editiones
1061 1334 1395 1381 .,niodernisatae“
1431 1334 1483 1374 ad
1517 1347 1635 1374 usum
1670 1333 1839 1375 istorum
1875 1333 2053 1374 virorum
2088 1332 2249 1374 inutiles

351 1393 443 1434 sint.
498 1393 552 1434 Et
575 1393 683 1447 quali
708 1394 838 1433 forma
860 1393 1021 1435 Clemen
1046 1406 1167 1447 opera
1191 1393 1357 1434 Lutheri
1382 1393 1489 1434 edit?
1540 1392 1778 1434 Subtilitate
1802 1391 2066 1446 diplomatica
2089 1397 2249 1433 textum

351 1452 635 1493 Germanicum
681 1452 902 1493 editionum
949 1452 1203 1506 originalium
1247 1465 1328 1492 una
1371 1465 1462 1493 cum
1507 1452 1798 1506 orthographia
1840 1456 1881 1492 et
1923 1451 2250 1505 interpunctione

351 1511 533 1561 originali
561 1511 811 1565 reimprimit,
840 1511 894 1551 ibi
922 1515 1084 1552 tantum
1112 1524 1201 1552 eam
1227 1516 1391 1552 mutans
1419 1511 1487 1551 ubi
1514 1511 1728 1552 manifeste
1755 1510 1856 1551 falsa
1882 1515 1954 1559 est,
1999 1523 2249 1564 quamquam

351 1570 641 1623 orthographia
669 1575 709 1611 et
737 1570 1011 1623 interpunctio
1041 1570 1283 1611 Germanica
1310 1570 1443 1611 saeculi
1473 1570 1584 1612 XVI.
1617 1584 1641 1610 a
1668 1569 1855 1624 praesenti
1885 1569 2003 1610 valde
2033 1569 2246 1622 discrepat.

351 1629 514 1669 Codices
535 1628 661 1669 (mcci
682 1634 723 1669 et
742 1629 875 1670 Latini
898 1643 1060 1683 quoque
1079 1642 1171 1670 cum
1192 1629 1355 1683 propria
1375 1629 1676 1683 orthographia,
1698 1629 1792 1671 licet
1811 1642 1915 1682 saepe
1936 1627 2050 1677 falsa,
2072 1628 2250 1669 eduntur

351 1688 490 1741 itaque
521 1688 615 1728 viris
647 1688 793 1729 criticis
826 1688 944 1729 utiles
976 1688 1213 1730 redduntur.
1273 1688 1494 1742 Propterea
1524 1688 1593 1729 Vix
1624 1687 1910 1742 comprehendi
1942 1692 2090 1741 potest,
2125 1700 2248 1742 quare

351 1746 512 1800 plurimi
555 1747 726 1787 editores
769 1747 953 1801 Vulgatae
995 1747 1254 1788 (sllementinae
1297 1747 1627 1801 orthographiam
1670 1752 1711 1789 et
1752 1747 2121 1801 interpunctionem
2164 1746 2247 1787 eius

352 1805 603 1846 mutaverint
639 1811 763 1860 atque
800 1806 996 1847 editiones
1034 1820 1125 1847 suas
1163 1806 1215 1847 ad
1252 1819 1369 1848 usum
1407 1807 1585 1848 virorum
1623 1806 1872 1848 eruditorum
1910 1805 2084 1855 inutiles,
2124 1804 2248 1846 immo

352 1865 491 1905 noxias
522 1864 700 1906 fecerint.

159 1924 332 1990 Wriffjom
455 1924 661 1971 Quattuor
685 1923 878 1977 exemplis
903 1923 1098 1977 probabo,
1127 1923 1275 1965 talibus
1301 1924 1545 1966 editionibus
1571 1925 1832 1966 Clementinae
1856 1925 1978 1966 etiam
2006 1924 2247 1978 professores

165 1980 328 2035 smitam*
351 1981 388 2022 S.
408 1982 625 2035 Scripturae
642 1986 682 2023 et
699 1987 882 2023 auctores
901 1995 1066 2036 operum
1084 1983 1381 2037 exegeticorum
1398 1984 1438 2024 in
1456 1997 1605 2025 errores
1622 1984 1824 2025 coniectos
1841 1998 1936 2025 esse.
1984 1983 2022 2024 K
2039 1997 2065 2023 n
2083 1996 2107 2024 a
2124 1982 2148 2023 b
2166 1996 2186 2024 e
2205 1996 2248 2023 n-

165 2039 324 2093 ¹¹‡.„{',si¹,}‘,'.{‘j'*
351 2039 375 2079 b
394 2053 458 2080 au
478 2054 497 2081 e
516 2054 533 2080 r
575 2041 612 2081 in
642 2042 933 2082 commentario
962 2041 1158 2095 evangelii
1189 2042 1350 2083 Ioannis
1379 2056 1468 2097 pag.
1499 2043 1548 2083 67
1576 2056 1737 2084 versum
1764 2043 1799 2084 3
1831 2048 1871 2084 et
1899 2043 1933 2084 4.
1964 2042 2108 2095 capitis
2141 2042 2168 2083 l.
2199 2055 2248 2083 ex

202 2105 282 2131 sunt:
350 2112 423 2139 sua
452 2099 627 2140 editione
659 2100 843 2154 Vulgatae
873 2101 928 2141 sic
958 2100 1186 2155 descripsit:
1217 2106 1286 2150 „et
1315 2101 1399 2143 sine
1429 2102 1515 2155 ipso
1546 2101 1701 2143 factum
1732 2107 1793 2143 est
1823 2101 1921 2143 nihil
1952 2100 2060 2155 quod
2091 2101 2246 2141 factum

350 2164 421 2199 est.
486 2159 558 2199 ¹ln
591 2159 676 2213 ipso
709 2159 796 2200 vita
827 2160 951 2201 erat“.
1011 2160 1036 2201 S
1055 2159 1179 2201 ales
1211 2160 1250 2201 in
1283 2174 1391 2201 nova
1421 2161 1597 2202 editione
1630 2160 1822 2202 versionis
1861 2160 2008 2202 [talicae
2040 2159 2247 2201 aMartini

350 2223 500 2258 curatae
524 2217 621 2259 istos
647 2231 785 2259 versus
809 2218 865 2259 sic
889 2218 1110 2273 impressit:
1136 2224 1204 2268 „et
1227 2219 1311 2261 sine
1336 2220 1422 2273 ipso
1447 2220 1602 2261 factum
1628 2225 1688 2261 est
1713 2220 1823 2269 nihil,
1851 2219 1959 2274 quod
1984 2219 2141 2261 factum
2166 2223 2244 2267 est;

354 2276 421 2316 ‘In
449 2276 534 2329 ipso
562 2276 649 2317 vita
674 2277 799 2325 erat“‚
827 2282 951 2332 atque
971 2278 1013 2318 in
1034 2278 1300 2319 annotatione
1327 2279 1517 2329 affirmat,
1542 2279 1758 2333 Vulgatam
1777 2278 1902 2320 verba
1927 2278 2064 2332 „quod
2089 2278 2245 2319 factum

350 2336 434 2375 estf‘
462 2348 552 2376 cum
580 2336 899 2389 praecedentibus
925 2342 1173 2378 connectere.
1230 2338 1318 2379 Hoc
1344 2338 1390 2379 fit
1415 2338 1455 2379 in
1480 2338 1596 2379 malis
1622 2337 1867 2379 edit-ionibus
1893 2351 1917 2378 a
1944 2336 2247 2379 Knabenbauer

350 2398 391 2434 et
417 2394 526 2435 Sales
555 2394 759 2443 adhibitis,
789 2409 869 2436 non
896 2396 936 2436 in
964 2396 1217 2438 Clementina
1243 2397 1425 2451 originali
1452 2411 1581 2451 neque
1615 2397 1655 2438 in
1682 2397 1842 2438 Sixtina
1868 2410 1998 2450 neque
2031 2397 2072 2437 in
2105 2409 2246 2437 manu·

350 2452 508 2505 seriptis
527 2453 693 2495 Latinis.
746 2455 790 2495 ln
813 2454 974 2496 Sixtina
998 2455 1065 2496 isti
1090 2469 1228 2497 versus
1250 2456 1369 2497 modo
1395 2456 1579 2510 sequenti
1606 2456 1930 2511 distinguuntur:
1958 2460 2025 2505 „et
2049 2455 2133 2496 sine
2159 2454 2245 2508 ipso

351 2511 504 2552 factum
533 2516 593 2553 est
619 2512 735 2553 nihil:
765 2513 874 2567 quod
901 2513 1057 2555 factum
1084 2519 1145 2556 est
1173 2516 1188 2539 ‘¹
1205 2514 1245 2555 in
1273 2515 1358 2569 ipso
1383 2516 1470 2556 vita
1496 2516 1626 2564 erat“;
1647 2515 1781 2556 White
1810 2515 1950 2556 eodem
1977 2514 2098 2555 modo
2124 2513 2246 2554 inter-

351 2570 506 2623 pungit‚
545 2584 741 2612 asserens:
778 2572 1107 2619 „distinct-ionem
1143 2579 1324 2615 nostram
1361 2579 1402 2615 et
1437 2574 1638 2615 Sixtinam
1675 2574 1907 2628 approbant
1941 2573 2097 2615 codices
2133 2585 2245 2626 paene

349 2630 525 2670 omnes“.
581 2630 622 2670 111
643 2630 896 2672 Clementina
914 2631 1152 2685 impressum
1174 2638 1252 2673 est:
1273 2638 1341 2681 „et
1360 2633 1444 2674 sine
1464 2633 1550 2687 ipso
1571 2634 1727 2674 factum
1748 2638 1808 2675 est
1828 2633 1938 2681 nihil,
1961 2632 2070 2687 quod
2090 2632 2245 2673 factum

350 2692 421 2737 est,
453 2690 466 2712 ³
485 2688 524 2729 in
551 2688 636 2742 ipso
663 2689 750 2730 vita
774 2690 899 2739 erat“‚
927 2697 1037 2745 hqua}
1062 2691 1336 2745 interpunctio
1361 2692 1401 2733 in
1427 2692 1559 2733 medio
1585 2693 1790 2747 relinquit,
1810 2698 1948 2733 utrum
1967 2691 2093 2732 verba
2108 2689 2245 2744 „quod

349 2746 503 2787 factum
530 2748 616 2788 est“
642 2761 733 2789 cum
761 2749 1094 2791 antecedentibus
1121 2764 1171 2791 an
1199 2764 1289 2791 cum
1316 2751 1657 2805 subsequentibus
1684 2751 1965 2805 coniungenda
1989 2750 2082 2791 sint.
2137 2749 2243 2803 Ergo

350 2805 457 2846 mala
491 2806 613 2847 editio
649 2806 921 2859 Clementinae,
958 2809 1021 2850 cui
1056 2809 1256 2863 professor
1289 2810 1398 2851 Sales
1435 2815 1584 2851 temere
1619 2810 1862 2861 confidebat,
1899 2810 1939 2850 in
1974 2822 2168 2864 magnum
2204 2812 2245 2848 et

350 2877 526 2905 erassum
556 2878 727 2907 errorem
756 2880 846 2907 eum
875 2867 1057 2909 coniecit.
1088 2893 1135 2896 —
1163 2868 1191 2908 C
1210 2881 1231 2908 0
1251 2882 1308 2909 rn
1328 2869 1419 2922 ely
1461 2869 1501 2909 in
1529 2869 1820 2910 commentario
1848 2869 1900 2910 ad
1929 2870 1948 2909 l
1977 2869 2054 2910 Cor
2078 2868 2115 2917 9,
2144 2867 2246 2907 2—4

351 2937 438 2976 pag.
460 2924 534 2964 *235
553 2929 710 2965 textum
732 2925 917 2980 Vulgatae
935 2940 983 2967 ex
1001 2939 1075 2967 sna
1092 2926 1268 2967 editione
1286 2927 1341 2968 sic
1360 2927 1542 2968 exhibet:
1561 2928 1644 2976 „Et
1662 2928 1693 2969 si
1712 2928 1797 2969 aliis
1816 2942 1897 2969 non
1915 2941 2004 2969 sum
2023 2925 2243 2980 apostolus,

348 2982 416 3023 sed
441 2990 576 3023 tamen
601 2983 714 3024 vobis
736 2998 843 3025 sum:
868 2998 961 3026 nam
983 2985 1235 3039 signaculum
1257 2986 1510 3039 apostolatus
1532 2986 1609 3027 mei
1632 3000 1703 3028 vos
1725 2987 1819 3028 estis
1842 2987 1881 3028 in
1903 2986 2092 3028 Domino.
2132 2984 2243 3025 3Mea

435 3100 451 3116 ἢ
479 3091 629 3135 Delegati
656 3092 788 3126 Summi
816 3093 1000 3132 pontificis,
1026 3094 1190 3127 editiones
1217 3095 1444 3128 Clernentinas
1471 3099 1701 3141 praeparantes
1727 3098 1762 3129 et
1787 3097 1879 3140 typis
1905 3095 2144 3133 describentes,
2173 3104 2240 3127 non

347 3138 539 3171 infallibiles
568 3142 676 3178 erant,
706 3144 915 3185 ‹piapropter
942 3141 1021 3185 ipsis
1041 3152 1177 3185 quoque
1204 3142 1329 3175 accidit
1356 3143 1446 3186 quod
1464 3143 1537 3176 aliis
1558 3143 1760 3177 mortalibus
1779 3143 1881 3176 libros
1900 3142 2082 3177 edentibus
2108 3140 2242 3175 evenire

346 3186 440 3219 solet.
483 3186 594 3219 Etiam
608 3187 787 3220 Summum
802 3187 1000 3221 Pontificem
1014 3188 1047 3221 in
1062 3188 1159 3221 rebus
1174 3199 1261 3222 mere
1274 3189 1396 3222 criticis
1410 3201 1448 3223 ac
1461 3191 1716 3234 typographicis
1729 3201 1848 3229 errare,
1863 3193 1975 3224 errata
1986 3200 2048 3223 sua
2059 3199 2241 3233 agnoscere

346 3237 376 3265 et
395 3233 557 3274 corrigere
575 3244 681 3277 posse,
699 3234 803 3268 editio
820 3235 954 3268 Sixtina
968 3235 1036 3268 suis
1051 3235 1219 3269 schedulis
1235 3236 1458 3270 demonstrat.
1504 3233 1587 3281 Ergo
1604 3237 1763 3271 catholici
1778 3237 1948 3277 timentes,
1965 3247 2006 3269 ne
2021 3236 2095 3269 istis
2111 3235 2243 3269 mendis

346 3280 532 3312 auctoritas
552 3280 748 3324 Apostolica
775 3281 929 3321 lzedatur,
958 3281 991 3314 in
1011 3282 1151 3315 historia
1169 3286 1203 3316 et
1230 3284 1401 3327 theologia
1418 3284 1668 3317 fundamentali
1688 3296 1755 3318 non
1774 3285 1858 3318 bene
1877 3283 2002 3317 versati
2020 3285 2113 3317 sunt.
2155 3282 2242 3323 „Ec-

347 3327 447 3359 clesia
470 3327 571 3366 enim,
597 3327 714 3361 scribit
731 3328 923 3361 Vercellonc
946 3329 1070 3371 (Varize
1095 3329 1265 3369 lectiones,
1291 3333 1372 3364 tom.
1402 3330 1458 3370 IL,
1485 3342 1558 3374 pag.
1575 3332 1639 3364 522
1653 3332 1705 3375 s.),
1730 3332 1858 3365 leviora
1880 3330 2045 3364 nonnulla
2067 3340 2241 3363 sacrarum

345 3374 597 3417 seripturarum
621 3375 746 3408 menda
767 3375 810 3408 ab
833 3375 1027 3409 hominibus
1050 3376 1156 3414 illata,
1180 3388 1254 3420 quae
1277 3388 1367 3411 sante
1390 3377 1552 3411 doctrinae
1576 3389 1644 3412 non
1665 3378 1901 3418 adversantur,
1925 3377 2112 3411 necessa-rio
2136 3379 2241 3420 atque

346 3420 486 3453 innocue
524 3421 669 3464 patitur;
709 3425 745 3455 at
772 3433 959 3466 numquam
987 3422 1038 3455 vel
1065 3423 1272 3457 levissimum
1298 3435 1443 3458 errorem
1469 3436 1628 3470 suprema
1652 3436 1714 3459 sua
1738 3425 1944 3459 aucton'tate
1969 3423 2243 3468 comprobavit.“

436 3469 451 3493 b
478 3468 640 3512 Inspicias
665 3470 887 3513 appendicem
914 3469 1065 3504 criticam
1091 3471 1134 3504 ad
1159 3471 1248 3505 hunc
1273 3472 1394 3505 locum.
