2356 3760
263 84 363 125 1230
1093 79 1237 114 LIBER
1263 80 1321 114 iv.
1886 83 1939 123 12,
1964 81 2107 123 45—13‚
2132 81 2174 114 47

259 180 333 209 erat
350 174 471 208 melius
489 175 516 208 si
534 185 683 208 essemus
701 174 854 209 succensi
871 176 906 207 et
922 183 984 207 005
1003 183 1082 207 cum
1099 173 1257 206 incendio
1275 172 1375 206 Sion?
1419 174 1445 192 ⁴⁵
1470 172 1542 206 Nec
1559 172 1650 206 enim
1668 183 1730 207 nos
1747 183 1866 208 sumus
1884 175 2038 209 meliores
2056 185 2174 210 eorum

259 223 317 266 qui
342 223 389 256 ibi
414 222 541 256 mortui
566 225 658 257 sunt.
686 222 731 255 Et
752 221 975 265 ploraverunt
995 230 1078 253 voce
1098 230 1234 264 magna.
1258 220 1304 253 Et
1323 219 1484 264 respondi
1503 219 1547 253 ad
1568 230 1635 259 eos,
1657 223 1692 253 et
1711 220 1797 254 dixi:
1841 222 1872 241 ⁴⁶
1896 221 2036 256 Confide
2058 221 2173 262 Israel,

258 273 293 303 et
314 269 382 302 noli
405 269 535 303 tristari
557 272 597 303 tu
619 269 741 302 domus
765 267 879 301 Iacob.
926 268 953 286 ⁴⁷
977 267 1041 300 Est
1063 267 1153 300 enim
1176 267 1342 300 memoria
1363 267 1468 301 vestri
1491 277 1606 301 coram
1628 267 1817 308 Altissimo,
1840 271 1876 301 et
1897 268 2010 302 Fortis
2031 280 2101 303 non
2122 271 2175 303 est

258 317 386 350 oblitus
410 316 515 350 vestri
538 316 573 350 in
596 315 800 349 tentatione.
847 316 876 333 ⁴²³
899 313 973 358 Ego
997 314 1087 347 enim
1111 324 1181 347 non
1204 313 1368 358 dereliqui
1392 325 1463 354 vos,
1488 324 1599 358 neque
1623 315 1750 348 excessi
1773 326 1794 348 a
1816 315 1930 349 vobis:
1955 315 2015 350 sed
2038 316 2117 350 veni
2139 316 2174 350 in

257 364 349 397 hunc
373 364 486 398 locum
512 366 550 397 ut
575 363 774 406 deprecarer
799 372 859 405 pro
897 360 1108 394 desolatione
1145 361 1236 401 Sion,
1275 363 1315 395 ut
1351 371 1537 405 quaererem
1575 361 1841 396 misericordiam
1879 373 1940 407 pro
1976 363 2174 397 humilitate

255 411 538 445 sanctificationis
568 412 700 443 vestrae.
751 410 780 427 ⁴⁹
805 408 852 442 Et
879 418 970 441 nunc
996 408 1044 441 ite
1072 408 1307 452 unusquisque
1335 412 1490 442 vestrum
1516 408 1552 442 in
1579 408 1721 442 domum
1748 419 1858 449 suam,
1886 412 1921 443 et
1948 420 2008 455 ego
2036 410 2174 444 veniam

257 458 301 492 ad
326 469 387 492 vos
413 462 491 502 post
515 457 585 489 dies
610 456 703 489 istos.
754 457 783 475 ³⁰
807 454 854 489 Et
879 455 1052 499 profectus
1078 458 1131 489 est
1155 455 1312 500 populus,
1339 455 1428 489 sicut
1453 454 1524 489 dixi
1548 455 1588 496 ei,
1614 455 1649 489 in
1674 455 1869 490 civitatem:
1919 458 1943 476 ⁵¹
1970 467 2031 502 ego
2055 459 2173 491 autem

255 505 327 539 sedi
348 506 383 538 in
405 515 526 547 campo
547 505 680 547 septem
702 502 833 542 diebus,
856 502 945 536 sicut
966 502 1051 536 mihi
1072 502 1269 537 mandavit:
1293 506 1328 537 et
1348 502 1605 536 manducabam
1627 502 1668 536 de
1689 502 1830 537 floribus
1851 503 2069 543 solummodo
2090 504 2172 549 agri,

255 553 297 586 de
322 552 433 586 herbis
460 552 554 584 facta
579 552 631 583 est
657 560 734 583 esca
758 549 842 583 mihi
867 549 903 583 in
929 549 1048 583 diebus
1074 549 1150 585 illis.

472 631 507 667 3.
536 629 742 675 symbolo
769 629 956 666 hominis
984 638 1076 666 cum
1105 628 1290 665 nubibus
1319 629 1411 666 caeli
1440 630 1726 676 convolantis,
1751 629 1959 676 13,1—58.

61 692 241 718 Virdemari
369 689 420 724 13.
469 692 478 709 ¹
506 689 553 723 Et
576 690 709 722 factum
736 692 788 722 est
814 691 893 733 post
920 688 990 722 dies
1016 692 1161 733 septem,
1189 691 1224 722 et
1249 688 1420 722 somniavi
1445 689 1618 723 somnium
1644 692 1755 724 nocte.
1807 691 1819 709 ²
1842 689 1891 724 Et
1916 700 1992 724 ecce
2019 690 2061 724 de
2086 691 2174 725 mari

68 729 227 754 ascendens
255 740 378 771 ventus
401 736 601 781 exurgebat,
624 740 664 769 ut
686 736 909 770 conturbaret
931 746 1048 769 omnes
1070 735 1195 769 fluctus
1217 736 1299 770 eius.
1345 738 1356 755 ³
1381 735 1428 769 Et
1450 735 1531 776 vidi,
1554 739 1589 770 et
1610 746 1687 770 ecce
1708 736 1973 772 convalescebat
1992 737 2048 771 ille
2068 737 2172 772 homo

253 795 330 818 cum
354 784 504 818 millibus
529 783 614 818 caeli:
641 787 675 817 et
700 783 759 817 ubi
782 783 920 817 vultum
944 794 1045 817 suum
1070 783 1230 817 vertebat
1253 786 1294 817 ut
1317 783 1559 823 consideraret,
1583 783 1782 818 tremebant
1805 784 1922 818 omnia
1946 795 2022 829 quae
2045 784 2109 819 sub
2133 796 2172 819 eo

254 831 477 865 videbantur:
529 833 541 850 ⁴
566 834 600 864 et
628 831 836 875 ubicumque
864 831 983 864 exibat
1010 841 1079 863 vox
1106 830 1147 864 de
1175 841 1231 864 ore
1258 830 1340 871 eius,
1369 830 1596 865 ardescebant
1623 841 1740 865 omnes
1768 831 1828 876 qui
1855 831 2045 866 audiebant
2071 843 2172 866 voces

253 879 323 913 eius
349 879 437 912 sicut
463 879 614 922 quiescet
640 881 732 911 terra
756 877 896 921 quando
921 877 1065 911 senserit
1089 878 1214 922 ignem.

82 929 213 969 multitu·
366 927 377 945 ⁵
403 925 449 959 Et
474 925 544 959 vidi
570 928 649 970 post
670 925 752 965 haec,
776 927 811 958 et
833 935 909 958 ecce
931 925 1206 969 congregabatur
1226 924 1416 959 multitudo
1439 925 1630 965 hominum,
1654 935 1801 969 quorum
1822 937 1893 960 non
1914 930 1989 960 erat
2010 937 2172 960 numerus

81 965 195 1025 hdffissm
253 973 294 1006 de
316 976 484 1016 quattuor
504 972 616 1006 ventis
637 972 719 1012 caeli,
741 974 781 1006 ut
801 971 1014 1006 debellarent
1033 971 1208 1005 hominem
1229 972 1288 1016 qui
1309 972 1512 1006 ascenderat
1531 972 1573 1006 de
1593 972 1690 1007 mari.
1738 974 1750 992 ⁶
1770 973 1818 1007 Et
1838 973 1920 1014 vidi,
1936 977 1977 1008 et
1996 984 2073 1008 ecce
2092 974 2172 1008 sibi-

58 1008 235 1066 ,pssstfiugssis
252 1020 391 1064 metipsi
409 1019 599 1064 sculpserat
617 1022 772 1053 montem
790 1029 966 1063 magnum,
987 1022 1022 1052 et
1040 1018 1173 1053 volavit
1191 1030 1293 1064 super
1311 1030 1401 1054 eum.
1445 1021 1456 1039 ⁷
1475 1019 1549 1064 Ego
1568 1022 1686 1054 autem
1705 1020 1848 1064 quaesivi
1866 1020 1981 1055 videre
1999 1021 2171 1065 regionem

123 1072 167 1096 sui
200 1108 203 1111 Ι
252 1067 306 1100 vel
322 1067 434 1101 locum
451 1067 540 1100 unde
556 1067 711 1111 sculptus
727 1069 816 1100 esset
831 1077 940 1106 100115,
957 1069 992 1100 013
1007 1077 1076 1100 000
1093 1066 1200 1111 potui.
1243 1068 1255 1086 ⁸
1280 1066 1327 1100 Et
1342 1069 1422 1112 post
1436 1067 1509 1101 haec
1524 1066 1606 1107 vidi,
1623 1069 1658 1101 et
1673 1077 1750 1101 0000
1765 1078 1883 1102 0111005
1899 1068 1960 1112 qui
1975 1068 2172 1113 congregati

69 1107 217 1133 succendn
250 1118 332 1148 sunt
357 1114 401 1147 ad
427 1125 516 1154 0001,
543 1116 582 1148 01
607 1116 846 1158 expugnarent
871 1124 960 1153 eum,
986 1113 1160 1148 timebant
1185 1113 1296 1153 valde,
1335 1117 1454 1148 tamen
1479 1113 1657 1148 audebant
1682 1125 1845 1159 pugnare.
1909 1117 1921 1134 ⁹
1946 1114 1994 1149 Et
2018 1126 2105 1156 ecce,
2132 1119 2172 1149 ut

249 1161 338 1195 vidit
360 1161 531 1206 impetum
552 1161 786 1195 multitudinis
810 1160 990 1200 venientis,
1014 1171 1084 1194 non
1105 1160 1237 1194 levavit
1258 1172 1402 1195 manum
1424 1172 1534 1201 suam,
1558 1172 1669 1206 neque
1690 1161 1859 1196 frameam
1881 1162 2036 1203 tenebat,
2059 1173 2171 1207 neque

249 1209 390 1253 aliquod
410 1219 471 1242 vas
493 1208 692 1242 bellicosum
712 1208 778 1242 nisi
797 1208 1014 1242 solummodo
1036 1212 1076 1241 ut
1097 1208 1178 1248 vidi,
1224 1210 1253 1228 ¹⁰
1274 1209 1439 1252 quoniam
1460 1208 1575 1242 emisit
1595 1208 1636 1242 de
1658 1219 1714 1242 ore
1734 1219 1796 1243 suo
1817 1209 1907 1243 sicut
1926 1209 2051 1244 flatum
2071 1210 2170 1255 ignis,

248 1258 283 1289 et
308 1256 349 1289 de
374 1256 472 1290 labiis
497 1256 567 1290 eius
592 1256 731 1300 spiritus
756 1255 915 1295 flammae,
941 1259 975 1289 et
999 1255 1040 1289 de
1065 1255 1182 1300 lingua
1205 1256 1275 1289 eius
1300 1256 1487 1290 emittebat
1510 1256 1675 1290 scintillas
1699 1259 1734 1290 et
1757 1258 1996 1301 tempestates,
2021 1259 2056 1291 et
2079 1268 2170 1292 com-

248 1303 353 1337 mista
371 1306 453 1337 sunt
473 1303 588 1337 omnia
607 1303 719 1343 simul,
739 1303 794 1336 hic
812 1302 916 1336 flatus
936 1302 1033 1347 ignis,
1055 1305 1089 1336 et
1108 1303 1248 1347 spiritus
1267 1303 1428 1343 flammae,
1448 1306 1483 1337 et
1501 1303 1693 1337 multitudo
1712 1304 1947 1348 tempestatis:
1992 1306 2017 1324 ¹¹
2037 1307 2073 1338 et
2092 1315 2170 1339 con—

248 1350 332 1384 cidit
354 1361 456 1395 super
476 1350 738 1384 multitudinem
760 1350 795 1383 in
816 1350 960 1394 impetu,
985 1361 1060 1394 quae
1083 1354 1279 1394 praeparata
1300 1354 1374 1384 erat
1397 1361 1560 1395 pugnare,
1583 1353 1619 1385 et
1639 1350 1819 1385 succendit
1840 1362 1968 1391 01111105,
1992 1354 2033 1385 ut
2053 1351 2169 1386 subito

248 1397 332 1431 nihil
347 1397 522 1431 videretur
536 1398 577 1430 de
591 1397 833 1431 innumerabili
847 1397 1083 1437 multitudine,
1099 1397 1163 1430 nisi
1177 1397 1394 1431 solummodo
1409 1398 1533 1442 pulvis,
1549 1401 1584 1431 et
1597 1398 1685 1432 fumi
1699 1398 1798 1432 odor:
1814 1401 1849 1432 et
1864 1398 1946 1438 vidi,
1962 1401 1997 1433 et
2010 1399 2168 1434 extimui.

69 1449 97 1472 et
120 1448 217 1487 multi-
362 1447 388 1464 ¹²
413 1445 460 1478 Et
485 1448 562 1489 post
587 1445 659 1478 haec
683 1444 755 1478 vidi
779 1445 892 1488 ipsum
920 1444 1095 1478 hominem
1124 1445 1388 1478 descendentem
1417 1445 1459 1478 de
1486 1448 1615 1485 monte,
1644 1448 1679 1478 et
1707 1448 1891 1479 vocantem
1920 1445 1964 1479 ad
1991 1456 2026 1480 se
2052 1446 2169 1480 multi-

69 1483 227 1543 ggi‘gfferffll
249 1491 406 1525 tudinem
430 1492 533 1526 aliam
556 1492 745 1536 pacificam,
793 1494 819 1511 ¹³
841 1495 876 1524 et
899 1491 1086 1525 accedebat
1109 1491 1153 1525 ad
1176 1502 1254 1525 eum
1277 1492 1395 1525 vultus
1417 1492 1598 1526 hominum
1620 1492 1811 1526 multorum
1834 1493 2066 1537 quorumdam
2088 1505 2169 1538 gau-

51 1524 238 1586 fflongrssgssssff
252 1539 420 1579 dentium,
443 1539 662 1583 quorundam
683 1539 915 1572 tristantium:
940 1538 1045 1582 aliqui
1068 1549 1148 1572 vero
1171 1538 1313 1583 alligati,
1336 1538 1442 1583 aliqui
1465 1538 1676 1573 adducentes
1698 1550 1739 1573 ex
1762 1539 1819 1580 eis,
1843 1540 1902 1584 qui
1924 1540 2168 1576 offerebantur.

90 1583 198 1625 Esdrgs
362 1590 396 1619 et
420 1586 585 1631 aegrotavi
611 1597 631 1619 a
654 1585 879 1620 multitudine
902 1586 1051 1630 pavoris,
1075 1589 1109 1619 et
1133 1586 1393 1630 expergefactus
1416 1597 1503 1627 sum,
1528 1588 1563 1620 et
1585 1586 1667 1621 dixi.
1714 1588 1741 1606 ¹⁴
1766 1587 1817 1620 Tu
1840 1587 1884 1621 ab
1907 1587 2006 1621 initio
2029 1587 2169 1621 demon-

100 1637 186 1676 inter*
250 1634 369 1667 strasti
388 1644 486 1666 servo
506 1636 568 1667 tuo
588 1632 759 1667 mirabilia
778 1633 860 1668 haec.
882 1636 917 1666 et
937 1632 1080 1677 dignum
1100 1643 1154 1666 me
1174 1633 1328 1667 habuisti
1348 1636 1388 1667 ut
1407 1633 1594 1678 susciperes
1615 1633 1894 1678 deprecationem
1913 1645 2042 1668 meam:
2087 1636 2115 1655 ¹⁵
2134 1639 2169 1669 et

43 1674 237 1733 Ρῐῗὲξὲοῃξξω
249 1691 340 1714 nunc
359 1680 559 1714 demonstra
577 1680 662 1714 mihi
680 1680 794 1714 adhuc
812 1680 1135 1724 interpretationem
1154 1681 1277 1714 somnii
1296 1681 1408 1715 huius.
1452 1682 1482 1700 ¹⁶
1500 1680 1597 1715 Sicut
1616 1681 1706 1714 enim
1726 1681 1886 1715 existimo
1906 1681 1941 1715 in
1959 1692 2060 1716 sensu
2079 1693 2167 1723 meo,

106 1743 179 1773 petit
191 1727 201 1732 “
250 1739 300 1761 vae
326 1728 384 1772 qui
409 1728 561 1761 derelicti
580 1729 721 1761 fuerunt
740 1728 775 1761 in
795 1727 914 1761 diebus
934 1727 1013 1761 illis:
1036 1731 1070 1761 et
1089 1728 1200 1761 multo
1221 1727 1297 1772 plus
1317 1738 1369 1762 vae
1388 1728 1440 1761 his
1461 1728 1520 1772 qui
1538 1739 1609 1762 non
1627 1733 1709 1762 sunt
1728 1728 1892 1763 derelicti.
1935 1730 1964 1748 ¹⁷
1991 1729 2057 1772 Qui
2077 1729 2167 1763 enim

248 1786 318 1809 non
343 1779 424 1808 sunt
450 1775 612 1815 derelicti,
640 1775 754 1809 tristes
781 1779 889 1809 erant.
939 1776 968 1794 ¹⁸
995 1774 1153 1820 intelligo
1179 1786 1271 1809 nunc
1297 1785 1372 1819 quae
1398 1779 1480 1809 sunt
1505 1775 1657 1820 reposita
1680 1775 1717 1809 in
1741 1775 1936 1810 novissimis
1962 1776 2093 1817 diebus,
2133 1780 2168 1811 et

249 1826 428 1856 occurrent
450 1823 507 1862 eis,
530 1822 589 1855 sed
611 1826 646 1856 et
666 1822 718 1855 his
741 1822 800 1867 qui
822 1822 974 1856 derelicti
995 1826 1087 1856 sunt.
1135 1824 1163 1841 ¹⁹
1186 1822 1331 1867 Propter
1352 1823 1416 1856 hoc
1439 1826 1609 1856 venerunt
1630 1823 1720 1856 enim
1743 1822 1778 1856 in
1800 1823 1951 1867 pericula
1971 1834 2108 1868 magna,
2132 1828 2166 1858 et

250 1870 469 1903 necessitates
496 1870 634 1905 multas,
662 1870 751 1903 sicut
777 1869 967 1903 ostendunt
992 1870 1127 1903 somnia
1152 1870 1234 1904 haec.
1285 1872 1313 1890 ²⁰
1340 1870 1508 1904 Attamen
1533 1869 1666 1904 facilius
1693 1873 1746 1904 est
1770 1870 2026 1914 periclitantem
2052 1871 2167 1905 venire

248 1917 283 1950 in
308 1917 409 1950 hunc.
436 1920 541 1961 ‘quam
567 1917 783 1961 pertransire,
807 1917 896 1950 sicut
918 1917 1046 1950 nubem
1070 1928 1090 1950 a
1112 1917 1245 1957 saeculo,
1271 1922 1305 1951 et
1327 1928 1419 1951 nunc
1442 1917 1557 1951 videre
1581 1927 1657 1962 quae
1680 1917 1887 1962 contingunt
1909 1917 1945 1951 in
1966 1918 2165 1953 novissimo.

57 1968 86 1991 et
108 1965 228 1996 accipit:
363 1964 408 1998 Et
433 1964 610 2009 respondit
626 1964 669 1998 ad
684 1975 750 2004 me,
766 1967 801 1998 et
816 1964 919 1998 dixit:
960 1966 985 1983 ²¹
1002 1964 1049 1998 Et
1065 1964 1203 1998 visionis
1220 1965 1542 2009 interpret-ationem
1559 1964 1672 1998 dicam
1687 1964 1765 1998 tibi:
1784 1970 1818 1998 et
1833 1964 1875 1998 de
1890 1965 2015 2009 quibus
2030 1965 2165 2000 locutus

248 2022 281 2044 es
308 2011 505 2055 adaperiarn
531 2011 605 2045 tibi.
655 2013 681 2031 2²
706 2011 878 2054 Quoniam
903 2011 944 2045 de
969 2011 1020 2045 his
1046 2011 1164 2045 dixisti
1190 2012 1248 2055 qui
1273 2011 1426 2045 derelicti
1450 2015 1546 2046 sunt:
1573 2012 1646 2046 haec
1671 2014 1723 2045 est
1746 2012 1999 2057 interpretatio.
2049 2014 2075 2033 ²³
2101 2012 2166 2056 Qui

249 2059 362 2092 aufert
387 2059 575 2103 periculum
599 2059 655 2092 illo
680 2062 846 2102 tempore,
872 2058 927 2092 hic
951 2069 985 2092 se
1011 2059 1210 2093 custodivit.
1237 2059 1295 2103 qui
1320 2059 1355 2092 in
1380 2059 1529 2103 periculo
1554 2059 1759 2099 inciderunt,
1785 2059 1819 2092 hi
1844 2062 1927 2093 sunt
1952 2059 2011 2103 qui
2035 2060 2167 2094 habent

248 2116 352 2149 opera
372 2110 406 2139 et
427 2106 530 2138 fidem
551 2106 595 2139 ad
616 2105 866 2139 Fortissimum.
912 2107 938 2125 ²⁴
958 2105 1051 2139 Scito
1073 2117 1150 2150 ergo
1173 2106 1337 2150 quoniam
1357 2106 1465 2150 magis
1487 2106 1677 2140 beatificati
1697 2109 1779 2140 sunt
1799 2107 1859 2150 qui
1879 2106 2042 2147 derelicti,
2064 2117 2166 2152 super

248 2163 304 2186 eos
330 2153 389 2196 qui
413 2153 541 2186 mortui
565 2159 656 2186 sunt.

71 2203 146 2229 filius
169 2204 221 2229 Dei
367 2202 392 2219 ‘2⁵
418 2199 480 2233 Hae
500 2200 801 2244 interpretationes
824 2200 972 2239 visionis,
995 2200 1076 2244 quia
1097 2200 1214 2234 vidisti
1235 2200 1347 2233 virum
1368 2200 1611 2234 ascendentem
1632 2200 1673 2234 de
1694 2200 1794 2234 corde
1814 2201 1928 2241 maris,
1973 2202 2002 2221 ²⁶
2021 2202 2093 2246 ipse
2113 2208 2165 2235 est

247 2257 350 2290 quern
379 2250 559 2280 conservat
587 2247 783 2280 Altissimus
812 2246 930 2280 multis
958 2247 1183 2291 temporibus,
1213 2248 1273 2291 qui
1301 2258 1360 2292 per
1386 2247 1611 2292 semetipsum
1638 2247 1799 2281 liberabit
1827 2252 2021 2282 creaturam
2048 2259 2161 2282 suam:

246 2298 281 2327 et
305 2294 376 2338 ipse
402 2294 571 2338 disponet.
601 2294 659 2338 qui
686 2294 838 2328 derelicti
865 2297 956 2328 sunt.
1008 2296 1035 2314 ²⁷
1061 2294 1109 2328 Et
1134 2294 1298 2338 quoniam
1326 2294 1444 2328 vidisti
1471 2294 1512 2328 de
1540 2305 1595 2328 ore
1623 2294 1693 2328 eius
1722 2295 1822 2328 exire.
1852 2298 1891 2328 ut
1917 2295 2088 2340 spiritum,
2129 2299 2164 2330 et

244 2342 369 2385 ignem,
395 2347 429 2375 et
453 2345 714 2386 tempestatem:
767 2344 794 2361 ²³
820 2345 853 2375 et
880 2341 1045 2386 quoniam
1071 2353 1141 2375 non
1166 2341 1310 2375 tenebat
1336 2342 1514 2381 frameam,
1542 2352 1653 2386 neque
1680 2353 1741 2376 vas
1767 2342 1983 2376 bellicosum:
2011 2343 2165 2388 corrupit

245 2389 335 2421 0111111
361 2389 511 2433 impetus
538 2389 607 2422 eius
634 2389 905 2429 multitudinem,
933 2400 1009 2433 quae
1035 2393 1178 2423 venerat
1204 2400 1401 2434 expugnare
1427 2400 1516 2424 eum.
1544 2390 1615 2423 haec
1640 2392 1693 2422 est
1717 2389 1970 2434 interpretatio.
2021 2391 2049 2409 ²⁹
2075 2390 2163 2424 Ecce

245 2435 315 2469 dies
334 2436 488 2471 veniunt.
508 2436 646 2480 quando
663 2436 803 2480 incipiet
820 2436 1017 2470 Altissimus
1034 2436 1176 2470 liberare
1194 2447 1249 2470 eos
1267 2437 1327 2480 qui
1341 2447 1444 2481 super
1460 2440 1588 2470 terram
1604 2441 1701 2470 sunt:
1742 2438 1772 2457 ³⁰
1788 2440 1823 2470 et
1839 2437 1955 2470 veniet
1970 2437 2007 2471 in
2022 2448 2163 2472 excessu

244 2483 369 2516 mentis
392 2494 493 2527 super
515 2494 570 2516 eos
593 2484 651 2527 qui
673 2483 873 2517 inhabitant
894 2486 1033 2517 terram.
1080 2485 1104 2503 ³¹
1128 2483 1175 2517 Et
1199 2483 1256 2517 alii
1281 2483 1364 2517 alios
1390 2483 1594 2528 cogit-abunt
1616 2483 1801 2518 debellare:
1826 2484 1948 2518 civitas
1971 2483 2162 2525 civitatem,

244 2534 278 2564 et
303 2530 395 2564 locus
421 2530 544 2564 locum.
571 2534 604 2563 et
631 2542 711 2575 gens
738 2530 902 2564 adversus
929 2534 1077 2575 gentem,
1106 2534 1140 2564 ct
1166 2541 1309 2575 regnum
1335 2531 1499 2564 adversus
1527 2541 1681 2575 regnum.
1743 2532 1770 2550 ³²
1796 2531 1844 2565 Et
1870 2531 1945 2572 erit,
1973 2542 2051 2565 cum
2077 2531 2161 2566 fient

246 2578 326 2611 haec.
354 2582 387 2610 et
413 2578 613 2621 contingent
638 2578 734 2621 signa
759 2588 834 2621 quae
859 2580 940 2611 ante
968 2577 1103 2611 ostendi
1130 2577 1209 2611 tibi:
1239 2581 1273 2611 et
1299 2581 1385 2612 tunc
1411 2578 1622 2611 revelabitur
1648 2577 1736 2612 filius
1765 2588 1871 2618 meus,
1900 2589 2004 2622 quem
2031 2578 2160 2619 vidisti,

245 2630 284 2657 ut
309 2624 421 2658 virum
447 2624 699 2658 ascendentem.

77 2674 190 2711 ,t-'rnsstss
358 2674 383 2691 ³³
409 2672 455 2705 Et
480 2672 544 2706 erit
569 2672 707 2715 quando
726 2672 898 2705 audierint
917 2682 1033 2706 omnes
1051 2677 1170 2717 gentes
1190 2683 1309 2706 vocem
1328 2672 1413 2706 eius:
1434 2676 1469 2706 et
1486 2672 1701 2716 derelinquet
1719 2672 1955 2716 unusquisque
1973 2672 2008 2706 in
2026 2673 2161 2717 regione

76 2714 206 2773 ’Υῐζζζᾏζῖἓ
247 2730 308 2752 sua
334 2719 460 2752 bellum
484 2730 596 2755 500111,
623 2719 715 2763 quod
740 2719 871 2753 habent
895 2719 940 2752 ad
965 2719 1186 2753 alterutrum:
1226 2721 1253 2739 34
1269 2722 1303 2753 01
1319 2719 1496 2764 colligetur
1511 2719 1546 2753 in
1561 2730 1670 2753 unum
1685 2719 1875 2754 multitudo
1890 2719 2160 2760 innumerabilis,

247 2766 334 2799 sicut
352 2766 504 2799 volentes
522 2766 646 2805 venire,
664 2770 699 2800 et
714 2777 911 2810 expugnare
927 2777 1016 2800 011111.
1057 2768 1083 2785 ³5
1110 2767 1186 2811 Ipse
1203 2769 1321 2800 autem
1336 2766 1445 2800 stabit
1460 2777 1563 2811 super
1578 2777 1743 2800 cacumen
1758 2766 1886 2800 montis
1902 2766 1994 2801 Sion.
2035 2768 2064 2786 ³⁶
2079 2766 2159 2801 Sion

248 2816 363 2845 autem
382 2813 506 2853 veniet,
525 2817 559 2847 et
577 2813 778 2847 ostendetur
794 2813 954 2847 omuibus
972 2818 1095 2858 parata
1112 2818 1146 2847 et
1162 2813 1343 2848 aedificata.
1361 2814 1451 2848 sicut
1468 2813 1586 2848 vidisti
1602 2817 1758 2848 montem
1774 2814 1884 2858 sculpi
1900 2813 1971 2847 sine
1988 2814 2158 2849 manibus

248 2859 275 2876 ³⁷
304 2859 378 2902 Ipse
404 2864 520 2893 autem
546 2861 633 2893 filius
653 2871 747 2894 meus
767 2864 888 2905 arguet
906 2871 982 2904 quae
1001 2860 1254 2894 adinvenerunt
1273 2861 1410 2901 Gentes,
1430 2861 1626 2905 impietates
1646 2871 1765 2894 eorum
1782 2861 1844 2894 has
1863 2871 1939 2905 quae
1958 2861 2159 2905 tempestati

247 2906 613 2949 appropi11‹·1uaverunt
641 2912 780 2952 propter
807 2908 899 2941 mala
926 2907 1159 2952 cogitamenta
1187 2918 1304 2941 eorum
1332 2912 1367 2942 et
1394 2908 1628 2942 cruciamenta
1655 2908 1779 2952 quibus
1807 2907 1974 2952 incipient
2000 2908 2157 2942 cruciari:

248 2954 276 2971 ³³⁸
302 2962 378 2996 quae
402 2954 596 2988 assimilatae
619 2958 700 2989 sunt
723 2955 880 2989 flammae.
905 2958 939 2989 et
964 2955 1083 2999 perdet
1105 2966 1161 2988 eos
1183 2955 1254 2988 sine
1277 2955 1392 2989 labore
1416 2966 1475 3000 per
1496 2955 1605 3000 legem
1628 2965 1703 2999 quae
1726 2955 1796 2999 igni
1817 2954 2008 2989 assimila-ta
2029 2957 2091 2989 est.

49 3006 76 3026 er
95 3002 233 3031 populum
359 3000 388 3019 ³⁹
415 3000 460 3033 Et
485 3002 646 3043 quoniam
673 3002 790 3035 vidisti
816 3013 893 3035 euin
921 3002 1136 3046 colligentem
1162 3002 1205 3035 ad
1231 3013 1266 3035 se
1292 3002 1395 3036 aliam
1420 3002 1681 3036 multitudinem
1708 3002 1897 3046 pacificam,
1947 3003 1977 3022 ⁴¹⁰
2000 3002 2052 3036 hae
2077 3006 2159 3036 sunt

80 3037 205 3099 ς’ῗῇξὲξξ
249 3046 365 3079 decem
389 3047 510 3086 tribuS,
536 3058 610 3090 quse
634 3049 780 3093 captivae
804 3050 904 3083 factae
927 3054 1008 3083 sunt
1032 3049 1073 3082 de
1097 3053 1187 3083 terra
1211 3060 1273 3083 sua
1295 3049 1331 3083 in
1353 3049 1473 3083 diebus
1498 3049 1583 3084 Osee
1606 3049 1703 3094 regis,
1728 3059 1832 3093 quem
1855 3049 2035 3094 captivum
2058 3049 2158 3082 duxit

248 3093 466 3127 Salmanasar
491 3104 549 3127 rex
576 3095 807 3138 Assyriorum:
835 3100 870 3130 et
895 3096 1074 3130 transtulit
1099 3107 1154 3130 eos
1180 3100 1275 3130 trans
1301 3096 1440 3136 flumen,
1479 3100 1514 3130 et
1539 3096 1699 3130 translati
1723 3098 1805 3130 sunt
1829 3096 1865 3129 in
1890 3099 2017 3130 terram
2043 3095 2156 3130 aliam.

248 3141 270 3158 ⁴¹
302 3140 369 3183 Ipsi
394 3145 511 3174 autem
541 3141 604 3174 sibi
634 3142 802 3176 dederunt
832 3143 1009 3177 consilium
1040 3144 1104 3177 1100
1134 3146 1173 3177 01
1202 3143 1477 3188 derelinquerent
1507 3143 1766 3177 multitudinem
1796 3143 1962 3188 gentium,
1993 3146 2029 3177 et
2057 3142 2157 3187 profi-

248 3187 452 3220 ciscerentur
473 3188 507 3220 in
529 3188 722 3221 ulteriorem
744 3190 926 3234 regionem,
950 3190 1008 3224 ubi
1029 3201 1221 3234 numquam
1241 3190 1454 3224 inhabitavit
1474 3201 1579 3235 genus
1601 3190 1808 3224 humanum:
1854 3191 1880 3209 ⁴¹²
1902 3190 1956 3223 vel
1976 3189 2024 3223 ibi
2044 3189 2156 3223 obser-

249 3244 327 3266 vare
353 3234 504 3275 legitima
528 3245 600 3274 sua.
627 3245 701 3278 qua}
728 3247 795 3269 non
819 3238 957 3271 fuerant
981 3241 1158 3271 servantes
1182 3238 1217 3271 in
1243 3237 1377 3282 regione
1402 3248 1474 3272 sua.
1523 3239 1549 3257 ⁴¹³
1575 3237 1639 3271 Per
1662 3237 1824 3278 introitus
1850 3240 1967 3271 autem
1992 3239 2156 3280 angustos

248 3280 396 3313 fluminis
419 3281 619 3325 Euphraten
639 3282 853 3317 introierunt.
898 3286 923 3303 ⁴⁴
947 3284 1040 3318 Fecit
1059 3285 1149 3318 enim
1169 3284 1215 3318 eis
1236 3288 1319 3318 tunc
1339 3284 1535 3318 Altissimus
1555 3285 1661 3329 signa,
1683 3288 1717 3318 et
1736 3284 1861 3318 statuit
1881 3294 1986 3317 venas
2005 3282 2155 3317 fluminis

248 3338 425 3370 usquequo
450 3329 645 3362 transirent.
694 3330 720 3347 ‘¹5
746 3329 808 3362 Per
832 3341 906 3364 eam
932 3331 1021 3364 enim
1045 3332 1217 3376 regionem
1241 3335 1315 3365 erat
1339 3331 1396 3365 via
1418 3332 1530 3365 multa
1553 3332 1694 3372 itineris,
1720 3331 1800 3365 anni
1824 3331 1923 3365 unius
1948 3333 1982 3364 et
2006 3330 2153 3363 dimidii:

248 3384 326 3406 nan]
353 3375 442 3418 regio
470 3374 526 3408 illa
553 3381 698 3409 vocatur
724 3376 897 3410 Arsareth.
949 3379 978 3397 ⁴⁶
1003 3378 1099 3412 Tunc
1125 3378 1411 3412 inhabitaverunt
1438 3378 1485 3412 ibi
1512 3389 1619 3422 usque
1646 3379 1681 3411 111
1708 3378 1894 3412 novissimo
1921 3380 2091 3421 tempore:
2121 3381 2155 3410 et

246 3431 337 3454 nunc
354 3421 477 3455 iterum
495 3433 572 3455 cum
590 3422 755 3467 coeperint
773 3423 896 3456 venire.
942 3426 965 3443 ‘⁷
983 3425 1107 3458 iterum
1125 3425 1320 3460 Altissimus
1337 3428 1471 3460 statuet
1487 3436 1592 3460 venas
1609 3425 1759 3459 fluminis
1788 3428 1827 3459 ut
1842 3424 1976 3467 possint
1992 3424 2151 3459 transire:
