2356 3760
140 96 194 135 28,
221 96 362 136 1449,
388 96 429 128 24
1054 95 1132 128 IOB
1957 104 2032 144 475

143 191 173 212 ¹⁴
200 189 383 241 Abyssus
411 188 528 228 dicit:
558 187 650 228 Non
677 191 738 227 est
764 186 806 226 in
832 199 915 226 me:
997 191 1038 227 et
1064 199 1175 227 mare
1201 187 1400 240 loquitur:
1431 189 1522 229 Non
1550 195 1609 230 est
1637 204 1805 234 mecum.

144 249 174 271 ¹5
205 247 319 288 aNon
347 246 514 287 dabitur
542 258 686 286 aurum
715 244 898 285 obrizum
928 257 999 297 pro
1029 257 1087 290 ea,
1160 258 1231 285 nec
1261 247 1517 299 appendetur
1545 254 1758 301 argentum
1786 252 1826 291 in
1855 266 2032 294 commu-

405 305 562 345 tatione
591 303 687 344 eius.

143 366 178 388 ¹⁶
203 364 295 405 Non
324 364 553 405 conferetur
581 361 720 402 tinctis
751 361 880 402 Indiae
908 360 1120 407 coloribus,
1194 376 1267 402 nec
1294 362 1421 415 lapidi
1449 365 1703 418 sardonycho
1733 367 2030 418 pretiosissimo,

404 421 469 461 vel
498 420 701 474 sapphiro.

146 483 177 505 ¹¹
205 481 296 522 Non
319 479 605 533 adaequabitur
627 479 662 519 ei
685 491 830 519 aurum
852 478 916 518 vel
938 478 1104 523 vitrum,
1163 492 1235 519 nec
1258 482 1624 522 commutabuntur
1645 495 1716 535 pro
1740 496 1787 523 ea
1809 497 1905 523 vasa
1930 486 2033 524 auri:

144 542 178 564 ¹³
200 538 373 580 Excelsa
400 544 440 578 et
467 536 689 578 eminentia
715 550 797 578 non
823 537 1162 578 memorabuntur
1189 539 1493 590 comparatione
1521 540 1623 580 eius:
1695 541 1872 582 trahitur
1898 548 2035 583 autem

404 596 607 650 sapientia
636 596 684 636 de
715 595 894 637 occultis.

143 658 178 680 ¹⁹
202 656 294 697 Non
326 655 611 709 adaequabitur
641 654 676 695 ei
706 654 891 708 topazius
923 654 971 695 de
1003 654 1223 707 AEthiopia,
1303 668 1375 695 nec
1406 656 1595 696 tinctura}
1624 658 1899 699 mundissimae
1930 673 2036 700 com—

404 719 591 768 ponetur.

143 775 179 797 ²⁰
202 773 320 815 Unde
348 786 440 826 ergo
468 772 670 826 sapientia
697 772 834 813 venit?
916 777 957 812 et
985 772 1073 825 quis
1102 778 1162 812 est
1189 771 1300 813 locus
1328 772 1627 826 intelligentiae?

143 834 175 856 2¹
202 831 457 873 Abscondita
482 836 543 872 est
569 831 619 871 ab
646 830 770 871 oculis
796 830 980 872 omnium
1005 830 1247 876 viventium,
1328 831 1511 872 volucres
1539 845 1700 885 quoque
1725 832 1809 873 caeli
1834 833 1947 874 latet.

144 893 175 915 22
201 890 382 932 Perditio
413 895 453 931 et
482 902 589 931 mors
619 889 830 930 dixerunt:
914 889 1091 930 Auribus
1120 890 1269 931 nostris
1300 890 1531 931 audivimus
1560 891 1714 932 famam
1745 891 1839 932 eius.

144 998 176 1021 ²3
202 996 312 1036 Deus
340 994 530 1048 intelligit
558 994 667 1035 viam
696 994 792 1039 eius,
875 999 915 1035 et
943 994 1026 1048 ipse
1055 995 1171 1036 novit
1197 995 1331 1036 locum
1359 994 1476 1036 illius.
2062 998 2135 1048 {MS
2153 998 2229 1046 ³0¹⁸?

143 1057 176 1079 24
204 1055 295 1108 Ipse
324 1054 431 1094 enim
460 1054 558 1094 fines
586 1053 730 1094 mundi
756 1053 958 1094 intuetur:
1046 1059 1086 1094 et
1114 1054 1262 1099 omnia,
1295 1067 1384 1107 quae
1412 1055 1486 1094 sub
1515 1054 1610 1095 caelo
1639 1059 1746 1099 sunt,
1778 1055 1951 1108 respicit.
2054 1039 2234 1107 ἇζξῗᾱῖῗῖῗιιιῖ-

144 1116 176 1138 ²⁵
203 1113 282 1162 Qui
306 1113 404 1154 fecit
429 1113 563 1153 ventis
589 1112 762 1166 pondus,
844 1117 885 1152 et
912 1126 1038 1166 aquas
1066 1113 1264 1166 appendit
1289 1113 1330 1153 in
1357 1126 1557 1153 mensura.
2062 1105 2225 1163 ἓξιζζοῖξζζξ

143 1174 179 1197 2⁶
205 1172 380 1221 Quando
411 1172 593 1225 ponebat
623 1171 771 1225 pluviis
801 1171 942 1224 legem,
1028 1177 1068 1212 et
1100 1172 1209 1212 viam
1239 1171 1422 1225 procellis
1453 1172 1713 1212 sonantibus:
2071 1173 2212 1234 &3353th

143 1233 177 1255 2⁷
202 1231 315 1272 Tunc
343 1231 449 1272 vidit
476 1230 600 1279 illam,
631 1235 671 1271 et
699 1230 919 1274 enarravit.
1003 1235 1044 1271 et
1071 1230 1331 1284 praeparavit,
1363 1235 1403 1270 et
1431 1230 1709 1283 investigavit.

142 1292 178 1314 2⁸
202 1290 258 1331 Et
283 1289 389 1331 dixit
414 1290 587 1331 homini:
615 1289 720 1330 Ecce
746 1289 869 1330 timor
894 1289 1072 1337 Domini,
1102 1290 1190 1342 ipsa
1215 1294 1276 1330 est
1302 1289 1520 1342 sapientia:
1595 1295 1635 1330 et
1661 1290 1844 1331 recedere
1871 1303 1895 1331 a
1918 1290 2038 1335 malo,

406 1348 686 1402 intelligentia.

424 1463 560 1504 6.1ob
589 1464 880 1504 sermonibus
910 1465 1007 1504 suis
1037 1463 1173 1504 finem
1204 1463 1409 1516 imponit,
1438 1463 1504 1513 29,
1523 1464 1674 1514 1—31‚
1695 1464 1758 1504 40.

247 1536 312 1579 29.
368 1537 381 1560 ¹
410 1535 582 1577 Addidit
613 1548 775 1589 quoque
807 1535 892 1579 Iob,
925 1548 1134 1576 assumens
1163 1534 1403 1588 parabolam
1433 1547 1561 1583 suam,
1594 1540 1634 1575 et
1664 1535 1786 1576 dixit:

162 1643 177 1665 2
201 1641 299 1690 Quis
324 1641 424 1682 mihi
449 1641 618 1688 tribuat,
644 1646 690 1681 ut
715 1641 791 1681 sim
816 1641 933 1681 iuxta
957 1653 1114 1681 menses
1140 1640 1331 1693 pristinos
1387 1640 1611 1681 secundum
1637 1640 1732 1686 dies,
1760 1640 1906 1694 quibus
1930 1641 2040 1681 Deus
2053 1639 2237 1706 ff‘ffrliigtiitgfflss

405 1700 665 1741 custodiebat
694 1700 783 1740 me?
2061 1712 2229 1741 meditatur,

163 1762 178 1784 3
202 1759 375 1808 Quando
404 1759 646 1813 splendebat
672 1758 838 1799 lucerna
864 1758 948 1799 eius
976 1771 1096 1811 super
1123 1763 1249 1811 caput
1275 1770 1424 1804 meum,
1483 1763 1523 1799 et
1552 1758 1603 1799 ad
1630 1758 1767 1798 lumen
1788 1758 1871 1798 eius
1900 1758 2041 1798 ambu-

403 1818 541 1859 labam
571 1818 612 1859 in
642 1817 843 1859 tenebris?

161 1879 177 1902 4
199 1877 314 1919 Sicut
335 1877 394 1918 fui
416 1877 457 1918 in
480 1877 621 1918 diebus
644 1876 925 1917 adolescentiae
947 1889 1057 1919 meae.
1118 1876 1281 1929 quando
1305 1880 1458 1917 secreto
1477 1876 1587 1916 Deus
1609 1880 1696 1916 erat
1718 1875 1758 1916 in
1777 1875 2039 1916 tabernaculo

404 1935 519 1977 meo?

162 1997 176 2020 ⁵
201 1995 374 2044 Quando
406 2000 493 2036 erat
524 1994 794 2048 Omnipotens
826 2007 1004 2034 mecum:
1090 1999 1130 2034 et
1160 1994 1201 2034 in
1232 1994 1403 2034 circuitu
1433 2007 1523 2034 meo
1554 1993 1668 2047 pueri
1698 1993 1800 2033 mei?

162 2055 177 2078 ⁶
201 2055 374 2103 Quando
402 2054 596 2094 lavabam
622 2054 745 2107 pedes
773 2066 883 2094 meos
912 2053 1075 2106 butyro,
1159 2058 1199 2093 et
1226 2058 1344 2106 petra
1370 2052 1572 2093 fundebat
1599 2052 1699 2092 mihi
1724 2052 1832 2092 rivos
1861 2051 1960 2092 olei?

162 2115 175 2137 ⁷
200 2113 374 2162 Quando
392 2112 663 2167 procedebam
678 2112 730 2153 ad
747 2117 911 2165 portam
924 2111 1116 2157 civitatis,
1169 2116 1210 2151 et
1228 2111 1268 2151 in
1286 2111 1425 2164 platea
1442 2111 1646 2165 parabant
1659 2111 1897 2151 cathedram
1914 2109 2038 2151 mihi?

161 2174 176 2197 ⁸
200 2172 407 2214 Videbant
436 2185 501 2212 me
531 2171 709 2220 iuvenes,
742 2176 783 2212 et
813 2171 1189 2212 abscondebantur:
1275 2176 1315 2210 et
1345 2183 1458 2210 senes
1490 2175 1744 2223 assurgentes
1774 2170 1955 2211 stabant.

162 2234 177 2256 ⁹
200 2231 406 2285 Principes
437 2231 653 2272 cessabant
680 2229 804 2284 loqui,
889 2235 929 2270 et
959 2230 1133 2283 digitum
1162 2230 1495 2283 superponebant
1525 2228 1583 2270 ori
1612 2242 1695 2270 suo.

141 2292 178 2315 ¹⁰
200 2290 352 2332 Vocem
378 2302 495 2331 suam
521 2289 770 2330 cohibebant
796 2289 929 2337 duces,
1012 2293 1053 2329 et
1078 2287 1218 2341 lingua
1243 2301 1382 2329 eorum
1408 2288 1566 2341 gutturi
1593 2301 1664 2328 suo
1693 2287 1939 2328 adhaerebat.

142 2351 173 2373 ¹¹
198 2349 318 2390 Auris
347 2349 515 2390 audiens
543 2348 808 2389 beatificabat
835 2361 911 2397 me,
985 2352 1026 2388 et
1053 2347 1192 2388 oculus
1221 2347 1362 2388 videns
1391 2346 1672 2388 testimonium
1701 2346 1900 2386 reddebat
1926 2345 2038 2386 mihi.

143 2455 174 2478 ¹²
200 2453 260 2494 Eo
282 2453 392 2506 quod
409 2452 643 2494 liberassem
662 2448 884 2507 pauperem
903 2452 1210 2501 vociferantem,
1269 2457 1309 2492 et
1328 2451 1542 2506 pupillum,
1558 2451 1623 2492 cui
1641 2465 1723 2493 non
1742 2456 1846 2492 esset
1866 2451 2039 2492 adiutor.
2058 2449 2233 2509 tssgssffssffiffi]

142 2514 174 2536 ¹³
201 2511 438 2552 Benedictio
468 2511 639 2565 perituri
668 2524 788 2565 super
816 2525 880 2552 me
909 2512 1114 2559 veniebat,
1199 2516 1240 2552 et
1269 2524 1337 2552 cor
1366 2510 1500 2551 viduae
1529 2510 1762 2552 consolatus
1791 2523 1893 2551 sum.
2078 2520 2210 2551 exponit.

143 2573 173 2595 ¹⁴
202 2570 368 2611 lustitia
384 2570 553 2611 indutus
571 2584 680 2611 sum:
738 2576 778 2611 et
796 2570 945 2612 vestivi
962 2584 1038 2619 me,
1060 2570 1165 2612 sicut
1183 2570 1429 2611 vestimento
1449 2574 1489 2610 et
1508 2569 1751 2615 diademate,
1771 2568 1917 2609 iudicio
1936 2581 2038 2610 meo.

142 2632 174 2654 ¹5
200 2629 351 2671 Oculus
380 2629 439 2669 fui
469 2642 584 2677 caeco,
670 2634 710 2670 et
738 2643 808 2683 pes
838 2629 995 2671 claudo.

142 2690 178 2712 ¹⁶
200 2689 324 2730 Pater
339 2701 449 2729 eram
465 2701 711 2742 pauperum:
764 2694 805 2729 et
821 2702 987 2730 causam
1005 2702 1128 2742 quam
1145 2688 1387 2736 nesciebam,
1406 2687 1711 2741 diligentissime
1727 2686 2038 2739 investigabam.

143 2749 175 2771 ¹⁷
200 2747 471 2789 Conterebam
498 2747 626 2788 molas
655 2747 795 2801 iniqui,
879 2753 919 2788 et
947 2748 996 2788 de
1025 2747 1217 2788 dentibus
1245 2746 1350 2788 illius
1379 2746 1613 2787 auferebam
1642 2746 1834 2799 praedam.

140 2854 175 2877 13
197 2852 496 2906 Dicebamque:
528 2851 577 2892 In
604 2851 743 2893 nidulo
772 2865 862 2893 meo
891 2853 1052 2899 moriar,
1137 2857 1177 2893 et
1206 2853 1311 2893 sicut
1338 2851 1478 2905 palma
1504 2849 1785 2904 multiplicabo
1815 2850 1910 2892 dies.
2052 2848 2247 2909 ³}ssfflffigm

140 2913 174 2935 ¹⁹
199 2910 335 2952 Radix
361 2923 454 2951 mea
480 2916 623 2964 aperta
650 2916 711 2951 est
738 2924 851 2952 secus
879 2924 1018 2965 aquas,
1102 2916 1142 2952 et
1169 2924 1233 2952 ros
1260 2910 1489 2952 morabitur
1515 2909 1555 2950 in
1582 2909 1780 2950 messione
1807 2922 1909 2952 mea.
2068 2920 2218 2949 sperabat:

139 2972 176 2994 2⁰
198 2969 337 3011 Gloria
364 2982 456 3010 mea
483 2982 642 3023 semper
670 2970 947 3019 innovabitur,
1027 2975 1067 3010 et
1097 2983 1213 3011 arcus
1242 2983 1355 3010 meus
1385 2969 1426 3009 in
1455 2982 1580 3009 manu
1609 2981 1701 3008 mea
1728 2967 2037 3009 instaurabitur.

139 3031 170 3053 2¹
197 3028 277 3077 Qui
300 3041 365 3069 me
391 3028 626 3074 audiebant,
655 3029 931 3082 expectabant
957 3029 1216 3078 sententiam,
1289 3034 1329 3069 et
1354 3027 1503 3068 intenti
1528 3027 1723 3068 tacebant
1750 3027 1801 3068 ad
1827 3027 2039 3068 consilium

401 3100 550 3128 meum.

138 3147 170 3170 ²²
196 3145 339 3187 Verbis
368 3145 467 3186 meis
498 3146 646 3186 addere
675 3145 775 3186 nihil
805 3147 1026 3195 audebant,
1104 3151 1145 3187 et
1174 3159 1294 3200 super
1322 3145 1409 3186 illos
1440 3144 1623 3186 stillabat
1652 3144 1858 3198 eloquium
1887 3158 2035 3185 meum.

138 3206 170 3229 ²3
196 3205 488 3259 Expectabant
500 3217 565 3245 me
578 3204 682 3246 sicut
695 3205 891 3259 pluviam,
936 3210 977 3245 et
989 3218 1031 3246 os
1045 3218 1164 3246 suum
1176 3204 1414 3259 aperiebant
1427 3203 1543 3257 quasi
1554 3204 1606 3244 ad
1618 3203 1789 3244 imbrem
1800 3203 2034 3244 serotinum.

137 3265 170 3287 ²⁴
195 3263 237 3304 Si
263 3264 427 3318 quando
452 3262 637 3304 ridebam
665 3264 717 3305 ad
743 3277 820 3312 eos,
849 3277 931 3305 non
957 3264 1190 3313 credebant,
1260 3268 1301 3304 et
1325 3262 1397 3303 lux
1422 3261 1561 3304 vultus
1586 3262 1666 3303 mei
1691 3275 1772 3304 non
1798 3262 1971 3302 cadebat
1996 3260 2035 3300 in

399 3327 563 3363 terram.

266 3424 319 3463 28,
346 3426 386 3459 15
412 3401 498 3469 asap
524 3426 555 3466 7,
579 3426 609 3460 9.
