2356 3760
295 210 370 250 9:26
1146 206 1289 239 LIBER
1318 206 1344 240 1.
1922 207 1973 246 13,
2002 206 2143 246 15—13,
2170 207 2211 240 45

294 301 496 343 Ionathae:
515 306 554 342 et
571 301 667 354 quia
682 300 974 341 commissurus
990 304 1095 339 esset
1111 312 1201 339 cum
1219 312 1264 339 eo
1282 299 1476 351 prfelium.
1496 298 1606 338 misit
1621 299 1673 339 ad
1689 312 1781 339 eum
1797 298 1963 349 legatos,
2008 302 2039 325 ¹5
2055 300 2209 341 dicens:

292 361 370 400 Pro
399 367 580 413 argento,
611 360 720 413 quod
747 359 925 399 debebat
950 358 1077 398 frater
1102 362 1198 398 tuus
1228 357 1422 398 lonathas
1450 357 1489 397 in
1517 357 1674 398 ratione
1700 357 1814 411 regis,
1843 363 2010 411 propter
2034 359 2209 413 negotia,

294 432 383 472 quae
412 418 570 464 habuit,
601 417 851 459 detinuimus
880 430 985 457 eum.
1044 418 1077 440 1⁶
1105 416 1161 456 Et
1188 429 1296 457 nunc
1324 416 1443 456 mitte
1471 415 1628 464 argenti
1657 415 1816 456 talenta
1842 422 2020 461 centum,
2041 422 2082 458 et
2109 418 2211 458 duos

294 477 394 518 filios
413 477 496 518 eius
516 477 687 523 obsides
708 482 754 516 ut
778 489 859 515 non
885 475 1074 516 dimissus
1092 474 1222 527 fugiat
1240 488 1263 515 a
1280 475 1407 523 nobis,
1427 479 1467 515 et
1485 474 1740 515 remittemus
1758 488 1862 516 eum.
1898 476 1930 499 1⁷
1950 475 2003 515 Et
2021 475 2213 529 cognovit

293 536 433 577 Simon
466 536 559 589 quia
591 548 682 575 cum
714 533 806 574 dolo
837 533 1072 587 loqueretur
1101 546 1249 578 secum,
1283 533 1399 573 iussit
1429 538 1567 573 tamen
1598 533 1684 573 dari
1716 538 1943 586 argentum,
1976 540 2017 574 et
2046 547 2210 587 pueros:

294 609 342 635 ne
370 594 623 635 inimicitiam
650 605 841 645 magnam
867 597 1045 633 sumeret
1070 592 1121 633 ad
1146 591 1343 645 populum
1372 590 1506 636 lsrael,
1533 591 1755 632 dicentem:
1810 593 1842 616 ¹⁸
1867 591 1973 640 Quia
1996 605 2078 633 non
2102 592 2213 633 misit

294 654 327 694 ei
357 658 584 702 argentum,
615 656 655 692 et
684 664 840 704 pueros,
872 657 1089 705 propterea
1116 651 1246 704 periit.
1306 653 1339 674 ¹⁹
1366 650 1421 691 Et
1449 649 1558 690 misit
1586 663 1744 703 pueros,
1775 655 1815 691 et
1843 656 2007 691 centum
2036 650 2211 691 talenta:

294 718 331 752 et
363 711 559 751 mentitus
588 715 660 755 est,
692 715 731 750 et
760 723 840 750 non
869 709 1023 750 dimisit
1054 709 1270 750 lonathan.

139 785 186 815 *1¹¹³
210 792 236 808 Ν
399 783 435 805 ²⁰
454 780 507 821 Et
528 785 621 834 post
642 780 725 820 haec
745 780 859 821 venit
879 780 1073 833 Tryphon
1093 780 1203 820 intra
1223 779 1437 832 regionem,
1462 784 1506 819 ut
1526 784 1753 819 contereret
1773 791 1880 818 eam:
1903 783 1943 819 et
1961 785 2214 832 gyraverunt

111 823 265 896 1.}{}3L1'1f21¹11.
296 853 365 894 per
390 839 512 883 viam,
541 852 631 892 quae
656 839 767 880 ducit
794 839 923 879 Ador:
951 844 991 879 et
1015 838 1168 882 Simon,
1197 844 1237 878 et
1262 843 1397 878 castra
1421 837 1505 878 eius
1531 837 1800 878 ambulabant
1827 837 1866 877 in
1892 850 2054 878 omnem
2080 837 2213 878 locum

109 892 260 950 ,‚¹,¹.¹,f{,'{,⁴,¹¹¹,‘.',
295 911 554 952 quocumque
583 898 710 938 ibant.
768 900 798 922 2¹
827 897 905 946 Qui
934 902 1071 937 autem
1101 896 1141 937 in
1170 909 1261 937 arce
1288 902 1417 942 erant,
1448 895 1646 936 miserunt
1675 896 1727 936 ad
1755 896 2017 949 Tryphonem
2044 895 2212 949 legatos,

106 962 267 985 '‘rwfflfflf
295 963 339 998 ut
359 957 571 998 festinaret
592 957 728 997 venire
747 969 818 1009 per
837 957 1056 1000 desertum,
1079 960 1119 996 et
1138 955 1322 996 mitteret
1341 955 1417 995 illis
1437 954 1661 996 alimonias.
1710 956 1741 979 ²²
1761 955 1816 995 Et
1836 954 1999 1007 paravit
2018 954 2213 1008 Tryphon

292 1030 454 1058 omnem
479 1016 724 1069 equitatum,
752 1021 797 1055 ut
821 1015 978 1055 veniret
1002 1013 1069 1055 illa
1092 1019 1230 1055 nocte:
1255 1019 1343 1055 erat
1366 1019 1505 1054 autem
1529 1013 1599 1054 nix
1621 1012 1753 1054 multa
1776 1012 1907 1061 valde,
1933 1018 1974 1054 et
1997 1026 2077 1053 non
2102 1013 2215 1053 venit

292 1076 332 1116 in
361 1074 623 1115 Galaaditim.
681 1076 713 1098 2²³
740 1073 797 1114 Et
824 1087 916 1114 eum
946 1073 1318 1127 appropinquasset
1347 1073 1588 1119 Bascaman,
1620 1071 1769 1113 occidit
1798 1071 2015 1120 Ionathan,
2045 1077 2087 1113 et
2113 1071 2215 1113 filios

293 1134 376 1174 eius
405 1133 494 1174 illic.
551 1135 583 1157 ²⁴
610 1132 665 1173 Et
693 1132 899 1173 convertit
926 1132 1135 1185 Tryphon,
1165 1137 1206 1172 et
1234 1131 1335 1172 abiit
1363 1131 1402 1172 in
1431 1137 1581 1172 terram
1610 1144 1739 1171 suam.

510 1238 548 1277 2.
579 1236 623 1276 ln
654 1235 809 1277 Modin
840 1235 1135 1287 sepulchrum
1166 1235 1539 1277 Machabaeorum
1571 1235 1721 1286 erigit,
1749 1235 1816 1286 13,
1831 1235 2003 1275 25—30.

123 1306 258 1329 ¹'‘¹¹³²¹¹¹³²⁴
400 1309 432 1332 ‘25
455 1306 511 1348 Et
534 1306 643 1347 misit
666 1306 819 1353 Simon,
845 1311 886 1347 et
908 1306 1067 1360 accepit
1089 1319 1179 1347 ossa
1204 1306 1391 1347 Ionathae
1412 1305 1550 1346 fratris
1573 1304 1646 1352 sui,
1671 1310 1712 1346 et
1734 1304 1922 1358 sepelivit
1944 1318 1991 1345 ea
2012 1304 2053 1345 in
2076 1303 2216 1345 Modin

120 1342 256 1370 svin-lum·

83 1377 278 1406 ‹111·12u·mt·1r.
297 1366 465 1407 civitate
482 1371 648 1420 patrum
666 1365 762 1407 eius.
808 1367 843 1389 2⁶
860 1366 916 1406 Et
932 1365 1182 1419 planxerunt
1199 1378 1292 1406 eum
1310 1364 1440 1407 omnis
1460 1364 1584 1405 Israel
1600 1363 1769 1417 planctu
1786 1377 1947 1417 magno,
1967 1368 2006 1404 et
2022 1362 2217 1404 luxerunt

296 1440 388 1466 eum
420 1425 503 1466 dies
534 1424 697 1466 multos.

124 1500 254 1553 ῃζξξζζζῗζζῃ
401 1497 435 1519 2⁷
455 1495 510 1535 Et
528 1494 746 1536 aedificavit
765 1494 905 1535 Simon
923 1506 1044 1547 super
1061 1492 1321 1547 sepulchrum
1340 1493 1467 1547 patris
1486 1493 1547 1533 sui
1565 1497 1605 1533 et
1622 1491 1797 1533 fratrum
1816 1504 1982 1533 suorum
2001 1491 2216 1532 {edificium

118 1564 259 1605 sviussvhri
297 1555 426 1596 altum
458 1554 559 1599 visu,
591 1553 726 1607 lapide
756 1552 885 1606 polito
914 1558 1022 1594 retro
1053 1558 1093 1593 et
1123 1558 1237 1593 ante:
1295 1554 1331 1576 '2⁸
1360 1552 1416 1593 Et
1445 1551 1594 1593 statuit
1623 1556 1780 1604 septem
1811 1550 2059 1604 pyramidas,
2092 1563 2215 1591 unam

105 1600 271 1625 ²¹''¹¹²¹⁰²¹t¹¹s'
295 1619 439 1655 contra
458 1625 583 1654 unam
604 1612 711 1666 patri
733 1617 774 1652 et
794 1612 927 1657 matri,
952 1617 992 1652 et
1014 1616 1213 1665 quattuor
1232 1611 1446 1652 fratribus:
1495 1612 1531 1635 33
1551 1616 1592 1651 et
1612 1610 1672 1650 his
1693 1609 1987 1663 circumposuit
2007 1609 2217 1650 columnas

294 1685 482 1725 magnas:
515 1676 555 1712 et
584 1684 705 1724 super
734 1670 944 1711 columnas
975 1683 1100 1717 arma,
1133 1670 1186 1711 ad
1215 1669 1454 1711 memoriam
1485 1674 1699 1711 aeternam:
1732 1673 1773 1709 et
1801 1668 1920 1709 iuxta
1949 1680 2064 1709 arma
2091 1680 2217 1708 naves

294 1730 487 1784 sculptas
518 1742 608 1783 quae
634 1730 872 1770 viderentur
898 1729 949 1770 ab
977 1729 1166 1770 omnibus
1193 1728 1486 1782 navigantibus
1513 1740 1636 1769 mare.
1691 1729 1728 1752 3⁰
1754 1727 1829 1768 hoc
1856 1732 1917 1768 est
1943 1726 2215 1780 sepulchrum,

296 1790 407 1844 quod
437 1789 534 1830 fecit
565 1788 605 1829 in
637 1788 790 1837 Modin,
824 1801 952 1842 usque
983 1788 1024 1829 in
1056 1788 1165 1829 hunc
1196 1788 1316 1829 diem.

297 1908 368 1957 Π.
409 1906 720 1973 Tryphone
766 1906 823 1957 et
867 1904 1165 1956 Demetrio
1205 1904 1276 1954 ΙΙ.
1315 1903 1720 1970 regnantibUS,
1770 1903 1849 1967 13,
1882 1901 2097 1963 31—14,
2129 1901 2218 1954 49.

516 1997 556 2037 1.
588 1995 765 2047 Populo
796 1995 1128 2036 immunitatem
1160 2005 1212 2035 ac
1241 1994 1499 2036 libertatem
1531 1994 1720 2045 obtinet,
1749 1995 1815 2045 13,
1834 1994 2006 2034 31—42.

122 2071 259 2101 Tr-vfflwn
401 2070 433 2093 31
454 2067 649 2121 Tryphon
671 2071 809 2107 autem
831 2079 923 2107 cum
944 2066 1021 2106 iter
1040 2065 1193 2106 faceret
1213 2078 1307 2106 curn
1327 2065 1531 2107 Antiocho
1552 2078 1642 2119 rege
1663 2064 1932 2114 adolescente,
1955 2063 2048 2106 dolo
2069 2063 2219 2105 oceidit

108 2107 283 2131 Antiochum

138 2142 241 2167 occidit
297 2141 401 2169 eum.
461 2128 493 2151 32
524 2126 581 2167 Et
610 2125 798 2179 regnavit
828 2125 915 2166 loco
947 2124 1043 2173 eiuS,
1077 2130 1119 2166 et
1148 2124 1346 2178 imposuit
1376 2124 1452 2165 sibi
1484 2124 1675 2165 diadema
1704 2124 1821 2171 Asiae,
1856 2129 1897 2165 et
1926 2123 2023 2164 fecit
2054 2122 2217 2177 plagam

111 2179 138 2202 “t
156 2180 267 2208 “'g¹¹³t³
296 2199 489 2240 magnam
520 2186 560 2226 in
591 2190 709 2225 terra.

100 2247 280 2307 ξξζζζθὲωξῧζ·
402 2247 434 2269 33
458 2244 513 2285 Et
536 2243 756 2285 aedifieavit
777 2242 917 2284 Simon
941 2242 1129 2295 praesidia
1153 2242 1312 2289 Iudaeae,
1339 2242 1525 2283 muniens
1550 2256 1597 2282 ea
1620 2242 1801 2283 turribus
1825 2240 2003 2290 excelsis,
2028 2245 2070 2282 et
2092 2240 2217 2281 muris

113 2300 118 2307 ‘
276 2302 466 2358 ’magnis
497 2308 538 2343 et
566 2301 707 2355 portis,
739 2307 780 2342 et
808 2301 922 2342 seris:
954 2306 995 2342 et
1022 2301 1161 2354 posuit
1189 2300 1387 2342 alimenta
1414 2301 1454 2342 in
1484 2300 1794 2342 munitionibus.

98 2364 274 2423 ³35¹?Jfl‘ffiff0
403 2365 435 2387 ³⁴
458 2361 513 2402 Et
536 2361 656 2414 elegit
677 2360 818 2402 Simon
841 2360 961 2405 Viros,
987 2365 1028 2400 et
1050 2359 1160 2400 misit
1184 2360 1236 2400 ad
1258 2359 1515 2401 Demetrium
1539 2372 1672 2413 regem
1696 2364 1743 2401 ut
1764 2360 1917 2401 faceret
1940 2357 2217 2399 remissionem

118 2437 209 2459 ran-111
236 2436 265 2459 et
298 2420 467 2476 regioni:
489 2420 585 2474 quia
602 2425 717 2460 actus
736 2431 875 2460 omnes
894 2418 1123 2472 Tryphonis
1141 2431 1213 2472 per
1230 2418 1501 2473 direptionem
1519 2418 1684 2460 fuerant
1699 2419 1814 2473 gesti.
1860 2420 1892 2443 ³⁵
1910 2418 1966 2459 Et
1982 2416 2216 2458 Demetrius

109 2471 272 2536 Ιξζξζζζὲξζζῗ
298 2493 367 2521 rex
397 2480 449 2521 ad
479 2479 605 2520 verba
633 2478 713 2520 ista
741 2478 953 2531 respondit
983 2477 1029 2525 ei,
1061 2483 1102 2518 et
1131 2477 1293 2532 scripsit
1322 2476 1538 2531 epistolam
1569 2477 1712 2518 talem:
1769 2479 1805 2503 ³⁶
1836 2476 1955 2518 REX
1983 2475 2217 2517 Demetrius

296 2539 452 2581 Simoni
470 2551 630 2579 summo
648 2537 861 2585 sacerdoti,
882 2542 923 2577 et
941 2536 1071 2577 amico
1089 2549 1241 2590 regum,
1262 2542 1302 2577 et
1320 2536 1556 2583 senioribus,
1578 2542 1618 2578 et
1636 2536 1759 2578 Genti
1778 2536 2010 2577 Iudaeorum
2027 2534 2215 2576 salutem.

296 2600 330 2623 ³⁷
356 2598 558 2639 Coronam
584 2609 761 2643 auream,
789 2601 831 2636 et
855 2595 1016 2643 bahem,
1045 2608 1168 2649 quam
1194 2595 1372 2643 misistis,
1400 2595 1669 2648 suscepimus:
1697 2600 1738 2636 et
1762 2595 1897 2649 parati
1921 2607 2061 2635 sumus
2085 2593 2218 2634 facere

298 2657 510 2698 vobiscum
533 2668 676 2708 pacem
700 2667 905 2708 magnam,
931 2659 972 2695 et
995 2654 1168 2695 scribere
1190 2654 1418 2708 praepositis
1442 2654 1543 2708 regis
1566 2654 1775 2695 remittere
1799 2653 1914 2695 vobis
1939 2666 2029 2707 quae
2051 2651 2218 2694 indulsi-

297 2729 398 2756 mus
458 2716 494 2740 33
526 2715 803 2767 Quaecumque
835 2713 941 2754 enim
974 2713 1275 2762 constituimus,
1310 2713 1426 2754 vobis
1458 2717 1662 2754 constant.
1696 2712 1957 2758 Munitiones,
1992 2724 2093 2765 quas
2124 2711 2218 2752 aedi-

297 2774 460 2823 ficastis,
480 2773 596 2814 vobis
613 2772 706 2814 sint.
751 2774 787 2797 3⁹
802 2771 1051 2813 remittimus
1069 2785 1231 2825 quoque
1248 2771 1511 2825 ignorantias,
1530 2777 1571 2813 et
1587 2776 1758 2825 peccata
1773 2784 1901 2825 usque
1918 2770 1958 2811 in
1975 2769 2217 2811 hodiernum

296 2832 416 2881 diem,
443 2838 484 2873 et
509 2844 713 2879 coronam,
742 2844 866 2885 quam
892 2830 1123 2872 debebatis:
1150 2835 1191 2871 et
1215 2830 1350 2884 siquid
1375 2830 1485 2872 aliud
1511 2836 1599 2871 erat
1624 2830 1889 2871 tributarium
1914 2829 1955 2870 in
1982 2827 2214 2875 Ierusalem,

298 2890 379 2932 iam
408 2904 489 2932 non
518 2890 572 2931 sit
601 2890 877 2931 tributarium.
936 2891 972 2913 ⁴⁰
1000 2889 1055 2930 Et
1083 2889 1189 2943 siqui
1217 2902 1266 2930 ex
1296 2889 1411 2931 vobis
1441 2889 1529 2943 apti
1558 2894 1654 2930 sunt
1683 2888 1881 2930 conscribi
1910 2888 2016 2928 inter
2043 2892 2216 2935 nostros,

299 2950 619 2996 conscribantur,
652 2954 693 2989 et
722 2949 775 2989 sit
804 2948 911 2989 inter
939 2960 1012 2989 nos
1042 2961 1135 3001 pair.

116 3010 147 3032 ¹¹*
177 3012 276 3034 ¹¹¹²¹¹¹¹¹
409 3011 438 3033 ‘¹¹
463 3009 581 3049 Anno
605 3009 826 3049 centesimo
849 3007 1149 3061 septuagesimo
1173 3006 1358 3048 ablatum
1382 3012 1443 3048 est
1464 3006 1604 3061 iugum
1627 3006 1822 3048 Gentium
1846 3006 1897 3048 ab
1922 3004 2056 3046 Israel.
2108 3006 2140 3029 ⁴²2
2163 3003 2219 3045 Et

130 3046 193 3072 anm
202 3044 258 3067 inm

118 3079 263 3138 333321113
303 3067 426 3119 coepit
450 3067 624 3120 populus
651 3066 774 3108 Israel
797 3066 969 3107 scribere
993 3065 1033 3106 in
1059 3065 1220 3114 tabulis,
1248 3071 1288 3107 et
1311 3065 1434 3119 gestis
1457 3065 1642 3119 publicis,
1669 3078 1776 3106 anno
1800 3064 1931 3119 primo
1955 3064 2031 3105 sub
2054 3062 2218 3105 Simone

301 3138 461 3166 summo
490 3125 711 3173 sacerdote,
742 3137 890 3179 magno
919 3126 1033 3173 duce,
1065 3130 1105 3165 et
1132 3124 1315 3178 principe
1345 3124 1588 3166 Iudaeorum.

521 3230 560 3269 2.
591 3228 766 3281 Populo
797 3228 1088 3269 securitatem
1120 3227 1164 3268 et
1193 3227 1452 3269 felicitatem
1484 3226 1630 3277 affert,
1659 3227 1726 3278 13,
1747 3227 1920 3277 43—14,
1938 3226 2005 3267 15.

108 3298 286 3327 3131113131
408 3301 440 3323 43
471 3298 518 3339 In
549 3298 691 3339 diebus
720 3299 796 3339 illis
826 3298 1024 3352 applicuit
1054 3298 1194 3340 Simon
1225 3299 1276 3339 ad
1306 3298 1472 3345 Gazam,
1505 3303 1546 3339 et
1575 3297 1843 3339 circumdedit
1873 3309 1963 3337 eam
1992 3294 2147 3343 castris,
2179 3299 2220 3335 et

92 3344 98 3357 ‘
128 3336 204 3358 (Μ
223 3337 399 3397 ‘'¹¹¹fecit
430 3357 651 3401 machinas,
684 3364 722 3398 et
753 3358 952 3410 applicuit
981 3359 1033 3399 ad
1063 3357 1287 3405 civitatem,
1320 3363 1360 3398 et
1390 3356 1587 3410 percussit
1618 3362 1771 3397 turrem
1801 3368 1938 3403 unam,
1970 3358 2011 3395 et
2039 3366 2220 3407 compre-

304 3415 447 3456 hendit
477 3428 578 3456 eam.
637 3418 669 3440 ⁴³
700 3416 752 3456 Et
785 3422 1003 3469 eruperant
1035 3416 1103 3470 qui
1134 3421 1249 3456 erant
1280 3416 1389 3456 intra
1418 3415 1651 3456 machinam
1682 3415 1721 3455 in
1753 3414 1983 3455 civitatem:
2016 3418 2056 3453 et
2085 3412 2219 3452 factus

306 3479 367 3515 est
386 3479 522 3515 motus
541 3487 712 3527 magnus
732 3474 771 3514 in
790 3475 970 3516 civitate.
1018 3477 1049 3499 ⁴5
1069 3474 1123 3516 Et
1142 3474 1413 3516 ascenderunt
1432 3474 1501 3528 qui
1519 3479 1635 3515 erant
1654 3473 1694 3514 in
1713 3472 1881 3514 civitate
1900 3485 1991 3512 cum
2011 3470 2217 3516 uxoribus,

305 3539 344 3574 et
372 3532 461 3573 filiis
487 3546 611 3586 supra
637 3545 797 3573 murum
824 3534 955 3574 scissis
982 3533 1128 3574 tunicis
1155 3533 1248 3580 suis,
1276 3538 1316 3573 et
1343 3532 1626 3574 clamaverunt
1652 3545 1750 3573 voce
1775 3543 1936 3584 magna,
1964 3528 2219 3584 postulantes
