2356 3760
308 154 384 193 210
1199 150 1343 184 LIBER
1938 157 1990 191 le.
2018 157 2157 192 lslmll.
2184 160 2225 192 22

120 244 287 309 ’‘fffl'fr‘gfgjgss‘
420 246 453 269 ¹⁰
480 244 535 285 Et
563 244 786 285 clamantes
815 244 867 283 :ul
895 242 1131 289 Dominum,
1162 243 1372 284 dixerunt:
1408 244 1667 286 Peccavimus
1695 247 1782 290 tibi,
1815 247 1911 301 quia
1938 249 2224 304 dereliquimus

134 356 137 357 .
166 295 257 355 iflqia'
314 303 534 344 Dominum
559 304 691 344 Deum
716 308 915 344 nostrum.
943 307 983 342 et
1006 302 1248 343 servivimus
1275 302 1443 344 Baalim.
1497 305 1527 327 ¹¹
1552 304 1709 352 Quibus
1732 305 1893 347 locutus
1917 312 1979 348 est
2001 308 2222 351 Dominus:

126 351 276 380 ¹'r⁰¹⁰¹¹¹¹¹‘'
311 362 518 416 Numquid
550 375 629 403 non
661 360 843 414 Egyptii
875 365 916 401 et
946 360 1182 405 Aniorrhzei,
1220 361 1371 415 filiique
1401 361 1578 403 Ammon
1610 368 1650 403 et
1681 364 1941 410 Philisthiim,
2004 369 2034 392 ¹2
2064 368 2221 410 Sidonii

309 435 470 475 quoque
498 427 537 461 et
566 420 732 461 Amalec
759 424 798 460 et
827 419 1022 460 chanaan
1050 426 1340 473 oppresserunt
1368 434 1451 468 vos,
1482 426 1521 462 et
1549 422 1756 464 clamastis
1784 424 1837 464 ad
1863 438 1939 472 me,
1969 430 2011 467 et
2037 427 2119 467 erui
2149 442 2222 469 vos

309 481 357 522 de
382 494 505 520 mauu
529 478 694 520 eorum?
747 481 777 502 ¹³
801 478 855 519 Et
880 483 1016 519 tamen
1041 479 1260 532 reliquistis
1283 493 1359 525 me,
1385 484 1427 521 et
1448 480 1629 521 coluistis
1653 482 1748 522 deos
1773 482 1942 524 alienos:
1968 484 2115 526 idcirco
2140 499 2222 527 non

309 540 457 580 addam
478 543 525 578 ut
543 538 653 579 ultra
671 551 742 578 vos
762 537 947 578 liberem:
998 540 1025 562 ¹⁴
1044 537 1111 583 ite,
1134 544 1173 579 et
1194 538 1383 580 invocate
1402 539 1497 579 deos
1519 552 1618 592 quos
1637 540 1833 591 elegistis:
1858 542 1935 595 ipsi
1953 556 2026 585 vos
2049 544 2224 586 liberent

308 599 347 638 iu
373 605 554 651 tempore
578 597 787 649 angustiae.
842 598 872 620 ¹5
895 596 1181 650 Dixeruntque
1208 597 1277 637 filii
1304 598 1425 638 Israel
1450 598 1502 638 ad
1525 598 1769 640 Dominum:
1798 600 2073 648 Peccavimus,
2099 604 2223 645 redde

311 665 351 698 tu
383 656 497 697 uobis
527 656 728 709 quidquid
756 655 829 696 tibi
861 655 1012 708 placet:
1044 661 1208 697 tantum
1237 669 1345 698 nunc
1372 657 1495 697 libera
1528 669 1611 698 1105.
1669 660 1703 683 ¹⁶
1733 660 1832 708 Quae
1860 660 2053 711 dicentes,
2084 663 2224 703 omnia

308 717 356 756 de
392 715 538 755 finibus
569 715 651 756 suis
682 714 903 755 alienorum
938 714 1104 756 deorum
1135 715 1245 756 idola
1274 715 1542 769 proiecerunt,
1576 722 1617 757 et
1646 718 1875 759 servierunt
1904 719 2082 761 Domino
2114 721 2221 763 Deo:

309 774 375 828 qui
407 774 538 815 doluit
567 787 689 827 super
716 773 887 814 miseriis
917 786 1069 815 eorum.

113 836 292 895 Mffi'lssssfffm
415 835 445 857 ¹7
479 834 625 887 Itaque,
660 832 729 873 filii
758 833 937 873 Ammon
967 833 1271 874 conclamantes
1302 833 1343 873 in
1373 834 1532 875 Galaad
1567 834 1687 875 fixere
1719 837 1914 877 tentoria:
1947 844 2092 879 contra
2123 852 2224 892 quos

117 888 286 932 mnan—2221]-
307 892 539 946 congregati
578 892 648 933 filii
686 892 820 936 lsrael,
857 891 898 932 in
933 892 1107 946 Maspha-
1141 893 1423 934 castrametati
1459 897 1566 935 sunt.
1633 895 1666 918 ¹⁸
1699 894 1987 949 Dixeruntque
2021 897 2224 951 principes

175 946 229 965 ‘¹¹¹²
307 951 466 992 Galaad
485 951 628 1005 singuli
652 952 705 993 ad
724 951 931 1005 proximos
952 964 1064 992 suos:
1086 951 1164 1001 Qui
1184 952 1339 1005 primus
1360 964 1410 992 ex
1429 952 1546 992 nobis
1567 957 1711 993 contra
1733 954 1834 995 filios
1855 954 2033 996 Ammon
2054 956 2225 1010 coeperit

308 1010 512 1054 dimicare.
543 1011 621 1051 erit
648 1010 733 1051 dux
761 1010 899 1063 populi
929 1010 1098 1051 Galaad.

752 1121 791 1161 2.
822 1120 1108 1173 principatus
1138 1121 1182 1161 et
1212 1120 1330 1161 actio
1361 1120 1529 1172 Iephte,
1557 1121 1623 1172 11,
1643 1123 1788 1164 1—28.

130 1191 277 1251 ¹³¹Ji'fjffjjj0
414 1193 476 1235 11.
534 1195 543 1216 ¹
579 1192 676 1233 Fuit
708 1191 774 1232 illo
808 1197 991 1245 tempore
1027 1191 1170 1245 Iephte
1203 1192 1439 1233 Galaadites
1473 1193 1535 1233 vir
1566 1192 1811 1234 fortissimus
1845 1199 1970 1248 atque
2004 1200 2221 1249 pugnator,

313 1251 414 1292 tilius
432 1251 610 1292 mulieris
629 1251 863 1299 meretricis,
892 1251 960 1304 qui
978 1256 1100 1292 natus
1122 1257 1183 1291 est
1204 1251 1253 1291 (10
1271 1251 1440 1292 Galaad.
1488 1254 1502 1276 ²
1522 1251 1680 1293 Habuit
1703 1258 1842 1293 autem
1860 1253 2019 1295 Galaad
2039 1268 2221 1299 uxorem,

308 1311 356 1351 de
385 1324 466 1365 qua
492 1310 670 1364 suscepit
699 1310 819 1351 filios:
849 1310 917 1364 qui
944 1316 1165 1364 postquam
1193 1316 1418 1352 creverant.
1448 1311 1653 1352 eiecerunt
1681 1311 1836 1364 Iephte,
1866 1312 2065 1354 dicentes:
2096 1314 2223 1355 Heres

309 1370 347 1410 iu
373 1370 493 1411 domo
519 1370 647 1423 patris
671 1369 799 1410 nostri
825 1383 909 1409 esse
934 1383 1015 1410 non
1041 1369 1203 1422 poteris,
1231 1370 1328 1423 quia
1351 1370 1400 1410 de
1425 1369 1554 1410 altera
1576 1375 1708 1411 matre
1733 1375 1855 1411 natus
1880 1384 1931 1412 es.
1985 1375 2001 1396 ³¹
2024 1373 2135 1421 Quos
2158 1372 2224 1413 1110

312 1429 465 1479 fugiens
495 1434 619 1482 atque
649 1428 850 1475 devitans,
882 1428 1090 1469 habitavit
1118 1429 1158 1468 in
1189 1429 1312 1469 Terra
1340 1429 1445 1469 Tob:
1476 1429 1791 1483 congregatique
1820 1435 1917 1471 sunt
1946 1430 1999 1471 ad
2026 1444 2119 1471 eum
2148 1431 2224 1471 viri

309 1488 460 1542 inopes,
494 1493 535 1529 et
566 1487 869 1532 latrocinantes,
903 1492 945 1528 et
975 1487 1091 1541 quasi
1121 1487 1347 1541 principem
1378 1489 1667 1541 sequebantur.

415 1550 429 1572 *¹
453 1547 499 1587 In
520 1547 596 1587 illis
618 1547 760 1588 diebus
781 1546 1025 1600 pugnabant
1049 1546 1119 1587 filii
1140 1546 1318 1587 Ammon
1339 1552 1483 1587 contra
1505 1547 1640 1588 Israel.
1689 1549 1705 1572 5
1725 1547 1882 1596 Quibus
1904 1548 2052 1590 acriter
2070 1548 2226 1590 instan-

313 1607 420 1647 tibus
454 1612 720 1660 perrexerunt
752 1606 924 1647 maiores
958 1610 1059 1646 natu
1093 1606 1142 1646 de
1175 1605 1344 1653 Galaad,
1381 1612 1427 1646 ut
1459 1605 1649 1647 tollerent
1682 1606 1723 1647 in
1755 1606 1953 1647 auxilium
1986 1607 2047 1648 sui
2082 1608 2225 1662 Iephte

309 1666 357 1706 de
377 1666 500 1706 Terra
518 1666 624 1707 Tob:
673 1667 688 1689 ⁶
707 1665 981 1718 dixeruntque
1001 1665 1053 1706 ad
1071 1678 1183 1705 eum:
1203 1665 1306 1705 Veni
1325 1670 1365 1706 et
1384 1670 1469 1705 esto
1488 1665 1676 1718 princeps
1696 1670 1844 1711 noster,
1867 1671 1907 1707 et
1925 1680 2064 1720 pugna
2082 1672 2226 1708 contra

313 1725 413 1765 filios
434 1725 622 1766 Ammon.
675 1726 689 1748 ⁷
711 1724 867 1773 Quibus
887 1724 953 1765 ille
972 1724 1201 1777 respondit:
1228 1724 1394 1765 aNonne
1414 1737 1486 1765 vos
1507 1724 1615 1771 estis,
1639 1724 1707 1778 qui
1728 1724 1870 1765 odistis
1891 1738 1967 1774 me,
1990 1730 2032 1767 et
2051 1725 2225 1767 eiecistis

309 1784 358 1825 de
383 1784 503 1825 domo
528 1784 656 1837 patris
680 1783 771 1828 mei,
799 1789 838 1824 et
864 1796 971 1824 nunc
995 1783 1164 1823 venistis
1190 1783 1242 1823 ad
1265 1796 1329 1824 me
1353 1783 1597 1824 necessitate
1621 1783 1844 1837 compulsi?
1899 1786 1914 1808 ⁸
1937 1784 2225 1839 Dixeruntque

310 1843 510 1897 principes
537 1843 696 1884 Galaad
721 1843 773 1883 ad
802 1842 964 1896 Iephte:
991 1842 1055 1883 Ob
1082 1842 1187 1882 hanc
1212 1842 1337 1896 igitur
1362 1855 1527 1883 causam
1555 1856 1662 1883 nunc
1689 1843 1740 1883 ad
1766 1848 1806 1883 te
1833 1843 2032 1888 venimus.
2061 1849 2109 1885 ut
2134 1857 2225 1897 pro-

139 1543 268 1572 princeps

110 1578 297 1602 constituitur

313 1902 501 1943 fieiscaris
520 1902 744 1945 nobiscum,
765 1908 806 1943 et
822 1915 977 1955 pugnes
995 1907 1137 1943 contra
1159 1901 1260 1942 filios
1277 1901 1467 1946 Ammon,
1488 1901 1622 1955 sisque
1640 1902 1725 1943 dux
1742 1902 1925 1943 0111111010
1945 1903 2013 1956 qui
2032 1903 2225 1944 habitant

308 1961 349 2001 in
371 1962 539 2003 Galaad.
566 1964 581 1986 ⁹
605 1962 748 2015 Iephte
771 1974 933 2015 quoque
955 1960 1059 2002 dixit
1081 1960 1154 2001 eis:
1187 1961 1227 2001 Si
1251 1974 1342 2001 vere
1366 1960 1533 2002 venistis
1560 1961 1612 2002 ad
1639 1974 1713 2006 1110,
1739 1966 1787 2002 ut
1814 1975 1991 2015 pugnem
2013 1975 2085 2016 pro
2108 1962 2224 2003 vobis

309 2026 453 2061 contra
485 2021 585 2062 filios
614 2021 804 2064 Ammon.
836 2020 1135 2074 tradideritque
1164 2033 1230 2061 eos
1260 2020 1461 2061 Dominus
1490 2020 1531 2060 in
1562 2034 1706 2061 manus
1737 2034 1858 2069 meas,
1891 2034 1962 2074 ego
1993 2034 2058 2062 ero
2089 2026 2224 2062 vester

310 2080 521 2134 princeps?
571 2082 606 2104 ¹⁰
627 2080 704 2129 Qui
725 2080 1024 2133 responderunt
1045 2079 1098 2120 ei:
1121 2079 1334 2127 Dominus,
1360 2079 1426 2133 qui
1450 2079 1534 2119 luet·
1557 2079 1684 2124 audit,
1709 2080 1792 2132 ipse
1814 2080 2018 2121 mediator
2038 2093 2085 2121 ac
2106 2080 2224 2121 testis

312 2146 374 2180 est
394 2140 504 2193 quod
524 2144 666 2180 nostra
683 2139 885 2192 promissa
904 2138 1111 2179 faciemus.
1136 2140 1165 2162 ¹¹
1185 2138 1301 2178 Abiit
1319 2138 1459 2191 itaque
1484 2138 1626 2191 Iephte
1662 2152 1754 2178 cmn
1775 2138 2027 2192 principibus
2048 2139 2222 2183 Galaad,

312 2198 488 2252 fecitque
511 2212 603 2239 eum
626 2198 756 2239 omnis
779 2198 953 2251 populus
976 2197 1200 2251 principem
1223 2197 1296 2238 sui.
1322 2197 1584 2251 Locutusque
1606 2202 1666 2238 est
1693 2197 1835 2250 Iephte
1858 2211 1998 2239 omnes
2019 2211 2224 2239 sermones

311 2270 403 2299 suos
434 2271 570 2299 coram
600 2257 778 2299 Domino
809 2257 850 2298 in
880 2257 1064 2310 Maspha.

155 2316 182 2339 ‘¹¹
206 2321 270 2338 ‘'¹¹¹‘'
429 2320 457 2342 ¹2
479 2318 534 2358 Et
556 2317 669 2357 misit
696 2316 865 2358 nuncios
891 2317 943 2357 ad
972 2329 1107 2370 regem
1136 2315 1311 2357 filiorum
1330 2314 1521 2359 Ammon,
1548 2316 1618 2370 qui
1642 2329 1692 2356 ex
1721 2329 1895 2369 persona
1923 2329 1998 2356 sua
2023 2315 2222 2357 dicerent:

124 2351 420 2425 1.‘‚'‹?;·{‘1t.02⁴r¹1¹1¹1„Quid
445 2376 543 2418 mihi
567 2381 606 2417 et
630 2375 707 2418 tibi
729 2380 802 2421 est,
824 2375 921 2430 quia
938 2375 1089 2417 venisti
1108 2380 1253 2416 contra
1277 2388 1353 2422 me,
1373 2380 1421 2416 ut
1439 2379 1624 2416 vastares
1642 2380 1794 2416 terram
1813 2375 1972 2416 meam?
2017 2378 2052 2400 13
2067 2375 2224 2424 Quibus

144 2421 268 2481 {liti-{iteri
313 2436 374 2475 ille
393 2434 621 2489 respondit:
644 2435 770 2483 bQuia
788 2435 883 2475 tulit
902 2434 1022 2475 Israel
1044 2440 1195 2475 terram
1212 2447 1358 2483 meam,
1380 2434 1544 2488 quando
1564 2433 1747 2475 ascendit
1765 2433 1813 2474 de
1831 2433 2011 2487 AEgypto
2030 2447 2054 2474 a
2074 2434 2223 2475 finibus

312 2495 451 2535 Arnon
476 2508 603 2548 usque
629 2495 751 2536 Iaboc
776 2499 900 2548 atque
927 2494 1160 2535 Iordanem:
1186 2506 1294 2534 nunc
1317 2506 1409 2546 ergo
1433 2506 1525 2534 cum
1550 2506 1648 2546 pace
1670 2493 1793 2534 redde
1815 2493 1915 2533 mihi
1938 2506 2040 2534 eam.
2093 2495 2124 2518 1⁴
2147 2493 2224 2533 Per

314 2567 413 2607 quos
439 2567 598 2594 rursum
623 2553 839 2594 mandavit
866 2553 1021 2606 Iephte,
1049 2558 1088 2594 et
1114 2552 1333 2606 imperavit
1357 2552 1411 2593 eis
1437 2558 1484 2593 ut
1508 2552 1689 2593 dicerent
1712 2551 1794 2605 regi
1818 2551 2016 2593 Ammon:
2070 2554 2101 2576 ¹⁵
2127 2551 2225 2593 Haec

313 2612 412 2653 dicit
438 2613 599 2666 Iephte:
628 2613 717 2653 Non
744 2613 837 2653 tulit
864 2611 987 2653 Israel
1011 2612 1176 2652 Terram
1200 2611 1334 2657 Moab,
1360 2624 1433 2652 nec
1458 2611 1623 2652 Terram
1650 2611 1823 2651 filiorum
1848 2611 2044 2651 Ammon:
2097 2612 2132 2635 ¹⁶
2156 2611 2225 2651 sed

315 2672 478 2725 quando
516 2672 565 2712 de
600 2672 780 2725 AEfrypto
818 2672 1152 2713 conscenderunt.
1193 2670 1422 2711 ambulavit
1460 2683 1530 2724 per
1564 2670 1826 2711 solitudinem
1864 2683 1991 2724 usque
2027 2670 2079 2710 ad
2114 2670 2225 2710 Mare

314 2732 493 2775 rubrum,
520 2736 561 2772 et
583 2731 695 2771 venit
721 2731 759 2771 in
783 2731 922 2772 Gades.
976 2732 1009 2755 1⁷
1039 2731 1249 2784 ‹Misitque
1272 2730 1440 2771 nuncios
1465 2730 1517 2770 ad
1539 2742 1673 2783 regem
1697 2730 1842 2777 Edem,
1870 2729 2025 2770 dicens:
2050 2728 2225 2769 Dimitte

314 2803 376 2830 100
398 2796 441 2830 ut
460 2795 665 2831 transeam
685 2803 755 2843 per
773 2795 923 2830 terram
942 2795 1069 2831 tuam.
1092 2789 1168 2838 Qui
1188 2789 1319 2830 noluit
1337 2789 1589 2842 acquiescere
1607 2788 1793 2842 precibus
1813 2788 1907 2829 eius.
1929 2788 2040 2829 Misit
2059 2801 2224 2841 quoque

315 2849 366 2889 ad
389 2862 518 2898 regem
544 2850 675 2895 Moab,
702 2849 769 2903 qui
791 2856 832 2890 et
852 2849 937 2902 ipse
959 2849 1179 2890 transitum
1202 2849 1379 2902 praebere
1400 2848 1659 2901 contempsit.
1683 2847 1836 2888 Mansit
1856 2847 1996 2900 itaque
2018 2846 2059 2887 in
2080 2846 2221 2888 Gades.

316 2909 349 2931 ¹⁸
368 2913 407 2947 et
426 2908 613 2949 circuivit
631 2922 680 2948 ex
698 2908 823 2949 latere
842 2908 1007 2948 Terram
1026 2908 1171 2952 Edem,
1193 2913 1234 2949 et
1252 2908 1416 2948 Terram
1436 2907 1577 2948 Moab:
1598 2906 1793 2960 venitque
1811 2910 1955 2947 contra
1972 2905 2223 2946 Orienta-lem

317 2966 474 3019 plagam
500 2967 629 3008 Terrae
650 2968 784 3015 Moab,
808 2971 849 3007 et
870 2972 1188 3008 castrametatus
1210 2972 1271 3008 est
1292 2972 1404 3007 trans
1426 2966 1585 3007 Arnon:
1608 2979 1681 3006 nec
1702 2964 1833 3006 voluit
1854 2965 2006 3005 intrare
2027 2964 2223 3005 terminos

318 3026 454 3066 Moab:
485 3026 644 3066 dArnon
674 3027 823 3079 quippe
850 3026 1073 3067 confinium
1101 3032 1162 3067 est
1189 3026 1320 3067 Terrae
1346 3025 1479 3066 Moab.
1538 3026 1572 3049 ¹⁹
1597 3024 1709 3065 Misit
1734 3024 1875 3077 itaque
1904 3023 2027 3064 Israel
2056 3022 2223 3063 nuncios

314 3084 365 3124 ad
389 3084 521 3124 Sehon
546 3098 674 3138 regem
703 3085 1042 3129 Amorrhaeorum,
1069 3084 1136 3138 qui
1160 3084 1379 3125 habitabat
1401 3084 1441 3124 111
1470 3084 1668 3131 Hesebon,
1694 3088 1734 3125 et
1757 3083 1949 3123 dixerunt
1971 3082 2024 3123 ei:
2049 3081 2223 3122 Dimitte

315 3148 360 3183 ut
375 3148 580 3184 transeam
597 3157 667 3196 per
682 3152 828 3184 terram
846 3150 961 3185 tuam
979 3157 1105 3197 usque
1120 3143 1172 3183 ad
1190 3143 1373 3184 fluvium.
1415 3145 1450 3167 2⁰
1465 3143 1540 3191 Qui
1555 3148 1595 3183 et
1606 3143 1690 3196 ipse
1708 3142 1828 3182 Israel
1845 3142 1971 3183 verba
1985 3140 2221 3194 despiciens,

314 3215 395 3242 non
425 3202 577 3243 dimisit
608 3216 696 3242 eum
731 3203 900 3243 transire
929 3216 1000 3257 per
1028 3202 1221 3243 terminos
1251 3216 1362 3243 suos:
1394 3201 1463 3242 sed
1493 3201 1656 3242 infinita
1684 3201 1950 3242 multitudine
1979 3205 2224 3253 congregata

315 3273 494 3308 00105505
514 3268 575 3301 est
595 3268 734 3302 eontra
757 3276 845 3302 eum
869 3263 908 3302 in
935 3262 1032 3307 lasa,
1055 3266 1095 3302 et
1113 3261 1275 3302 fortiter
1295 3260 1521 3302 resistebat.
1570 3263 1601 3285 2¹
1622 3261 1889 3313 Tradiditque
1909 3271 2001 3300 eum
2022 3258 2222 3300 Dominus

314 3319 353 3359 in
386 3333 529 3360 manus
569 3320 683 3360 lsrael
717 3334 806 3360 eum
841 3321 948 3361 omni
982 3320 1160 3361 exercitu
1193 3334 1276 3363 suo.
1311 3319 1379 3373 qui
1412 3319 1609 3372 percussit
1640 3333 1744 3364 0010,
1778 3324 1818 3359 et
1848 3317 2030 3371 possedit
2060 3330 2222 3359 onlnem

314 3378 477 3419 Terram
507 3379 727 3419 Amorrluei
761 3379 1003 3419 habitatoris
1034 3379 1202 3429 regionis
1230 3379 1346 3422 illius,
1404 3380 1435 3403 ²2
1463 3383 1501 3419 01
1531 3379 1738 3419 universos
1770 3378 1868 3418 fines
1896 3376 1979 3417 eius
2008 3376 2056 3418 de
2083 3376 2222 3416 Arnon

447 3506 497 3546 11,
524 3506 541 3537 7
565 3506 635 3538 31111
662 3508 714 3545 211,
739 3506 789 3539 27.
819 3527 858 3529 m
888 3508 925 3539 Ιίἰ
950 3507 1036 3539 th
1061 3508 1114 3547 21,
1138 3507 1190 3540 ⁴24.
1224 3527 1259 3530 νὴ
1289 3508 1325 3539 17
1353 3506 1435 3539 (Nm
1462 3506 1515 3546 20,
1542 3507 1592 3540 14.
1620 3526 1661 3529 *-
1687 3506 1726 3539 13
1749 3504 1838 3538 ‹le
1863 3505 1916 3544 21,
1941 3503 1992 3537 13.
