<?xml version="1.0" encoding="UTF-8"?>
<!DOCTYPE html PUBLIC "-//W3C//DTD XHTML 1.0 Transitional//EN"
    "http://www.w3.org/TR/xhtml1/DTD/xhtml1-transitional.dtd">
<html xmlns="http://www.w3.org/1999/xhtml" xml:lang="en" lang="en">
 <head>
  <title>
</title>
<meta http-equiv="Content-Type" content="text/html;charset=utf-8" />
  <meta name='ocr-system' content='tesseract 3.04.00' />
  <meta name='ocr-capabilities' content='ocr_page ocr_carea ocr_par ocr_line ocrx_word'/>
</head>
<body>
  <div class='ocr_page' id='page_1' title='image "./bibliasacravulga00helzuoft_0143.png"; bbox 0 0 2356 3760; ppageno 0'>
   <div class='ocr_carea' id='block_1_1' title="bbox 132 125 2023 175">
    <p class='ocr_par' dir='ltr' id='par_1_1' title="bbox 132 125 2023 175">
     <span class='ocr_line' id='line_1_1' title="bbox 132 125 2023 175; baseline -0.004 -12"><span class='ocrx_word' id='word_1_1' title='bbox 132 130 185 169; x_wconf 87' lang='lat'>11,</span> <span class='ocrx_word' id='word_1_2' title='bbox 212 129 354 168; x_wconf 76' lang='lat'>17—12‚</span> <span class='ocrx_word' id='word_1_3' title='bbox 381 128 418 161; x_wconf 89' lang='lat'>11</span> <span class='ocrx_word' id='word_1_4' title='bbox 984 125 1176 159; x_wconf 76' lang='lat' dir='ltr'>NUMERI</span> <span class='ocrx_word' id='word_1_5' title='bbox 1949 135 2023 175; x_wconf 63' lang='lat' dir='ltr'>ila</span> 
     </span>
    </p>
   </div>
   <div class='ocr_carea' id='block_1_2' title="bbox 106 219 2025 2333">
    <p class='ocr_par' dir='ltr' id='par_1_2' title="bbox 127 219 2025 1095">
     <span class='ocr_line' id='line_1_2' title="bbox 132 219 2019 273; baseline 0.002 -9"><span class='ocrx_word' id='word_1_6' title='bbox 132 223 235 264; x_wconf 84' lang='lat' dir='ltr'>dixit</span> <span class='ocrx_word' id='word_1_7' title='bbox 267 222 466 263; x_wconf 81' lang='lat' dir='ltr'>Dominus</span> <span class='ocrx_word' id='word_1_8' title='bbox 501 220 553 260; x_wconf 86' lang='lat' dir='ltr'>ad</span> <span class='ocrx_word' id='word_1_9' title='bbox 585 220 770 272; x_wconf 84' lang='lat' dir='ltr'>Moysen:</span> <span class='ocrx_word' id='word_1_10' title='bbox 807 219 1009 273; x_wconf 84' lang='lat' dir='ltr'>Congrega</span> <span class='ocrx_word' id='word_1_11' title='bbox 1045 219 1143 259; x_wconf 90' lang='lat' dir='ltr'>mihi</span> <span class='ocrx_word' id='word_1_12' title='bbox 1176 219 1434 272; x_wconf 72' lang='lat' dir='ltr'>septuaginta</span> <span class='ocrx_word' id='word_1_13' title='bbox 1470 221 1574 260; x_wconf 80' lang='lat' dir='ltr'>viros</span> <span class='ocrx_word' id='word_1_14' title='bbox 1609 222 1657 262; x_wconf 87' lang='lat' dir='ltr'>de</span> <span class='ocrx_word' id='word_1_15' title='bbox 1690 226 1849 266; x_wconf 79' lang='lat' dir='ltr'>senibus</span> <span class='ocrx_word' id='word_1_16' title='bbox 1887 227 2019 270; x_wconf 82' lang='lat' dir='ltr'>lsrael.</span> 
     </span>
     <span class='ocr_line' id='line_1_3' title="bbox 132 277 2022 335; baseline 0.002 -12"><span class='ocrx_word' id='word_1_17' title='bbox 132 294 232 335; x_wconf 90' lang='lat' dir='ltr'>quos</span> <span class='ocrx_word' id='word_1_18' title='bbox 251 286 297 322; x_wconf 91' lang='lat' dir='ltr'>tu</span> <span class='ocrx_word' id='word_1_19' title='bbox 318 281 423 321; x_wconf 90' lang='lat' dir='ltr'>nosti</span> <span class='ocrx_word' id='word_1_20' title='bbox 443 278 550 333; x_wconf 88' lang='lat' dir='ltr'>quod</span> <span class='ocrx_word' id='word_1_21' title='bbox 571 291 682 318; x_wconf 89' lang='lat' dir='ltr'>senes</span> <span class='ocrx_word' id='word_1_22' title='bbox 702 277 841 331; x_wconf 87' lang='lat' dir='ltr'>populi</span> <span class='ocrx_word' id='word_1_23' title='bbox 860 278 941 318; x_wconf 89' lang='lat' dir='ltr'>sint</span> <span class='ocrx_word' id='word_1_24' title='bbox 962 291 1006 318; x_wconf 87' lang='lat' dir='ltr'>ac</span> <span class='ocrx_word' id='word_1_25' title='bbox 1026 277 1226 331; x_wconf 73' lang='lat' dir='ltr'>magistri:</span> <span class='ocrx_word' id='word_1_26' title='bbox 1248 282 1289 317; x_wconf 86' lang='lat' dir='ltr'>et</span> <span class='ocrx_word' id='word_1_27' title='bbox 1307 278 1428 318; x_wconf 85' lang='lat' dir='ltr'>duces</span> <span class='ocrx_word' id='word_1_28' title='bbox 1448 291 1513 319; x_wconf 89' lang='lat' dir='ltr'>eos</span> <span class='ocrx_word' id='word_1_29' title='bbox 1533 279 1586 319; x_wconf 91' lang='lat' dir='ltr'>ad</span> <span class='ocrx_word' id='word_1_30' title='bbox 1605 280 1753 320; x_wconf 85' lang='lat' dir='ltr'>ostium</span> <span class='ocrx_word' id='word_1_31' title='bbox 1772 284 2022 326; x_wconf 73' lang='lat' dir='ltr'>tabernaculi</span> 
     </span>
     <span class='ocr_line' id='line_1_4' title="bbox 130 336 2020 390; baseline 0.002 -9"><span class='ocrx_word' id='word_1_32' title='bbox 130 340 304 389; x_wconf 84' lang='lat' dir='ltr'>foederis,</span> <span class='ocrx_word' id='word_1_33' title='bbox 330 339 532 390; x_wconf 78' lang='lat' dir='ltr'>faciesque</span> <span class='ocrx_word' id='word_1_34' title='bbox 554 336 609 377; x_wconf 90' lang='lat' dir='ltr'>ibi</span> <span class='ocrx_word' id='word_1_35' title='bbox 634 341 739 377; x_wconf 89' lang='lat' dir='ltr'>stare</span> <span class='ocrx_word' id='word_1_36' title='bbox 764 341 911 378; x_wconf 90' lang='lat' dir='ltr'>tecum.</span> <span class='ocrx_word' id='word_1_37' title='bbox 965 338 998 360; x_wconf 77' lang='lat'>¹⁷</span> <span class='ocrx_word' id='word_1_38' title='bbox 1023 342 1067 377; x_wconf 90' lang='lat' dir='ltr'>ut</span> <span class='ocrx_word' id='word_1_39' title='bbox 1092 336 1333 377; x_wconf 71' lang='lat' dir='ltr'>descendam</span> <span class='ocrx_word' id='word_1_40' title='bbox 1359 341 1399 376; x_wconf 89' lang='grc'>91</span> <span class='ocrx_word' id='word_1_41' title='bbox 1422 336 1565 389; x_wconf 89' lang='lat' dir='ltr'>loquar</span> <span class='ocrx_word' id='word_1_42' title='bbox 1587 338 1679 379; x_wconf 87' lang='lat' dir='ltr'>tibi:</span> <span class='ocrx_word' id='word_1_43' title='bbox 1707 344 1746 379; x_wconf 87' lang='lat' dir='ltr'>et</span> <span class='ocrx_word' id='word_1_44' title='bbox 1770 341 1949 383; x_wconf 80' lang='lat' dir='ltr'>auferam</span> <span class='ocrx_word' id='word_1_45' title='bbox 1972 344 2020 384; x_wconf 79' lang='lat' dir='ltr'>de</span> 
     </span>
     <span class='ocr_line' id='line_1_5' title="bbox 131 395 2019 452; baseline 0.002 -12"><span class='ocrx_word' id='word_1_46' title='bbox 131 399 276 452; x_wconf 88' lang='lat' dir='ltr'>spiritu</span> <span class='ocrx_word' id='word_1_47' title='bbox 293 403 376 443; x_wconf 84' lang='lat' dir='ltr'>tuo,</span> <span class='ocrx_word' id='word_1_48' title='bbox 395 396 638 448; x_wconf 86' lang='lat' dir='ltr'>tradamque</span> <span class='ocrx_word' id='word_1_49' title='bbox 655 395 722 443; x_wconf 79' lang='lat' dir='ltr'>eis,</span> <span class='ocrx_word' id='word_1_50' title='bbox 743 400 787 435; x_wconf 91' lang='lat' dir='ltr'>ut</span> <span class='ocrx_word' id='word_1_51' title='bbox 805 400 1035 435; x_wconf 81' lang='lat' dir='ltr'>sustentent</span> <span class='ocrx_word' id='word_1_52' title='bbox 1053 399 1188 435; x_wconf 86' lang='lat' dir='ltr'>tecum</span> <span class='ocrx_word' id='word_1_53' title='bbox 1206 408 1305 435; x_wconf 87' lang='lat' dir='ltr'>onus</span> <span class='ocrx_word' id='word_1_54' title='bbox 1323 395 1473 448; x_wconf 85' lang='lat' dir='ltr'>populi.</span> <span class='ocrx_word' id='word_1_55' title='bbox 1493 401 1534 435; x_wconf 92' lang='lat' dir='ltr'>et</span> <span class='ocrx_word' id='word_1_56' title='bbox 1550 409 1630 436; x_wconf 91' lang='lat' dir='ltr'>non</span> <span class='ocrx_word' id='word_1_57' title='bbox 1648 402 1692 437; x_wconf 89' lang='lat' dir='ltr'>tu</span> <span class='ocrx_word' id='word_1_58' title='bbox 1711 397 1816 439; x_wconf 91' lang='lat' dir='ltr'>solus</span> <span class='ocrx_word' id='word_1_59' title='bbox 1832 402 2019 452; x_wconf 83' lang='lat' dir='ltr'>graveris.</span> 
     </span>
     <span class='ocr_line' id='line_1_6' title="bbox 131 453 2022 510; baseline 0.001 -12"><span class='ocrx_word' id='word_1_60' title='bbox 131 459 165 481; x_wconf 72' lang='lat'>¹⁸</span> <span class='ocrx_word' id='word_1_61' title='bbox 195 456 349 510; x_wconf 86' lang='lat' dir='ltr'>Populo</span> <span class='ocrx_word' id='word_1_62' title='bbox 381 467 541 508; x_wconf 88' lang='lat' dir='ltr'>quoque</span> <span class='ocrx_word' id='word_1_63' title='bbox 572 454 696 494; x_wconf 89' lang='lat' dir='ltr'>dices:</span> <span class='ocrx_word' id='word_1_64' title='bbox 728 454 1066 494; x_wconf 83' lang='lat' dir='ltr'>Sanctificamini:</span> <span class='ocrx_word' id='word_1_65' title='bbox 1099 467 1184 494; x_wconf 87' lang='lat' dir='ltr'>cras</span> <span class='ocrx_word' id='word_1_66' title='bbox 1215 453 1434 494; x_wconf 87' lang='lat' dir='ltr'>comedetis</span> <span class='ocrx_word' id='word_1_67' title='bbox 1465 467 1614 495; x_wconf 87' lang='lat' dir='ltr'>carnes.</span> <span class='ocrx_word' id='word_1_68' title='bbox 1647 468 1718 508; x_wconf 90' lang='lat' dir='ltr'>ego</span> <span class='ocrx_word' id='word_1_69' title='bbox 1749 457 1855 497; x_wconf 84' lang='lat' dir='ltr'>enim</span> <span class='ocrx_word' id='word_1_70' title='bbox 1886 459 2022 500; x_wconf 85' lang='lat' dir='ltr'>audivi</span> 
     </span>
     <span class='ocr_line' id='line_1_7' title="bbox 131 512 2022 568; baseline 0.001 -11"><span class='ocrx_word' id='word_1_71' title='bbox 131 530 202 557; x_wconf 89' lang='lat' dir='ltr'>vos</span> <span class='ocrx_word' id='word_1_72' title='bbox 228 516 374 555; x_wconf 81' lang='lat' dir='ltr'>dicere:</span> <span class='ocrx_word' id='word_1_73' title='bbox 404 513 501 562; x_wconf 86' lang='lat' dir='ltr'>Quis</span> <span class='ocrx_word' id='word_1_74' title='bbox 527 512 642 553; x_wconf 88' lang='lat' dir='ltr'>dabit</span> <span class='ocrx_word' id='word_1_75' title='bbox 669 512 784 553; x_wconf 88' lang='lat' dir='ltr'>nobis</span> <span class='ocrx_word' id='word_1_76' title='bbox 810 526 918 553; x_wconf 82' lang='lat' dir='ltr'>escas</span> <span class='ocrx_word' id='word_1_77' title='bbox 946 512 1152 552; x_wconf 76' lang='lat' dir='ltr'>carnium?</span> <span class='ocrx_word' id='word_1_78' title='bbox 1180 512 1280 552; x_wconf 83' lang='lat' dir='ltr'>bene</span> <span class='ocrx_word' id='word_1_79' title='bbox 1307 512 1422 553; x_wconf 89' lang='lat' dir='ltr'>nobis</span> <span class='ocrx_word' id='word_1_80' title='bbox 1448 517 1535 553; x_wconf 90' lang='lat' dir='ltr'>erat</span> <span class='ocrx_word' id='word_1_81' title='bbox 1560 513 1600 553; x_wconf 93' lang='lat' dir='ltr'>in</span> <span class='ocrx_word' id='word_1_82' title='bbox 1627 513 1816 568; x_wconf 74' lang='lat' dir='ltr'>AEgypto.</span> <span class='ocrx_word' id='word_1_83' title='bbox 1872 516 1929 557; x_wconf 88' lang='lat' dir='ltr'>Ut</span> <span class='ocrx_word' id='word_1_84' title='bbox 1954 518 2022 558; x_wconf 85' lang='lat' dir='ltr'>det</span> 
     </span>
     <span class='ocr_line' id='line_1_8' title="bbox 131 571 2023 628; baseline 0.001 -13"><span class='ocrx_word' id='word_1_85' title='bbox 131 574 243 616; x_wconf 87' lang='lat' dir='ltr'>vobis</span> <span class='ocrx_word' id='word_1_86' title='bbox 272 573 473 613; x_wconf 88' lang='lat' dir='ltr'>Dominus</span> <span class='ocrx_word' id='word_1_87' title='bbox 504 584 652 614; x_wconf 84' lang='lat' dir='ltr'>carnes.</span> <span class='ocrx_word' id='word_1_88' title='bbox 686 576 727 611; x_wconf 91' lang='lat' dir='ltr'>et</span> <span class='ocrx_word' id='word_1_89' title='bbox 756 571 996 611; x_wconf 81' lang='lat' dir='ltr'>comedatis:</span> <span class='ocrx_word' id='word_1_90' title='bbox 1055 573 1088 594; x_wconf 71' lang='lat'>1⁹</span> <span class='ocrx_word' id='word_1_91' title='bbox 1118 583 1199 611; x_wconf 91' lang='lat' dir='ltr'>non</span> <span class='ocrx_word' id='word_1_92' title='bbox 1230 584 1309 611; x_wconf 91' lang='lat' dir='ltr'>uno</span> <span class='ocrx_word' id='word_1_93' title='bbox 1341 571 1414 619; x_wconf 87' lang='lat' dir='ltr'>die,</span> <span class='ocrx_word' id='word_1_94' title='bbox 1447 584 1519 611; x_wconf 88' lang='lat' dir='ltr'>nec</span> <span class='ocrx_word' id='word_1_95' title='bbox 1550 572 1719 619; x_wconf 82' lang='lat' dir='ltr'>duobus,</span> <span class='ocrx_word' id='word_1_96' title='bbox 1751 573 1816 614; x_wconf 80' lang='lat' dir='ltr'>vel</span> <span class='ocrx_word' id='word_1_97' title='bbox 1846 575 2023 628; x_wconf 87' lang='lat' dir='ltr'>quinque</span> 
     </span>
     <span class='ocr_line' id='line_1_9' title="bbox 131 630 2025 687; baseline 0.001 -14"><span class='ocrx_word' id='word_1_98' title='bbox 131 637 202 673; x_wconf 86' lang='lat' dir='ltr'>aut</span> <span class='ocrx_word' id='word_1_99' title='bbox 225 632 374 680; x_wconf 89' lang='lat' dir='ltr'>decem,</span> <span class='ocrx_word' id='word_1_100' title='bbox 401 644 473 672; x_wconf 88' lang='lat' dir='ltr'>nec</span> <span class='ocrx_word' id='word_1_101' title='bbox 496 630 640 683; x_wconf 89' lang='lat' dir='ltr'>viginti</span> <span class='ocrx_word' id='word_1_102' title='bbox 665 630 839 683; x_wconf 82' lang='lat' dir='ltr'>quidem.</span> <span class='ocrx_word' id='word_1_103' title='bbox 891 631 927 653; x_wconf 74' lang='lat'>‘2⁰</span> <span class='ocrx_word' id='word_1_104' title='bbox 950 630 1019 670; x_wconf 90' lang='lat' dir='ltr'>sed</span> <span class='ocrx_word' id='word_1_105' title='bbox 1042 643 1168 683; x_wconf 91' lang='lat' dir='ltr'>usque</span> <span class='ocrx_word' id='word_1_106' title='bbox 1193 630 1245 669; x_wconf 86' lang='lat' dir='ltr'>ad</span> <span class='ocrx_word' id='word_1_107' title='bbox 1268 642 1447 670; x_wconf 90' lang='lat' dir='ltr'>mensem</span> <span class='ocrx_word' id='word_1_108' title='bbox 1471 630 1637 679; x_wconf 90' lang='lat' dir='ltr'>dierum,</span> <span class='ocrx_word' id='word_1_109' title='bbox 1664 632 1789 672; x_wconf 85' lang='lat' dir='ltr'>donec</span> <span class='ocrx_word' id='word_1_110' title='bbox 1814 639 1932 674; x_wconf 78' lang='lat' dir='ltr'>exeat</span> <span class='ocrx_word' id='word_1_111' title='bbox 1954 647 2025 687; x_wconf 89' lang='lat' dir='ltr'>per</span> 
     </span>
     <span class='ocr_line' id='line_1_10' title="bbox 129 688 2022 743; baseline 0.001 -12"><span class='ocrx_word' id='word_1_112' title='bbox 129 704 243 731; x_wconf 87' lang='lat' dir='ltr'>nares</span> <span class='ocrx_word' id='word_1_113' title='bbox 266 695 434 738; x_wconf 87' lang='lat' dir='ltr'>vestras,</span> <span class='ocrx_word' id='word_1_114' title='bbox 460 693 501 730; x_wconf 84' lang='lat' dir='ltr'>et</span> <span class='ocrx_word' id='word_1_115' title='bbox 523 693 708 729; x_wconf 86' lang='lat' dir='ltr'>vertatur</span> <span class='ocrx_word' id='word_1_116' title='bbox 730 689 771 729; x_wconf 90' lang='lat' dir='ltr'>in</span> <span class='ocrx_word' id='word_1_117' title='bbox 794 702 999 737; x_wconf 84' lang='lat' dir='ltr'>nauseam,</span> <span class='ocrx_word' id='word_1_118' title='bbox 1025 702 1070 729; x_wconf 88' lang='lat' dir='ltr'>eo</span> <span class='ocrx_word' id='word_1_119' title='bbox 1096 689 1205 741; x_wconf 88' lang='lat' dir='ltr'>quod</span> <span class='ocrx_word' id='word_1_120' title='bbox 1227 688 1452 741; x_wconf 82' lang='lat' dir='ltr'>repuleritis</span> <span class='ocrx_word' id='word_1_121' title='bbox 1475 689 1709 732; x_wconf 79' lang='lat' dir='ltr'>Dominum.</span> <span class='ocrx_word' id='word_1_122' title='bbox 1737 691 1805 743; x_wconf 90' lang='lat' dir='ltr'>qui</span> <span class='ocrx_word' id='word_1_123' title='bbox 1827 692 1867 731; x_wconf 89' lang='lat' dir='ltr'>in</span> <span class='ocrx_word' id='word_1_124' title='bbox 1892 693 2022 733; x_wconf 89' lang='lat' dir='ltr'>medio</span> 
     </span>
     <span class='ocr_line' id='line_1_11' title="bbox 129 747 2023 801; baseline 0.001 -12"><span class='ocrx_word' id='word_1_125' title='bbox 129 750 253 791; x_wconf 88' lang='lat' dir='ltr'>vestri</span> <span class='ocrx_word' id='word_1_126' title='bbox 275 754 346 798; x_wconf 90' lang='lat' dir='ltr'>est,</span> <span class='ocrx_word' id='word_1_127' title='bbox 371 753 412 790; x_wconf 88' lang='lat' dir='ltr'>et</span> <span class='ocrx_word' id='word_1_128' title='bbox 435 747 625 788; x_wconf 83' lang='lat' dir='ltr'>fleveritis</span> <span class='ocrx_word' id='word_1_129' title='bbox 649 760 784 788; x_wconf 86' lang='lat' dir='ltr'>coram</span> <span class='ocrx_word' id='word_1_130' title='bbox 806 761 864 793; x_wconf 85' lang='lat' dir='ltr'>eo,</span> <span class='ocrx_word' id='word_1_131' title='bbox 889 748 1085 788; x_wconf 83' lang='lat' dir='ltr'>dicentes:</span> <span class='ocrx_word' id='word_1_132' title='bbox 1110 747 1242 796; x_wconf 79' lang='lat' dir='ltr'>Quare</span> <span class='ocrx_word' id='word_1_133' title='bbox 1265 748 1409 800; x_wconf 78' lang='lat' dir='ltr'>egressi</span> <span class='ocrx_word' id='word_1_134' title='bbox 1431 761 1569 788; x_wconf 86' lang='lat' dir='ltr'>sumus</span> <span class='ocrx_word' id='word_1_135' title='bbox 1592 761 1641 788; x_wconf 79' lang='lat' dir='ltr'>ex</span> <span class='ocrx_word' id='word_1_136' title='bbox 1663 748 1865 801; x_wconf 70' lang='lat' dir='ltr'>AEgypto?</span> <span class='ocrx_word' id='word_1_137' title='bbox 1915 753 1946 775; x_wconf 72' lang='lat'>&#39;21</span> <span class='ocrx_word' id='word_1_138' title='bbox 1969 752 2023 791; x_wconf 85' lang='lat' dir='ltr'>Et</span> 
     </span>
     <span class='ocr_line' id='line_1_12' title="bbox 129 805 2022 861; baseline 0 -12"><span class='ocrx_word' id='word_1_139' title='bbox 129 809 187 849; x_wconf 90' lang='lat' dir='ltr'>ait</span> <span class='ocrx_word' id='word_1_140' title='bbox 208 809 385 861; x_wconf 85' lang='lat' dir='ltr'>Moyses:</span> <span class='ocrx_word' id='word_1_141' title='bbox 410 807 609 848; x_wconf 80' lang='lat' dir='ltr'>Sexcenta</span> <span class='ocrx_word' id='word_1_142' title='bbox 632 806 757 847; x_wconf 84' lang='lat' dir='ltr'>millia</span> <span class='ocrx_word' id='word_1_143' title='bbox 780 807 963 860; x_wconf 89' lang='lat' dir='ltr'>peditum</span> <span class='ocrx_word' id='word_1_144' title='bbox 986 807 1104 846; x_wconf 89' lang='lat' dir='ltr'>huius</span> <span class='ocrx_word' id='word_1_145' title='bbox 1127 805 1267 859; x_wconf 91' lang='lat' dir='ltr'>populi</span> <span class='ocrx_word' id='word_1_146' title='bbox 1289 811 1395 846; x_wconf 89' lang='lat' dir='ltr'>sunt.</span> <span class='ocrx_word' id='word_1_147' title='bbox 1421 812 1462 847; x_wconf 93' lang='lat' dir='ltr'>et</span> <span class='ocrx_word' id='word_1_148' title='bbox 1484 811 1529 847; x_wconf 86' lang='lat' dir='ltr'>tu</span> <span class='ocrx_word' id='word_1_149' title='bbox 1553 807 1668 847; x_wconf 85' lang='lat' dir='ltr'>dicis:</span> <span class='ocrx_word' id='word_1_150' title='bbox 1693 808 1810 848; x_wconf 84' lang='lat' dir='ltr'>Dabo</span> <span class='ocrx_word' id='word_1_151' title='bbox 1834 809 1888 849; x_wconf 83' lang='lat' dir='ltr'>eis</span> <span class='ocrx_word' id='word_1_152' title='bbox 1911 823 2022 850; x_wconf 89' lang='lat' dir='ltr'>esum</span> 
     </span>
     <span class='ocr_line' id='line_1_13' title="bbox 128 865 2023 918; baseline 0.001 -11"><span class='ocrx_word' id='word_1_153' title='bbox 128 867 309 908; x_wconf 86' lang='lat' dir='ltr'>carnium</span> <span class='ocrx_word' id='word_1_154' title='bbox 343 879 479 907; x_wconf 90' lang='lat' dir='ltr'>mense</span> <span class='ocrx_word' id='word_1_155' title='bbox 512 865 693 918; x_wconf 78' lang='lat' dir='ltr'>integro?</span> <span class='ocrx_word' id='word_1_156' title='bbox 755 867 787 889; x_wconf 89' lang='grc'>22</span> <span class='ocrx_word' id='word_1_157' title='bbox 826 865 1056 918; x_wconf 72' lang='lat' dir='ltr'>aNumquid</span> <span class='ocrx_word' id='word_1_158' title='bbox 1091 865 1229 906; x_wconf 91' lang='lat' dir='ltr'>ovium</span> <span class='ocrx_word' id='word_1_159' title='bbox 1264 869 1303 905; x_wconf 90' lang='lat' dir='ltr'>et</span> <span class='ocrx_word' id='word_1_160' title='bbox 1339 865 1462 905; x_wconf 88' lang='lat' dir='ltr'>boum</span> <span class='ocrx_word' id='word_1_161' title='bbox 1498 865 1718 906; x_wconf 86' lang='lat' dir='ltr'>multitudo</span> <span class='ocrx_word' id='word_1_162' title='bbox 1754 867 1941 911; x_wconf 78' lang='lat' dir='ltr'>caedetur,</span> <span class='ocrx_word' id='word_1_163' title='bbox 1978 874 2023 908; x_wconf 90' lang='lat' dir='ltr'>ut</span> 
     </span>
     <span class='ocr_line' id='line_1_14' title="bbox 127 924 2022 981; baseline 0 -14"><span class='ocrx_word' id='word_1_164' title='bbox 127 926 255 981; x_wconf 85' lang='lat' dir='ltr'>possit</span> <span class='ocrx_word' id='word_1_165' title='bbox 285 925 469 966; x_wconf 84' lang='grc'>3111110919</span> <span class='ocrx_word' id='word_1_166' title='bbox 501 925 553 965; x_wconf 85' lang='lat' dir='ltr'>ad</span> <span class='ocrx_word' id='word_1_167' title='bbox 584 924 743 965; x_wconf 75' lang='lat' dir='ltr'>cibum?</span> <span class='ocrx_word' id='word_1_168' title='bbox 777 924 840 965; x_wconf 89' lang='lat' dir='ltr'>vel</span> <span class='ocrx_word' id='word_1_169' title='bbox 871 937 1008 965; x_wconf 91' lang='lat' dir='ltr'>omnes</span> <span class='ocrx_word' id='word_1_170' title='bbox 1039 924 1166 978; x_wconf 77' lang='lat' dir='ltr'>pisces</span> <span class='ocrx_word' id='word_1_171' title='bbox 1198 924 1319 964; x_wconf 82' lang='lat' dir='ltr'>maris</span> <span class='ocrx_word' id='word_1_172' title='bbox 1350 924 1390 964; x_wconf 89' lang='grc'>111</span> <span class='ocrx_word' id='word_1_173' title='bbox 1422 937 1549 964; x_wconf 90' lang='lat' dir='ltr'>unum</span> <span class='ocrx_word' id='word_1_174' title='bbox 1581 926 1943 978; x_wconf 83' lang='lat' dir='ltr'>congregabuntur,</span> <span class='ocrx_word' id='word_1_175' title='bbox 1977 934 2022 967; x_wconf 83' lang='lat' dir='ltr'>ut</span> 
     </span>
     <span class='ocr_line' id='line_1_15' title="bbox 128 983 2021 1037; baseline 0 -11"><span class='ocrx_word' id='word_1_176' title='bbox 128 998 193 1026; x_wconf 90' lang='lat' dir='ltr'>eos</span> <span class='ocrx_word' id='word_1_177' title='bbox 229 984 404 1025; x_wconf 80' lang='lat' dir='ltr'>satient?</span> <span class='ocrx_word' id='word_1_178' title='bbox 459 985 490 1007; x_wconf 71' lang='lat'>‘²3</span> <span class='ocrx_word' id='word_1_179' title='bbox 517 984 589 1024; x_wconf 88' lang='lat' dir='ltr'>Cui</span> <span class='ocrx_word' id='word_1_180' title='bbox 624 983 833 1037; x_wconf 86' lang='lat' dir='ltr'>respondit</span> <span class='ocrx_word' id='word_1_181' title='bbox 859 983 1077 1024; x_wconf 85' lang='lat' dir='ltr'>Dominus:</span> <span class='ocrx_word' id='word_1_182' title='bbox 1111 983 1343 1036; x_wconf 53' lang='lat' dir='ltr'>*Numquid</span> <span class='ocrx_word' id='word_1_183' title='bbox 1370 996 1512 1023; x_wconf 85' lang='lat' dir='ltr'>manus</span> <span class='ocrx_word' id='word_1_184' title='bbox 1539 983 1704 1024; x_wconf 82' lang='lat' dir='ltr'>Domini</span> <span class='ocrx_word' id='word_1_185' title='bbox 1731 984 1908 1025; x_wconf 85' lang='lat' dir='ltr'>invalida</span> <span class='ocrx_word' id='word_1_186' title='bbox 1937 986 2021 1026; x_wconf 75' lang='lat' dir='ltr'>est?</span> 
     </span>
     <span class='ocr_line' id='line_1_16' title="bbox 129 1041 1427 1095; baseline -0.002 -11"><span class='ocrx_word' id='word_1_187' title='bbox 129 1043 217 1084; x_wconf 83' lang='lat' dir='ltr'>lam</span> <span class='ocrx_word' id='word_1_188' title='bbox 243 1056 350 1084; x_wconf 90' lang='lat' dir='ltr'>nunc</span> <span class='ocrx_word' id='word_1_189' title='bbox 376 1043 532 1083; x_wconf 87' lang='lat' dir='ltr'>videbis</span> <span class='ocrx_word' id='word_1_190' title='bbox 559 1048 698 1083; x_wconf 91' lang='lat' dir='ltr'>utrum</span> <span class='ocrx_word' id='word_1_191' title='bbox 725 1055 836 1083; x_wconf 89' lang='lat' dir='ltr'>meus</span> <span class='ocrx_word' id='word_1_192' title='bbox 864 1055 992 1083; x_wconf 91' lang='lat' dir='ltr'>sermo</span> <span class='ocrx_word' id='word_1_193' title='bbox 1021 1055 1138 1095; x_wconf 89' lang='lat' dir='ltr'>opere</span> <span class='ocrx_word' id='word_1_194' title='bbox 1166 1041 1427 1095; x_wconf 82' lang='lat' dir='ltr'>compleatur.</span> 
     </span>
    </p>

    <p class='ocr_par' dir='ltr' id='par_1_3' title="bbox 123 1100 2024 1804">
     <span class='ocr_line' id='line_1_17' title="bbox 231 1100 2023 1156; baseline 0 -13"><span class='ocrx_word' id='word_1_195' title='bbox 231 1104 263 1127; x_wconf 73' lang='lat'>24</span> <span class='ocrx_word' id='word_1_196' title='bbox 278 1102 401 1143; x_wconf 85' lang='lat' dir='ltr'>Venit</span> <span class='ocrx_word' id='word_1_197' title='bbox 415 1102 539 1156; x_wconf 85' lang='lat' dir='ltr'>igitur</span> <span class='ocrx_word' id='word_1_198' title='bbox 552 1101 724 1155; x_wconf 92' lang='lat' dir='ltr'>Moyses,</span> <span class='ocrx_word' id='word_1_199' title='bbox 744 1106 784 1142; x_wconf 88' lang='lat' dir='ltr'>et</span> <span class='ocrx_word' id='word_1_200' title='bbox 800 1101 982 1141; x_wconf 82' lang='lat' dir='ltr'>narravit</span> <span class='ocrx_word' id='word_1_201' title='bbox 997 1100 1147 1154; x_wconf 88' lang='lat' dir='ltr'>populo</span> <span class='ocrx_word' id='word_1_202' title='bbox 1165 1101 1290 1141; x_wconf 85' lang='lat' dir='ltr'>verba</span> <span class='ocrx_word' id='word_1_203' title='bbox 1305 1101 1481 1145; x_wconf 82' lang='lat' dir='ltr'>Domini,</span> <span class='ocrx_word' id='word_1_204' title='bbox 1501 1114 1745 1155; x_wconf 85' lang='lat' dir='ltr'>congregans</span> <span class='ocrx_word' id='word_1_205' title='bbox 1762 1103 2023 1155; x_wconf 81' lang='lat' dir='ltr'>septuaginta</span> 
     </span>
     <span class='ocr_line' id='line_1_18' title="bbox 128 1159 2022 1216; baseline 0.001 -14"><span class='ocrx_word' id='word_1_206' title='bbox 128 1162 233 1202; x_wconf 87' lang='lat' dir='ltr'>viros</span> <span class='ocrx_word' id='word_1_207' title='bbox 269 1161 317 1202; x_wconf 90' lang='lat' dir='ltr'>de</span> <span class='ocrx_word' id='word_1_208' title='bbox 353 1161 514 1202; x_wconf 89' lang='lat' dir='ltr'>senibus</span> <span class='ocrx_word' id='word_1_209' title='bbox 552 1159 685 1207; x_wconf 80' lang='lat' dir='ltr'>Israel,</span> <span class='ocrx_word' id='word_1_210' title='bbox 725 1174 823 1213; x_wconf 89' lang='lat' dir='ltr'>quos</span> <span class='ocrx_word' id='word_1_211' title='bbox 859 1164 965 1201; x_wconf 81' lang='lat' dir='ltr'>stare</span> <span class='ocrx_word' id='word_1_212' title='bbox 1001 1160 1095 1200; x_wconf 84' lang='grc'>19011</span> <span class='ocrx_word' id='word_1_213' title='bbox 1132 1160 1233 1200; x_wconf 81' lang='lat' dir='ltr'>circa</span> <span class='ocrx_word' id='word_1_214' title='bbox 1271 1160 1592 1201; x_wconf 87' lang='lat' dir='ltr'>tabernaculmn.</span> <span class='ocrx_word' id='word_1_215' title='bbox 1656 1162 1687 1184; x_wconf 79' lang='grc'>25</span> <span class='ocrx_word' id='word_1_216' title='bbox 1722 1161 2022 1216; x_wconf 83' lang='lat' dir='ltr'>Descenditque</span> 
     </span>
     <span class='ocr_line' id='line_1_19' title="bbox 126 1218 2020 1274; baseline 0.001 -14"><span class='ocrx_word' id='word_1_217' title='bbox 126 1220 326 1261; x_wconf 87' lang='lat' dir='ltr'>Dominus</span> <span class='ocrx_word' id='word_1_218' title='bbox 347 1233 419 1273; x_wconf 91' lang='lat' dir='ltr'>per</span> <span class='ocrx_word' id='word_1_219' title='bbox 440 1220 602 1264; x_wconf 76' lang='lat' dir='ltr'>nubem,</span> <span class='ocrx_word' id='word_1_220' title='bbox 628 1224 669 1260; x_wconf 89' lang='lat' dir='ltr'>et</span> <span class='ocrx_word' id='word_1_221' title='bbox 690 1219 848 1259; x_wconf 83' lang='lat' dir='ltr'>locutus</span> <span class='ocrx_word' id='word_1_222' title='bbox 873 1223 933 1259; x_wconf 88' lang='lat' dir='ltr'>est</span> <span class='ocrx_word' id='word_1_223' title='bbox 957 1219 1008 1259; x_wconf 87' lang='lat' dir='ltr'>ad</span> <span class='ocrx_word' id='word_1_224' title='bbox 1030 1232 1134 1267; x_wconf 85' lang='lat' dir='ltr'>eum,</span> <span class='ocrx_word' id='word_1_225' title='bbox 1160 1219 1343 1259; x_wconf 76' lang='lat' dir='ltr'>auferens</span> <span class='ocrx_word' id='word_1_226' title='bbox 1368 1218 1415 1258; x_wconf 87' lang='lat' dir='ltr'>de</span> <span class='ocrx_word' id='word_1_227' title='bbox 1438 1219 1582 1272; x_wconf 90' lang='lat' dir='ltr'>spiritu</span> <span class='ocrx_word' id='word_1_228' title='bbox 1607 1220 1674 1272; x_wconf 91' lang='lat' dir='ltr'>qui</span> <span class='ocrx_word' id='word_1_229' title='bbox 1698 1225 1784 1260; x_wconf 87' lang='lat' dir='ltr'>erat</span> <span class='ocrx_word' id='word_1_230' title='bbox 1806 1221 1846 1260; x_wconf 93' lang='lat' dir='ltr'>in</span> <span class='ocrx_word' id='word_1_231' title='bbox 1868 1221 2020 1274; x_wconf 85' lang='lat' dir='ltr'>Moyse,</span> 
     </span>
     <span class='ocr_line' id='line_1_20' title="bbox 127 1277 2020 1332; baseline 0.001 -13"><span class='ocrx_word' id='word_1_232' title='bbox 127 1284 167 1320; x_wconf 89' lang='lat' dir='ltr'>et</span> <span class='ocrx_word' id='word_1_233' title='bbox 200 1279 300 1319; x_wconf 89' lang='lat' dir='ltr'>dans</span> <span class='ocrx_word' id='word_1_234' title='bbox 333 1278 591 1332; x_wconf 80' lang='lat' dir='ltr'>septuaginta</span> <span class='ocrx_word' id='word_1_235' title='bbox 626 1278 732 1319; x_wconf 89' lang='lat' dir='ltr'>viris.</span> <span class='ocrx_word' id='word_1_236' title='bbox 767 1278 949 1331; x_wconf 86' lang='lat' dir='ltr'>Cumque</span> <span class='ocrx_word' id='word_1_237' title='bbox 982 1277 1244 1331; x_wconf 79' lang='lat' dir='ltr'>requievisset</span> <span class='ocrx_word' id='word_1_238' title='bbox 1278 1278 1318 1317; x_wconf 90' lang='lat' dir='ltr'>in</span> <span class='ocrx_word' id='word_1_239' title='bbox 1352 1277 1406 1317; x_wconf 87' lang='lat' dir='ltr'>eis</span> <span class='ocrx_word' id='word_1_240' title='bbox 1439 1277 1624 1331; x_wconf 77' lang='lat' dir='ltr'>Spiritus,</span> <span class='ocrx_word' id='word_1_241' title='bbox 1660 1279 2020 1332; x_wconf 86' lang='lat' dir='ltr'>prophetaverunt.</span> 
     </span>
     <span class='ocr_line' id='line_1_21' title="bbox 127 1336 2023 1391; baseline 0.001 -13"><span class='ocrx_word' id='word_1_242' title='bbox 127 1351 198 1379; x_wconf 89' lang='grc'>1190</span> <span class='ocrx_word' id='word_1_243' title='bbox 227 1337 335 1378; x_wconf 88' lang='lat' dir='ltr'>ultra</span> <span class='ocrx_word' id='word_1_244' title='bbox 363 1342 633 1378; x_wconf 88' lang='lat' dir='ltr'>cessaverunt.</span> <span class='ocrx_word' id='word_1_245' title='bbox 692 1339 726 1361; x_wconf 72' lang='grc'>26</span> <span class='ocrx_word' id='word_1_246' title='bbox 756 1337 1053 1378; x_wconf 83' lang='lat' dir='ltr'>Rema-nserant</span> <span class='ocrx_word' id='word_1_247' title='bbox 1082 1342 1220 1376; x_wconf 87' lang='lat' dir='ltr'>autem</span> <span class='ocrx_word' id='word_1_248' title='bbox 1249 1336 1290 1376; x_wconf 93' lang='lat' dir='ltr'>in</span> <span class='ocrx_word' id='word_1_249' title='bbox 1319 1336 1459 1376; x_wconf 89' lang='lat' dir='ltr'>castris</span> <span class='ocrx_word' id='word_1_250' title='bbox 1489 1336 1569 1377; x_wconf 89' lang='lat' dir='ltr'>duo</span> <span class='ocrx_word' id='word_1_251' title='bbox 1599 1337 1685 1381; x_wconf 80' lang='lat' dir='ltr'>viri,</span> <span class='ocrx_word' id='word_1_252' title='bbox 1719 1351 1890 1391; x_wconf 89' lang='lat' dir='ltr'>quorum</span> <span class='ocrx_word' id='word_1_253' title='bbox 1920 1352 2023 1379; x_wconf 88' lang='lat' dir='ltr'>unus</span> 
     </span>
     <span class='ocr_line' id='line_1_22' title="bbox 128 1395 2024 1451; baseline 0 -13"><span class='ocrx_word' id='word_1_254' title='bbox 128 1397 353 1438; x_wconf 87' lang='lat' dir='ltr'>vocabatur</span> <span class='ocrx_word' id='word_1_255' title='bbox 370 1396 514 1440; x_wconf 79' lang='lat' dir='ltr'>Eldad,</span> <span class='ocrx_word' id='word_1_256' title='bbox 535 1402 575 1437; x_wconf 88' lang='lat' dir='ltr'>et</span> <span class='ocrx_word' id='word_1_257' title='bbox 593 1396 694 1436; x_wconf 87' lang='lat' dir='ltr'>alter</span> <span class='ocrx_word' id='word_1_258' title='bbox 710 1396 869 1438; x_wconf 86' lang='lat' dir='ltr'>Medad.</span> <span class='ocrx_word' id='word_1_259' title='bbox 891 1408 1010 1449; x_wconf 88' lang='lat' dir='ltr'>super</span> <span class='ocrx_word' id='word_1_260' title='bbox 1028 1408 1127 1448; x_wconf 87' lang='lat' dir='ltr'>quos</span> <span class='ocrx_word' id='word_1_261' title='bbox 1146 1395 1345 1448; x_wconf 80' lang='lat' dir='ltr'>requievit</span> <span class='ocrx_word' id='word_1_262' title='bbox 1363 1395 1548 1448; x_wconf 87' lang='lat' dir='ltr'>Spiritus.</span> <span class='ocrx_word' id='word_1_263' title='bbox 1569 1409 1664 1436; x_wconf 84' lang='lat' dir='ltr'>nam</span> <span class='ocrx_word' id='word_1_264' title='bbox 1683 1400 1723 1436; x_wconf 85' lang='lat' dir='ltr'>et</span> <span class='ocrx_word' id='word_1_265' title='bbox 1740 1397 1815 1450; x_wconf 85' lang='lat' dir='ltr'>ipsi</span> <span class='ocrx_word' id='word_1_266' title='bbox 1834 1397 2024 1451; x_wconf 79' lang='lat' dir='ltr'>descripti</span> 
     </span>
     <span class='ocr_line' id='line_1_23' title="bbox 125 1454 2021 1508; baseline 0 -11"><span class='ocrx_word' id='word_1_267' title='bbox 125 1457 299 1503; x_wconf 86' lang='lat' dir='ltr'>fuerant,</span> <span class='ocrx_word' id='word_1_268' title='bbox 334 1461 374 1496; x_wconf 90' lang='lat' dir='ltr'>et</span> <span class='ocrx_word' id='word_1_269' title='bbox 406 1469 485 1495; x_wconf 92' lang='lat' dir='ltr'>non</span> <span class='ocrx_word' id='word_1_270' title='bbox 517 1455 697 1495; x_wconf 80' lang='lat' dir='ltr'>exierant</span> <span class='ocrx_word' id='word_1_271' title='bbox 730 1454 782 1495; x_wconf 89' lang='lat' dir='ltr'>ad</span> <span class='ocrx_word' id='word_1_272' title='bbox 813 1454 1133 1495; x_wconf 85' lang='lat' dir='ltr'>tabernaculum.</span> <span class='ocrx_word' id='word_1_273' title='bbox 1194 1455 1227 1478; x_wconf 75' lang='lat'>2⁷</span> <span class='ocrx_word' id='word_1_274' title='bbox 1259 1454 1442 1507; x_wconf 80' lang='lat' dir='ltr'>Cumque</span> <span class='ocrx_word' id='word_1_275' title='bbox 1473 1455 1765 1508; x_wconf 87' lang='lat' dir='ltr'>prophetarent</span> <span class='ocrx_word' id='word_1_276' title='bbox 1797 1455 1836 1496; x_wconf 88' lang='lat' dir='ltr'>in</span> <span class='ocrx_word' id='word_1_277' title='bbox 1868 1457 2021 1498; x_wconf 86' lang='lat' dir='ltr'>castris.</span> 
     </span>
     <span class='ocr_line' id='line_1_24' title="bbox 125 1513 2021 1568; baseline -0.001 -12"><span class='ocrx_word' id='word_1_278' title='bbox 125 1515 302 1556; x_wconf 84' lang='lat' dir='ltr'>cucurrit</span> <span class='ocrx_word' id='word_1_279' title='bbox 326 1527 437 1568; x_wconf 84' lang='lat' dir='ltr'>puer.</span> <span class='ocrx_word' id='word_1_280' title='bbox 467 1518 507 1554; x_wconf 89' lang='lat' dir='ltr'>et</span> <span class='ocrx_word' id='word_1_281' title='bbox 534 1513 745 1554; x_wconf 87' lang='lat' dir='ltr'>nunciavit</span> <span class='ocrx_word' id='word_1_282' title='bbox 771 1513 913 1566; x_wconf 81' lang='lat' dir='ltr'>Moysi,</span> <span class='ocrx_word' id='word_1_283' title='bbox 943 1513 1096 1554; x_wconf 82' lang='lat' dir='ltr'>dicens:</span> <span class='ocrx_word' id='word_1_284' title='bbox 1126 1513 1258 1553; x_wconf 87' lang='lat' dir='ltr'>Eldad</span> <span class='ocrx_word' id='word_1_285' title='bbox 1286 1518 1326 1553; x_wconf 86' lang='lat' dir='ltr'>et</span> <span class='ocrx_word' id='word_1_286' title='bbox 1351 1513 1500 1553; x_wconf 90' lang='lat' dir='ltr'>Medad</span> <span class='ocrx_word' id='word_1_287' title='bbox 1526 1514 1776 1567; x_wconf 89' lang='lat' dir='ltr'>prophetant</span> <span class='ocrx_word' id='word_1_288' title='bbox 1801 1515 1841 1555; x_wconf 91' lang='lat' dir='ltr'>in</span> <span class='ocrx_word' id='word_1_289' title='bbox 1869 1515 2021 1556; x_wconf 85' lang='lat' dir='ltr'>castris.</span> 
     </span>
     <span class='ocr_line' id='line_1_25' title="bbox 124 1571 2023 1626; baseline 0 -11"><span class='ocrx_word' id='word_1_290' title='bbox 124 1576 159 1598; x_wconf 69' lang='lat'>&#39;2⁸</span> <span class='ocrx_word' id='word_1_291' title='bbox 184 1573 335 1615; x_wconf 87' lang='lat' dir='ltr'>Statim</span> <span class='ocrx_word' id='word_1_292' title='bbox 363 1573 479 1614; x_wconf 88' lang='lat' dir='ltr'>Iosue</span> <span class='ocrx_word' id='word_1_293' title='bbox 509 1572 611 1613; x_wconf 88' lang='lat' dir='ltr'>filius</span> <span class='ocrx_word' id='word_1_294' title='bbox 640 1573 745 1615; x_wconf 83' lang='lat' dir='ltr'>Nun,</span> <span class='ocrx_word' id='word_1_295' title='bbox 775 1573 958 1613; x_wconf 87' lang='lat' dir='ltr'>minister</span> <span class='ocrx_word' id='word_1_296' title='bbox 983 1572 1125 1625; x_wconf 83' lang='lat' dir='ltr'>Moysi,</span> <span class='ocrx_word' id='word_1_297' title='bbox 1155 1578 1194 1613; x_wconf 92' lang='lat' dir='ltr'>et</span> <span class='ocrx_word' id='word_1_298' title='bbox 1221 1572 1370 1612; x_wconf 88' lang='lat' dir='ltr'>electus</span> <span class='ocrx_word' id='word_1_299' title='bbox 1397 1586 1416 1612; x_wconf 91' lang='lat' dir='ltr'>e</span> <span class='ocrx_word' id='word_1_300' title='bbox 1443 1571 1636 1626; x_wconf 88' lang='lat' dir='ltr'>pluribus,</span> <span class='ocrx_word' id='word_1_301' title='bbox 1666 1574 1741 1614; x_wconf 89' lang='lat' dir='ltr'>ait:</span> <span class='ocrx_word' id='word_1_302' title='bbox 1769 1574 1942 1615; x_wconf 88' lang='lat' dir='ltr'>Domine</span> <span class='ocrx_word' id='word_1_303' title='bbox 1969 1575 2023 1615; x_wconf 88' lang='lat' dir='ltr'>mi</span> 
     </span>
     <span class='ocr_line' id='line_1_26' title="bbox 123 1631 2023 1686; baseline 0.001 -13"><span class='ocrx_word' id='word_1_304' title='bbox 123 1633 282 1686; x_wconf 87' lang='lat' dir='ltr'>Moyses</span> <span class='ocrx_word' id='word_1_305' title='bbox 310 1631 479 1685; x_wconf 91' lang='lat' dir='ltr'>prohibe</span> <span class='ocrx_word' id='word_1_306' title='bbox 508 1645 585 1672; x_wconf 87' lang='lat' dir='ltr'>eos.</span> <span class='ocrx_word' id='word_1_307' title='bbox 643 1633 677 1655; x_wconf 71' lang='grc'>22</span> <span class='ocrx_word' id='word_1_308' title='bbox 705 1631 759 1672; x_wconf 82' lang='lat' dir='ltr'>At</span> <span class='ocrx_word' id='word_1_309' title='bbox 789 1631 870 1672; x_wconf 89' lang='lat' dir='ltr'>ille:</span> <span class='ocrx_word' id='word_1_310' title='bbox 903 1631 1020 1680; x_wconf 80' lang='lat' dir='ltr'>Quid,</span> <span class='ocrx_word' id='word_1_311' title='bbox 1052 1631 1196 1684; x_wconf 81' lang='lat' dir='ltr'>inquit.</span> <span class='ocrx_word' id='word_1_312' title='bbox 1227 1631 1426 1672; x_wconf 64' lang='lat' dir='ltr'>mundaris</span> <span class='ocrx_word' id='word_1_313' title='bbox 1455 1644 1527 1685; x_wconf 89' lang='lat' dir='ltr'>pro</span> <span class='ocrx_word' id='word_1_314' title='bbox 1556 1632 1644 1672; x_wconf 77' lang='lat' dir='ltr'>me?</span> <span class='ocrx_word' id='word_1_315' title='bbox 1676 1633 1763 1686; x_wconf 83' lang='lat' dir='ltr'>quis</span> <span class='ocrx_word' id='word_1_316' title='bbox 1793 1633 1948 1673; x_wconf 87' lang='lat' dir='ltr'>tribuat</span> <span class='ocrx_word' id='word_1_317' title='bbox 1978 1639 2023 1675; x_wconf 89' lang='lat' dir='ltr'>ut</span> 
     </span>
     <span class='ocr_line' id='line_1_27' title="bbox 124 1690 2023 1746; baseline 0.001 -14"><span class='ocrx_word' id='word_1_318' title='bbox 124 1691 253 1732; x_wconf 89' lang='lat' dir='ltr'>omnis</span> <span class='ocrx_word' id='word_1_319' title='bbox 285 1690 458 1744; x_wconf 91' lang='lat' dir='ltr'>populus</span> <span class='ocrx_word' id='word_1_320' title='bbox 491 1691 718 1744; x_wconf 79' lang='lat' dir='ltr'>prophetet,</span> <span class='ocrx_word' id='word_1_321' title='bbox 754 1696 792 1731; x_wconf 89' lang='grc'>91</span> <span class='ocrx_word' id='word_1_322' title='bbox 825 1691 894 1731; x_wconf 92' lang='lat' dir='ltr'>det</span> <span class='ocrx_word' id='word_1_323' title='bbox 926 1691 980 1732; x_wconf 88' lang='lat' dir='ltr'>eis</span> <span class='ocrx_word' id='word_1_324' title='bbox 1012 1691 1211 1731; x_wconf 88' lang='lat' dir='ltr'>Dominus</span> <span class='ocrx_word' id='word_1_325' title='bbox 1243 1690 1440 1743; x_wconf 88' lang='lat' dir='ltr'>Spiritum</span> <span class='ocrx_word' id='word_1_326' title='bbox 1472 1691 1614 1731; x_wconf 74' lang='lat' dir='ltr'>suum?</span> <span class='ocrx_word' id='word_1_327' title='bbox 1674 1693 1710 1715; x_wconf 75' lang='lat'>3⁰</span> <span class='ocrx_word' id='word_1_328' title='bbox 1742 1692 2023 1746; x_wconf 81' lang='lat' dir='ltr'>Reversusque</span> 
     </span>
     <span class='ocr_line' id='line_1_28' title="bbox 124 1749 1147 1804; baseline -0.001 -13"><span class='ocrx_word' id='word_1_329' title='bbox 124 1754 184 1791; x_wconf 86' lang='grc'>931</span> <span class='ocrx_word' id='word_1_330' title='bbox 206 1750 378 1804; x_wconf 87' lang='lat' dir='ltr'>Moyses,</span> <span class='ocrx_word' id='word_1_331' title='bbox 406 1754 446 1790; x_wconf 89' lang='lat' dir='ltr'>et</span> <span class='ocrx_word' id='word_1_332' title='bbox 470 1750 639 1791; x_wconf 91' lang='lat' dir='ltr'>maiores</span> <span class='ocrx_word' id='word_1_333' title='bbox 665 1756 765 1790; x_wconf 83' lang='lat' dir='ltr'>natu</span> <span class='ocrx_word' id='word_1_334' title='bbox 792 1749 915 1790; x_wconf 89' lang='lat' dir='ltr'>Israel</span> <span class='ocrx_word' id='word_1_335' title='bbox 938 1750 979 1790; x_wconf 92' lang='lat' dir='ltr'>in</span> <span class='ocrx_word' id='word_1_336' title='bbox 1004 1755 1147 1790; x_wconf 85' lang='lat' dir='ltr'>castra.</span> 
     </span>
    </p>

    <p class='ocr_par' dir='ltr' id='par_1_4' title="bbox 106 1809 2022 2333">
     <span class='ocr_line' id='line_1_29' title="bbox 227 1809 2019 1862; baseline 0.002 -13"><span class='ocrx_word' id='word_1_337' title='bbox 227 1810 258 1833; x_wconf 81' lang='lat'>³¹</span> <span class='ocrx_word' id='word_1_338' title='bbox 291 1809 462 1849; x_wconf 75' lang='lat' dir='ltr'>eventus</span> <span class='ocrx_word' id='word_1_339' title='bbox 489 1814 627 1849; x_wconf 88' lang='lat' dir='ltr'>autem</span> <span class='ocrx_word' id='word_1_340' title='bbox 653 1809 856 1862; x_wconf 88' lang='lat' dir='ltr'>egrediens</span> <span class='ocrx_word' id='word_1_341' title='bbox 883 1823 903 1849; x_wconf 86' lang='lat' dir='ltr'>a</span> <span class='ocrx_word' id='word_1_342' title='bbox 929 1809 1106 1849; x_wconf 89' lang='lat' dir='ltr'>Domino</span> <span class='ocrx_word' id='word_1_343' title='bbox 1133 1813 1313 1862; x_wconf 84' lang='lat' dir='ltr'>arreptas</span> <span class='ocrx_word' id='word_1_344' title='bbox 1339 1813 1451 1849; x_wconf 84' lang='lat' dir='ltr'>trans</span> <span class='ocrx_word' id='word_1_345' title='bbox 1477 1822 1586 1850; x_wconf 90' lang='lat' dir='ltr'>mare</span> <span class='ocrx_word' id='word_1_346' title='bbox 1611 1810 1835 1850; x_wconf 84' lang='lat' dir='ltr'>coturnices</span> <span class='ocrx_word' id='word_1_347' title='bbox 1862 1810 2019 1854; x_wconf 82' lang='lat' dir='ltr'>detulit.</span> 
     </span>
     <span class='ocr_line' id='line_1_30' title="bbox 123 1867 2020 1922; baseline 0 -13"><span class='ocrx_word' id='word_1_348' title='bbox 123 1873 164 1909; x_wconf 90' lang='lat' dir='ltr'>et</span> <span class='ocrx_word' id='word_1_349' title='bbox 181 1868 343 1909; x_wconf 87' lang='lat' dir='ltr'>demisit</span> <span class='ocrx_word' id='word_1_350' title='bbox 361 1868 402 1908; x_wconf 93' lang='lat' dir='ltr'>in</span> <span class='ocrx_word' id='word_1_351' title='bbox 421 1874 552 1908; x_wconf 83' lang='lat' dir='ltr'>castra</span> <span class='ocrx_word' id='word_1_352' title='bbox 571 1868 713 1908; x_wconf 89' lang='lat' dir='ltr'>itinere</span> <span class='ocrx_word' id='word_1_353' title='bbox 733 1873 934 1921; x_wconf 85' lang='lat' dir='ltr'>quantum</span> <span class='ocrx_word' id='word_1_354' title='bbox 954 1881 1033 1908; x_wconf 90' lang='lat' dir='ltr'>uno</span> <span class='ocrx_word' id='word_1_355' title='bbox 1053 1868 1115 1908; x_wconf 89' lang='lat' dir='ltr'>die</span> <span class='ocrx_word' id='word_1_356' title='bbox 1134 1867 1279 1909; x_wconf 88' lang='lat' dir='ltr'>confici</span> <span class='ocrx_word' id='word_1_357' title='bbox 1297 1872 1444 1920; x_wconf 83' lang='lat' dir='ltr'>potest,</span> <span class='ocrx_word' id='word_1_358' title='bbox 1466 1881 1515 1908; x_wconf 82' lang='lat' dir='ltr'>ex</span> <span class='ocrx_word' id='word_1_359' title='bbox 1534 1869 1642 1909; x_wconf 91' lang='lat' dir='ltr'>omni</span> <span class='ocrx_word' id='word_1_360' title='bbox 1662 1874 1776 1922; x_wconf 87' lang='lat' dir='ltr'>parte</span> <span class='ocrx_word' id='word_1_361' title='bbox 1796 1874 2020 1910; x_wconf 89' lang='lat' dir='ltr'>castrorum</span> 
     </span>
     <span class='ocr_line' id='line_1_31' title="bbox 124 1926 2021 1981; baseline 0 -13"><span class='ocrx_word' id='word_1_362' title='bbox 124 1940 193 1980; x_wconf 84' lang='lat' dir='ltr'>per</span> <span class='ocrx_word' id='word_1_363' title='bbox 207 1927 433 1975; x_wconf 88' lang='lat' dir='ltr'>circuitum,</span> <span class='ocrx_word' id='word_1_364' title='bbox 448 1926 726 1980; x_wconf 79' lang='lat' dir='ltr'>volabantque</span> <span class='ocrx_word' id='word_1_365' title='bbox 741 1927 781 1967; x_wconf 90' lang='lat' dir='ltr'>in</span> <span class='ocrx_word' id='word_1_366' title='bbox 798 1940 887 1967; x_wconf 88' lang='lat' dir='ltr'>aere</span> <span class='ocrx_word' id='word_1_367' title='bbox 904 1927 1061 1967; x_wconf 78' lang='lat' dir='ltr'>duobus</span> <span class='ocrx_word' id='word_1_368' title='bbox 1079 1927 1225 1967; x_wconf 82' lang='lat' dir='ltr'>cubitis</span> <span class='ocrx_word' id='word_1_369' title='bbox 1242 1926 1458 1967; x_wconf 89' lang='lat' dir='ltr'>altitudine</span> <span class='ocrx_word' id='word_1_370' title='bbox 1475 1940 1593 1980; x_wconf 89' lang='lat' dir='ltr'>super</span> <span class='ocrx_word' id='word_1_371' title='bbox 1608 1932 1769 1968; x_wconf 88' lang='lat' dir='ltr'>terram.</span> <span class='ocrx_word' id='word_1_372' title='bbox 1801 1929 1832 1952; x_wconf 76' lang='lat'>32</span> <span class='ocrx_word' id='word_1_373' title='bbox 1848 1928 2021 1981; x_wconf 85' lang='lat' dir='ltr'>Surgens</span> 
     </span>
     <span class='ocr_line' id='line_1_32' title="bbox 106 1982 2021 2040; baseline 0.001 -14"><span class='ocrx_word' id='word_1_374' title='bbox 106 1982 213 2039; x_wconf 63' lang='lat' dir='ltr'>&gt;ergo</span> <span class='ocrx_word' id='word_1_375' title='bbox 245 1985 419 2040; x_wconf 89' lang='lat' dir='ltr'>populus</span> <span class='ocrx_word' id='word_1_376' title='bbox 451 1990 540 2026; x_wconf 90' lang='lat' dir='ltr'>toto</span> <span class='ocrx_word' id='word_1_377' title='bbox 573 1986 635 2026; x_wconf 86' lang='lat' dir='ltr'>die</span> <span class='ocrx_word' id='word_1_378' title='bbox 667 1985 745 2028; x_wconf 82' lang='grc'>1110.</span> <span class='ocrx_word' id='word_1_379' title='bbox 780 1991 819 2026; x_wconf 88' lang='grc'>91</span> <span class='ocrx_word' id='word_1_380' title='bbox 852 1990 981 2031; x_wconf 83' lang='lat' dir='ltr'>nocte,</span> <span class='ocrx_word' id='word_1_381' title='bbox 1016 1999 1061 2025; x_wconf 91' lang='lat' dir='ltr'>ac</span> <span class='ocrx_word' id='word_1_382' title='bbox 1093 1985 1156 2025; x_wconf 88' lang='lat' dir='ltr'>die</span> <span class='ocrx_word' id='word_1_383' title='bbox 1188 1985 1326 2029; x_wconf 79' lang='lat' dir='ltr'>altero.</span> <span class='ocrx_word' id='word_1_384' title='bbox 1361 1986 1621 2039; x_wconf 79' lang='lat' dir='ltr'>congregavit</span> <span class='ocrx_word' id='word_1_385' title='bbox 1652 1987 1917 2030; x_wconf 82' lang='lat' dir='ltr'>coturnicum.</span> <span class='ocrx_word' id='word_1_386' title='bbox 1953 1988 2021 2040; x_wconf 84' lang='lat' dir='ltr'>qui</span> 
     </span>
     <span class='ocr_line' id='line_1_33' title="bbox 123 2044 2020 2097; baseline 0.001 -13"><span class='ocrx_word' id='word_1_387' title='bbox 123 2057 278 2097; x_wconf 87' lang='lat' dir='ltr'>parum,</span> <span class='ocrx_word' id='word_1_388' title='bbox 308 2045 446 2085; x_wconf 88' lang='lat' dir='ltr'>decem</span> <span class='ocrx_word' id='word_1_389' title='bbox 473 2057 603 2084; x_wconf 87' lang='lat' dir='ltr'>coros:</span> <span class='ocrx_word' id='word_1_390' title='bbox 632 2050 672 2084; x_wconf 91' lang='lat' dir='ltr'>et</span> <span class='ocrx_word' id='word_1_391' title='bbox 698 2044 952 2084; x_wconf 81' lang='lat' dir='ltr'>siccaverunt</span> <span class='ocrx_word' id='word_1_392' title='bbox 979 2058 1044 2084; x_wconf 89' lang='lat' dir='ltr'>eas</span> <span class='ocrx_word' id='word_1_393' title='bbox 1070 2057 1142 2097; x_wconf 93' lang='lat' dir='ltr'>per</span> <span class='ocrx_word' id='word_1_394' title='bbox 1165 2057 1310 2097; x_wconf 86' lang='lat' dir='ltr'>gyrum</span> <span class='ocrx_word' id='word_1_395' title='bbox 1338 2049 1575 2086; x_wconf 82' lang='lat' dir='ltr'>castrorum.</span> <span class='ocrx_word' id='word_1_396' title='bbox 1629 2047 1662 2069; x_wconf 82' lang='lat'>33</span> <span class='ocrx_word' id='word_1_397' title='bbox 1691 2045 1856 2085; x_wconf 77' lang='lat' dir='ltr'>dAdhuc</span> <span class='ocrx_word' id='word_1_398' title='bbox 1883 2059 2020 2086; x_wconf 85' lang='lat' dir='ltr'>carnes</span> 
     </span>
     <span class='ocr_line' id='line_1_34' title="bbox 122 2102 2022 2145; baseline 0.001 -2"><span class='ocrx_word' id='word_1_399' title='bbox 122 2108 238 2143; x_wconf 85' lang='lat' dir='ltr'>erant</span> <span class='ocrx_word' id='word_1_400' title='bbox 264 2103 305 2143; x_wconf 90' lang='lat' dir='ltr'>in</span> <span class='ocrx_word' id='word_1_401' title='bbox 334 2102 524 2142; x_wconf 83' lang='lat' dir='ltr'>dentibus</span> <span class='ocrx_word' id='word_1_402' title='bbox 553 2115 703 2145; x_wconf 83' lang='lat' dir='ltr'>eorum.</span> <span class='ocrx_word' id='word_1_403' title='bbox 734 2115 807 2143; x_wconf 90' lang='lat' dir='ltr'>nec</span> <span class='ocrx_word' id='word_1_404' title='bbox 836 2103 1036 2143; x_wconf 85' lang='lat' dir='ltr'>defecerat</span> <span class='ocrx_word' id='word_1_405' title='bbox 1066 2102 1343 2143; x_wconf 82' lang='lat' dir='ltr'>huiuscemodi</span> <span class='ocrx_word' id='word_1_406' title='bbox 1372 2103 1502 2143; x_wconf 81' lang='lat' dir='ltr'>cibus:</span> <span class='ocrx_word' id='word_1_407' title='bbox 1533 2108 1573 2143; x_wconf 82' lang='grc'>91</span> <span class='ocrx_word' id='word_1_408' title='bbox 1602 2117 1690 2144; x_wconf 85' lang='grc'>9009</span> <span class='ocrx_word' id='word_1_409' title='bbox 1719 2104 1830 2144; x_wconf 88' lang='grc'>111101</span> <span class='ocrx_word' id='word_1_410' title='bbox 1857 2104 2022 2145; x_wconf 86' lang='lat' dir='ltr'>Domini</span> 
     </span>
     <span class='ocr_line' id='line_1_35' title="bbox 122 2160 2022 2216; baseline 0.001 -14"><span class='ocrx_word' id='word_1_411' title='bbox 122 2161 349 2202; x_wconf 89' lang='lat' dir='ltr'>concitatus</span> <span class='ocrx_word' id='word_1_412' title='bbox 375 2161 416 2201; x_wconf 94' lang='lat' dir='ltr'>in</span> <span class='ocrx_word' id='word_1_413' title='bbox 443 2160 651 2214; x_wconf 78' lang='lat' dir='ltr'>populum.</span> <span class='ocrx_word' id='word_1_414' title='bbox 680 2161 878 2214; x_wconf 87' lang='lat' dir='ltr'>percussit</span> <span class='ocrx_word' id='word_1_415' title='bbox 905 2175 996 2202; x_wconf 91' lang='lat' dir='ltr'>eum</span> <span class='ocrx_word' id='word_1_416' title='bbox 1023 2161 1143 2215; x_wconf 86' lang='lat' dir='ltr'>plaga</span> <span class='ocrx_word' id='word_1_417' title='bbox 1168 2174 1316 2215; x_wconf 87' lang='lat' dir='ltr'>magua</span> <span class='ocrx_word' id='word_1_418' title='bbox 1342 2161 1472 2202; x_wconf 87' lang='lat' dir='ltr'>nimis.</span> <span class='ocrx_word' id='word_1_419' title='bbox 1528 2165 1559 2186; x_wconf 69' lang='lat'>2⁴</span> <span class='ocrx_word' id='word_1_420' title='bbox 1586 2163 1845 2216; x_wconf 88' lang='lat' dir='ltr'>Vocatusque</span> <span class='ocrx_word' id='word_1_421' title='bbox 1872 2167 1933 2203; x_wconf 89' lang='lat' dir='ltr'>est</span> <span class='ocrx_word' id='word_1_422' title='bbox 1958 2162 2022 2204; x_wconf 90' lang='lat' dir='ltr'>ille</span> 
     </span>
     <span class='ocr_line' id='line_1_36' title="bbox 121 2218 2020 2275; baseline 0.001 -14"><span class='ocrx_word' id='word_1_423' title='bbox 121 2220 243 2269; x_wconf 88' lang='lat' dir='ltr'>locus,</span> <span class='ocrx_word' id='word_1_424' title='bbox 273 2218 492 2273; x_wconf 87' lang='lat' dir='ltr'>Sepulchra</span> <span class='ocrx_word' id='word_1_425' title='bbox 520 2220 874 2274; x_wconf 66' lang='lat' dir='ltr'>concupiscentife:</span> <span class='ocrx_word' id='word_1_426' title='bbox 903 2220 958 2261; x_wconf 92' lang='lat' dir='ltr'>ibi</span> <span class='ocrx_word' id='word_1_427' title='bbox 985 2220 1091 2261; x_wconf 90' lang='lat' dir='ltr'>enim</span> <span class='ocrx_word' id='word_1_428' title='bbox 1119 2219 1362 2274; x_wconf 89' lang='lat' dir='ltr'>sepelierunt</span> <span class='ocrx_word' id='word_1_429' title='bbox 1388 2221 1585 2274; x_wconf 89' lang='lat' dir='ltr'>populum</span> <span class='ocrx_word' id='word_1_430' title='bbox 1613 2222 1680 2275; x_wconf 90' lang='lat' dir='ltr'>qui</span> <span class='ocrx_word' id='word_1_431' title='bbox 1708 2221 2020 2263; x_wconf 85' lang='lat' dir='ltr'>desideraverat.</span> 
     </span>
     <span class='ocr_line' id='line_1_37' title="bbox 122 2279 2019 2333; baseline 0.001 -13"><span class='ocrx_word' id='word_1_432' title='bbox 122 2279 281 2333; x_wconf 86' lang='lat' dir='ltr'>Egressi</span> <span class='ocrx_word' id='word_1_433' title='bbox 298 2283 437 2320; x_wconf 88' lang='lat' dir='ltr'>autem</span> <span class='ocrx_word' id='word_1_434' title='bbox 453 2279 502 2320; x_wconf 88' lang='lat' dir='ltr'>de</span> <span class='ocrx_word' id='word_1_435' title='bbox 519 2279 748 2332; x_wconf 87' lang='lat' dir='ltr'>Sepulchris</span> <span class='ocrx_word' id='word_1_436' title='bbox 765 2280 1114 2333; x_wconf 55' lang='lat' dir='ltr'>concupiscentiae.</span> <span class='ocrx_word' id='word_1_437' title='bbox 1133 2284 1333 2320; x_wconf 85' lang='lat' dir='ltr'>venerunt</span> <span class='ocrx_word' id='word_1_438' title='bbox 1351 2279 1389 2319; x_wconf 86' lang='lat' dir='ltr'>in</span> <span class='ocrx_word' id='word_1_439' title='bbox 1408 2279 1622 2326; x_wconf 81' lang='lat' dir='ltr'>Haseroth,</span> <span class='ocrx_word' id='word_1_440' title='bbox 1642 2285 1683 2322; x_wconf 88' lang='lat' dir='ltr'>et</span> <span class='ocrx_word' id='word_1_441' title='bbox 1699 2286 1935 2321; x_wconf 88' lang='lat' dir='ltr'>manserunt</span> <span class='ocrx_word' id='word_1_442' title='bbox 1952 2281 2019 2322; x_wconf 88' lang='lat' dir='ltr'>ibi.</span> 
     </span>
    </p>
   </div>
   <div class='ocr_carea' id='block_1_3' title="bbox 535 2383 1614 2435">
    <p class='ocr_par' dir='ltr' id='par_1_5' title="bbox 535 2383 1614 2435">
     <span class='ocr_line' id='line_1_38' title="bbox 535 2383 1614 2435; baseline 0.001 -11"><span class='ocrx_word' id='word_1_443' title='bbox 535 2385 574 2424; x_wconf 85' lang='lat'>3.</span> <span class='ocrx_word' id='word_1_444' title='bbox 604 2384 901 2425; x_wconf 83' lang='lat' dir='ltr'>Murmuratio</span> <span class='ocrx_word' id='word_1_445' title='bbox 930 2383 1084 2424; x_wconf 84' lang='lat' dir='ltr'>Mariae</span> <span class='ocrx_word' id='word_1_446' title='bbox 1115 2384 1159 2424; x_wconf 85' lang='lat' dir='ltr'>et</span> <span class='ocrx_word' id='word_1_447' title='bbox 1187 2384 1353 2435; x_wconf 82' lang='lat' dir='ltr'>Aaron,</span> <span class='ocrx_word' id='word_1_448' title='bbox 1383 2385 1450 2435; x_wconf 88' lang='lat'>12,</span> <span class='ocrx_word' id='word_1_449' title='bbox 1469 2385 1614 2425; x_wconf 82' lang='grc'>1-15,</span> 
     </span>
    </p>
   </div>
   <div class='ocr_carea' id='block_1_4' title="bbox 119 2453 2019 3277">
    <p class='ocr_par' dir='ltr' id='par_1_6' title="bbox 119 2453 2019 3156">
     <span class='ocr_line' id='line_1_39' title="bbox 225 2453 2019 2510; baseline 0.001 -14"><span class='ocrx_word' id='word_1_450' title='bbox 225 2453 288 2498; x_wconf 84' lang='grc'>12.</span> <span class='ocrx_word' id='word_1_451' title='bbox 343 2456 357 2478; x_wconf 81' lang='lat'>1</span> <span class='ocrx_word' id='word_1_452' title='bbox 391 2455 627 2509; x_wconf 87' lang='lat' dir='ltr'>Locutaque</span> <span class='ocrx_word' id='word_1_453' title='bbox 661 2460 723 2496; x_wconf 90' lang='lat' dir='ltr'>est</span> <span class='ocrx_word' id='word_1_454' title='bbox 754 2455 884 2496; x_wconf 84' lang='lat' dir='ltr'>Maria</span> <span class='ocrx_word' id='word_1_455' title='bbox 916 2460 958 2496; x_wconf 93' lang='lat' dir='ltr'>et</span> <span class='ocrx_word' id='word_1_456' title='bbox 990 2455 1126 2496; x_wconf 89' lang='lat' dir='ltr'>Aaron</span> <span class='ocrx_word' id='word_1_457' title='bbox 1160 2460 1302 2496; x_wconf 88' lang='lat' dir='ltr'>contra</span> <span class='ocrx_word' id='word_1_458' title='bbox 1334 2456 1502 2509; x_wconf 81' lang='lat' dir='ltr'>Moysen</span> <span class='ocrx_word' id='word_1_459' title='bbox 1536 2460 1702 2510; x_wconf 87' lang='lat' dir='ltr'>propter</span> <span class='ocrx_word' id='word_1_460' title='bbox 1736 2470 1901 2498; x_wconf 79' lang='lat' dir='ltr'>uxorem</span> <span class='ocrx_word' id='word_1_461' title='bbox 1937 2457 2019 2498; x_wconf 85' lang='lat' dir='ltr'>eius</span> 
     </span>
     <span class='ocr_line' id='line_1_40' title="bbox 122 2514 2018 2568; baseline 0.001 -13"><span class='ocrx_word' id='word_1_462' title='bbox 122 2514 425 2567; x_wconf 84' lang='lat' dir='ltr'>AEthiopissam,</span> <span class='ocrx_word' id='word_1_463' title='bbox 476 2515 490 2537; x_wconf 88' lang='grc'>2</span> <span class='ocrx_word' id='word_1_464' title='bbox 513 2518 554 2555; x_wconf 89' lang='lat' dir='ltr'>et</span> <span class='ocrx_word' id='word_1_465' title='bbox 575 2514 783 2555; x_wconf 81' lang='lat' dir='ltr'>dixerunt:</span> <span class='ocrx_word' id='word_1_466' title='bbox 809 2514 919 2555; x_wconf 87' lang='lat' dir='ltr'>Num</span> <span class='ocrx_word' id='word_1_467' title='bbox 940 2527 1011 2568; x_wconf 89' lang='lat' dir='ltr'>per</span> <span class='ocrx_word' id='word_1_468' title='bbox 1032 2514 1161 2555; x_wconf 90' lang='lat' dir='ltr'>solum</span> <span class='ocrx_word' id='word_1_469' title='bbox 1183 2515 1353 2568; x_wconf 88' lang='lat' dir='ltr'>Moysen</span> <span class='ocrx_word' id='word_1_470' title='bbox 1373 2515 1532 2556; x_wconf 88' lang='lat' dir='ltr'>locutus</span> <span class='ocrx_word' id='word_1_471' title='bbox 1555 2520 1617 2556; x_wconf 86' lang='lat' dir='ltr'>est</span> <span class='ocrx_word' id='word_1_472' title='bbox 1637 2515 1861 2556; x_wconf 73' lang='lat' dir='ltr'>Dominus?</span> <span class='ocrx_word' id='word_1_473' title='bbox 1886 2529 2018 2557; x_wconf 88' lang='grc'>11011119</span> 
     </span>
     <span class='ocr_line' id='line_1_41' title="bbox 121 2572 2019 2628; baseline 0 -14"><span class='ocrx_word' id='word_1_474' title='bbox 121 2578 162 2614; x_wconf 87' lang='grc'>91</span> <span class='ocrx_word' id='word_1_475' title='bbox 184 2573 299 2614; x_wconf 92' lang='lat' dir='ltr'>nobis</span> <span class='ocrx_word' id='word_1_476' title='bbox 326 2572 510 2614; x_wconf 87' lang='lat' dir='ltr'>similiter</span> <span class='ocrx_word' id='word_1_477' title='bbox 531 2577 592 2613; x_wconf 90' lang='lat' dir='ltr'>est</span> <span class='ocrx_word' id='word_1_478' title='bbox 616 2573 800 2614; x_wconf 76' lang='lat' dir='ltr'>locutus?</span> <span class='ocrx_word' id='word_1_479' title='bbox 829 2573 948 2622; x_wconf 83' lang='lat' dir='ltr'>Quod</span> <span class='ocrx_word' id='word_1_480' title='bbox 971 2586 1063 2613; x_wconf 87' lang='lat' dir='ltr'>cum</span> <span class='ocrx_word' id='word_1_481' title='bbox 1087 2573 1265 2614; x_wconf 87' lang='lat' dir='ltr'>audisset</span> <span class='ocrx_word' id='word_1_482' title='bbox 1283 2574 1496 2624; x_wconf 85' lang='lat' dir='ltr'>Dominus,</span> <span class='ocrx_word' id='word_1_483' title='bbox 1551 2576 1583 2626; x_wconf 77' lang='grc'>(3</span> <span class='ocrx_word' id='word_1_484' title='bbox 1608 2573 1711 2615; x_wconf 87' lang='lat' dir='ltr'>Erat</span> <span class='ocrx_word' id='word_1_485' title='bbox 1737 2575 1843 2615; x_wconf 91' lang='lat' dir='ltr'>enim</span> <span class='ocrx_word' id='word_1_486' title='bbox 1860 2575 2019 2628; x_wconf 83' lang='lat' dir='ltr'>Moyses</span> 
     </span>
     <span class='ocr_line' id='line_1_42' title="bbox 122 2631 2018 2686; baseline 0.001 -14"><span class='ocrx_word' id='word_1_487' title='bbox 122 2632 183 2673; x_wconf 75' lang='lat' dir='ltr'>vir</span> <span class='ocrx_word' id='word_1_488' title='bbox 211 2631 447 2672; x_wconf 90' lang='lat' dir='ltr'>mitissimus</span> <span class='ocrx_word' id='word_1_489' title='bbox 477 2645 597 2685; x_wconf 90' lang='lat' dir='ltr'>super</span> <span class='ocrx_word' id='word_1_490' title='bbox 626 2645 763 2673; x_wconf 87' lang='lat' dir='ltr'>onmes</span> <span class='ocrx_word' id='word_1_491' title='bbox 792 2632 974 2673; x_wconf 89' lang='lat' dir='ltr'>homines</span> <span class='ocrx_word' id='word_1_492' title='bbox 1006 2632 1073 2686; x_wconf 91' lang='lat' dir='ltr'>qui</span> <span class='ocrx_word' id='word_1_493' title='bbox 1102 2633 1370 2673; x_wconf 86' lang='lat' dir='ltr'>morabantur</span> <span class='ocrx_word' id='word_1_494' title='bbox 1397 2633 1438 2674; x_wconf 88' lang='lat' dir='ltr'>in</span> <span class='ocrx_word' id='word_1_495' title='bbox 1468 2637 1591 2686; x_wconf 79' lang='lat' dir='ltr'>terra)</span> <span class='ocrx_word' id='word_1_496' title='bbox 1646 2636 1661 2658; x_wconf 79' lang='lat'>⁴</span> <span class='ocrx_word' id='word_1_497' title='bbox 1690 2634 1831 2674; x_wconf 87' lang='lat' dir='ltr'>sta-tim</span> <span class='ocrx_word' id='word_1_498' title='bbox 1859 2633 2018 2674; x_wconf 92' lang='lat' dir='ltr'>locutus</span> 
     </span>
     <span class='ocr_line' id='line_1_43' title="bbox 121 2691 2019 2745; baseline 0.001 -13"><span class='ocrx_word' id='word_1_499' title='bbox 121 2696 183 2732; x_wconf 92' lang='lat' dir='ltr'>est</span> <span class='ocrx_word' id='word_1_500' title='bbox 205 2691 257 2732; x_wconf 91' lang='lat' dir='ltr'>ad</span> <span class='ocrx_word' id='word_1_501' title='bbox 279 2703 382 2739; x_wconf 88' lang='lat' dir='ltr'>eum,</span> <span class='ocrx_word' id='word_1_502' title='bbox 408 2695 449 2732; x_wconf 90' lang='lat' dir='ltr'>et</span> <span class='ocrx_word' id='word_1_503' title='bbox 471 2691 523 2732; x_wconf 88' lang='lat' dir='ltr'>ad</span> <span class='ocrx_word' id='word_1_504' title='bbox 544 2691 681 2732; x_wconf 89' lang='lat' dir='ltr'>Aaron</span> <span class='ocrx_word' id='word_1_505' title='bbox 703 2696 744 2732; x_wconf 90' lang='lat' dir='ltr'>et</span> <span class='ocrx_word' id='word_1_506' title='bbox 764 2691 954 2732; x_wconf 83' lang='lat' dir='ltr'>Maria-m:</span> <span class='ocrx_word' id='word_1_507' title='bbox 979 2691 1228 2745; x_wconf 88' lang='lat' dir='ltr'>Egredimini</span> <span class='ocrx_word' id='word_1_508' title='bbox 1250 2705 1321 2732; x_wconf 83' lang='lat' dir='ltr'>vos</span> <span class='ocrx_word' id='word_1_509' title='bbox 1345 2696 1509 2732; x_wconf 88' lang='lat' dir='ltr'>tantum</span> <span class='ocrx_word' id='word_1_510' title='bbox 1533 2697 1611 2733; x_wconf 89' lang='lat' dir='ltr'>tres</span> <span class='ocrx_word' id='word_1_511' title='bbox 1635 2692 1687 2733; x_wconf 90' lang='lat' dir='ltr'>ad</span> <span class='ocrx_word' id='word_1_512' title='bbox 1709 2692 2019 2734; x_wconf 84' lang='lat' dir='ltr'>tabernaculum</span> 
     </span>
     <span class='ocr_line' id='line_1_44' title="bbox 120 2749 2019 2804; baseline 0.001 -13"><span class='ocrx_word' id='word_1_513' title='bbox 120 2750 294 2791; x_wconf 77' lang='lat' dir='ltr'>foederis.</span> <span class='ocrx_word' id='word_1_514' title='bbox 319 2749 501 2803; x_wconf 89' lang='lat' dir='ltr'>Cumque</span> <span class='ocrx_word' id='word_1_515' title='bbox 522 2750 695 2790; x_wconf 87' lang='grc'>1111339111</span> <span class='ocrx_word' id='word_1_516' title='bbox 717 2750 873 2804; x_wconf 79' lang='lat' dir='ltr'>egressi,</span> <span class='ocrx_word' id='word_1_517' title='bbox 923 2752 938 2774; x_wconf 80' lang='lat'>⁵</span> <span class='ocrx_word' id='word_1_518' title='bbox 961 2750 1169 2791; x_wconf 82' lang='lat' dir='ltr'>descendit</span> <span class='ocrx_word' id='word_1_519' title='bbox 1189 2751 1389 2792; x_wconf 92' lang='lat' dir='ltr'>Dominus</span> <span class='ocrx_word' id='word_1_520' title='bbox 1412 2751 1453 2791; x_wconf 89' lang='lat' dir='ltr'>in</span> <span class='ocrx_word' id='word_1_521' title='bbox 1475 2751 1661 2792; x_wconf 88' lang='lat' dir='ltr'>columna</span> <span class='ocrx_word' id='word_1_522' title='bbox 1685 2751 1815 2794; x_wconf 83' lang='lat' dir='ltr'>nubis.</span> <span class='ocrx_word' id='word_1_523' title='bbox 1840 2756 1881 2792; x_wconf 91' lang='lat' dir='ltr'>et</span> <span class='ocrx_word' id='word_1_524' title='bbox 1902 2751 2019 2792; x_wconf 86' lang='lat' dir='ltr'>stetit</span> 
     </span>
     <span class='ocr_line' id='line_1_45' title="bbox 120 2808 2016 2859; baseline 0.001 -10"><span class='ocrx_word' id='word_1_525' title='bbox 120 2809 161 2849; x_wconf 92' lang='lat' dir='ltr'>in</span> <span class='ocrx_word' id='word_1_526' title='bbox 185 2808 356 2849; x_wconf 88' lang='lat' dir='ltr'>introitu</span> <span class='ocrx_word' id='word_1_527' title='bbox 381 2808 633 2849; x_wconf 84' lang='lat' dir='ltr'>tabernaculi</span> <span class='ocrx_word' id='word_1_528' title='bbox 659 2822 808 2849; x_wconf 89' lang='lat' dir='ltr'>vocans</span> <span class='ocrx_word' id='word_1_529' title='bbox 833 2809 970 2850; x_wconf 89' lang='lat' dir='ltr'>Aaron</span> <span class='ocrx_word' id='word_1_530' title='bbox 995 2814 1036 2850; x_wconf 88' lang='lat' dir='ltr'>et</span> <span class='ocrx_word' id='word_1_531' title='bbox 1060 2809 1242 2851; x_wconf 82' lang='lat' dir='ltr'>Mariam.</span> <span class='ocrx_word' id='word_1_532' title='bbox 1271 2810 1349 2858; x_wconf 84' lang='lat' dir='ltr'>Qui</span> <span class='ocrx_word' id='word_1_533' title='bbox 1375 2823 1467 2850; x_wconf 88' lang='lat' dir='ltr'>cum</span> <span class='ocrx_word' id='word_1_534' title='bbox 1491 2810 1628 2859; x_wconf 89' lang='lat' dir='ltr'>issent,</span> <span class='ocrx_word' id='word_1_535' title='bbox 1685 2812 1700 2833; x_wconf 73' lang='lat'><strong>⁶</strong></span> <span class='ocrx_word' id='word_1_536' title='bbox 1725 2810 1829 2851; x_wconf 76' lang='lat' dir='ltr'>dixit</span> <span class='ocrx_word' id='word_1_537' title='bbox 1854 2810 1906 2851; x_wconf 90' lang='lat' dir='ltr'>ad</span> <span class='ocrx_word' id='word_1_538' title='bbox 1931 2824 2016 2851; x_wconf 89' lang='lat' dir='ltr'>eos:</span> 
     </span>
     <span class='ocr_line' id='line_1_46' title="bbox 120 2867 2016 2923; baseline 0.001 -15"><span class='ocrx_word' id='word_1_539' title='bbox 120 2867 270 2909; x_wconf 84' lang='lat' dir='ltr'>Audite</span> <span class='ocrx_word' id='word_1_540' title='bbox 288 2880 489 2909; x_wconf 89' lang='lat' dir='ltr'>sermones</span> <span class='ocrx_word' id='word_1_541' title='bbox 506 2880 635 2909; x_wconf 87' lang='lat' dir='ltr'>meos:</span> <span class='ocrx_word' id='word_1_542' title='bbox 654 2867 695 2909; x_wconf 92' lang='lat' dir='ltr'>Si</span> <span class='ocrx_word' id='word_1_543' title='bbox 713 2868 801 2921; x_wconf 91' lang='lat' dir='ltr'>quis</span> <span class='ocrx_word' id='word_1_544' title='bbox 818 2868 941 2909; x_wconf 86' lang='grc'>1119111</span> <span class='ocrx_word' id='word_1_545' title='bbox 957 2869 1063 2909; x_wconf 89' lang='lat' dir='ltr'>inter</span> <span class='ocrx_word' id='word_1_546' title='bbox 1079 2882 1150 2909; x_wconf 85' lang='lat' dir='ltr'>vos</span> <span class='ocrx_word' id='word_1_547' title='bbox 1168 2868 1369 2922; x_wconf 87' lang='lat' dir='ltr'>propheta</span> <span class='ocrx_word' id='word_1_548' title='bbox 1385 2869 1562 2917; x_wconf 90' lang='lat' dir='ltr'>Domini,</span> <span class='ocrx_word' id='word_1_549' title='bbox 1582 2869 1623 2909; x_wconf 91' lang='lat' dir='ltr'>in</span> <span class='ocrx_word' id='word_1_550' title='bbox 1640 2869 1793 2910; x_wconf 86' lang='lat' dir='ltr'>visione</span> <span class='ocrx_word' id='word_1_551' title='bbox 1811 2870 2016 2923; x_wconf 86' lang='lat' dir='ltr'>apparebo</span> 
     </span>
     <span class='ocr_line' id='line_1_47' title="bbox 120 2925 2017 2982; baseline 0.001 -15"><span class='ocrx_word' id='word_1_552' title='bbox 120 2926 165 2976; x_wconf 89' lang='lat' dir='ltr'>ei,</span> <span class='ocrx_word' id='word_1_553' title='bbox 192 2925 258 2967; x_wconf 78' lang='lat' dir='ltr'>vel</span> <span class='ocrx_word' id='word_1_554' title='bbox 279 2939 350 2980; x_wconf 91' lang='lat' dir='ltr'>per</span> <span class='ocrx_word' id='word_1_555' title='bbox 374 2926 576 2967; x_wconf 89' lang='lat' dir='ltr'>somnium</span> <span class='ocrx_word' id='word_1_556' title='bbox 599 2926 743 2980; x_wconf 90' lang='lat' dir='ltr'>loquar</span> <span class='ocrx_word' id='word_1_557' title='bbox 766 2927 819 2967; x_wconf 88' lang='lat' dir='ltr'>ad</span> <span class='ocrx_word' id='word_1_558' title='bbox 841 2927 966 2968; x_wconf 89' lang='lat' dir='ltr'>illum.</span> <span class='ocrx_word' id='word_1_559' title='bbox 1023 2929 1036 2950; x_wconf 77' lang='lat'>⁷</span> <span class='ocrx_word' id='word_1_560' title='bbox 1060 2927 1117 2968; x_wconf 86' lang='lat' dir='ltr'>At</span> <span class='ocrx_word' id='word_1_561' title='bbox 1140 2941 1222 2968; x_wconf 91' lang='lat' dir='ltr'>non</span> <span class='ocrx_word' id='word_1_562' title='bbox 1245 2927 1337 2968; x_wconf 88' lang='lat' dir='ltr'>talis</span> <span class='ocrx_word' id='word_1_563' title='bbox 1362 2940 1500 2973; x_wconf 88' lang='lat' dir='ltr'>servus</span> <span class='ocrx_word' id='word_1_564' title='bbox 1525 2941 1636 2969; x_wconf 88' lang='lat' dir='ltr'>meus</span> <span class='ocrx_word' id='word_1_565' title='bbox 1660 2928 1832 2982; x_wconf 80' lang='lat' dir='ltr'>Moyses,</span> <span class='ocrx_word' id='word_1_566' title='bbox 1865 2929 1953 2982; x_wconf 79' lang='lat' dir='ltr'>equi</span> <span class='ocrx_word' id='word_1_567' title='bbox 1976 2928 2017 2969; x_wconf 90' lang='lat' dir='ltr'>in</span> 
     </span>
     <span class='ocr_line' id='line_1_48' title="bbox 120 2985 2015 3041; baseline 0.001 -16"><span class='ocrx_word' id='word_1_568' title='bbox 120 2985 229 3025; x_wconf 91' lang='lat' dir='ltr'>omni</span> <span class='ocrx_word' id='word_1_569' title='bbox 256 2985 376 3026; x_wconf 91' lang='lat' dir='ltr'>domo</span> <span class='ocrx_word' id='word_1_570' title='bbox 403 2998 493 3027; x_wconf 89' lang='lat' dir='ltr'>mea</span> <span class='ocrx_word' id='word_1_571' title='bbox 522 2985 776 3027; x_wconf 88' lang='lat' dir='ltr'>fidelissimus</span> <span class='ocrx_word' id='word_1_572' title='bbox 803 2990 881 3027; x_wconf 89' lang='lat' dir='ltr'>est:</span> <span class='ocrx_word' id='word_1_573' title='bbox 939 2987 953 3009; x_wconf 67' lang='lat'><strong>⁸</strong></span> <span class='ocrx_word' id='word_1_574' title='bbox 990 2993 1068 3027; x_wconf 83' lang='lat' dir='ltr'>fore</span> <span class='ocrx_word' id='word_1_575' title='bbox 1096 2986 1202 3027; x_wconf 91' lang='lat' dir='ltr'>enim</span> <span class='ocrx_word' id='word_1_576' title='bbox 1229 2987 1282 3027; x_wconf 90' lang='lat' dir='ltr'>ad</span> <span class='ocrx_word' id='word_1_577' title='bbox 1308 3000 1349 3027; x_wconf 88' lang='grc'>03</span> <span class='ocrx_word' id='word_1_578' title='bbox 1375 2986 1520 3040; x_wconf 89' lang='lat' dir='ltr'>loquor</span> <span class='ocrx_word' id='word_1_579' title='bbox 1544 2987 1596 3027; x_wconf 89' lang='lat' dir='ltr'>ei:</span> <span class='ocrx_word' id='word_1_580' title='bbox 1625 2991 1666 3028; x_wconf 90' lang='lat' dir='ltr'>et</span> <span class='ocrx_word' id='word_1_581' title='bbox 1691 2987 1839 3041; x_wconf 89' lang='lat' dir='ltr'>palam,</span> <span class='ocrx_word' id='word_1_582' title='bbox 1869 2992 1910 3029; x_wconf 83' lang='lat' dir='ltr'>et</span> <span class='ocrx_word' id='word_1_583' title='bbox 1935 3000 2015 3028; x_wconf 90' lang='lat' dir='ltr'>non</span> 
     </span>
     <span class='ocr_line' id='line_1_49' title="bbox 120 3044 2015 3099; baseline 0.001 -15"><span class='ocrx_word' id='word_1_584' title='bbox 120 3057 190 3097; x_wconf 91' lang='lat' dir='ltr'>per</span> <span class='ocrx_word' id='word_1_585' title='bbox 210 3044 429 3097; x_wconf 82' lang='lat' dir='ltr'>aenigmata</span> <span class='ocrx_word' id='word_1_586' title='bbox 450 3049 491 3085; x_wconf 89' lang='lat' dir='ltr'>et</span> <span class='ocrx_word' id='word_1_587' title='bbox 514 3044 662 3098; x_wconf 88' lang='lat' dir='ltr'>figuras</span> <span class='ocrx_word' id='word_1_588' title='bbox 684 3045 907 3090; x_wconf 84' lang='lat' dir='ltr'>Dominum</span> <span class='ocrx_word' id='word_1_589' title='bbox 930 3045 1054 3086; x_wconf 88' lang='lat' dir='ltr'>videt.</span> <span class='ocrx_word' id='word_1_590' title='bbox 1079 3045 1211 3094; x_wconf 86' lang='lat' dir='ltr'>Quare</span> <span class='ocrx_word' id='word_1_591' title='bbox 1233 3058 1325 3099; x_wconf 92' lang='lat' dir='ltr'>ergo</span> <span class='ocrx_word' id='word_1_592' title='bbox 1348 3059 1429 3087; x_wconf 90' lang='lat' dir='ltr'>non</span> <span class='ocrx_word' id='word_1_593' title='bbox 1452 3045 1644 3086; x_wconf 88' lang='lat' dir='ltr'>timuistis</span> <span class='ocrx_word' id='word_1_594' title='bbox 1667 3046 1877 3087; x_wconf 87' lang='lat' dir='ltr'>detrahere</span> <span class='ocrx_word' id='word_1_595' title='bbox 1900 3059 2015 3087; x_wconf 91' lang='lat' dir='ltr'>servo</span> 
     </span>
     <span class='ocr_line' id='line_1_50' title="bbox 119 3102 391 3156; baseline 0.004 -14"><span class='ocrx_word' id='word_1_596' title='bbox 119 3115 207 3144; x_wconf 89' lang='lat' dir='ltr'>meo</span> <span class='ocrx_word' id='word_1_597' title='bbox 236 3102 391 3156; x_wconf 83' lang='lat' dir='ltr'>Moysi?</span> 
     </span>
    </p>

    <p class='ocr_par' dir='ltr' id='par_1_7' title="bbox 120 3161 2014 3277">
     <span class='ocr_line' id='line_1_51' title="bbox 226 3161 2014 3217; baseline 0.001 -15"><span class='ocrx_word' id='word_1_598' title='bbox 226 3163 241 3186; x_wconf 84' lang='lat'>⁹</span> <span class='ocrx_word' id='word_1_599' title='bbox 264 3161 480 3215; x_wconf 88' lang='lat' dir='ltr'>Iratusque</span> <span class='ocrx_word' id='word_1_600' title='bbox 503 3167 643 3203; x_wconf 89' lang='lat' dir='ltr'>contra</span> <span class='ocrx_word' id='word_1_601' title='bbox 668 3176 745 3206; x_wconf 84' lang='lat' dir='ltr'>eos,</span> <span class='ocrx_word' id='word_1_602' title='bbox 772 3162 890 3203; x_wconf 89' lang='lat' dir='ltr'>abiit:</span> <span class='ocrx_word' id='word_1_603' title='bbox 943 3164 978 3186; x_wconf 75' lang='lat'>1⁰</span> <span class='ocrx_word' id='word_1_604' title='bbox 999 3163 1126 3204; x_wconf 88' lang='lat' dir='ltr'>nubes</span> <span class='ocrx_word' id='word_1_605' title='bbox 1151 3176 1311 3216; x_wconf 88' lang='lat' dir='ltr'>quoque</span> <span class='ocrx_word' id='word_1_606' title='bbox 1334 3163 1497 3204; x_wconf 89' lang='lat' dir='ltr'>recessit</span> <span class='ocrx_word' id='word_1_607' title='bbox 1520 3176 1609 3217; x_wconf 81' lang='lat' dir='ltr'>quae</span> <span class='ocrx_word' id='word_1_608' title='bbox 1632 3168 1719 3205; x_wconf 89' lang='lat' dir='ltr'>erat.</span> <span class='ocrx_word' id='word_1_609' title='bbox 1742 3176 1861 3217; x_wconf 89' lang='lat' dir='ltr'>super</span> <span class='ocrx_word' id='word_1_610' title='bbox 1883 3164 2014 3204; x_wconf 87' lang='lat' dir='ltr'>taber-</span> 
     </span>
     <span class='ocr_line' id='line_1_52' title="bbox 120 3220 2014 3277; baseline 0.001 -17"><span class='ocrx_word' id='word_1_611' title='bbox 120 3220 327 3261; x_wconf 89' lang='lat' dir='ltr'>naculum:</span> <span class='ocrx_word' id='word_1_612' title='bbox 363 3225 404 3261; x_wconf 92' lang='lat' dir='ltr'>et</span> <span class='ocrx_word' id='word_1_613' title='bbox 436 3233 525 3261; x_wconf 87' lang='lat' dir='ltr'>ecce</span> <span class='ocrx_word' id='word_1_614' title='bbox 558 3221 687 3262; x_wconf 88' lang='lat' dir='ltr'>Maria</span> <span class='ocrx_word' id='word_1_615' title='bbox 719 3221 910 3275; x_wconf 88' lang='lat' dir='ltr'>apparuit</span> <span class='ocrx_word' id='word_1_616' title='bbox 943 3222 1118 3262; x_wconf 84' lang='lat' dir='ltr'>candens</span> <span class='ocrx_word' id='word_1_617' title='bbox 1151 3221 1261 3275; x_wconf 87' lang='lat' dir='ltr'>lepra</span> <span class='ocrx_word' id='word_1_618' title='bbox 1297 3222 1411 3275; x_wconf 90' lang='lat' dir='ltr'>quasi</span> <span class='ocrx_word' id='word_1_619' title='bbox 1444 3222 1524 3264; x_wconf 80' lang='lat' dir='ltr'>nix,</span> <span class='ocrx_word' id='word_1_620' title='bbox 1561 3222 1743 3277; x_wconf 89' lang='lat' dir='ltr'>Cumque</span> <span class='ocrx_word' id='word_1_621' title='bbox 1776 3223 2014 3276; x_wconf 83' lang='lat' dir='ltr'>respexisset</span> 
     </span>
    </p>
   </div>
   <div class='ocr_carea' id='block_1_5' title="bbox 57 3279 2011 3333">
    <p class='ocr_par' dir='ltr' id='par_1_8' title="bbox 57 3279 2011 3333">
     <span class='ocr_line' id='line_1_53' title="bbox 57 3279 2011 3333; baseline 0.001 -14"><span class='ocrx_word' id='word_1_622' title='bbox 57 3279 60 3282; x_wconf 80' lang='grc'>’</span> <span class='ocrx_word' id='word_1_623' title='bbox 119 3292 208 3320; x_wconf 89' lang='lat' dir='ltr'>eam</span> <span class='ocrx_word' id='word_1_624' title='bbox 237 3279 386 3328; x_wconf 88' lang='lat' dir='ltr'>Aaron,</span> <span class='ocrx_word' id='word_1_625' title='bbox 417 3284 459 3320; x_wconf 89' lang='grc'>91</span> <span class='ocrx_word' id='word_1_626' title='bbox 487 3279 656 3327; x_wconf 69' lang='lat' dir='ltr'>vidisset</span> <span class='ocrx_word' id='word_1_627' title='bbox 684 3280 891 3333; x_wconf 83' lang='lat' dir='ltr'>perfusam</span> <span class='ocrx_word' id='word_1_628' title='bbox 919 3279 1041 3333; x_wconf 85' lang='lat' dir='ltr'>lepra.</span> <span class='ocrx_word' id='word_1_629' title='bbox 1100 3282 1131 3304; x_wconf 77' lang='lat'>11</span> <span class='ocrx_word' id='word_1_630' title='bbox 1162 3281 1220 3321; x_wconf 87' lang='lat' dir='ltr'>ait</span> <span class='ocrx_word' id='word_1_631' title='bbox 1250 3281 1302 3321; x_wconf 88' lang='lat' dir='ltr'>ad</span> <span class='ocrx_word' id='word_1_632' title='bbox 1330 3281 1516 3333; x_wconf 75' lang='lat' dir='ltr'>Moysen:</span> <span class='ocrx_word' id='word_1_633' title='bbox 1549 3281 1723 3322; x_wconf 86' lang='lat' dir='ltr'>Obsecro</span> <span class='ocrx_word' id='word_1_634' title='bbox 1755 3282 1916 3330; x_wconf 85' lang='lat' dir='ltr'>domine</span> <span class='ocrx_word' id='word_1_635' title='bbox 1946 3280 2011 3321; x_wconf 85' lang='lat' dir='ltr'>mi.</span> 
     </span>
    </p>
   </div>
   <div class='ocr_carea' id='block_1_6' title="bbox 119 3415 2012 3504">
    <p class='ocr_par' dir='ltr' id='par_1_9' title="bbox 119 3415 2012 3504">
     <span class='ocr_line' id='line_1_54' title="bbox 119 3415 2012 3497; baseline 0 -47"><span class='ocrx_word' id='word_1_636' title='bbox 119 3463 139 3497; x_wconf 77' lang='grc'><em>8</em></span> <span class='ocrx_word' id='word_1_637' title='bbox 163 3463 205 3496; x_wconf 46' lang='lat' dir='ltr'>{E</span> <span class='ocrx_word' id='word_1_638' title='bbox 250 3415 295 3496; x_wconf 58' lang='grc' dir='ltr'>ἓξ</span> <span class='ocrx_word' id='word_1_639' title='bbox 316 3416 373 3496; x_wconf 48' lang='lat' dir='ltr'>afli</span> <span class='ocrx_word' id='word_1_640' title='bbox 399 3417 428 3456; x_wconf 83' lang='grc'>6,</span> <span class='ocrx_word' id='word_1_641' title='bbox 454 3417 483 3451; x_wconf 85' lang='grc'>9.</span> <span class='ocrx_word' id='word_1_642' title='bbox 510 3438 551 3441; x_wconf 88' lang='lat'>-—</span> <span class='ocrx_word' id='word_1_643' title='bbox 576 3417 617 3451; x_wconf 77' lang='lat'>23</span> <span class='ocrx_word' id='word_1_644' title='bbox 640 3417 694 3450; x_wconf 82' lang='lat' dir='ltr'>bIs</span> <span class='ocrx_word' id='word_1_645' title='bbox 720 3417 771 3458; x_wconf 77' lang='lat'>59,</span> <span class='ocrx_word' id='word_1_646' title='bbox 798 3419 825 3451; x_wconf 89' lang='lat'>1.</span> <span class='ocrx_word' id='word_1_647' title='bbox 853 3439 894 3442; x_wconf 84' lang='lat'>—</span> <span class='ocrx_word' id='word_1_648' title='bbox 919 3418 958 3452; x_wconf 81' lang='lat'><em>31</em></span> <span class='ocrx_word' id='word_1_649' title='bbox 981 3419 1040 3452; x_wconf 78' lang='lat' dir='ltr'>cPs</span> <span class='ocrx_word' id='word_1_650' title='bbox 1059 3419 1110 3460; x_wconf 76' lang='grc' dir='ltr'>Π,</span> <span class='ocrx_word' id='word_1_651' title='bbox 1130 3420 1180 3453; x_wconf 64' lang='grc'>26.</span> <span class='ocrx_word' id='word_1_652' title='bbox 1207 3440 1249 3443; x_wconf 89' lang='lat'>—</span> <span class='ocrx_word' id='word_1_653' title='bbox 1273 3419 1315 3452; x_wconf 95' lang='lat'>33</span> <span class='ocrx_word' id='word_1_654' title='bbox 1331 3420 1395 3452; x_wconf 83' lang='lat' dir='ltr'>dPs</span> <span class='ocrx_word' id='word_1_655' title='bbox 1421 3420 1472 3459; x_wconf 74' lang='lat'>77,</span> <span class='ocrx_word' id='word_1_656' title='bbox 1498 3419 1548 3453; x_wconf 81' lang='lat'>30.</span> <span class='ocrx_word' id='word_1_657' title='bbox 1576 3440 1617 3443; x_wconf 86' lang='lat'><strong>—</strong></span> <span class='ocrx_word' id='word_1_658' title='bbox 1643 3420 1694 3461; x_wconf 75' lang='lat'>12,</span> <span class='ocrx_word' id='word_1_659' title='bbox 1720 3420 1739 3452; x_wconf 77' lang='lat'><em>7</em></span> <span class='ocrx_word' id='word_1_660' title='bbox 1759 3419 1852 3452; x_wconf 70' lang='lat' dir='ltr'>eHbr</span> <span class='ocrx_word' id='word_1_661' title='bbox 1867 3419 1898 3455; x_wconf 83' lang='lat'>3,</span> <span class='ocrx_word' id='word_1_662' title='bbox 1917 3419 1944 3450; x_wconf 70' lang='lat'>2.</span> <span class='ocrx_word' id='word_1_663' title='bbox 1972 3437 2012 3440; x_wconf 45' lang='grc' dir='ltr'><strong><em>Ἀ</em></strong></span> 
     </span>
     <span class='ocr_line' id='line_1_55' title="bbox 207 3473 383 3504; baseline 0 -8"><span class='ocrx_word' id='word_1_664' title='bbox 207 3473 229 3496; x_wconf 82' lang='lat' dir='ltr'>x</span> <span class='ocrx_word' id='word_1_665' title='bbox 253 3477 306 3504; x_wconf 67' lang='grc'>0.,</span> <span class='ocrx_word' id='word_1_666' title='bbox 375 3490 383 3496; x_wconf 93' lang='grc'>.</span> 
     </span>
    </p>
   </div>
   <div class='ocr_carea' id='block_1_7' title="bbox 2034 1105 2215 1205">
    <p class='ocr_par' dir='ltr' id='par_1_10' title="bbox 2034 1105 2215 1205">
     <span class='ocr_line' id='line_1_56' title="bbox 2076 1105 2176 1131; baseline 0.01 -1"><span class='ocrx_word' id='word_1_667' title='bbox 2076 1105 2176 1131; x_wconf 77' lang='lat' dir='ltr'>electio</span> 
     </span>
     <span class='ocr_line' id='line_1_57' title="bbox 2034 1142 2215 1172; baseline 0 -6"><span class='ocrx_word' id='word_1_668' title='bbox 2034 1142 2215 1172; x_wconf 71' lang='lat' dir='ltr'>septuaginta</span> 
     </span>
     <span class='ocr_line' id='line_1_58' title="bbox 2060 1184 2194 1205; baseline 0.015 -6"><span class='ocrx_word' id='word_1_669' title='bbox 2060 1184 2194 1205; x_wconf 73' lang='lat' dir='ltr'>virorum,</span> 
     </span>
    </p>
   </div>
   <div class='ocr_carea' id='block_1_8' title="bbox 2054 1819 2198 1944">
    <p class='ocr_par' dir='ltr' id='par_1_11' title="bbox 2067 1819 2198 1878">
     <span class='ocr_line' id='line_1_59' title="bbox 2100 1819 2154 1837; baseline -0.037 0"><span class='ocrx_word' id='word_1_670' title='bbox 2100 1819 2154 1837; x_wconf 82' lang='lat' dir='ltr'>nex</span> 
     </span>
     <span class='ocr_line' id='line_1_60' title="bbox 2067 1847 2198 1878; baseline 0.008 -7"><span class='ocrx_word' id='word_1_671' title='bbox 2067 1847 2198 1878; x_wconf 85' lang='lat' dir='ltr'>concupi-</span> 
     </span>
    </p>

    <p class='ocr_par' dir='ltr' id='par_1_12' title="bbox 2054 1883 2194 1944">
     <span class='ocr_line' id='line_1_61' title="bbox 2054 1883 2194 1908; baseline 0.014 -3"><span class='ocrx_word' id='word_1_672' title='bbox 2054 1883 2194 1908; x_wconf 73' lang='lat' dir='ltr'>scentiam</span> 
     </span>
     <span class='ocr_line' id='line_1_62' title="bbox 2073 1925 2179 1944; baseline 0 -2"><span class='ocrx_word' id='word_1_673' title='bbox 2073 1925 2179 1944; x_wconf 63' lang='lat' dir='ltr'>carues.</span> 
     </span>
    </p>
   </div>
   <div class='ocr_carea' id='block_1_9' title="bbox 2050 2462 2199 2561">
    <p class='ocr_par' dir='ltr' id='par_1_13' title="bbox 2050 2462 2199 2561">
     <span class='ocr_line' id='line_1_63' title="bbox 2050 2462 2199 2491; baseline 0.007 -6"><span class='ocrx_word' id='word_1_674' title='bbox 2050 2462 2162 2491; x_wconf 66' lang='lat' dir='ltr'>Moyses</span> <span class='ocrx_word' id='word_1_675' title='bbox 2182 2468 2199 2486; x_wconf 76' lang='lat' dir='ltr'>a</span> 
     </span>
     <span class='ocr_line' id='line_1_64' title="bbox 2063 2496 2185 2521; baseline 0 0"><span class='ocrx_word' id='word_1_676' title='bbox 2063 2496 2185 2521; x_wconf 78' lang='lat' dir='ltr'>Domino</span> 
     </span>
     <span class='ocr_line' id='line_1_65' title="bbox 2051 2532 2195 2561; baseline 0.007 -5"><span class='ocrx_word' id='word_1_677' title='bbox 2051 2532 2195 2561; x_wconf 72' lang='lat' dir='ltr'>laudatur,</span> 
     </span>
    </p>
   </div>
   <div class='ocr_carea' id='block_1_10' title="bbox 2030 3165 2206 3226">
    <p class='ocr_par' dir='ltr' id='par_1_14' title="bbox 2030 3165 2206 3226">
     <span class='ocr_line' id='line_1_66' title="bbox 2030 3165 2206 3196; baseline -0.006 -5"><span class='ocrx_word' id='word_1_678' title='bbox 2030 3167 2115 3191; x_wconf 61' lang='lat' dir='ltr'>Mai-ia</span> <span class='ocrx_word' id='word_1_679' title='bbox 2133 3165 2206 3196; x_wconf 77' lang='lat' dir='ltr'>lepra</span> 
     </span>
     <span class='ocr_line' id='line_1_67' title="bbox 2051 3202 2186 3226; baseline -0.007 0"><span class='ocrx_word' id='word_1_680' title='bbox 2051 3202 2186 3226; x_wconf 67' lang='lat' dir='ltr'>afficitur.</span> 
     </span>
    </p>
   </div>
  </div>
 </body>
</html>
