2356 3760
138 117 191 157 64,
217 116 335 156 2-66,
361 117 381 149 2
949 116 1237 150 PsALMORUM
1953 124 2029 164 519

161 212 176 234 2
194 210 248 250 Te
275 210 391 250 decet
416 210 593 263 hymnus
618 210 728 250 Deus
754 208 794 249 in
820 208 933 249 Sion:
1014 214 1055 249 et
1080 209 1155 250 tibi
1180 210 1372 251 reddetur
1396 214 1540 251 votum
1566 209 1607 250 in
1635 210 1861 255 Ierusalem.
2050 214 2102 257 ¹'.¹{0
2120 215 2215 257 ¹'‘’¹¹¹¹⁸‘

160 271 175 292 ³
192 268 354 309 Exaudi
383 269 607 309 orationem
635 279 787 308 meam:
871 267 921 307 ad
950 272 990 307 te
1018 268 1147 307 omnis
1176 281 1267 309 earo
1296 268 1443 310 veniet.
2053 255 2210 310 {iili-5³53?

160 329 175 351 ⁴
192 327 327 368 Verba
340 327 571 380 iniquorum
585 325 888 378 praevaluerunt
901 338 1020 378 super
1032 339 1123 366 nos:
1174 332 1213 366 et
1228 326 1508 380 impietatibus
1521 327 1667 368 nostris
1681 332 1726 368 tu
1737 330 2027 382 propitiaberis.

161 387 176 410 ⁵
196 386 359 433 Beatus,
393 398 513 438 quem
544 383 708 437 elegisti,
742 388 783 424 et
814 384 1085 436 assumpsisti:
1170 384 1419 426 inhabitabit
1448 386 1489 426 in
1521 385 1632 426 atriis
1663 386 1755 428 tuis.

196 444 457 498 Replebimur
484 442 525 483 in
555 442 669 483 bonis
696 442 841 483 domus
870 447 968 483 tuae:
1027 447 1214 483 sanctum
1244 448 1304 484 est
1331 444 1530 496 templum
1559 448 1689 493 tuum,
1743 447 1757 469 ⁶
1783 446 1964 486 mirabile
1993 447 2031 486 in

402 501 606 555 aequitate.

194 595 356 636 Exaudi
377 608 449 636 nos
466 595 575 635 Deus
595 594 782 634 salutaris
803 598 950 641 noster,
1009 607 1098 647 spes
1118 593 1300 635 omnium
1318 594 1459 634 finium
1479 599 1605 637 terrae,
1664 600 1704 636 et
1723 595 1763 636 in
1785 597 1885 637 mari
1905 597 2032 650 longe.
2070 609 2204 639 guberna-

162 656 175 677 ⁷
194 655 431 707 Praeparans
459 658 618 694 montes
646 652 687 692 in
714 652 868 693 virtute
896 658 979 699 tua,
1064 653 1268 694 accinctus
1295 653 1498 706 potentia:
2048 644 2228 707 “Sssffi'sgffijn

162 713 264 766 ⁸qui
293 712 512 753 conturbas
542 711 790 764 profundum
820 711 942 751 maris
1023 724 1168 752 sonum
1199 711 1399 752 fluctuum
1429 711 1523 752 eius

195 771 488 811 Turbabuntur
509 775 660 823 gentes,
722 772 737 793 ⁹
760 775 800 810 et
823 769 1029 810 timebunt
1049 770 1117 823 qui
1139 769 1331 810 habitant
1351 769 1544 810 terminos
1565 782 1589 810 a
1608 770 1728 823 signis
1749 771 1846 811 tuis:
1905 772 2035 812 exitus

403 828 599 869 matutini
628 834 667 868 et
697 841 862 881 vespere
892 828 1123 870 delectabis.

145 925 179 947 ¹⁰
196 922 380 963 Visitasti
410 927 560 963 terram
591 927 629 962 et
660 921 868 962 inebriasti
902 934 1009 962 eam:
1093 920 1374 974 multiplicasti
1405 920 1651 974 locupletare
1682 934 1783 963 eam.
1867 921 2036 963 Flumen
2068 919 2213 979 f⁰{{¹,3,³g³'⁰

404 981 480 1021 Dei
509 980 709 1034 repletum
738 986 799 1020 est
829 981 954 1033 aquis,
2180 973 2185 978 ’

195 1040 349 1094 parasti
378 1040 514 1080 cibum
543 1039 721 1081 illorum:
806 1039 999 1092 quoniam
1027 1039 1087 1080 ita
1114 1044 1175 1080 est
1203 1039 1446 1092 praeparatio
1476 1038 1571 1080 eius.

144 1102 173 1124 ¹¹
197 1100 322 1140 Rivos
353 1099 436 1139 eius
465 1098 630 1146 inebria,
662 1097 890 1151 multiplica
916 1098 1122 1151 genimina
1150 1098 1252 1138 eius:

196 1158 237 1198 in
266 1157 476 1198 stillicidiis
506 1157 589 1198 eius
618 1156 826 1197 laetabitur
852 1157 1094 1210 germinans.

145 1219 175 1241 ¹2
198 1217 417 1258 Benedices
445 1229 603 1258 coronae
631 1216 726 1256 anni
754 1215 1016 1268 benignitatis
1046 1221 1144 1256 tuae:
1231 1220 1272 1255 et
1299 1214 1432 1268 campi
1460 1214 1520 1254 tui
1548 1214 1811 1267 replebuntur
1838 1215 2037 1256 ubertate.

145 1278 176 1300 ¹³³
196 1276 467 1329 Pinguescent
496 1274 676 1328 speciosa
704 1275 869 1315 deserti:
953 1280 993 1315 et
1022 1273 1274 1315 exultatione
1302 1272 1420 1314 colles
1450 1272 1722 1325 accingentur.

145 1337 176 1360 ¹4
199 1335 339 1376 Induti
373 1338 470 1375 sunt
505 1333 648 1374 arietes
684 1333 835 1382 ovium,
931 1339 972 1373 et
1006 1331 1130 1373 valles
1166 1331 1438 1372 abundabunt
1472 1331 1695 1372 frumento:
1791 1331 2039 1377 clamabunt,

406 1392 556 1433 etenim
585 1392 785 1445 hymnum
816 1391 962 1433 dicent.

734 1494 900 1546 65(66).
930 1494 1049 1535 Laus
1080 1478 1158 1535 Dei
1189 1494 1455 1535 servatoris.

250 1572 263 1594 ¹
292 1569 340 1610 In
367 1568 500 1613 finem,
531 1567 745 1609 Canticum
773 1566 924 1607 Psalmi
951 1566 1265 1610 resurrectionis
1320 1565 1445 1607 LXV.

2071 1652 2172 1677 Educti
2195 1653 2222 1676 in

199 1662 373 1703 iubilate
401 1663 488 1703 Deo
518 1661 648 1703 omnis
678 1666 796 1709 terra,
2060 1687 2232 1719 refrigerium

164 1723 179 1746 ‘³
196 1720 398 1775 psalmum
428 1720 549 1762 dicite
578 1719 732 1761 nomini
761 1719 862 1759 eius:
946 1719 1042 1759 date
1070 1718 1237 1771 gloriam
1267 1717 1378 1758 laudi
1407 1717 1503 1759 eius.

164 1780 329 1821 ³Dicite
361 1780 447 1821 Deo
481 1792 604 1833 quam
636 1778 832 1819 terribilia
862 1784 958 1818 sunt
990 1790 1112 1831 opera
1142 1782 1216 1817 tua
1243 1776 1435 1817 Domine!
1518 1776 1558 1816 in
1587 1774 1851 1816 multitudine
1879 1774 2043 1815 virtutis

409 1845 490 1880 tuae
518 1837 768 1879 mentientur
797 1837 872 1877 tibi
901 1836 1051 1877 inimici
1080 1836 1152 1877 tui.

165 1901 179 1923 ⁴
198 1898 339 1939 Omnis
364 1903 472 1939 terra
496 1898 638 1938 adoret
662 1901 713 1940 te.
741 1901 782 1936 et
805 1895 954 1949 psallat
978 1895 1071 1936 tibi:
1150 1894 1353 1948 psalmum
1379 1894 1489 1934 dicat
1512 1893 1665 1934 nomini
1690 1898 1773 1934 tuo.

164 1960 179 1982 ⁵
197 1957 353 2005 Venite,
382 1962 423 1997 et
448 1956 584 1997 videte
609 1968 732 2008 opera
755 1955 849 1995 Dei:
930 1953 1116 1995 terribilis
1142 1954 1183 1994 in
1208 1953 1381 1994 consiliis
1406 1965 1526 2005 super
1550 1951 1650 1993 filios
1675 1951 1898 1992 hominum.

165 2018 180 2040 ⁶
197 2016 275 2064 Qui
299 2015 502 2057 convertit
524 2027 635 2055 mare
659 2014 699 2054 in
723 2013 890 2057 alidam,
964 2013 1003 2053 in
1030 2012 1195 2053 flumine
1218 2011 1525 2066 pertransibunt
1548 2011 1667 2064 pede:
1737 2009 1792 2050 ibi
1814 2009 2043 2050 laetabimur

406 2075 447 2114 in
476 2074 574 2127 ipso.

165 2136 179 2158 ⁷
197 2133 274 2182 Qui
301 2133 537 2175 dominatur
562 2132 602 2172 in
628 2131 782 2172 virtute
808 2144 882 2171 sua
907 2131 947 2171 in
973 2136 1182 2178 aeternum,
1255 2129 1358 2171 oculi
1385 2129 1468 2169 eius
1494 2140 1614 2181 super
1638 2132 1777 2181 gentes
1803 2126 2040 2180 respiciunt:

407 2192 476 2246 qui
505 2195 749 2245 exasperant
778 2203 859 2231 non
888 2189 1121 2231 exaltentur
1149 2189 1189 2229 in
1219 2188 1456 2241 semetipsis

164 2254 180 2277 ⁸
198 2251 431 2292 Benedicite
459 2251 610 2292 Gentes
638 2250 772 2290 Deum
801 2254 1004 2290 nostrum:
1089 2253 1129 2289 et
1158 2247 1342 2288 auditam
1371 2246 1493 2287 facite
1520 2259 1662 2287 vocem
1690 2245 1820 2286 laudis
1849 2244 1944 2291 eius,

165 2313 179 2335 ⁹
197 2311 275 2360 Qui
295 2310 433 2364 posuit
453 2310 633 2350 animam
653 2321 786 2349 meam
808 2308 859 2348 ad
880 2308 1028 2348 vitam:
1086 2312 1127 2347 et
1146 2320 1228 2348 non
1249 2306 1361 2347 dedit
1380 2306 1421 2346 in
1442 2304 1756 2346 commotionem
1776 2304 1898 2357 pedes
1918 2316 2039 2344 meos.

145 2372 181 2394 ¹⁰
198 2370 400 2418 Quoniam
422 2368 605 2423 probasti
627 2381 699 2409 nos
720 2368 849 2408 Deus:
925 2366 1015 2420 igne
1037 2379 1109 2407 nos
1131 2364 1385 2412 examinasti,
1410 2364 1515 2404 sicut
1535 2362 1794 2404 examinatur
1815 2365 2038 2415 argentum.

146 2431 176 2453 ¹¹
199 2428 404 2469 Induxisti
432 2441 505 2469 nos
533 2428 575 2468 in
601 2426 805 2480 laqueum,
890 2425 1061 2479 posuisti
1089 2424 1373 2466 tribulationes
1401 2423 1442 2463 in
1471 2422 1587 2464 dorso
1617 2426 1774 2463 nostro:

146 2490 176 2512 ¹²
197 2486 426 2543 imposuisti
456 2486 639 2527 homines
670 2498 790 2539 super
820 2485 957 2538 capita
986 2490 1136 2526 nostra.
1228 2482 1505 2523 Transivimus
1536 2494 1606 2534 per
1635 2481 1768 2534 ignem
1799 2484 1839 2520 et
1872 2492 2039 2533 aquam:

407 2551 448 2587 et
477 2544 653 2586 eduxisti
682 2557 754 2586 nos
784 2544 824 2585 in
852 2543 1113 2597 refrigerium.

146 2643 177 2665 13
199 2640 381 2681 Introibo
410 2640 452 2680 in
481 2640 649 2680 domum
678 2643 795 2679 tuam
823 2638 865 2678 in
893 2635 1158 2678 holocaustis:
1242 2635 1411 2676 reddam
1440 2633 1515 2674 tibi
1544 2637 1644 2674 vota
1671 2644 1773 2680 mea,
2068 2629 2222 2689 ῗξὲὼζξξζ*

146 2701 176 2724 14
197 2712 288 2753 quae
315 2698 590 2739 distinxerunt
617 2697 727 2738 labia
752 2710 854 2737 mea.
941 2695 997 2736 Et
1023 2695 1207 2736 locutum
1238 2699 1300 2735 est
1327 2706 1371 2735 os
1399 2705 1547 2740 meum,
1577 2691 1618 2731 in
1646 2689 1909 2731 tribulatione
1936 2702 2037 2730 mea.

146 2760 176 2783 15
198 2758 450 2799 Holocausta
477 2755 703 2798 medullata
730 2755 897 2797 offeram
926 2755 1001 2795 tibi
1030 2767 1123 2795 cum
1150 2753 1313 2794 incenso
1343 2751 1533 2793 arietum:
1620 2749 1786 2790 offeram
1815 2747 1890 2789 tibi
1917 2747 2041 2788 boves

406 2829 499 2857 cum
527 2815 658 2856 hircis

146 2878 179 2899 ¹⁶
196 2875 353 2923 Venite,
378 2875 527 2920 audite,
552 2880 593 2915 et
613 2874 799 2922 narrabo,
823 2886 962 2914 omnes
984 2872 1053 2926 qui
1073 2871 1227 2912 timetis
1248 2871 1393 2917 Deum,
1471 2873 1627 2921 quanta
1646 2866 1742 2906 fecit
1763 2865 1908 2905 animae
1928 2877 2038 2905 meae.

146 2936 178 2958 ¹⁷
196 2935 261 2975 Ad
289 2934 423 2987 ipsum
452 2946 519 2975 ore
547 2946 637 2974 meo
667 2931 852 2979 clamavi,
938 2936 979 2972 et
1007 2930 1187 2971 exaltavi
1216 2930 1291 2970 sub
1319 2928 1458 2981 lingua
1486 2939 1587 2966 mea.

145 2995 179 3017 ¹⁸
199 2993 466 3046 Iniquitatein
496 2992 529 3032 si
557 2991 696 3045 aspexi
724 2991 764 3031 in
793 2990 912 3032 corde
940 3002 1042 3038 meo,
1126 3002 1208 3030 non
1236 2986 1427 3029 exaudiet
1455 2984 1666 3026 Dominus.

145 3054 179 3076 ¹⁹
196 3052 418 3105 Propterea
445 3050 657 3091 exaudivit
684 3050 806 3097 Deus,
890 3053 931 3090 et
959 3048 1139 3089 attendit
1167 3047 1257 3088 voci
1285 3043 1579 3098 deprecationis
1606 3055 1717 3082 meae.

144 3113 180 3135 2⁰
199 3110 443 3151 Benedictus
457 3110 580 3157 Deus,
650 3108 814 3162 quinon
831 3107 988 3149 amovit
1002 3107 1228 3148 orationem
1243 3117 1389 3152 meam,
1408 3108 1448 3143 et
1463 3100 1778 3142 misericordiam
1795 3112 1909 3141 suam
1926 3112 1950 3139 a
1964 3111 2039 3139 me.

806 3223 973 3273 66(67).
1003 3221 1261 3263 Benedictio
1292 3220 1384 3259 Dei.

249 3299 262 3321 ¹
294 3297 341 3337 In
369 3297 503 3346 finem,
537 3295 584 3336 In
613 3294 787 3348 hymnis,
819 3293 1004 3333 Psalmus
1034 3292 1190 3333 Cantici
1218 3290 1366 3331 David.
1424 3287 1572 3329 LXVI.

164 3392 178 3414 ²
195 3390 305 3431 Deus
329 3390 568 3430 misereatur
590 3387 729 3435 nostri,
757 3392 797 3428 et
821 3386 1036 3427 benedicat
1060 3385 1192 3426 nobis:
1257 3382 1457 3422 illuminet
1481 3380 1641 3422 vultum
1667 3392 1784 3420 suum
1809 3388 1927 3429 super
1950 3386 2030 3415 nos,
2058 3371 2215 3431 {aflffiffjussn

404 3452 445 3488 et
473 3447 711 3488 misereatur
739 3445 877 3487 nostri.
2069 3442 2205 3472 gemm.
