2356 3760
316 206 416 246 10813Ι
998 205 1143 239 Ac'rtsss
1170 203 1516 238 APOSTOLORUM
1928 207 1980 244 1229,
2007 204 2150 239 41)-20,
2177 206 2218 238 32

310 297 460 350 poterit
494 298 662 340 absolvi.
727 301 760 322 ⁴⁰
797 299 898 338 Nam
932 304 972 338 et
1007 296 1283 350 periclitamur
1315 296 1426 349 argui
1460 295 1670 337 seditionis
1705 296 1927 337 hodiernae:
1963 312 2055 339 cum
2090 298 2223 339 nullus

310 356 509 397 obnoxius
541 357 592 399 sit
625 358 690 408 (de
724 372 803 410 quo
836 356 1034 409 possimus
1068 356 1232 397 reddere
1265 355 1480 403 rationem)
1514 368 1732 396 concursus
1764 355 1892 396 istius.
1928 356 1983 397 Et.
2013 370 2103 398 cum
2137 357 2222 397 haec

309 415 489 464 dixisset,
520 416 674 457 dimisit
708 414 939 456 Ecclesiam.

111 487 292 512 1¹¹³¹³⁰⁰*¹0·
413 485 477 528 20.
535 488 545 509 1
581 486 801 537 l'ostquam
847 490 984 525 autem
1028 484 1203 525 cessavit
1246 485 1460 528 tumultus,
1508 484 1662 525 vocatis
1709 484 1856 525 Paulus
1900 484 2118 538 discipulis,
2180 493 2219 527 et

111 523 188 547 niani
211 523 293 551 prori-

149 558 274 582 cisvnur.
309 544 550 585 exhortatus
581 558 659 585 eos.
693 543 902 586 valedixit.
934 550 974 584 et
1005 544 1212 597 profectus
1242 550 1303 585 est
1335 550 1381 585 ut
1411 544 1483 584 iret
1517 543 1554 583 in
1586 543 1881 584 Macedoniam.

766 648 830 688 16.
861 647 1011 688 Ultimi
1041 647 1225 689 labores
1256 646 1512 698 apostolici,
1540 648 1606 697 20,
1626 647 1771 687 2—38.

134 719 275 745 ''Ns-⁴¹³⁵
413 720 426 741 2
443 718 543 758 (*um
560 723 697 758 autem
714 718 1038 771 perambulasset
1054 724 1189 772 partes
1207 718 1305 761 illas,
1323 723 1363 758 et
1379 718 1620 759 exhortatus
1636 732 1702 759 003
1719 718 1862 759 fuisset
1877 719 2009 760 multo
2024 732 2221 762 sermone.

115 756 284 830 {if'ss‘x'J-iss'lliss
310 776 421 817 venit
444 777 495 817 ad
518 777 734 817 Grzeciam:
784 780 800 801 ³
822 777 891 818 ubi
915 791 1005 818 cum
1031 776 1189 818 fecisset
1212 790 1369 817 menses
1395 782 1486 821 tres,
1512 777 1631 818 factae
1653 783 1749 818 sunt
1772 777 1826 817 illi
1850 777 2005 819 insidiae
2029 791 2052 818 a
2077 778 2225 819 Iudaeis

147 829 256 852 ‘'⁵¹¹³''
310 835 551 887 navigaturo
573 836 613 876 in
634 835 812 889 Syriam:
836 836 1063 889 habuitque
1085 835 1297 877 consilium
1320 842 1367 876 ut
1387 841 1660 876 reverteretur
1678 849 1750 889 per
1770 836 2065 878 Macedoniam.
2115 838 2130 861 ⁴
2151 837 2226 878 (10-

309 894 479 935 mitatus
512 901 572 936 est
605 901 742 936 autem
775 909 866 936 eum
900 896 1073 948 Sopater
1104 893 1249 948 Pyrrhi
1284 894 1521 940 Beroeensis,
1555 895 1976 936 Thessalonicensium
2009 909 2104 937 vero
2137 896 2225 936 Ari-

307 954 506 996 starchus.
542 960 581 994 et
615 955 839 998 Secundus.
875 960 916 994 et
948 953 1073 994 Gaius
1107 954 1303 998 Derbeus,
1339 958 1378 994 et
1413 954 1671 995 Timotheus:
1706 954 1845 995 Asiani
1881 968 1975 995 vero
2010 954 2224 1008 Tychicus,

308 1018 347 1052 et
378 1013 635 1066 Trophimus.

117 1089 183 1106 ‘'¹¹¹'‘
211 1082 284 1107 ΗΜ
411 1085 426 1106 ⁵
459 1083 511 1123 Hi
543 1096 633 1122 cum
668 1082 974 1135 praecessissent,
1008 1082 1291 1124 sustinuerunt
1322 1097 1394 1124 nos
1426 1083 1601 1124 Troade:
1663 1085 1678 1107 ‘⁵
1708 1097 1780 1124 nos
1813 1097 1906 1125 vero
1937 1083 2225 1138 navigavimus

129 1118 200 1142 Trou
206 1118 271 1142 dvm

136 1154 264 1181 navigat,
308 1147 401 1194 post
429 1141 511 1182 dies
539 1141 789 1194 Azymorum
818 1156 841 1183 a
867 1141 1077 1195 Philippis,
1108 1148 1149 1183 et
1177 1142 1362 1183 venimus
1390 1143 1440 1183 ad
1469 1156 1535 1184 eos
1563 1142 1763 1183 Troadem
1791 1142 1829 1183 in
1859 1142 2000 1184 dicbus
2030 1142 2223 1197 quinque.

310 1200 376 1241 ubi
407 1200 607 1241 demorati
637 1214 777 1241 sumus
808 1200 950 1241 diebus
980 1206 1150 1254 septem.

110 1270 287 1334 diffl'jffnssfftssvt
414 1271 428 1293 ⁷
467 1270 559 1310 Una
596 1276 733 1311 autem
770 1270 943 1312 Sabbati
980 1284 1071 1311 cum
1109 1270 1438 1312 convenissemus
1475 1271 1527 1312 ad
1564 1271 1833 1324 frangendum
1873 1285 2031 1324 panem,
2069 1271 2222 1313 Paulus

119 1325 283 1380 Εὐτϊςιιιιιιι
307 1329 549 1382 disputabat
583 1344 675 1370 cum
709 1329 763 1370 eis
800 1330 1054 1383 profecturus
1088 1329 1129 1370 in
1164 1329 1401 1375 crastinum,
1438 1329 1723 1383 protraxitque
1758 1343 1985 1371 sermonem
2020 1344 2148 1384 usque
2182 1330 2223 1371 in

131 1378 264 1401 ⁵¹¹³⁹¹³³¹'
305 1388 481 1429 mediam
518 1394 693 1430 noctem.
759 1391 774 1413 8
810 1389 942 1430 Erant
978 1394 1116 1430 autem
1152 1388 1362 1443 lampades
1399 1389 1571 1443 copiosae
1606 1388 1647 1429 in
1684 1388 1906 1435 coenaculo,
1959 1389 2029 1430 ubi
2065 1402 2224 1430 eramus

305 1447 551 1501 congregati.
604 1450 619 1471 ⁹
640 1448 791 1489 Sedens
814 1452 953 1489 autem
977 1448 1143 1502 quidam
1166 1448 1400 1489 adolescens
1422 1448 1585 1489 nomine
1607 1448 1823 1502 Eutychus
1846 1462 1966 1502 super
1987 1448 2223 1494 fenestram,

305 1520 397 1547 cum
419 1513 668 1560 mergeretur
689 1521 831 1548 30111110
853 1507 981 1561 gravi,
1006 1507 1245 1561 disputante
1269 1507 1337 1547 diu
1360 1506 1501 1551 Paulo,
1526 1507 1674 1548 ductus
1696 1520 1839 1548 3001110
1862 1506 2009 1548 cecidit
2030 1507 2079 1548 de
2102 1506 2225 1548 tert-io

305 1565 514 1606 coenaculo
537 1566 738 1611 deorsum,
762 1572 802 1607 01
824 1565 1009 1607 sublatus
1031 1571 1093 1606 est
1112 1571 1312 1607 mortuus.
1362 1568 1398 1590 ¹⁰
1416 1566 1481 1606 Ad
1504 1579 1623 1619 quem
1645 1579 1737 1606 cum
1759 1566 2033 1607 descendisset
2052 1565 2217 1613 Paulus,

306 1624 492 1665 incubuit
517 1639 637 1678 super
660 1639 770 1666 eum:
798 1630 838 1665 et
862 1624 1097 1678 complexus
1122 1624 1245 1665 dixit:
1273 1624 1408 1665 Nolite
1433 1624 1601 1673 turbari,
1629 1624 1765 1664 anima
1789 1624 1896 1665 011101
1921 1624 2045 1678 ipsius
2070 1625 2110 1665 in
2135 1624 2224 1678 ipso

305 1689 378 1724 est.
431 1686 459 1708 ¹¹
483 1684 716 1724 Ascendens
740 1688 891 1728 autem,
917 1683 1188 1737 frangensque
1212 1696 1372 1736 panem,
1398 1687 1438 1723 et
1460 1687 1641 1736 gustans,
1666 1682 1847 1737 satisque
1870 1682 2072 1724 allocutus
2094 1696 2223 1736 usque

306 1742 346 1782 in
373 1742 516 1789 lucem,
544 1742 599 1784 310
624 1743 832 1796 profectus
858 1747 931 1783 est.
986 1744 1016 1767 1⁴³
1042 1742 1319 1783 Adduxerunt
1343 1746 1483 1783 autem
1508 1755 1680 1795 puerum
1708 1741 1928 1791 viventem,
1956 1747 1996 1782 et
2023 1741 2223 1783 consolati

308 1806 405 1842 sunt
434 1815 516 1842 non
546 1802 725 1843 minime.

136 1880 268 1919 Miletum
415 1873 446 1895 ¹3
484 1871 566 1912 Nos
604 1876 743 1912 autem
781 1872 1045 1912 ascendentes
1082 1885 1243 1916 navem,
1283 1871 1568 1924 navigavimus
1606 1870 1646 1910 in
1683 1871 1827 1916 Asson,
1866 1870 1959 1911 inde
1996 1869 2224 1923 suscepturi

146 1916 256 1981 ‘s'ss‘fffls
309 1929 502 1971 Paulum:
531 1929 586 1971 sic
614 1929 721 1971 enim
749 1930 1007 1984 disposuerat
1033 1930 1117 1985 ipse
1144 1944 1216 1984 per
1243 1936 1393 1971 terram
1420 1929 1498 1970 iter
1523 1929 1720 1970 facturus.
1777 1931 1808 1953 ¹⁴
1835 1930 1936 1970 Cum
1965 1934 2102 1970 autem
2131 1943 2225 1971 con-

304 1989 482 2030 venisset
510 2003 583 2030 nos
611 1988 652 2029 in
681 1989 824 2036 Asson,
857 1990 1070 2043 assumpto
1098 2003 1156 2035 eo,
1189 1989 1375 2030 venimus
1405 1987 1642 2042 Mitylenen.
1700 1990 1731 2012 15
1760 1988 1816 2029 Ε1
1844 1988 1937 2029 inde
1966 1987 2222 2041 navigantes,

306 2048 493 2102 sequenti
522 2048 585 2088 die
614 2048 800 2089 venimus
829 2053 973 2089 contra
1000 2048 1157 2097 Chium,
1188 2054 1229 2089 et
1257 2047 1336 2089 alia
1364 2047 1635 2101 applicuimus
1663 2047 1844 2095 Samum,
1875 2052 1916 2088 et
1943 2046 2129 2101 sequenti
2159 2046 2224 2087 die

307 2107 492 2148 venimus
527 2106 724 2148 Miletum.
788 2109 823 2131 ¹⁶
855 2112 1126 2161 proposuerat
1159 2106 1266 2148 enim
1299 2106 1451 2148 Paulus
1487 2105 1796 2160 transnavigare
1830 2106 2052 2160 Ephesum,
2088 2119 2222 2159 nequa

306 2179 420 2207 mora
442 2166 496 2206 illi
519 2166 632 2207 fieret
653 2166 692 2206 in
716 2166 824 2207 Asia.
848 2166 1092 2208 Festina-bat
1113 2166 1232 2216 enim,
1257 2166 1288 2207 si
1310 2165 1500 2220 possibile
1522 2165 1598 2207 sibi
1620 2171 1737 2211 esset,
1763 2171 1809 2206 ut
1830 2165 1937 2206 diem
1957 2165 2222 2206 Pentecostes

308 2225 459 2266 faceret
492 2224 761 2278 lerosolymis.

113 2298 162 2322 um
180 2298 294 2322 ¹³b0s⁰⁵
418 2296 451 2319 ¹⁷
477 2295 512 2335 A
538 2294 677 2336 Mileto
703 2300 841 2336 autern
869 2294 1037 2336 mittens
1063 2295 1284 2349 Ephesum,
1314 2294 1478 2335 vocavit
1505 2294 1677 2335 Maiores
1704 2299 1804 2333 natu
1830 2292 2033 2334 Ecclesiae.
2087 2295 2121 2317 ¹⁸
2147 2293 2225 2341 Qui

111 2333 295 2393 Sriiiispcrffiisf
313 2368 405 2395 01110
424 2354 630 2395 venissent
647 2355 698 2394 ad
716 2367 820 2404 eum,
840 2359 881 2395 et
897 2353 1017 2395 simul
1034 2359 1179 2399 essent,
1199 2353 1304 2395 dixit
1321 2353 1394 2393 eis:
1412 2353 1495 2394 Vos
1513 2352 1623 2394 scitis
1641 2366 1665 2393 a
1681 2351 1812 2406 prima
1829 2351 1905 2397 die,
1925 2365 2004 2405 qua
2021 2352 2224 2405 ingressus

124 2407 277 2433 ¹¹¹⁹¹¹¹⁰s³‘’
308 2427 398 2454 sum
427 2413 467 2453 in
496 2413 647 2462 Asiam,
680 2413 855 2466 qualiter
882 2412 1093 2454 vobiscum
1123 2426 1194 2467 per
1222 2426 1340 2454 omne
1370 2418 1531 2465 tempus
1561 2411 1718 2457 fuerim,
1777 2412 1810 2434 ¹⁹
1838 2410 2015 2451 serviens
2044 2410 2225 2452 Domino

308 2485 399 2513 curn
422 2472 532 2513 00101
555 2471 798 2517 humilitate,
823 2477 864 2513 et
883 2472 1086 2525 lacrymis,
1109 2478 1151 2512 et
1172 2470 1485 2517 tentationibus,
1509 2484 1599 2524 quae
1619 2469 1718 2511 mihi
1741 2468 1978 2510 acciderunt
1998 2483 2047 2510 ex
2068 2468 2224 2510 insidiis

311 2531 558 2572 Iudaeorum:
609 2533 645 2555 ²⁰
669 2531 874 2585 quomodo
896 2530 996 2572 nihil
1019 2531 1293 2572 subtraxerim
1317 2529 1492 2574 utilium,
1518 2543 1598 2583 quo
1621 2529 1754 2570 minus
1778 2528 2068 2569 annunciarem
2092 2527 2222 2573 vobis,

307 2596 349 2631 et
376 2590 560 2632 docerem
589 2603 661 2631 vos
689 2589 861 2643 publice,
891 2595 932 2630 01
959 2603 1030 2643 per
1056 2590 1211 2635 domos,
1267 2591 1298 2614 2¹
1327 2588 1553 2630 testificans
1584 2587 1741 2637 Iudaeis,
1772 2592 1896 2640 atque
1923 2586 2154 2628 Gentilibus
2182 2586 2223 2627 in

114 2649 291 2709 „JJJI‘‡¹¹‡‡,'2,<
311 2649 442 2689 Deum
470 2648 768 2702 poenitentiam,
797 2654 838 2689 et
863 2649 984 2690 fidem
1010 2648 1051 2689 in
1077 2648 1301 2689 Dominum
1328 2653 1514 2689 nostrum
1543 2647 1677 2688 Iesum
1703 2646 1922 2687 Christum.
1976 2648 2008 2670 22
2034 2646 2090 2686 Et
2114 2659 2224 2687 nunc

147 2703 260 2759 futilia>-
280 2705 282 2707 ’
310 2721 399 2749 0000
420 2707 608 2761 alligatus
629 2721 701 2761 ego
720 2707 878 2761 spiritu,
901 2708 1007 2749 vado
1026 2707 1067 2748 in
1089 2707 1326 2748 Ierusalem:
1350 2720 1439 2760 quae
1457 2706 1497 2746 in
1518 2720 1565 2747 ea
1585 2711 1760 2746 ventura
1778 2704 1860 2746 sint
1878 2704 1990 2754 mihi,
2012 2704 2222 2758 ignorans:

117 2757 285 2782 ²¹⁰¹¹¹¹¹¹¹¹³*'
309 2769 340 2791 2³
362 2766 435 2808 nisi
461 2767 569 2820 quod
590 2766 764 2820 Spiritus
787 2772 952 2807 sanctus
975 2780 1045 2820 per
1067 2780 1205 2808 omnes
1228 2766 1416 2807 civitates
1438 2765 1536 2806 mihi
1558 2769 1825 2818 protestatur,
1850 2763 2004 2804 dicens:
2029 2762 2223 2817 quoniam

310 2825 483 2875 vincula,
512 2831 553 2866 01
580 2824 864 2867 tribulationes
894 2825 1151 2879 lerosolymis
1177 2839 1242 2866 me
1268 2830 1449 2866 manent.
1504 2826 1536 2848 '2⁴
1561 2823 1641 2865 Sed
1667 2822 1766 2864 nihil
1791 2823 1938 2863 horum
1964 2835 2123 2863 vereor:
2150 2834 2223 2863 nec

310 2884 412 2925 facio
436 2884 615 2925 animam
637 2898 769 2925 meam
791 2883 1072 2938 pretiosiorem
1097 2898 1219 2937 quam
1242 2898 1319 2932 me,
1343 2883 1566 2924 dummodo
1588 2895 1866 2924 consummem
1888 2894 2049 2922 cursum
2072 2894 2222 2925 meum,

309 2949 349 2983 et
380 2943 647 2984 ministerium
679 2943 804 2989 verbi,
838 2943 948 2997 quod
978 2943 1113 2996 accepi
1145 2957 1169 2984 a
1196 2942 1374 2984 Domino
1407 2942 1510 2987 Iesu,
1543 2940 1751 2983 testificari
1782 2939 2051 2993 Evangelium
2081 2938 2222 2993 gratia»

102 3012 291 3056 vunaryssatos
309 3001 397 3042 Dei.
472 3004 503 3025 ²⁵
524 3002 579 3042 Et
599 3015 705 3043 nunc
726 3015 816 3043 ecce
836 3015 908 3053 ego
929 3001 1010 3043 3010
1032 3001 1127 3055 quia
1147 3001 1320 3055 amplius
1341 3014 1422 3042 non
1445 3000 1634 3041 videbitis
1655 2999 1799 3040 faciem
1820 3012 1954 3040 meam
1975 3012 2046 3039 vos
2068 3011 2219 3043 omnes.

102 3048 293 3073 ⁶‘'¹'¹⁴'’“'‘'¹''
310 3073 381 3113 per
410 3074 509 3113 quos
542 3060 709 3102 transivi
743 3060 964 3114 praedicans
994 3074 1161 3114 regnum
1192 3060 1280 3101 Dei.
1338 3061 1373 3084 ²⁶
1403 3059 1663 3113 Quapropter
1691 3063 1899 3100 contestor
1927 3071 1998 3099 vos
2028 3056 2222 3098 hodierna

311 3119 387 3162 die,
421 3119 514 3172 quia
547 3120 721 3161 mundus
753 3133 842 3160 sum
873 3133 897 3160 a
926 3119 1121 3173 sanguine
1152 3119 1346 3160 omnium.
1406 3119 1440 3142 ²⁷
1472 3119 1564 3160 Non
1595 3117 1701 3158 enim
1732 3115 1972 3170 subterfugi,
2005 3114 2222 3170 quominus

126 3184 274 3230 fuissem>
312 3177 599 3218 annunciarem
635 3192 753 3219 omne
786 3178 997 3219 consilium
1030 3177 1105 3218 Dei
1139 3177 1266 3219 vobis.
1328 3179 1363 3201 '²⁸
1394 3176 1610 3218 Attendite
1642 3176 1771 3222 vobis,
1806 3181 1847 3217 01
1879 3175 2067 3216 1101νο130
2099 3173 2222 3228 gregi,

115 3220 294 3281 ‘'jiihil-‘215⁰
312 3236 350 3275 in
376 3250 454 3289 quo
478 3249 548 3277 vos
571 3236 744 3289 Spiritus
767 3243 932 3278 sanctus
957 3236 1091 3290 posuit
1113 3236 1322 3290 episcopos
1344 3249 1478 3289 regere.
1501 3234 1723 3277 Ecclesiam
1745 3234 1833 3279 Dei,
1859 3247 1981 3288 quam
2004 3231 2222 3286 acquisivit

310 3294 506 3345 sanguine
527 3308 611 3335 suo.
662 3297 695 3318 ²⁹
719 3295 803 3345 Ego
824 3295 905 3337 scio
928 3295 1120 3349 quoniam
1142 3295 1357 3336 intrabunt
1380 3301 1471 3348 post
1492 3293 1776 3336 discessionem
1798 3306 1931 3333 meam
1951 3291 2036 3345 lupi
2056 3304 2222 3345 rapaces

315 3353 353 3393 in
379 3367 461 3396 vos,
489 3367 567 3394 non
594 3361 802 3407 parcentes
825 3354 945 3407 gregi.
997 3356 1033 3378 ³⁰
1056 3354 1109 3394 Et
1134 3367 1183 3395 ex
1207 3353 1322 3394 vobis
1346 3353 1440 3407 ipsis
1465 3358 1663 3404 exurgent
1686 3351 1761 3392 viri
1783 3351 1995 3405 loquentes
2020 3362 2220 3404 perversa.

316 3418 359 3452 ut
383 3413 589 3453 abducant
614 3411 830 3464 discipulos
855 3420 945 3466 post
969 3427 1020 3453 se.
1072 3415 1102 3437 ²³¹
1127 3413 1299 3465 Propter
1322 3412 1431 3466 quod
1455 3411 1620 3465 vigilate
1642 3410 1839 3452 memoria
1860 3409 2099 3450 retinentes:
2125 3422 2222 3462 quo-

116 3524 216 3542 omw
237 3517 259 3540 D
315 3470 423 3512 niam
448 3484 517 3523 per
541 3470 759 3511 triennium
784 3479 901 3511 noete
924 3478 965 3512 et
987 3471 1050 3512 die
1076 3485 1155 3512 non
1179 3470 1344 3515 cessavi.
1370 3485 1461 3511 cum
1486 3469 1673 3523 lacrymis
1696 3482 1864 3510 monens
1889 3480 2222 3521 unumquemque

196 3526 208 3539 .,
262 3526 294 3540 ,.„

104 3536 506 3578 0„„,„„‚„d„„vestrum.
563 3532 594 3553 ³³²
627 3529 673 3569 Et
706 3542 811 3570 nunc
840 3531 1079 3571 commendo
1109 3543 1179 3571 vos
1211 3530 1306 3575 Deo,
1337 3535 1376 3570 01
1407 3529 1529 3569 verbo
1556 3528 1697 3579 gratia:
1724 3527 1860 3581 ipsius,
1892 3526 1958 3581 qui
1988 3532 2134 3580 potens
2162 3531 2221 3566 est
