2356 3760
118 164 172 201 20,
199 160 341 199 1740,
368 160 407 191 44
731 151 745 211 ·'
976 154 1177 188 IUDIGL'M
1928 163 2004 202 212>

108 253 330 298 fortissimi.
346 252 402 292 ita
421 252 586 292 sinistra
603 256 649 290 ut
666 250 810 289 dextra
828 248 1081 301 proeliantes:
1101 253 1141 288 et
1159 247 1214 288 sic
1232 247 1368 287 fundis
1386 247 1538 299 lapides
1558 250 1608 288 ad
1627 257 1780 291 certum
1799 253 2001 297 iacientes.

110 319 157 354 ut
189 311 379 366 capillum
414 322 575 363 quoque
609 312 774 361 possent
807 312 1027 360 percutere.
1063 310 1104 347 et
1137 318 1396 359 nequaquam
1432 306 1470 345 in
1506 305 1674 346 alteram
1709 315 1865 360 partem
1899 311 2002 352 ictus

110 371 255 426 lapidis
278 370 511 411 deferretur.
563 367 596 390 ¹⁷
621 366 807 406 Virorum
832 378 992 418 quoque
1018 364 1151 408 Israel.
1178 365 1330 417 absque
1356 363 1445 403 filiis
1472 364 1695 408 Beniamin.
1720 366 2002 409 inventasunt

111 429 407 484 quadringenta
433 425 558 465 millia
585 424 844 466 educentium
870 423 1037 476 gladios.
1066 428 1106 464 et
1133 427 1371 476 paratorum
1397 423 1450 463 ad
1477 436 1667 475 pugnam.

217 490 250 512 1⁸
278 486 354 535 Qui
381 489 590 537 surgentes
619 488 819 524 venerunt
846 482 887 522 in
916 482 1083 523 domum
1111 481 1199 524 Dei.
1230 482 1306 522 hoc
1333 485 1405 527 est.
1437 480 1476 521 in
1505 481 1605 522 Silo:
1635 483 2004 537 consulueruntque

112 549 254 590 Deum.
289 549 413 597 atque
445 543 654 584 dixerunt:
689 541 786 590 Quis
819 541 895 582 erit
927 540 967 581 in
1000 540 1179 581 exercitu
1213 545 1351 581 nostro
1384 539 1568 593 princeps
1602 541 1832 582 certaminis
1866 548 2007 583 contra

115 607 213 648 filios
242 601 480 645 Beniamin?
509 601 663 650 Quibus
691 599 901 653 respondit
926 599 1146 640 Dominus:
1178 599 1299 640 Iudas
1327 598 1378 639 sit
1405 599 1489 639 dux
1517 604 1660 639 vester.
1717 602 1750 624 ¹⁹
1775 600 2006 654 Statimque

116 664 183 706 filii
207 662 330 703 Israel
352 665 560 714 surgentes
582 673 713 705 mane.
738 658 1020 699 castrametati
1042 663 1139 699 sunt
1160 657 1277 698 iuxta.
1299 657 1459 698 Gabaa:
1509 658 1546 681 ²⁰
1567 661 1606 697 et
1630 657 1721 698 inde
1746 660 2006 711 procedentes

111 723 163 764 ad
199 734 379 776 pugnam
415 724 554 760 contra
594 717 818 765 Beniamin,
857 718 998 758 urbem
1035 729 1268 770 oppugnare
1305 720 1528 770 coeperunt.
1593 718 1622 740 2¹
1661 716 1899 770 Egressique
1938 718 2008 758 filii

112 780 325 822 Beniamin
350 779 398 820 de
424 778 577 825 Gabaa,
605 776 840 818 occiderunt
865 777 914 817 de
942 775 1032 816 filiis
1062 775 1183 816 Israel
1209 775 1271 816 die
1296 775 1363 816 illo
1390 774 1533 828 viginti
1559 775 1639 815 duo
1666 774 1790 815 millia
1815 776 2005 817 virorum.

113 842 146 866 22
173 841 350 881 Rursum
379 833 448 878 filii
475 835 598 877 Israel
622 840 663 876 et
688 834 928 877 fortitudine
953 842 995 875 et
1019 847 1186 875 numero
1213 834 1476 877 confidentes.
1504 833 1543 873 in
1570 833 1710 874 eodem
1736 834 1835 878 loco.
1862 834 1902 874 in
1929 848 2007 887 quo

112 899 221 953 prius
247 900 516 939 certaverant.
544 894 671 936 aciem
697 894 950 935 direxerunt:
1003 895 1034 917 ²3
1060 893 1118 934 ita
1142 899 1280 934 tamen
1306 899 1353 933 ut
1376 892 1486 946 prius
1513 892 1776 933 ascenderent.
1801 898 1842 933 et
1869 892 2008 933 flerent

112 970 247 999 coram
276 955 454 997 Domino
485 967 611 1007 usque
642 954 693 994 ad
723 958 902 993 noctem:
934 952 1270 1005 consulerentque
1301 965 1405 996 eum.
1437 956 1478 992 et
1507 951 1704 991 dicerent:
1736 952 1874 992 Debeo
1904 951 2008 992 ultra

113 1016 326 1070 procedere
358 1014 409 1055 ad
440 1013 718 1054 dimicandum
750 1017 892 1052 contra
926 1011 1026 1052 filios
1060 1011 1273 1052 Beniamin
1304 1011 1448 1051 fratres
1480 1023 1601 1055 meos.
1635 1023 1686 1050 an
1718 1010 1823 1051 non?
1856 1010 2010 1059 Quibus

112 1075 176 1116 ille
203 1073 430 1128 respondit:
459 1071 677 1113 Ascendite
705 1071 757 1112 ad
785 1084 863 1119 005,
894 1075 934 1111 01
961 1070 1061 1111 111110
1089 1075 1306 1111 certamen.
1363 1071 1395 1094 2⁴¹
1422 1069 1604 1122 Cumque
1636 1068 1705 1109 filii
1735 1068 1857 1110 Israel
1885 1069 2012 1110 altera

113 1133 176 1175 die
204 1138 346 1174 contra
375 1131 475 1173 filios
504 1130 717 1171 Beniamin
745 1130 797 1170 ad
823 1129 1010 1183 proelium
1038 1129 1338 1183 processissent.
1393 1130 1425 1153 ‘25
1452 1133 1672 1181 eruperunt
1702 1127 1771 1168 filii
1799 1127 2010 1169 Beniamin

114 1193 162 1234 de
191 1191 318 1246 portis
347 1191 507 1232 Gabaa:
538 1194 578 1230 et
607 1194 861 1231 occurrentes
891 1188 946 1229 eis
974 1193 1094 1229 tanta
1122 1188 1162 1228 in
1191 1187 1278 1229 illos
1308 1188 1415 1228 caede
1444 1186 1631 1227 bacchati
1660 1192 1767 1232 sunt.
1798 1193 1844 1227 ut
1873 1188 2009 1228 decem

114 1256 154 1293 et
174 1256 265 1293 octo
284 1249 409 1290 millia
423 1249 602 1290 virorum
620 1247 880 1289 educentium
897 1247 1077 1301 gladium
1097 1250 1410 1300 prosternerent.
1445 1248 1480 1270 ‘2⁶
1495 1246 1769 1294 Quamobrem
1785 1259 1922 1287 omnes
1945 1246 2012 1286 filii

116 1309 238 1351 Israel
256 1313 455 1350 venerunt
478 1307 519 1348 in
537 1308 704 1348 domum
722 1307 810 1352 Dei.
830 1312 871 1348 et
894 1307 1078 1348 sedentes
1099 1306 1254 1346 flebant
1271 1318 1405 1346 coram
1426 1304 1620 1345 Domino:
1648 1304 2012 1358 ieiunaveruntqm·

114 1369 177 1411 die
203 1368 270 1410 illo
297 1381 424 1421 usque
447 1367 499 1408 ad
523 1379 747 1420 vesperam.
774 1371 814 1407 et
841 1365 1077 1407 obtulerunt
1104 1365 1139 1406 ei
1164 1364 1413 1411 holocausta,
1444 1368 1568 1417 atque
1594 1363 1784 1417 pacificas
1811 1363 2010 1409 victimas,

114 1430 147 1453 2⁷
172 1434 213 1469 et
235 1440 355 1481 501101
376 1431 488 1467 statu
512 1439 584 1466 suo
608 1425 974 1478 interrogaverunt.
1000 1424 1060 1465 Eo
1084 1429 1266 1477 tempore
1290 1422 1344 1463 ibi
1369 1428 1456 1463 erat
1478 1435 1569 1463 arca
1594 1422 1755 1463 foederis
1784 1422 1870 1468 Dei,
1919 1424 1954 1447 2⁵
1973 1429 2013 1463 et

115 1487 285 1528 Phinees
308 1485 410 1525 filius
431 1483 614 1525 Eleazari
637 1483 705 1523 filii
725 1484 859 1525 Aaron
880 1483 1120 1537 praepositus
1141 1483 1297 1524 domus.
1319 1481 1619 1522 Consuluerunt
1637 1481 1759 1535 igitur
1776 1481 2010 1526 Dominum,

115 1551 239 1599 atque
251 1544 459 1586 dixerunt:
472 1543 594 1584 Exire
606 1543 711 1583 ultra
725 1543 917 1583 debemus
930 1543 982 1583 ad
996 1555 1175 1595 pugnam
1189 1546 1331 1583 contra
1345 1540 1445 1582 filios
1460 1540 1671 1581 Beniamin
1684 1541 1827 1581 fratres
1841 1546 2011 1584 nostros.

115 1618 165 1645 an
183 1603 409 1658 quiescere?
430 1602 584 1651 Quibus
600 1601 656 1642 ait
670 1601 887 1642 Dominus:
907 1601 1137 1649 Ascendite,
1151 1613 1237 1642 cras
1253 1600 1359 1641 enim
1375 1600 1535 1641 tradam
1551 1613 1617 1640 eos
1632 1599 1672 1640 in
1688 1613 1831 1641 manus
1844 1605 2012 1641 vestras.

219 1665 253 1687 '2⁹
281 1662 591 1715 Posueruntque
622 1660 691 1701 filii
723 1660 843 1701 Israel
871 1660 1037 1701 insidias
1065 1672 1136 1713 per
1163 1659 1376 1700 circuitum
1406 1658 1515 1700 urbis
1544 1658 1703 1700 Gabaa:
1759 1661 1796 1684 3⁰
1822 1664 1862 1700 et
1890 1659 2012 1700 tertia

118 1722 214 1769 vice,
244 1721 350 1762 sicut
375 1720 497 1762 semel
525 1726 565 1761 et
593 1719 664 1767 bis,
695 1725 835 1761 contra
865 1719 1077 1760 Beniamin
1106 1719 1328 1760 exercitum
1356 1719 1649 1772 produxerunt.
1704 1720 1736 1742 ³¹
1764 1718 1843 1759 Sed
1870 1723 1911 1759 et
1941 1717 2010 1759 filii

117 1780 330 1822 Beniamin
349 1780 546 1821 ¹audacter
565 1784 786 1832 eruperunt
807 1779 856 1819 de
877 1778 1056 1822 civitate.
1080 1783 1121 1819 et
1140 1777 1341 1831 fugientes
1363 1777 1615 1818 adversarios
1636 1776 1792 1830 longius
1814 1776 2012 1831 persecuti

115 1845 223 1888 sunt,
253 1839 311 1880 ita
337 1843 384 1880 ut
412 1838 670 1879 vulnerarent
698 1851 747 1878 ex
774 1837 829 1878 eis
857 1837 961 1878 sicut
989 1837 1118 1891 primo
1147 1837 1209 1878 die
1237 1841 1277 1878 et
1304 1836 1492 1881 secundo,
1523 1841 1563 1877 et
1590 1836 1789 1877 cfr-dorent
1816 1849 1887 1890 per
1913 1837 2013 1877 duas

115 1899 280 1940 semitas
301 1903 505 1939 vertentes
528 1903 652 1950 terga,
677 1909 848 1950 quarum
870 1910 951 1937 una
971 1897 1178 1937 ferebatur
1198 1895 1237 1936 in
1261 1895 1415 1939 Bethel,
1439 1900 1480 1935 et
1500 1895 1627 1936 altera
1647 1895 1686 1936 in
1708 1895 1861 1941 Gabaa.
1885 1900 2009 1949 atque

116 1962 418 2012 prosternerent
445 1956 614 2010 triginta
641 1955 799 1997 circiter
826 1955 952 1996 viros:
1007 1957 1039 1979 32
1068 1960 1320 2009 putaverunt
1347 1954 1452 1995 enim
1481 1953 1599 1995 solito
1628 1967 1694 1996 005
1723 1967 1832 1995 10010
1860 1955 2011 1995 cedere.

117 2016 193 2066 Qui
228 2017 365 2070 fugam
401 2020 487 2056 arte
520 2015 758 2055 simulantes
792 2014 971 2055 inierunt
1004 2014 1215 2055 consilium
1250 2017 1297 2054 ut
1330 2012 1614 2054 abstraherent
1647 2027 1713 2054 005
1748 2013 1797 2054 de
1831 2013 2011 2057 civitate.

117 2081 158 2116 et
180 2075 295 2129 quasi
317 2074 516 2128 fugientes
540 2074 591 2114 ad
613 2073 867 2126 supradictas
889 2073 1054 2113 semitas
1076 2073 1355 2126 perducerent.
1406 2074 1438 2096 3³
1460 2072 1610 2113 Omnes
1632 2072 1771 2126 itaque
1797 2071 1866 2112 filii
1891 2071 2013 2112 Israel

116 2138 325 2187 surgentes
358 2133 407 2174 de
439 2132 601 2173 sedibus
634 2132 728 2179 suis.
764 2132 1027 2173 tetenderunt
1060 2131 1187 2172 aciem
1220 2131 1260 2171 in
1293 2131 1392 2179 1000,
1429 2130 1496 2184 qui
1531 2136 1702 2171 vocatur
1735 2131 2010 2171 Baalthamar.

120 2192 279 2234 Insidiae
307 2205 480 2246 quoque,
510 2204 599 2245 qua²
626 2190 729 2232 circa
756 2191 897 2232 urbem
925 2196 1053 2235 erant,
1082 2190 1282 2245 paulatim
1309 2204 1350 2231 se
1377 2190 1530 2244 aperire
1558 2195 1781 2244 coeperunt,
1835 2192 1868 2214 ³⁴
1894 2195 1935 2231 et
1961 2190 2013 2230 ab

117 2251 367 2293 Occidentali
397 2250 507 2291 urbis
536 2255 652 2304 parte
679 2250 905 2304 procedere.
936 2250 1015 2291 Sed
1043 2255 1083 2290 et
1112 2249 1191 2290 alia
1219 2250 1357 2290 decem
1385 2248 1511 2289 millia
1539 2248 1717 2290 virorum
1747 2249 1795 2290 de
1825 2249 2012 2290 universo

120 2310 253 2360 Israel,
288 2309 539 2351 habitatores
573 2309 682 2350 urbis
716 2309 767 2350 ad
801 2308 1023 2349 certamina
1057 2308 1350 2362 provocabant.
1388 2308 1736 2362 Ingravatumque
1769 2315 1830 2349 est.
1863 2308 2010 2349 bellum

117 2375 259 2411 contra
275 2368 376 2410 filios
393 2368 623 2409 Beniamin:
640 2373 680 2409 et
694 2381 772 2409 0011
789 2367 1077 2409 intellexerunt
1092 2367 1201 2421 quod
1215 2380 1264 2408 ex
1279 2367 1387 2408 omni
1404 2371 1518 2421 parte
1533 2366 1608 2407 illis
1623 2366 1795 2408 instaret
1808 2366 2009 2408 interitus.

117 2431 149 2454 ³⁵
176 2428 460 2481 Percussitque
487 2441 553 2469 eos
580 2427 781 2468 Dominus
809 2427 849 2467 in
878 2431 1097 2480 conspectu
1128 2426 1302 2467 filiorum
1332 2425 1466 2471 Israel.
1496 2430 1537 2467 et
1563 2426 1855 2467 interfecerunt
1881 2439 1931 2467 ex
1958 2425 2013 2466 eis

117 2487 159 2528 in
184 2487 251 2529 illo
280 2486 342 2528 die
370 2486 514 2540 viginti
541 2486 721 2541 quinque
748 2485 884 2534 millia,
914 2491 955 2527 et
981 2490 1145 2526 centum
1173 2485 1292 2533 viros,
1322 2498 1460 2526 omnes
1488 2484 1701 2526 bellatores
1728 2491 1769 2526 et
1796 2485 2011 2526 educentes

117 2546 309 2601 gladium.
356 2547 392 2570 ³⁶
408 2544 499 2586 Filii
518 2550 656 2586 autem
676 2544 887 2586 Beniamin
907 2558 998 2585 01110
1017 2558 1058 2585 50
1076 2544 1281 2586 inferiores
1301 2557 1384 2585 esse
1404 2544 1612 2589 vidissent.
1634 2549 1845 2598 coeperunt
1862 2544 2009 2597 fugere.

119 2605 238 2654 Quod
265 2610 473 2646 cernentes
504 2604 575 2645 filii
607 2604 740 2651 Israel,
771 2604 972 2645 dederunt
1000 2603 1055 2644 eis
1085 2604 1137 2644 ad
1164 2603 1401 2657 fugiendum
1430 2603 1576 2651 locum,
1608 2608 1654 2644 ut
1683 2603 1734 2644 ad
1763 2608 2010 2656 praeparatas

118 2663 283 2705 insidias
307 2663 556 2711 devenirent,
584 2676 683 2717 quas
707 2663 824 2704 iuxta
847 2663 987 2704 urbem
1012 2668 1244 2716 posuerant.
1296 2663 1330 2687 ³⁷
1355 2661 1432 2711 Qui
1456 2675 1547 2703 cum
1572 2667 1736 2716 repente
1760 2662 1808 2703 de
1831 2661 2011 2703 latibulis

118 2722 396 2770 surrexissent,
424 2727 465 2764 et
491 2722 703 2764 Beniamin
729 2727 842 2776 terga
868 2721 1115 2763 caedentibus
1142 2722 1269 2769 daret,
1296 2720 1461 2775 ingressi
1487 2726 1583 2761 sunt
1608 2721 1830 2769 civitatem,
1859 2727 1900 2761 et
1923 2734 2010 2774 per-

119 2787 330 2823 cusserunt
357 2795 447 2822 eam
473 2781 514 2822 in
545 2794 611 2823 ore
637 2780 772 2835 gladii.
829 2782 865 2805 38
892 2781 1061 2834 Signum
1090 2785 1228 2821 autem
1257 2780 1454 2821 dederant
1485 2779 1554 2820 filii
1586 2779 1707 2820 Israel
1736 2779 1808 2827 his,
1841 2793 1941 2833 quos
1971 2780 2010 2820 111

118 2840 272 2882 insidiis
314 2840 623 2884 collocaverant.
667 2845 714 2880 ut
755 2845 975 2894 postquam
1018 2840 1159 2880 urbem
1204 2839 1416 2893 cepissent,
1462 2838 1594 2892 ignem
1637 2839 1920 2879 accenderent:
1966 2844 2011 2880 ut

119 2900 360 2941 ascendente
387 2898 427 2940 in
455 2899 584 2940 altum
611 2899 736 2947 fumo,
759 2904 923 2952 captam
951 2899 1091 2939 urbem
1110 2899 1448 2940 demonstrarent.
1493 2899 1529 2922 ³⁹
1548 2897 1665 2946 Quod
1684 2911 1775 2938 cum
1803 2904 2012 2938 cernerent

120 2958 190 2999 filii
224 2958 347 2999 Israel
377 2958 418 2999 in
449 2958 536 3012 ipso
568 2958 788 2999 certamine
820 2957 942 3011 positi
973 2960 1243 3011 (putaverunt
1274 2957 1380 2998 enim
1416 2956 1485 2997 filii
1519 2955 1730 2997 Beniamin
1763 2970 1828 2997 eos
1860 2957 2008 3010 fugere,

118 3022 160 3058 et
177 3017 397 3058 instantius
416 3017 776 3071 persequebantur,
799 3017 908 3057 caesis
928 3017 976 3057 de
996 3016 1174 3057 exercitu
1195 3029 1332 3057 eorum
1353 3016 1521 3069 triginta
1540 3015 1668 3067 viris)
1713 3017 1750 3040 ⁴⁰
1767 3022 1808 3056 et
1827 3015 2010 3056 viderent

119 3076 233 3130 quasi
262 3076 492 3118 columnam
520 3075 621 3116 fumi
650 3076 699 3117 de
727 3075 894 3116 civitate
923 3076 1200 3116 conscendere.
1234 3074 1444 3116 Beniamin
1476 3088 1636 3127 quoque
1664 3074 1860 3128 aspiciens
1888 3080 2007 3120 10110,

118 3148 209 3176 cum
233 3141 396 3188 captam
421 3139 600 3175 cerneret
624 3134 846 3181 civitatem,
872 3139 912 3175 et
938 3133 1123 3174 flammas
1147 3133 1188 3174 in
1211 3133 1382 3174 sublime
1404 3133 1517 3173 ferri:
1568 3135 1598 3157 ⁴¹
1624 3133 1691 3186 qui
1715 3133 1824 3186 prius
1848 3133 2010 3173 simula-

118 3198 262 3234 verant
287 3194 438 3247 fugam,
468 3206 584 3234 versa
609 3193 710 3234 facie
737 3193 881 3234 fortius
908 3193 1164 3234 resistebant.
1195 3193 1313 3241 Quod
1340 3206 1431 3232 cum
1458 3191 1656 3233 vidissent
1685 3191 1754 3232 filii
1783 3192 2007 3233 Beniamin.

118 3252 157 3292 in
175 3253 314 3306 fugam
331 3252 436 3293 versi
454 3257 561 3296 sunt.
607 3254 639 3276 ⁴2
657 3257 697 3292 et
715 3252 766 3293 ad
785 3251 893 3292 viam
912 3251 1059 3292 deserti
1077 3251 1132 3292 ire
1150 3256 1372 3305 coeperunt.
1393 3250 1486 3291 illuc
1505 3264 1665 3304 quoque
1682 3264 1749 3292 eos
1768 3250 2009 3292 adversariis

117 3311 465 3365 persequentibus.
493 3311 561 3352 sed
587 3315 629 3351 et
653 3310 705 3354 hi.
734 3310 802 3364 qui
827 3311 967 3351 urbem
993 3310 1298 3357 succenderant,
1327 3315 1587 3350 occurrerunt
1613 3309 1679 3350 eis.
1734 3311 1766 3333 ⁴²³
1791 3309 1926 3362 Atque
1952 3308 2007 3348 ita

118 3370 274 3410 factum
291 3374 363 3417 est,
381 3374 428 3410 ut
444 3383 493 3410 ex
508 3375 682 3423 utraque
699 3373 813 3422 parte
830 3369 881 3409 ab
898 3368 1082 3411 hostibus
1099 3370 1359 3412 caederentur.
1379 3382 1450 3409 nec
1467 3375 1553 3409 erat
1571 3368 1648 3409 ulla
1666 3368 1821 3421 requies
1838 3367 2008 3408 morien-

119 3428 233 3470 tium.
256 3428 507 3470 Ceciderunt.
531 3433 654 3481 atque
674 3427 867 3481 prostrati
888 3433 983 3469 sunt
1003 3429 1055 3469 ad
1074 3426 1322 3468 Orientalem
1342 3427 1504 3481 plagam
1525 3427 1634 3468 urbis
1655 3426 1807 3467 Gabaa.
1856 3428 1889 3449 ⁴⁴
1907 3425 1939 3464 F
1943 3438 2007 3464 ue-

117 3492 213 3527 runt
235 3493 370 3528 autem
395 3487 461 3540 qui
484 3487 523 3527 in
547 3487 686 3528 eodem
706 3487 795 3527 loco
816 3486 1018 3527 interfecti
1042 3493 1149 3529 sunt.
1173 3486 1310 3527 decem
1334 3492 1375 3527 et
1396 3491 1487 3527 octo
1509 3485 1632 3526 millia
1656 3485 1844 3525 1110111111,
1871 3496 2005 3523 onmes

2054 481 2099 510 qui
2123 480 2164 505 bis

2047 517 2173 542 vincunt.

2049 1660 2098 1685 sed
2121 1662 2183 1684 tan-

2084 1696 2149 1720 dem

2038 1733 2195 1756 metiuntur.
