2356 3760
111 107 141 145 ⁶2,
167 106 263 145 2—3,
289 106 306 138 7
855 101 1129 136 PROPHETIA
1155 101 1277 135 AMOS
1930 107 2005 149 86?

129 201 142 222 2
163 198 218 239 Et
246 198 411 238 mittam
440 198 574 251 ignem
602 197 644 238 in
672 195 806 243 Moab,
891 201 931 236 et
960 195 1173 236 devorabit
1203 195 1306 235 aedes
1337 194 1520 236 Carioth:

163 262 203 297 et
232 256 428 297 morietur
456 257 496 296 in
525 255 661 296 sonitu
690 254 824 298 Moab,
908 253 948 293 in
979 253 1164 306 clangore
1194 253 1321 293 tubae:

127 317 143 339 3
164 321 203 355 et
222 315 453 368 disperdam
471 314 644 354 iudicem
662 312 712 352 de
729 311 862 352 medio
881 312 976 357 eius,
1050 318 1089 352 et
1108 324 1246 352 omnes
1264 311 1464 365 principes
1483 312 1565 353 eius
1584 312 1824 355 interficiam
1843 328 1933 356 cum
1953 330 2010 365 eo,

372 373 471 413 dicit
498 370 710 412 Dominus.

128 479 144 502 4
164 477 262 518 Haec
291 476 389 517 dicit
417 475 635 517 Dominus:
2062 480 2173 504 iudan..

162 536 292 588 Super
320 535 449 575 tribus
479 532 692 574 sceleribus
724 532 839 581 Iuda,
923 538 963 573 et
992 545 1112 585 super
1141 538 1339 585 quattuor
1366 545 1447 573 non
1477 540 1713 574 convertam
1744 547 1854 575 eum:

163 607 208 634 eo
241 593 350 646 quod
381 591 571 633 abiecerit
600 591 728 644 legem
759 590 937 637 Domini,
1022 596 1064 631 et
1093 591 1291 631 mandata
1321 590 1404 631 eius
1435 604 1516 632 non
1547 593 1802 634 custodierit:

163 652 410 705 deceperunt
440 650 545 691 enim
576 662 642 690 eos
672 649 781 691 idola
809 663 893 693 sua.
977 655 1070 703 post
1101 662 1190 702 quae
1220 649 1404 690 abierant
1434 655 1569 702 patres
1600 663 1751 692 eorum.

127 712 143 735 ⁵
163 710 219 751 Et
247 710 411 751 mittam
440 709 574 762 ignem
602 708 644 748 in
676 708 790 755 Iuda,
874 712 915 748 et
944 707 1158 749 devorabit
1187 708 1291 748 cedes
1324 707 1553 749 Ierusalem.

737 824 775 863 2.
806 822 967 874 Regno
998 822 1149 873 lsrael,
1177 824 1218 873 2,
1236 823 1387 863 6-16.

128 899 143 921 ⁶
165 897 261 938 Haec
291 895 389 937 dicit
417 894 636 936 Dominus:
2062 898 2179 928 Propter

162 955 291 1008 Super
323 954 452 994 tribus
485 953 699 994 sceleribus
734 952 868 997 Israel,
957 959 997 993 et
1030 965 1150 1005 super
1183 958 1380 1006 quattuor
1412 966 1492 993 non
1527 959 1762 993 convertam
1797 966 1907 993 eum:
2085 935 2153 957 ”¹¹³¹

163 1027 235 1067 pro
266 1026 311 1055 eo
343 1012 451 1066 quod
482 1012 712 1052 vendiderit
741 1024 813 1065 pro
844 1016 1011 1064 argento
1042 1011 1207 1055 iustum.
1293 1016 1333 1052 et
1363 1024 1583 1065 pauperem
1614 1025 1685 1065 pro
1717 1011 2012 1053 calceamentis.

128 1074 142 1096 ⁷
163 1072 241 1120 Qui
277 1075 494 1112 conterunt
529 1083 649 1124 super
683 1069 892 1123 pulverem
928 1075 1044 1110 terra*
1080 1069 1216 1122 capita
1250 1082 1489 1123 pauperum,
1580 1076 1620 1110 et
1656 1070 1765 1110 viam
1800 1070 2014 1111 humilium

372 1129 596 1170 declinant:

163 1193 204 1230 et
228 1188 332 1229 fflius
357 1201 403 1228 ac
428 1193 545 1241 pater
570 1187 652 1228 eius
678 1187 811 1228 ierunt
837 1187 889 1227 ad
914 1186 1102 1241 puellam,
1183 1192 1229 1227 ut
1254 1186 1455 1227 violarent
1478 1200 1626 1227 nomen
1651 1192 1840 1228 sanctum
1865 1200 2013 1228 meum.

128 1249 143 1272 ⁸
163 1247 218 1288 Et
252 1260 372 1300 super
404 1246 659 1287 vestimentis
693 1246 916 1299 pignoratis
951 1246 1228 1286 accubuerunt
1263 1245 1379 1285 iuxta
1413 1258 1531 1285 omne
1566 1244 1711 1285 altare:
1800 1252 1839 1286 et
1875 1245 2015 1287 vinum

373 1305 661 1346 damnatorum
694 1305 890 1345 bibebant
918 1304 959 1344 in
989 1304 1110 1345 domo
1139 1304 1215 1344 Dei
1245 1303 1317 1344 sui.

128 1413 143 1435 ⁹
168 1411 273 1464 aEgo
304 1415 441 1450 autem
471 1407 741 1449 exterminavi
822 1407 1104 1448 Amorrhaeum
1134 1420 1157 1447 a
1186 1407 1286 1447 facie
1317 1420 1474 1448 eorum:
2071 1411 2168 1450 Populi

164 1469 276 1509 cuius
303 1467 491 1510 altitudo,
521 1467 732 1508 cedrorum
759 1465 935 1507 altitudo
962 1466 1057 1510 eius,
1139 1471 1178 1506 et
1205 1466 1320 1507 fortis
1347 1466 1431 1519 ipse
1459 1467 1573 1519 quasi
1602 1480 1790 1519 quercus:
2049 1449 2193 1506 duffii--

165 1535 205 1568 et
234 1526 407 1568 contrivi
435 1526 616 1566 fructum
646 1525 729 1565 eius
759 1525 941 1579 desuper,
1026 1530 1066 1565 et
1095 1524 1248 1565 radices
1278 1525 1361 1566 eius
1391 1525 1542 1566 subter.
2069 1516 2172 1541 dmm

113 1588 148 1611 1⁰
169 1586 274 1640 bEgo
305 1598 407 1629 suni,
440 1584 509 1637 qui
539 1584 753 1625 ascendere
783 1597 855 1625 vos
885 1583 961 1624 feci
991 1583 1040 1624 de
1070 1584 1192 1623 Terra
1222 1583 1401 1637 AEgypfi.
1487 1589 1526 1624 et
1557 1583 1655 1624 duxi
1686 1597 1756 1625 vos
1787 1584 1827 1624 in
1857 1584 2016 1624 deserto

375 1643 647 1697 quadraginta
676 1643 791 1683 annis

165 1709 212 1744 ut
240 1702 498 1757 possideretis
529 1702 693 1741 Terram
722 1701 958 1742 Amorrhaei.

114 1765 144 1787 11
165 1762 221 1803 Et
250 1761 443 1802 suscitavi
474 1761 522 1801 de
552 1760 641 1800 filiis
671 1760 815 1800 vestris
844 1760 885 1800 in
915 1761 1148 1813 prophetas,
1232 1765 1272 1800 et
1301 1760 1350 1800 de
1379 1759 1592 1800 iuvenibus
1622 1760 1768 1800 vestris
1796 1772 2017 1800 nazaraeos:

166 1820 367 1873 numquid
395 1833 477 1860 non
505 1819 563 1859 ita
592 1824 653 1859 est
682 1818 751 1859 filii
782 1818 904 1859 Israel
985 1819 1083 1859 dicit
1111 1818 1338 1859 Dominus?

114 1881 145 1904 12
166 1879 221 1920 Et
248 1878 519 1933 propinabitis
548 1878 739 1918 nazaraeis
768 1878 929 1918 vinum:
1011 1882 1052 1918 et
1080 1877 1289 1931 prophetis
1318 1877 1579 1920 mandabitis,
1611 1877 1808 1917 dicentes:
1842 1876 1900 1916 Ne
1930 1889 2018 1929 pro-

375 1936 563 1990 phetetis.

116 2046 146 2067 1³
167 2043 270 2083 Ecce
300 2055 371 2095 ego
401 2041 580 2082 stridebo
610 2041 751 2081 subter
779 2054 863 2085 vos,
947 2041 1051 2081 sicut
1080 2040 1226 2080 stridet
1255 2039 1483 2093 plaustrum
1513 2045 1706 2080 onustum
1736 2039 1858 2080 foeno.
2065 2047 2182 2071 ‘egnum

2032 2076 2222 2101 subvertetur.

115 2103 147 2126 14
167 2101 223 2142 Et
251 2100 400 2154 peribit
428 2100 525 2153 fuga
555 2113 579 2140 a
607 2099 755 2145 veloce,
840 2105 881 2140 et
909 2099 1025 2140 fortis
1056 2111 1137 2139 non
1167 2098 1370 2140 obtinebit
1400 2098 1597 2139 virtutem
1627 2111 1755 2140 suani.

168 2165 209 2201 et
236 2159 427 2201 robustus
455 2172 537 2200 non
566 2158 744 2199 salvabit
771 2158 951 2199 animam
979 2170 1113 2198 suam:
1197 2159 1228 2182 ¹⁵
1257 2162 1298 2198 et
1325 2162 1466 2198 tenens
1496 2170 1635 2197 arcum
1663 2170 1745 2197 non
1773 2156 1912 2200 stabit.

169 2224 209 2259 et
222 2218 342 2259 velox
357 2217 529 2271 pedibus
547 2217 627 2258 suis
645 2230 726 2258 non
745 2216 984 2259 salvabitur.
1036 2222 1075 2256 et
1094 2229 1281 2257 ascensor
1293 2216 1386 2268 equi
1402 2229 1483 2256 non
1497 2215 1674 2256 salvabit
1688 2215 1866 2255 animam
1885 2227 2020 2255 suam:

116 2279 151 2302 1⁶
169 2284 209 2318 et
235 2277 427 2318 robustus
456 2277 574 2317 corde
601 2276 708 2316 inter
733 2276 858 2316 fortes
938 2275 1071 2315 nudus
1099 2274 1228 2327 fugiet
1255 2274 1295 2314 in
1323 2274 1391 2314 illa
1418 2274 1493 2322 die,
1576 2274 1675 2315 dicit
1702 2273 1914 2314 Dominus.

395 2404 436 2455 Ι.
475 2403 779 2454 Sermones
819 2401 1148 2468 prophetici
1186 2401 1379 2463 AnioS‚
1417 2401 1465 2464 3,
1493 2403 1640 2464 1—6,
1668 2403 1743 2453 15.

529 2494 568 2534 1.
598 2494 662 2534 De
693 2492 997 2545 castigatione
1027 2493 1151 2534 certa
1181 2492 1224 2533 et
1253 2492 1384 2543 dura,
1411 2493 1451 2543 3,
1470 2492 1616 2533 1—15.

117 2565 155 2610 3.
210 2569 223 2590 ¹
253 2565 405 2606 Audite
435 2565 618 2613 verbum,
652 2564 761 2617 quod
790 2563 950 2605 locutus
981 2569 1043 2604 est
1071 2563 1272 2604 Dominus
1355 2576 1475 2616 super
1504 2576 1588 2609 vos,
1621 2562 1689 2603 filii
1722 2562 1862 2603 Israel:
2061 2563 2124 2589 50¹¹
2145 2564 2194 2588 0¹¹·

170 2637 290 2679 super
318 2636 479 2665 omnem
508 2623 805 2676 cognationem,
889 2635 1012 2676 quam
1041 2622 1163 2663 eduxi
1192 2623 1241 2663 de
1270 2623 1391 2663 Terra
1420 2622 1599 2675 AEgypti
1631 2622 1785 2662 dicens:
2058 2600 2195 2659 ῗὲἒιῗζῖιθ

135 2686 150 2708 ’2
170 2682 474 2724 Tantummodo
504 2694 576 2723 vos
606 2681 778 2735 cognovi
859 2694 909 2722 ex
938 2681 1125 2722 omnibus
1156 2681 1465 2734 cognationibus
1496 2686 1629 2721 terrae:

171 2742 318 2783 idcirco
346 2741 524 2782 visitabo
553 2753 675 2794 super
702 2753 774 2782 vos
857 2753 995 2781 omnes
1024 2739 1263 2793 iniquitates
1292 2745 1460 2780 vestras.

135 2849 151 2871 3
172 2845 383 2899 Numquid
411 2844 685 2886 ambulabunt
714 2844 794 2885 duo
823 2844 986 2897 pariter,
1070 2844 1146 2884 nisi
1175 2844 1411 2885 convenerit
1440 2842 1519 2884 eis?
2043 2841 2213 2905 {3222thss

136 2907 152 2929 4
173 2904 384 2957 Numquid
411 2903 543 2957 rugiet
570 2903 631 2944 leo
661 2903 701 2943 in
731 2903 850 2951 saltu,
933 2902 1010 2943 nisi
1038 2902 1228 2944 habuerit
1256 2902 1460 2956 praedam?
2090 2905 2179 2936 mtur‘

172 2962 373 3016 numquid
403 2962 519 3003 dabit
540 2961 698 3003 catulus
720 2961 846 3003 leonis
869 2974 1011 3002 vocem
1034 2961 1082 3002 de
1105 2961 1227 3002 cubili
1249 2974 1334 3009 suo,
1410 2960 1487 3001 nisi
1509 2959 1663 3012 aliquid
1685 2957 2022 3013 apprehenderit?

137 3024 153 3046 5
173 3021 373 3074 numquid
402 3020 522 3061 cadet
550 3020 636 3062 avis
664 3020 706 3061 in
734 3020 927 3073 laqueum
957 3025 1073 3061 terrae
1154 3020 1307 3073 absque
1337 3018 1517 3072 aucupe?

173 3079 373 3133 numquid
403 3078 609 3120 auferetur
636 3078 805 3131 laqueus
835 3078 883 3119 de
913 3083 1022 3119 terra
1102 3084 1325 3131 antequam
1356 3077 1454 3130 quid
1483 3075 1657 3130 ceperit?

139 3140 154 3163 ‘⁵
173 3138 215 3180 Si
244 3138 405 3192 clanget
434 3137 536 3178 tuba
564 3137 605 3177 in
635 3137 815 3186 civitate,
900 3142 941 3178 et
970 3136 1143 3191 populus
1174 3150 1255 3178 non
1286 3134 1553 3189 expavescet?

174 3197 207 3238 si
236 3197 311 3237 erit
339 3195 493 3236 malum
522 3195 563 3235 in
593 3195 772 3243 civitate,
858 3196 967 3249 quod
995 3196 1196 3236 Dominus
1225 3208 1307 3236 non
1336 3193 1499 3234 fecerit?

140 3257 154 3279 ⁷
176 3255 280 3303 Quia
307 3268 388 3296 non
416 3254 516 3295 facit
542 3253 743 3294 Dominus
770 3254 880 3295 Deus
909 3254 1092 3301 verbum,
1175 3253 1250 3294 nisi
1278 3252 1520 3293 revelaverit
1547 3257 1748 3293 secretum
1776 3263 1895 3292 suum
1975 3249 2026 3290 ad

383 3325 520 3354 servos
549 3325 642 3353 suos
671 3312 904 3365 prophetas.

255 3428 286 3470 2,
310 3429 330 3462 9
354 3428 441 3462 aNm
465 3429 517 3468 21,
542 3429 598 3467 243
625 3427 673 3460 Dt
697 3428 729 3466 2,
754 3428 806 3461 24.
832 3448 874 3452 —
898 3428 940 3462 10
963 3428 1037 3461 bEx
1062 3429 1114 3467 14,
1139 3428 1195 3466 213
1222 3427 1270 3460 Dt
1293 3427 1323 3466 8,
1348 3427 1379 3460 ⁴2.
