2356 3760
159 154 213 193 26,
237 152 380 192 29-27,
405 152 448 185 33
1012 148 1209 182 GENEsis
2011 154 2060 193 ⁴23

160 249 195 271 '2⁹
223 251 272 287 ut
299 259 382 287 non
410 246 533 286 facias
564 243 679 283 nobis
711 242 936 296 quidquam
965 241 1073 291 mali,
1106 241 1210 282 sicut
1239 246 1281 282 et
1309 255 1381 282 nos
1412 241 1511 282 nihil
1540 248 1705 282 tuorum
1735 245 1956 298 attigimus,
1989 259 2060 285 nee

159 305 327 346 fecimus
357 304 467 358 quod
493 307 535 343 te
561 301 744 342 laederet:
774 301 845 342 sed
872 313 965 341 cum
992 313 1092 354 pace
1120 300 1347 341 dimisimus
1376 304 1544 341 auctum
1572 300 1853 343 benedictione
1882 303 2058 345 Domini.

159 366 197 388 ³⁰
214 364 329 404 Fecit
348 374 439 416 ergo
460 361 515 401 eis
535 359 783 405 convivium,
806 363 848 400 et
866 363 961 412 post
980 359 1117 400 cibum
1138 364 1179 400 et
1197 363 1344 412 potum
1389 361 1422 384 3¹
1442 363 1650 412 surgentes
1671 371 1802 403 mane,
1823 361 2061 403 iuraverunt

160 423 236 463 sibi
262 425 425 462 mutuo:
454 419 690 472 dimisitque
717 431 784 459 eos
813 418 928 458 Isaac
955 418 1124 472 pacifice
1150 418 1192 459 in
1219 417 1354 459 locum
1381 430 1512 458 suum.

263 482 296 505 ³2
315 479 420 520 Ecce
441 482 580 519 autem
599 481 801 518 venerunt
820 477 862 517 in
881 477 969 530 ipso
990 476 1054 517 die
1075 476 1179 517 servi
1202 476 1317 517 Isaac
1337 476 1633 517 annunciantes
1654 476 1688 516 ei
1709 477 1758 517 de
1779 482 1915 530 puteo,
1939 492 2059 531 quem
2100 485 2230 508 juvene.)

158 540 359 587 foderant,
377 541 501 591 atque
515 536 714 577 dicentes:
732 535 968 576 Invenimus
983 548 1146 589 aquam.
1189 537 1222 559 33
1237 535 1355 576 Unde
1370 533 1594 589 appellavit
1608 547 1713 581 eum,
1730 534 2058 576 Abundantiam:
2119 525 2208 549 ³q¹¹³⁴'

159 602 200 638 et
228 609 377 638 nomen
406 595 497 637 urbi
525 594 764 649 impositum
793 598 855 635 est
884 594 1096 642 Bersabee,
1128 607 1256 647 usque
1284 594 1327 634 in
1355 598 1597 647 praesentem
1626 593 1746 635 diem.

262 657 295 680 34
327 655 438 696 Esau
471 666 566 695 vero
601 653 945 707 quadragenarius
978 652 1099 694 duxit
1131 665 1289 702 uxores,
1326 652 1467 694 Iudith
1503 651 1628 693 filiam
1663 652 1777 693 Beeri
1812 653 1985 698 Hethaei,
2021 659 2062 694 et
2101 659 2229 717 nffiffssn

159 714 382 755 Basemath
408 712 534 754 filiam
559 712 664 753 Elon
689 712 868 753 eiusdem
892 711 986 753 loci:
1040 714 1072 736 ²¹⁵
1101 724 1211 765 aquae
1236 711 1367 752 ambae
1392 711 1647 752 offenderant
1673 711 1855 752 animum
1882 712 1995 753 Isaac
2020 718 2060 753 et
2122 728 2207 752 Esau.

159 773 363 814 Rebeccae.

603 841 642 880 4.
672 840 795 881 Isaac
823 840 1032 892 gemellis
1062 839 1299 890 benedicit,
1327 840 1394 890 27,
1412 840 1564 889 1—28,
1584 839 1623 878 9.

263 907 326 950 27.
382 909 395 931 ¹
421 906 565 948 Senuit
591 910 730 947 autem
758 905 884 954 Isaac,
913 910 954 946 et
980 904 1260 959 caligaverunt
1285 904 1390 946 oculi
1416 904 1512 953 eius,
1542 910 1582 945 et
1607 904 1744 946 videre
1771 918 1852 946 non
1879 910 2059 958 poterat·
2122 901 2209 926 ¹³⁰⁰b

2052 938 2070 959 -1
2128 944 2135 952 ι
2162 938 2166 942 ·
2203 938 2208 942 ”
2253 943 2266 953 0

158 967 404 1020 vocavitque
424 965 535 1006 Esau
558 963 686 1005 filium
707 977 827 1005 suum
846 963 1053 1011 maiorem,
1077 968 1119 1004 et
1139 964 1244 1005 dixit
1264 964 1317 1004 ei:
1339 963 1416 1004 Fili
1436 963 1516 1004 mi?
1539 963 1618 1012 Qui
1638 964 1865 1018 respondit:
1889 964 2056 1006 Adsum.
2071 937 2265 1002 'essffigfflssn‘

157 1028 172 1050 *2
197 1025 271 1067 Cui
294 1030 429 1079 pater:
455 1024 589 1071 Vides,
616 1023 762 1077 inquit,
791 1023 901 1077 quod
925 1023 1137 1069 senuerim,
1165 1027 1206 1064 et
1230 1023 1411 1076 ignorem
1435 1022 1543 1063 diem
1567 1023 1709 1063 mortis
1734 1036 1845 1064 meae.
1898 1025 1914 1047 3
1938 1023 2059 1064 Sume

158 1098 272 1126 arma
296 1089 381 1133 tua,
407 1083 655 1137 pharetram,
684 1087 725 1123 et
750 1095 901 1129 arcum,
929 1086 970 1123 et
996 1081 1181 1136 egredere
1206 1081 1332 1122 foras:
1360 1094 1533 1135 cumque
1559 1086 1713 1122 venatu
1739 1081 1893 1136 aliquid
1918 1095 2060 1136 appre-

158 1143 356 1192 henderis,
410 1144 426 1167 ⁴
449 1142 515 1182 fac
540 1141 640 1182 mihi
665 1141 758 1182 inde
784 1140 1043 1195 pulmentum
1069 1140 1174 1181 sicut
1199 1140 1301 1181 velle
1327 1154 1391 1181 me
1417 1140 1536 1185 nosti,
1565 1145 1606 1181 et
1632 1140 1731 1181 affer
1755 1145 1803 1182 ut
1828 1141 2059 1182 comedam:

158 1207 199 1244 et
228 1201 443 1243 benedicat
472 1200 547 1241 tibi
578 1200 715 1241 anima
743 1213 835 1240 mea
864 1204 1087 1254 antequam
1116 1200 1276 1240 moriar.
1334 1201 1350 1224 ⁵
1379 1199 1499 1248 Quod
1528 1212 1620 1239 cum
1651 1198 1832 1240 audisset
1862 1200 2058 1245 Rebecca,

156 1266 199 1303 et
215 1260 281 1302 ille
299 1260 465 1302 abiisset
482 1259 524 1300 in
542 1272 684 1313 agrum
702 1264 750 1300 ut
767 1259 985 1300 iussionem
1002 1258 1131 1313 patris
1149 1258 1347 1312 impleret,
1397 1259 1413 1282 ⁶
1430 1257 1536 1298 dixit
1556 1257 1637 1298 filio
1655 1271 1728 1299 suo
1748 1257 1889 1299 Iacob:
1910 1258 2061 1300 Audivi

157 1324 317 1375 patrem
345 1324 465 1360 tuum
492 1318 729 1372 loquentem
758 1331 850 1359 cum
879 1317 989 1358 Esau
1017 1317 1143 1358 fratre
1172 1321 1256 1365 tuo,
1288 1322 1329 1357 et
1357 1317 1560 1357 dicentem
1589 1317 1642 1357 ei:
1703 1318 1716 1340 ⁷
1744 1316 1857 1358 Affer
1884 1317 1983 1358 mihi
2011 1317 2061 1358 de

157 1378 375 1420 venatione
393 1382 478 1427 tua,
499 1382 540 1418 et
556 1377 621 1418 fac
639 1377 749 1417 cibos
768 1380 816 1417 ut
833 1376 1057 1423 comedam,
1077 1380 1119 1417 et
1136 1375 1375 1417 benedicam
1393 1376 1469 1417 tibi
1487 1388 1623 1416 coram
1641 1376 1818 1417 Domino
1838 1380 2061 1430 antequam

157 1438 317 1479 moriar.
376 1438 392 1461 ⁸
420 1436 538 1477 Nunc
565 1448 657 1489 ergo
688 1434 743 1476 fili
779 1435 846 1483 mi,
884 1435 1093 1489 acquiesce
1121 1434 1295 1476 consiliis
1324 1435 1441 1476 meis:
1500 1437 1515 1458 ⁹
1543 1439 1584 1475 et
1610 1447 1779 1489 pergens
1808 1435 1860 1476 ad
1886 1448 2059 1489 gregem,

159 1497 258 1537 affer
283 1495 381 1537 mihi
408 1494 508 1535 duos
536 1494 678 1535 hoedos
706 1494 893 1548 optimos,
923 1498 971 1535 ut
996 1494 1145 1535 faciam
1172 1507 1221 1534 ex
1248 1494 1302 1534 eis
1330 1507 1440 1534 escas
1467 1493 1575 1548 patri
1601 1498 1686 1539 tuo,
1717 1494 1862 1548 quibus
1889 1493 2063 1535 libenter

157 1555 351 1596 vescitur:
404 1555 440 1578 ¹⁰
463 1566 563 1607 quas
588 1566 680 1594 cum
704 1552 899 1597 intuleris,
926 1558 967 1594 et
991 1553 1223 1597 comederit,
1249 1553 1465 1594 benedicat
1488 1552 1563 1593 tibi
1587 1552 1826 1606 priusquam
1849 1553 2059 1594 moriatur.

158 1615 189 1638 ¹¹
214 1613 288 1655 Cui
311 1612 376 1654 ille
400 1612 628 1666 respondit:
658 1612 775 1653 Nosti
802 1611 911 1666 quod
936 1612 1046 1653 Esau
1072 1612 1198 1653 frater
1223 1625 1335 1652 meus
1361 1612 1483 1652 homo
1509 1611 1659 1665 pilosus
1685 1612 1750 1656 sit,
1778 1616 1820 1653 et
1844 1625 1916 1666 ego
1941 1611 2060 1653 lenis:

158 1675 189 1697 ¹²
205 1673 238 1714 si
255 1671 540 1713 attrectaverit
556 1684 620 1712 me
636 1675 754 1725 pater
769 1683 894 1719 meus,
914 1675 955 1711 et
971 1671 1151 1720 senserit,
1172 1671 1296 1712 timeo
1313 1684 1362 1712 ne
1378 1675 1499 1725 putet
1515 1683 1579 1711 me
1595 1670 1671 1711 sibi
1688 1670 1863 1712 voluisse
1880 1670 2058 1715 illudere.

157 1736 198 1772 et
228 1731 420 1773 inducam
452 1743 573 1784 super
602 1743 667 1770 me
699 1729 1026 1771 maledictionem
1058 1742 1130 1783 pro
1164 1729 1456 1771 benedictione.
1518 1731 1549 1754 ¹3
1581 1729 1645 1770 Ad
1677 1743 1798 1784 quem
1830 1735 1979 1771 mater:
2014 1729 2062 1770 In

157 1804 221 1831 me
241 1790 306 1839 sit,
329 1790 399 1838 ait,
420 1789 502 1831 ista
521 1788 766 1837 maledictio,
792 1788 847 1829 fili
868 1789 941 1829 mi:
964 1793 1130 1829 tantum
1152 1789 1247 1829 audi
1268 1802 1410 1829 vocem
1431 1802 1576 1834 meam,
1601 1793 1642 1829 et
1660 1802 1829 1843 pergens
1852 1789 1952 1830 affer
1972 1802 2062 1843 quae

157 1849 251 1890 dixi.
312 1851 343 1873 ¹⁴
371 1848 498 1897 Abiit,
530 1852 571 1888 et
600 1847 754 1897 attulit,
786 1848 981 1902 deditque
1010 1848 1143 1889 matri.
1176 1848 1345 1888 Paravit
1374 1847 1442 1889 illa
1471 1848 1593 1897 cibos,
1625 1847 1731 1888 sicut
1759 1847 1860 1889 velle
1890 1853 2062 1889 noverat

156 1914 316 1963 patrem
336 1907 453 1949 illius.
505 1909 535 1931 ¹5
557 1907 613 1948 Et
634 1907 815 1948 vestibus
838 1907 948 1948 Esau
970 1906 1088 1948 valde
1110 1907 1238 1955 bonis,
1264 1920 1363 1961 quas
1386 1907 1497 1961 apud
1517 1920 1558 1947 se
1579 1906 1761 1947 habebat
1781 1906 1903 1952 domi,
1927 1906 2061 1948 induit

157 1981 268 2009 eum:
330 1968 365 1991 ¹⁶
396 1965 684 2020 pelliculasque
716 1966 932 2007 hoedorum
966 1966 1233 2006 circumdedit
1265 1965 1466 2010 manibus,
1514 1970 1554 2007 et
1596 1964 1685 2006 colli
1723 1966 1835 2006 nuda
1867 1966 2059 2020 protexit.

157 2028 191 2050 ¹⁷
214 2026 422 2079 Deditque
445 2025 716 2079 pulmentum,
743 2029 784 2065 et
806 2037 943 2078 panes,
972 2037 1071 2078 quos
1096 2030 1273 2069 coxerat,
1301 2024 1482 2065 tradidit.
1537 2027 1571 2048 ¹⁸
1595 2023 1750 2072 Quibus
1774 2024 1909 2070 illatis,
1936 2024 2059 2065 dixit:

157 2085 280 2125 Pater
306 2084 386 2125 mi?
414 2083 472 2124 At
498 2082 561 2123 ille
588 2083 817 2137 respondit:
846 2083 992 2124 Audio.
1023 2083 1120 2132 Quis
1149 2096 1189 2123 es
1218 2088 1263 2124 tu
1295 2082 1350 2124 fili
1378 2083 1457 2123 mi?
1514 2085 1548 2106 ¹⁹
1575 2082 1773 2137 Dixitque
1803 2083 1944 2125 Iacob:
1974 2084 2060 2137 Ego

156 2156 247 2184 sum
268 2142 562 2196 primogenitus
586 2146 681 2182 tuus
704 2142 833 2182 Esau:
858 2142 934 2183 feci
957 2142 1061 2183 sicut
1083 2142 1310 2196 praecepisti
1333 2142 1450 2183 mihi:
1476 2155 1604 2195 surge,
1629 2142 1734 2187 sede,
1760 2147 1801 2183 et
1823 2143 1988 2184 comede
2011 2142 2061 2183 de

157 2201 374 2243 venatione
394 2214 496 2250 mea,
518 2205 566 2241 ut
585 2200 800 2241 benedicat
818 2201 918 2241 mihi
938 2201 1075 2241 anima
1094 2205 1178 2242 tua.
1227 2202 1264 2225 2⁰
1284 2201 1543 2255 Rursumque
1568 2201 1679 2242 Isaac
1699 2201 1752 2242 ad
1774 2201 1902 2243 filium
1921 2214 2059 2242 suum:

157 2261 246 2310 Quo
278 2260 412 2308 modo,
446 2260 591 2314 inquit,
626 2265 713 2300 tam
745 2260 825 2301 cito
857 2260 1038 2300 invenire
1069 2260 1253 2314 potuisti,
1290 2260 1345 2300 fili
1377 2260 1457 2301 mi?
1490 2260 1569 2309 Qui
1600 2260 1828 2315 respondit:
1860 2260 2061 2301 Voluntas

157 2319 233 2360 Dei
260 2319 339 2361 fuit
367 2324 415 2360 ut
441 2319 521 2360 cito
551 2324 777 2360 occurreret
805 2319 903 2360 mihi
932 2319 1042 2373 quod
1070 2318 1277 2360 volebam:
1334 2321 1365 2343 ²¹
1393 2319 1591 2373 Dixitque
1622 2319 1754 2360 Isaac:
1783 2320 1940 2361 Accede
1968 2319 2059 2367 huc,

158 2384 204 2419 ut
223 2383 392 2433 tangam
413 2382 453 2419 te
476 2377 532 2418 fili
558 2378 625 2427 mi,
656 2383 697 2418 et
716 2378 885 2432 probem
906 2383 1045 2419 utrum
1066 2383 1112 2418 tu
1133 2378 1185 2418 sis
1209 2377 1313 2419 filius
1335 2391 1447 2419 meus
1468 2378 1590 2427 Esau,
1614 2392 1666 2419 an
1686 2391 1780 2419 non.
1830 2381 1861 2403 2²
1881 2378 2064 2419 Accessit

157 2437 221 2478 ille
242 2437 295 2478 ad
314 2442 486 2491 patrem,
510 2441 551 2478 et
570 2436 738 2490 palpato
760 2450 818 2486 eo,
842 2436 947 2478 dixit
968 2437 1101 2478 Isaac:
1150 2437 1241 2478 Vox
1263 2437 1438 2491 quidem,
1462 2450 1544 2478 vox
1566 2437 1688 2478 Iacob
1710 2442 1788 2478 est:
1812 2437 1881 2479 sed
1901 2450 2059 2479 manus.

157 2509 302 2537 manus
334 2501 432 2536 sunt
463 2495 585 2537 Esau.
647 2498 679 2520 23
711 2496 767 2537 Et
799 2509 881 2537 non
914 2496 1106 2550 cognovit
1138 2509 1242 2543 eum,
1279 2496 1375 2550 quia
1406 2495 1544 2550 pilosae
1576 2509 1721 2537 manus
1754 2496 2061 2537 similitudinem

157 2555 320 2596 maioris
337 2560 630 2609 expresserant.
651 2555 898 2596 Benedicens
915 2568 1006 2609 ergo
1023 2554 1090 2599 illi,
1135 2556 1167 2580 ²4
1183 2555 1259 2596 ait:
1278 2556 1338 2596 Tu
1355 2569 1394 2596 es
1414 2554 1519 2596 filius
1537 2568 1649 2596 meus
1666 2555 1800 2597 Esau?
1820 2555 2060 2609 Respondit,

157 2614 244 2668 Ego
264 2627 366 2655 sum.
414 2615 446 2638 ²5
464 2613 521 2654 At
538 2613 621 2654 ille:
642 2614 755 2654 After
772 2614 883 2663 mihi,
903 2614 1051 2668 inquit,
1073 2614 1182 2655 cibos
1202 2614 1251 2655 de
1271 2614 1489 2655 venatione
1509 2619 1593 2657 tua,
1618 2613 1673 2655 fili
1692 2614 1759 2659 mi,
1781 2619 1828 2655 ut
1848 2614 2062 2655 benedicat

158 2673 233 2714 tibi
254 2673 392 2714 anima
411 2685 514 2714 mea.
538 2672 648 2721 Quos
670 2686 763 2714 cum
785 2672 944 2714 oblatos
965 2672 1219 2722 comedisset,
1244 2672 1396 2714 obtulit
1416 2673 1451 2714 ei
1472 2673 1597 2714 etiam
1619 2673 1772 2715 vinum.
1798 2687 1878 2728 quo
1900 2673 2060 2720 hausto,

157 2733 193 2756 2⁶
210 2731 316 2773 dixit
334 2731 387 2772 ad
404 2745 515 2773 eum:
535 2731 693 2772 Accede
712 2731 764 2773 ad
781 2745 857 2779 me,
879 2736 920 2773 et
938 2732 991 2773 da
1007 2732 1107 2773 mihi
1124 2731 1319 2781 osculum,
1342 2731 1399 2773 ffli
1417 2732 1484 2773 mi.
1531 2733 1564 2756 '¹⁷
1583 2732 1777 2777 Accessit,
1797 2737 1838 2773 et
1857 2731 2061 2773 osculatus

157 2795 220 2832 est
252 2804 357 2832 eum.
392 2790 624 2845 Statimque
657 2795 705 2832 ut
737 2791 862 2832 sensit
895 2790 1235 2832 vestimentorum
1267 2790 1371 2832 illius
1405 2791 1684 2845 fragrantiam,
1720 2791 1960 2832 benedicens
1994 2790 2062 2834 illi,

158 2850 235 2890 ait:
261 2849 367 2890 Ecce
392 2849 492 2890 odor
518 2848 589 2890 filii
615 2849 693 2890 mei
718 2849 824 2891 sicut
848 2850 948 2891 odor
973 2850 1057 2904 agri
1082 2849 1201 2903 pleni,
1230 2850 1294 2891 cui
1319 2850 1529 2891 benedixit
1553 2850 1765 2890 Dominus.
1820 2851 1855 2874 23
1879 2850 1963 2891 Det
1987 2849 2063 2891 tibi

158 2908 268 2949 Deus
296 2908 346 2949 de
372 2921 460 2949 rore
488 2907 583 2957 caeli,
614 2913 656 2949 et
683 2908 732 2950 de
758 2909 1003 2963 pinguedine
1031 2913 1148 2950 terrae
1175 2908 1475 2950 abundantiam
1502 2908 1697 2949 frumenti
1725 2914 1766 2949 et
1793 2909 1889 2950 vini.
1946 2910 1981 2933 2⁹
2008 2909 2064 2950 Et

158 2967 340 3008 serviant
368 2966 445 3008 tibi
473 2967 625 3021 populi,
658 2972 699 3009 et
729 2967 901 3009 adorent
931 2972 971 3008 te
1002 2967 1150 3008 tribus:
1183 2972 1269 3009 esto
1300 2968 1488 3009 dominus
1519 2968 1694 3008 fratrum
1725 2972 1902 3012 tuorum,
1935 2972 1976 3008 et
2005 2968 2064 3008 in-

159 3030 380 3067 curventur
405 3029 501 3067 ante
525 3030 566 3067 te
593 3025 665 3066 filii
688 3026 831 3067 matris
857 3031 949 3068 tuae.
984 3026 1053 3081 qui
1077 3025 1334 3068 maledixerit
1359 3026 1446 3073 tibi,
1474 3026 1527 3067 sit
1550 3025 1615 3066 ille
1640 3025 1900 3067 maledictus:
1928 3031 1969 3067 et
1995 3026 2063 3080 qui

159 3084 412 3125 benedixerit
441 3084 528 3133 tibi,
562 3085 912 3126 benedictionibus
942 3084 1158 3139 repleatur.

262 3144 300 3168 3⁰
313 3142 393 3184 Vix
408 3142 523 3184 Isaac
538 3156 765 3185 sermonem
779 3144 1040 3198 impleverat:
1057 3149 1098 3184 et
1113 3157 1269 3198 egresso
1287 3144 1410 3185 Iacob
1425 3144 1545 3193 foras,
1563 3143 1675 3184 venit
1692 3143 1814 3187 Esau,
1858 3146 1890 3168 ²5³¹
1906 3149 2060 3185 coctos·
2126 3145 2221 3205 3⁵3³&

160 3215 238 3255 que
255 3201 305 3242 de
322 3201 539 3242 venatione
557 3203 665 3244 cibos
683 3202 824 3244 intulit
840 3203 960 3257 patri,
986 3202 1140 3243 dicens:
1166 3203 1292 3257 Surge
1308 3208 1427 3257 pater
1443 3202 1511 3251 mi,
1531 3207 1572 3243 et
1590 3202 1755 3243 comede
1773 3202 1822 3243 de
1842 3202 2057 3243 venatione
2079 3188 2266 3242 ὴὲηρᾱῗςῑως,

163 3260 233 3301 11111
261 3260 340 3301 tui:
370 3264 418 3301 ut
446 3260 661 3301 benedicat
688 3261 788 3302 mihi
816 3261 954 3302 anima
982 3266 1066 3303 tua.
1123 3263 1156 3286 3²
1183 3261 1381 3315 Dixitque
1410 3260 1465 3302 illi
1496 3261 1628 3302 Isaac:
1660 3261 1758 3310 Quis
1788 3261 1894 3301 enim
1924 3274 1963 3301 es
1994 3260 2062 3301 tu?

160 3319 240 3368 Qui
262 3319 492 3372 respondit:
518 3318 605 3372 Ego
631 3332 721 3359 sum
748 3319 852 3361 fflius
878 3326 973 3361 tuus
998 3319 1291 3374 primogenitus
1317 3320 1439 3361 Esau.
1493 3322 1526 3344 3²³
1550 3319 1735 3373 Expavit
1761 3319 1875 3360 Isaac
1900 3324 2064 3372 stupon-

160 3377 410 3418 vehementi:
438 3382 480 3418 et
504 3377 611 3418 ultra
639 3391 762 3432 quam
788 3379 895 3420 credi
920 3383 1068 3433 potest,
1098 3379 1315 3425 admirans,
1345 3378 1420 3419 ait:
1449 3378 1547 3427 Quis
1573 3378 1697 3432 igitur
1721 3377 1786 3418 ille
1812 3383 1872 3418 est
1898 3378 1966 3430 qui
1993 3377 2064 3416 du-

292 3456 333 3515 3‘5
363 3481 434 3514 qni
457 3481 510 3522 27,
536 3482 587 3516 46.
