2356 3760
347 104 406 146 IV
1054 103 1301 137 PRAEFATIO
1327 103 1409 136 EDI
1425 102 1562 137 TORIS

165 196 300 256 ¹33ng
443 195 605 236 Auditis
641 208 733 249 ergo
768 196 974 237 variorum
1009 196 1188 236 virorum
1223 195 1436 235 doctorum
1474 194 1629 235 iudiciis
1664 193 1992 247 manuscriptum
2026 195 2256 248 praeparavi

161 266 251 306 camo
275 267 301 291 in
339 260 463 307 atque
496 254 559 295 die
591 255 627 295 ζ).
665 254 769 295 Iunii
804 256 901 295 1911.
943 255 1055 296 Rmo.
1092 254 1286 307 Magistro
1319 253 1429 294 Sacri
1463 253 1611 294 Palatii
1644 252 1869 306 Apostolici
1902 252 2106 305 specimen
2139 266 2257 294 novae

162 304 300 361 mfi‘ssgfffssssffl
338 312 526 353 editionis
553 312 731 360 exhibui,
760 314 829 366 qui
855 313 1054 353 rationem
1081 313 1165 353 eius
1192 311 1439 365 approbavit
1465 318 1506 353 et
1531 311 1838 365 impressionem
1864 311 2060 364 permisit.
2115 311 2256 359 Qualis

338 371 390 411 sit
420 371 524 411 ratio
554 371 672 411 huius
703 371 905 417 editionis,
939 385 1033 411 mox
1063 384 1278 424 exponam.

149 432 310 494 ὃξζῖψξιῑζίᾞᾫ
443 429 638 470 Volebam
665 430 703 470 in
729 430 953 483 appendice
977 430 1118 470 critica
1143 442 1282 470 omnes
1306 428 1557 469 differentias
1582 428 1689 468 inter
1713 426 1933 480 Vulgatam
1958 426 2256 468 Clementinam

152 500 309 540 rotumum„
338 493 462 540 atque
504 494 665 529 textum
710 488 956 529 Hebraicum
999 494 1038 529 et
1079 488 1265 529 Graecum
1306 486 1525 528 lectoribus
1566 498 1804 538 proponere.
1875 485 2074 539 (frangens
2116 492 2256 527 autem

155 535 308 596 Η““ᾗ’ῑξζζξ(““
338 546 543 586 variantes
573 547 764 587 lectiones
795 560 942 597 magno
971 560 1063 587 cum
1092 553 1258 599 stupore
1287 545 1471 597 cognovi,
1504 544 1771 597 appendicem
1800 544 1984 585 criticam
2014 545 2103 597 plus
2132 545 2257 598 spatii

176 606 292 658 Gs11'0213
339 612 630 657 occupaturam
658 619 740 645 esse
768 619 890 658 quam
917 606 1048 658 ipsum
1075 610 1237 645 textum
1263 617 1436 651 sacrum,
1464 602 1635 656 ideoque
1660 602 1820 656 pondus
1847 615 1892 643 ae
1918 603 2096 655 pretium
2123 603 2254 657 operis

164 649 297 708 Jiissiqrifi.
340 663 508 703 nimium
540 663 634 704 fore.
693 664 784 711 Qua
812 664 861 703 de
891 676 1013 704 causa
1041 663 1128 703 illas
1159 668 1323 703 tantum
1353 661 1603 702 differentias
1633 661 1673 701 in
1703 660 1928 714 appendice
1957 661 2121 713 protuli,
2154 674 2255 715 quas

340 721 418 761 iam
454 721 486 761 F
491 722 692 762 ranciseus
727 721 891 762 Toletus
927 727 967 762 et
1001 721 1177 773 Angelus
1214 722 1351 761 Rocca
1384 725 1593 761 notarunt.
1660 719 1744 759 Has
1780 726 1898 760 notas
1934 719 1986 759 ad
2020 719 2254 760 alliciendos

340 779 570 820 criticorum
603 780 758 820 animos
782 780 900 820 valde
923 786 1041 833 aptas
1072 780 1221 820 inveni.
1272 779 1378 819 Sunt
1408 779 1515 819 enim
1545 777 1829 819 commentarii
1851 777 2012 818 illorum
2036 778 2254 819 verborum

344 838 545 878 ==offieialis
574 838 841 891 praefationis:
872 839 988 882 ..alia
1019 851 1108 892 quae
1136 837 1338 879 mutanda
1362 837 1622 885 videbantur,
1653 836 1839 877 consulto
1867 836 2090 877 immutata
2118 837 2259 878 relicta

339 903 435 937 sunt
465 931 470 937 .
503 931 509 937 .
542 931 549 937 .
579 897 630 937 ad
660 897 922 937 offensionem
950 897 1194 950 populorum
1224 895 1478 937 vitandam.“
1536 896 1641 936 Nam
1670 907 1788 948 saepe,
1818 895 2042 948 praesertim
2070 895 2111 935 in
2139 895 2257 936 Novo

341 955 616 998 'l‘estamcnto
654 969 824 1009 sequens
861 955 924 996 vel
959 955 1098 995 similis
1134 955 1291 1008 phrasis
1327 954 1515 995 recurrit:
1552 967 1661 1001 „non
1695 953 1843 1007 legitur
1877 953 1917 994 in
1954 953 2157 994 Hebraico
2193 955 2255 995 vel

340 1013 478 1053 Greci-o
501 1026 631 1067 neque
653 1013 691 1053 in
715 1014 1001 1067 manuscriptis
1024 1013 1192 1062 Latinis,
1216 1013 1393 1054 habetur
1414 1019 1552 1054 tamen
1575 1013 1614 1052 in
1636 1012 1859 1065 impressis;
1883 1025 1975 1065 ergo
1997 1012 2256 1053 retinendum

341 1076 439 1112 est.“
492 1072 691 1112 Revelant
715 1086 876 1126 quoque
898 1077 1054 1113 statum
1077 1072 1312 1126 quaestionis
1335 1071 1484 1113 criticae
1504 1071 1621 1111 istius
1644 1071 1850 1124 temporis.
1902 1071 2067 1111 Etenim
2090 1071 2256 1112 Toletus

341 1136 380 1170 et
408 1130 539 1170 Rocea
567 1130 659 1171 hinc
686 1143 744 1171 res
772 1131 950 1171 minutas
977 1136 1192 1179 annotant,
1220 1130 1328 1172 illinc
1354 1130 1605 1171 differentias
1631 1129 1762 1170 multo
1787 1129 1992 1183 graviores
2018 1129 2257 1183 simpliciter

341 1193 490 1232 tacent.
518 1195 557 1229 et
583 1189 746 1243 quidem
771 1202 1080 1243 nonnumquam
1104 1189 1145 1230 in
1169 1189 1311 1230 eodem
1335 1202 1469 1230 versu.
1522 1189 1645 1229 Plura
1669 1188 1717 1229 de
1741 1188 1801 1229 his
1826 1188 1933 1229 notis
1958 1188 2105 1229 criticis
2133 1188 2260 1229 binfra

340 1247 526 1287 scribam.

153 1298 312 1358 ῥξῐξῖξξξῃέξῖ,
445 1305 484 1345 Si
521 1306 609 1359 quis
645 1306 877 1359 interroget,
915 1319 1039 1359 quare
1074 1306 1134 1346 his
1170 1305 1325 1355 diebus,
1363 1305 1509 1360 quibus
1546 1318 1654 1346 nova
1688 1305 1812 1346 editio
1849 1305 2035 1359 Vulgatae
2071 1304 2255 1346 officialis

148 1369 318 1427 nova‘tf'ffl-
343 1370 605 1416 praeparatur.
652 1364 870 1415 Vulgatam
913 1365 1209 1406 Clementinam
1252 1364 1460 1418 publicare
1503 1364 1762 1412 voluerimus,
1808 1376 1970 1405 securus
2013 1364 2258 1418 respondere

167 1411 299 1465 0335ss
342 1436 518 1474 possum,
550 1422 725 1463 Tiberim
757 1423 889 1464 adhue
918 1423 1092 1464 multam
1123 1437 1273 1477 aquam
1302 1424 1343 1464 in
1372 1436 1483 1463 mare
1513 1422 1736 1464 effusurum
1767 1435 1863 1471 esse,
1894 1427 2119 1476 antequam
2148 1435 2259 1464 nova

341 1480 406 1521 illa
429 1481 552 1522 editio
574 1481 755 1522 officialis
776 1482 906 1522 lucem
929 1482 1111 1535 aspiciat.
1162 1482 1327 1522 Etenim
1348 1481 1518 1530 labores,
1543 1481 1690 1536 quibus
1712 1481 1941 1522 commissio
1963 1480 2257 1522 monachorum

342 1539 700 1580 Benedictinorum
738 1541 972 1593 originalem
1008 1545 1171 1582 textum
1210 1541 1592 1593 Hieronymianum.
1632 1546 1833 1594 quantum
1871 1539 2061 1593 possibile
2098 1545 2171 1589 est,
2210 1553 2258 1581 ex

341 1599 628 1651 manuscriptis
651 1605 691 1639 et
713 1599 848 1639 citatis
870 1599 1114 1652 scriptorum
1137 1613 1272 1640 eruere
1294 1599 1396 1647 vult,
1422 1612 1492 1652 per
1511 1599 1663 1639 multos
1685 1598 1818 1639 adhue
1841 1611 1967 1639 annos
1989 1597 2256 1652 protrahendi

342 1663 478 1701 erunt:
511 1657 706 1698 absolutis
738 1664 877 1698 autem
907 1658 967 1698 his
998 1657 1204 1699 laboribus
1243 1658 1339 1699 calia
1370 1657 1599 1698 commissio
1628 1663 1766 1706 „certo
1798 1657 1971 1698 certius“
2003 1657 2255 1703 instituetur.

342 1728 431 1768 quse
453 1722 613 1756 textum
636 1716 1002 1770 Hieronymianum
1024 1730 1115 1757 cum
1137 1716 1320 1758 textibus
1343 1716 1604 1770 originalibus
1626 1722 1666 1757 et
1687 1716 1981 1769 antiquissimis
2002 1715 2256 1757 versionibus

342 1787 576 1827 comparare
609 1774 785 1816 debebit.
848 1775 953 1816 Nam
984 1775 1288 1829 „Hieronymus
1321 1789 1392 1828 pro
1426 1775 1572 1816 timida
1603 1788 1677 1815 sua
1708 1780 1869 1823 natura,
1903 1775 2038 1828 inquit
2073 1774 2255 1823 dCornili,

342 1845 423 1872 non
452 1833 550 1873 satis
580 1834 759 1887 energice
787 1847 956 1875 manum
984 1834 1153 1875 immisit
1182 1839 1223 1875 et
1251 1834 1406 1875 tradita
1433 1847 1538 1888 saepe
1566 1834 1725 1875 intacta
1752 1833 1928 1887 reliquit,
1959 1833 2082 1874 etiam
2112 1833 2182 1874 ubi
2211 1846 2258 1874 ea

342 1890 445 1931 falsa
471 1905 554 1932 esse
580 1892 810 1945 cognovit“,
840 1893 891 1933 ad
918 1893 1181 1934 offensionem
1207 1893 1451 1947 populorum
1478 1892 1705 1934 vitandam.
1762 1893 1809 1933 In
1835 1892 1922 1933 aliis
1948 1904 2044 1933 vero
2070 1891 2257 1946 partibus

340 1949 535 1990 versionis
574 1963 655 1990 suae
693 1963 885 2004 magnam
924 1951 1099 2005 sumpsit
1136 1951 1355 1993 licentiam.
1422 1951 1546 1992 Plura
1583 1951 1732 1999 omisit,
1772 1951 1890 2004 plura
1927 1950 2099 2000 addidit,
2139 1950 2259 2004 plura

343 2008 607 2061 transposuit,
636 2008 755 2062 plura
779 2009 897 2050 nimis
923 2009 1046 2051 libere
1072 2010 1209 2057 vertit,
1238 2009 1496 2063 opinionibus
1523 2010 1603 2051 suis
1630 2010 1844 2064 exegeticis
1871 2009 2003 2063 ipsam
2029 2008 2253 2050 versionem

343 2067 682 2108 accommodavit.
731 2067 879 2109 Videas
905 2069 1261 2110 ecommentarium
1281 2082 1417 2109 meum
1435 2069 1476 2109 in
1495 2068 1696 2117 Genesim,
1718 2069 1758 2109 in
1778 2081 1858 2122 quo
1877 2067 1996 2109 hasce
2016 2068 2257 2108 assertiones

342 2125 524 2177 plurimis
552 2125 745 2178 exemplis
773 2127 1049 2180 comprobavi.
1107 2128 1253 2182 Itaque
1280 2140 1451 2168 examen
1478 2132 1617 2168 textus
1646 2127 1957 2180 Hieronymiani
1984 2127 2255 2167 necessarium

239 2239 243 2242 .
283 2239 286 2242 Ι
344 2190 415 2229 est,
443 2184 551 2237 quod
576 2185 607 2225 si
631 2190 820 2226 accurate
844 2185 928 2235 fiat,
955 2186 1174 2227 editionem
1199 2199 1315 2227 novae
1339 2186 1526 2240 Vulgatae
1550 2186 1732 2227 officialis
1756 2186 1840 2226 sine
1865 2185 1989 2226 dubio
2014 2185 2253 2241 retardabit.

156 2239 312 2304 §³11¹.¹1‘1¹‚¹{[s‡g‚
448 2242 599 2283 Idcirco
632 2249 771 2284 nostra
800 2243 883 2285 haec
914 2245 1038 2286 editio
1069 2245 1260 2286 studiosis
1284 2245 1415 2286 Sacrae
1437 2245 1656 2298 Scripturae
1686 2245 1848 2285 interim
1871 2244 2075 2285 deserviat
2106 2257 2255 2297 eosque

147 2310 322 2335 deserviens.
343 2300 675 2353 dispsffiitionibus
705 2302 841 2356 logicis
873 2308 997 2357 atque
1028 2304 1134 2345 notis
1166 2304 1379 2357 exegeticis
1411 2303 1463 2344 ad
1494 2304 1749 2357 frequentem
1779 2303 1995 2344 lectionem
2028 2301 2255 2343 Bibliorum

344 2359 505 2404 allusiat,
538 2373 618 2413 qua
646 2361 874 2414 antiquitus
904 2363 1074 2416 religiosi
1104 2368 1144 2404 et
1172 2363 1401 2404 sacerdotes
1431 2363 1639 2403 saeeulares
1669 2376 1709 2403 se
1739 2362 1919 2416 aliosque
1949 2361 2185 2402 erudierunt
2214 2366 2256 2402 et

344 2418 664 2460 sanctificarunt.

450 2523 485 2563 R
504 2535 583 2563 om
602 2536 652 2571 ai,
685 2523 788 2564 festo
820 2525 1000 2566 omnium
1030 2526 1288 2574 Sanctorum,
1324 2529 1356 2568 1.
1384 2525 1631 2567 Novembris
1664 2525 1776 2566 1913.

1266 2650 1330 2703 Ρ.
1365 2651 1651 2704 Michael
1690 2652 2120 2704 Hetzenauer

1525 2736 1614 2771 Ord.
1642 2736 1730 2769 Min.
1759 2736 1850 2779 Cap.

433 2870 449 2886 Λ
476 2861 597 2894 Videas
624 2862 857 2905 p1··‹efationem
884 2861 927 2894 ad
953 2861 1123 2895 lectorem.
1151 2872 1225 2905 pag.
1256 2862 1356 2895 XVII
1382 2863 1483 2896 huius
1509 2862 1627 2906 operis.

434 2910 450 2932 b
476 2908 597 2941 Videas
623 2909 787 2941 rationem
815 2909 913 2941 liuius
938 2907 1105 2943 editionis.
1132 2919 1206 2951 pag.
1236 2908 1322 2942 XIII
1342 2921 1365 2942 s.

437 2964 449 2980 ἡ·
474 2956 632 2987 conferas
657 2955 679 2987 l.
703 2955 879 2998 scriptum.
902 2955 934 2987 in
957 2964 1023 2997 quo
1044 2955 1235 2987 commissio
1258 2956 1483 2988 Benedictina
1504 2955 1672 2989 rationem
1693 2955 1849 2989 laborum
1870 2965 2012 2989 suorum
2034 2953 2158 2988 reddit.

432 3003 448 3025 (ἰ
475 3002 669 3038 Einleitung
694 3002 727 3034 in
751 3002 804 3034 die
830 3001 1057 3034 karlonischen
1088 3001 1218 3034 Biicher
1242 3002 1300 3035 des
1327 3003 1428 3036 Alteri
1454 3002 1678 3035 Testaments.
1729 3002 1918 3045 Tiibingcin
1946 3002 2042 3040 1913,
2070 3011 2145 3045 pag.
2174 2999 2251 3033 315.

436 3058 450 3073 ιτ
474 3049 745 3081 (fornmentsirius
772 3049 803 3081 iu
831 3049 969 3081 Librum
996 3048 1143 3081 Genesis.
1193 3049 1311 3082 (inscii
1337 3053 1371 3083 et
1397 3049 1545 3087 Viennae,
1574 3049 1666 3082 1910.
