2356 3760
287 174 363 213 872
1026 169 1300 204 PROPHETIA
1326 168 1448 203 AMos
1959 169 1990 209 8,
2017 170 2135 210 12-9,
2161 171 2204 204 15

287 267 319 290 ¹²
340 265 397 306 Et
417 264 789 306 commovebuntur
809 277 833 305 a
853 264 954 304 Mari
976 276 1104 316 usque
1125 263 1177 303 ad
1198 274 1320 307 mare,
1396 266 1436 302 et
1458 260 1509 301 ab
1530 260 1732 314 Aquilone
1753 273 1881 314 usque
1901 262 1954 303 ad
1974 262 2201 304 Orientem:

338 323 570 364 circuibunt
599 329 824 377 quaerentes
854 322 1025 362 verbum
1053 320 1233 365 Domini,
1316 324 1358 360 et
1384 332 1466 361 non
1494 319 1717 360 invenient.

284 384 318 407 ¹³
340 383 386 423 In
417 382 481 423 die
510 382 579 423 illa
607 381 796 422 deficient
827 380 1001 433 virgines
1031 378 1221 432 pulchrae,
1307 383 1347 419 et
1377 378 1654 419 adolescentes
1684 377 1725 418 in
1755 377 1833 419 siti.

285 442 318 465 ¹⁴
338 441 416 490 Qui
446 441 583 482 iurant
615 441 654 480 in
685 439 832 480 delicto
863 437 1068 484 Samariae,
1153 442 1193 477 et
1225 436 1386 478 dicunt:
1421 436 1535 477 Vivit
1563 436 1674 477 Deus
1705 441 1801 477 tuus
1831 437 1944 478 Dan:
2028 443 2068 478 et
2099 438 2203 480 vivit

549 500 615 540 via
647 498 858 543 Bersabee,

338 564 377 599 et
409 559 569 601 cadent.
601 562 641 597 et
671 568 753 596 non
783 560 993 608 resurgent
1023 554 1142 595 ultra.

721 661 758 700 4.
789 660 1012 700 Dominus
1042 669 1185 710 super
1213 658 1359 699 altare
1390 658 1537 709 stans,
1567 659 1606 709 9,
1625 657 1772 698 lfflss.

102 733 266 758 ¹'⁰⁰0¹³²0s⁰··
393 730 430 773 9.
487 732 499 754 ¹
532 729 621 770 Vidi
650 728 874 770 Dominum
903 733 1084 769 stantem
1112 740 1234 781 super
1262 727 1402 768 altare.
1433 732 1473 767 et
1503 726 1625 767 dixit:

101 769 262 827 .-.¹i‘›⁷1¹‚'1¹1¹1¹fl'110
339 789 510 829 Percute
541 788 759 835 cardinem,
844 792 886 827 et
915 792 1256 828 commoveantur
1284 785 1627 839 superliminaria:

78 841 271 864 “⁵¹¹¹¹'¹⁰¹¹¹¹¹''
339 848 515 888 avaritia
544 847 650 887 enim
681 847 721 886 in
752 846 886 899 capite.
916 845 1112 893 omnium,
1197 850 1239 885 et
1266 844 1535 886 novissimum
1566 857 1705 886 eorum
1726 844 1767 885 in
1786 844 1921 899 gladio
1942 845 2202 887 interficiam:

337 920 418 948 non
449 907 525 947 erit
553 906 651 959 fuga
680 905 746 946 eis.
830 904 863 944 F
867 904 1018 958 ugient‚
1051 909 1092 945 et
1120 917 1201 945 non
1232 903 1462 945 salvabitur
1489 916 1540 944 ex
1569 903 1623 944 eis
1654 903 1723 957 qui
1752 903 1913 957 fugerit.

302 968 316 990 '-'
343 966 401 1006 aSi
432 964 713 1006 descenderint
744 977 872 1017 usque
902 963 955 1004 ad
984 963 1202 1008 infernum,
1286 962 1380 1003 inde
1409 975 1556 1003 manus
1585 975 1678 1002 mea
1706 962 1852 1003 educet
1880 976 1966 1004 eos:

337 1030 377 1065 et
406 1024 437 1064 si
466 1023 723 1064 ascenderint
752 1036 879 1075 usque
908 1022 949 1062 in
978 1021 1132 1071 caelum,
1216 1021 1310 1062 inde
1338 1021 1555 1062 detraham
1583 1034 1662 1062 eos.

301 1085 317 1108 ³
342 1083 391 1123 Et
422 1083 453 1123 si
486 1082 715 1123 absconditi
745 1081 898 1122 fuerint
928 1081 969 1121 in
1001 1080 1153 1122 vertice
1185 1080 1369 1129 Carmeli,
1454 1080 1549 1121 inde
1579 1085 1766 1121 scrutans
1798 1080 1981 1121 auferam
2012 1094 2097 1122 eos:

337 1148 378 1182 et
403 1142 434 1182 si
460 1141 683 1182 celaverint
708 1154 748 1181 se
773 1140 825 1180 ab
851 1139 975 1181 oculis
1000 1139 1099 1180 meis
1123 1139 1165 1180 in
1189 1139 1394 1193 profundo
1419 1139 1555 1185 maris,
1635 1139 1689 1180 ibi
1714 1139 1922 1180 mandabo
1947 1139 2137 1192 serpenti,
2164 1146 2204 1181 et

546 1199 752 1241 mordebit
781 1212 860 1240 eos

300 1261 315 1283 ⁴²
335 1259 391 1300 Et
424 1259 455 1299 si
490 1258 665 1299 abierint
697 1258 737 1298 in
771 1257 1060 1311 captivitatem
1094 1270 1231 1299 coram
1264 1256 1436 1298 inimicis
1470 1257 1564 1306 suis,
1652 1256 1707 1297 ibi
1740 1257 1948 1298 mandabo
1980 1257 2128 1311 gladio,
2163 1264 2205 1299 et

547 1317 703 1358 occidet
734 1331 818 1358 eos:

335 1382 377 1418 et
407 1383 579 1430 bponani
606 1376 741 1417 oculos
768 1389 878 1417 meos
904 1389 1026 1429 super
1051 1389 1117 1417 eos
1197 1375 1238 1416 in
1264 1375 1432 1423 malum,
1461 1380 1503 1416 et
1528 1388 1610 1416 non
1636 1374 1677 1415 in
1705 1375 1871 1416 bouum.

301 1438 316 1460 ⁵
337 1435 391 1476 Et
421 1435 622 1477 Dominus
652 1435 762 1476 Deus
793 1435 1059 1478 exercituum.

338 1494 406 1548 qui
438 1494 571 1549 tangit
603 1499 767 1543 terram,
802 1499 841 1535 et
874 1494 1075 1534 tabescet:
1162 1499 1202 1534 et
1233 1493 1435 1547 lugebunt
1465 1506 1605 1534 omnes
1637 1492 1875 1533 habitantes
1907 1492 1947 1533 in
1979 1505 2044 1533 ea:

337 1558 377 1594 et
407 1553 598 1594 ascendet
628 1553 733 1594 sicut
762 1552 873 1593 rivus
904 1552 1046 1601 omnis,
1132 1558 1173 1593 et
1202 1551 1355 1593 defluet
1383 1551 1490 1592 sicut
1518 1551 1667 1592 fluvius
1698 1551 1879 1605 AEgypti.

301 1614 316 1636 ⁶·
337 1612 415 1660 Qui
449 1612 623 1652 aedificat
659 1612 698 1652 in
734 1611 828 1652 caelo
864 1611 1141 1652 ascensionem
1175 1624 1304 1656 suam,
1394 1616 1436 1652 et
1469 1609 1709 1651 fasciculum
1743 1623 1863 1651 suum
1897 1623 2019 1664 super
2052 1615 2204 1652 terram

544 1670 755 1711 fundavit:

343 1730 428 1782 cqui
458 1735 579 1771 vocat
610 1742 737 1783 aquas
767 1729 902 1775 maris,
988 1734 1029 1770 et
1058 1728 1233 1769 effundit
1263 1741 1329 1769 eas
1359 1741 1481 1782 super
1508 1728 1656 1769 faciem
1686 1733 1814 1777 terrae,

335 1788 536 1829 Dominus
566 1801 715 1829 nomen
745 1787 841 1829 eius.

300 1848 314 1872 ⁷
337 1847 548 1900 Numquid
582 1860 662 1888 non
697 1852 743 1888 ut
776 1846 846 1887 filii
879 1846 1122 1900 AEthiopum
1156 1860 1228 1887 vos
1262 1846 1357 1887 estis
1392 1845 1503 1890 mihi.
1606 1845 1677 1886 filii
1712 1845 1848 1894 Israel,
1884 1846 1943 1887 ait
1974 1845 2202 1887 Dominus?

336 1906 536 1959 numquid
567 1919 647 1947 non
680 1905 804 1946 lsrael
833 1905 1049 1946 ascendere
1074 1905 1151 1946 feci
1176 1905 1225 1946 de
1251 1905 1375 1945 Terra
1399 1904 1586 1958 AEgypti:
1667 1910 1707 1945 et
1732 1903 2002 1946 Palaesthinos
2027 1905 2077 1946 de
2102 1905 2204 1958 Cap-

545 1964 729 2018 padocia,
762 1970 802 2005 et
831 1964 954 2018 Syros
985 1965 1034 2005 de
1064 1964 1243 2018 Cyrene?

299 2025 314 2048 ⁸
335 2023 440 2064 Ecce
464 2023 568 2064 oculi
590 2023 757 2065 Domini
779 2023 855 2064 Dei
878 2036 998 2077 super
1020 2036 1189 2077 regnum
1212 2036 1398 2077 peccans,
1476 2028 1517 2063 et
1539 2026 1749 2063 conteram
1772 2022 1872 2063 illud
1895 2035 1920 2063 a
1940 2022 2043 2063 facie
2066 2028 2201 2064 terrae:

334 2087 619 2123 verumtamen
651 2087 863 2123 conterens
894 2095 976 2123 non
1007 2088 1217 2123 conteram
1301 2082 1470 2123 domum
1503 2081 1638 2131 Iacob,
1672 2081 1771 2122 dicit
1801 2081 2015 2123 Dominus.

299 2143 313 2165 ⁹
334 2141 439 2181 Ecce
469 2141 577 2181 enirn
606 2141 813 2182 mandabo
844 2153 929 2194 ego,
1014 2146 1056 2181 et
1085 2140 1319 2182 concutiam
1350 2141 1391 2180 in
1422 2140 1612 2181 omnibus
1641 2140 1831 2194 gentibus
1863 2140 2031 2182 domum
2065 2140 2200 2191 Israel,

335 2199 441 2240 sicut
470 2200 704 2240 concutitur
733 2199 916 2240 triticum
946 2199 986 2240 in
1017 2199 1166 2240 cribro:
1251 2205 1292 2240 et
1321 2212 1402 2240 non
1433 2199 1553 2240 cadet
1581 2199 1743 2252 lapillus
1772 2213 1894 2253 super
1923 2205 2086 2241 terram.

283 2260 319 2283 ¹⁰
336 2258 384 2298 In
413 2258 548 2311 gladio
578 2258 805 2299 morientur
886 2271 1025 2299 omnes
1055 2263 1288 2311 peccatores
1319 2257 1460 2311 populi
1488 2258 1586 2298 mei:

335 2317 404 2370 qui
437 2317 597 2357 dicunt:
633 2317 724 2358 Non
757 2317 1120 2370 appropinquabit,
1155 2323 1195 2358 et
1228 2330 1309 2358 non
1342 2316 1479 2357 veniet
1564 2330 1685 2370 super
1716 2330 1788 2358 nos
1821 2317 1989 2359 malum.

87 2420 263 2479 stafffffjjgjjl·
287 2424 312 2445 ¹¹
343 2421 384 2461 ln
410 2421 473 2462 die
498 2420 568 2461 illa
595 2421 822 2462 dsuscitabo
847 2420 1160 2461 tabernaculum
1185 2421 1335 2467 David,
1364 2421 1474 2474 quod
1499 2421 1662 2462 cecidit:
1743 2427 1782 2461 et
1808 2421 2063 2463 reaedificabo
2088 2434 2202 2475 aper-

91 2491 262 2515 matauram-
548 2485 660 2520 turas
690 2493 901 2521 murorum
931 2480 1027 2526 eius,

150 2528 206 2550 ‘'¹¹‘'
337 2544 377 2579 et
398 2552 455 2581 ea.
481 2552 570 2592 quae
592 2544 839 2588 corruerant,
863 2539 1121 2580 instaurabo:
1197 2544 1239 2580 et
1258 2539 1512 2580 reaedificabo
1533 2538 1633 2580 illud
1654 2538 1760 2580 sicut
1779 2539 1821 2580 in
1842 2539 1984 2580 diebus
2006 2539 2198 2594 antiquis.

284 2600 313 2622 ¹²
337 2598 392 2638 Ut
422 2597 657 2650 possideant
687 2597 877 2651 reliquias
910 2598 1112 2642 ldumaeae.
1197 2603 1238 2639 et
1268 2611 1407 2639 omnes
1437 2598 1637 2647 nationes,

335 2669 380 2697 eo
411 2657 520 2709 quod
549 2656 787 2697 invocatum
817 2657 870 2697 sit
898 2669 1046 2697 nomen
1076 2669 1213 2697 meum
1243 2670 1364 2710 super
1391 2670 1477 2698 eos:
1560 2657 1661 2698 dicit
1688 2656 1892 2698 Dominus
1920 2656 2072 2698 faciens
2102 2657 2196 2699 haec.

284 2717 314 2739 ¹³¹
336 2715 439 2755 Ecce
469 2715 553 2755 dies
584 2715 766 2758 veniunt.
852 2715 951 2755 dicit
980 2715 1201 2757 Dominus:

334 2780 373 2814 et
401 2774 720 2826 comprehendet
748 2780 886 2815 arator
912 2787 1143 2818 messorem.
1227 2781 1268 2816 et
1296 2774 1475 2816 calcator
1502 2788 1593 2815 uvae
1620 2775 1857 2815 mittentem
1884 2787 2041 2815 semen:

342 2839 396 2872 stet
425 2832 641 2873 stillabunt
670 2838 829 2873 montes
859 2832 1127 2878 dulcedinem,
1211 2840 1252 2875 et
1280 2847 1419 2874 omnes
1449 2833 1567 2875 colles
1597 2833 1696 2874 culti
1724 2838 1856 2875 erunt.

282 2891 389 2930 1⁴Et
419 2898 656 2931 convertam
687 2891 974 2944 captivitatem
1003 2892 1143 2945 populi
1172 2893 1250 2933 mei
1282 2892 1423 2933 Israel:

335 2955 374 2989 et
405 2949 665 2991 aedificabunt
695 2950 883 2991 civitates
914 2951 1107 2999 desertas,
1192 2957 1233 2992 et
1261 2951 1576 2993 inhabitabunt:

336 3012 377 3047 et
406 3007 654 3058 plantabunt
684 3009 835 3052 vineas.
921 3014 961 3050 et
991 3009 1133 3050 bibent
1164 3010 1306 3051 vinum
1337 3023 1495 3051 earum:

337 3071 375 3104 et
408 3065 553 3106 facient
586 3067 735 3110 hortos,
821 3073 861 3108 et
891 3068 1108 3109 comedent
1136 3069 1294 3109 fructus
1324 3082 1476 3110 eorum.

304 3133 316 3147 ³
343 3123 391 3163 lit
422 3123 616 3175 plantabo
647 3139 712 3166 eos
742 3140 863 3180 super
891 3126 1062 3167 humum
1092 3140 1227 3168 suam:
1313 3134 1353 3169 et
1381 3141 1463 3169 non
1494 3127 1666 3169 evellam
1696 3141 1762 3169 eos
1793 3129 1902 3169 ultra

338 3182 385 3221 (le
418 3188 524 3221 terra
552 3196 634 3225 sua.
669 3198 791 3237 quam
821 3185 914 3226 dedi
944 3185 1010 3231 eis.
1096 3186 1194 3227 dicit
1224 3187 1425 3228 Dominus
1455 3187 1566 3228 Deus
1597 3192 1704 3228 tuus,

423 3285 454 3325 9,
479 3287 498 3316 L‘
523 3286 585 3319 al's
613 3288 684 3327 1:35,
710 3290 740 3322 ὃ.
768 3310 804 3313 -
832 3290 851 3323 4
876 3290 930 3323 bh·
954 3292 1006 3331 44,
1034 3291 1084 3324 11.
1111 3310 1151 3314 —-
1176 3291 1196 3324 6
1224 3290 1309 3335 osup
1334 3292 1364 3332 5,
1389 3292 1419 3327 8.
1446 3313 1486 3316 -
1511 3293 1551 3326 11
1577 3293 1663 3326 dAct
1688 3293 1741 3332 15,
1767 3292 1818 3325 16.
1845 3311 1886 3315 —-
1910 3290 1953 3325 13
1979 3290 2068 3324 eIoel
2091 3291 2122 3331 3,
2148 3291 2199 3325 18.
