2356 3760
309 166 388 206 140
1154 145 1156 147 ’
1198 162 1345 197 LIBER
2029 166 2060 207 3,
2081 168 2179 207 0-«4,
2206 168 2225 201 3

310 259 361 299 ad
384 262 565 298 montem
592 257 785 299 Hermon,
838 259 852 280 ⁹
874 269 995 308 quem
1015 256 1170 296 Sidonii
1190 256 1333 297 Sarion
1354 262 1517 300 vocant,
1541 261 1582 297 et
1602 257 1826 299 Amorrhaei
1846 259 1982 300 Sanir:
2033 263 2067 285 1⁰
2087 274 2225 302 omnes

310 317 510 365 civitates,
540 329 632 370 quae.
656 315 745 355 sitae
770 320 867 355 sunt
892 314 933 354 in
958 313 1139 367 planitie,
1168 319 1209 355 et
1235 315 1467 355 universam
1494 315 1659 356 Terram
1685 316 1844 358 Galaad
1869 322 1911 358 et
1937 318 2072 359 Basan
2097 332 2226 373 usque

311 375 361 415 ad
390 375 544 420 8010110,
575 379 615 415 et
643 372 768 414 Edrai
797 372 985 413 civitates
1013 372 1125 426 regni
1153 373 1215 426 Og
1242 373 1283 414 in
1313 374 1460 415 Basan.
1518 376 1549 398 ¹1
1576 373 1692 415 Solus
1723 375 1873 429 quippe
1901 376 1963 430 Og
1990 389 2061 417 rex
2089 378 2226 419 Basa-n

312 434 516 474 restiterat
545 433 593 473 de.
623 432 747 485 stirpe
774 431 1000 485 gigantum.
1030 431 1286 473 Monstratur
1310 432 1439 473 lectus
1468 432 1551 473 eius
1578 433 1742 478 ferreus,
1773 434 1843 486 qui
1870 439 1932 476 est
1958 435 1999 476 in
2029 436 2222 477 Rabbatb

316 491 489 533 filiorum
522 492 711 537 Ammon,
744 503 893 531 novem
924 489 1083 531 cubitos
1115 490 1268 531 habens
1301 490 1577 543 longitudinis,
1611 495 1652 532 et
1683 496 1881 545 quattuor
1910 493 2141 535 latitudinis
2174 495 2225 535 ad

315 563 545 591 mensuram
576 549 703 590 cubiti
733 548 857 590 virilis
888 561 1044 590 manus.

120 610 291 669 ’ῐῑῖξζξξζξῑῑυ
421 611 450 633 ¹²
473 609 719 661 Terramque
741 607 995 661 possedimus
1017 612 1200 661 tempore
1222 607 1288 649 illo
1311 608 1362 649 ab
1384 609 1522 657 Aroer,
1547 621 1637 662 quae
1658 613 1719 650 est
1740 622 1860 662 super
1881 610 2012 664 ripam
2035 612 2226 652 torrentis

149 660 260 706 omnin,
314 669 462 712 Arnon,
494 680 621 721 usque
651 667 703 707 ad
732 666 909 707 mediam
936 671 1097 720 partem
1126 667 1277 707 montis
1306 666 1481 708 Galaad:
1512 671 1554 708 et
1581 667 1769 708 civitates
1799 667 1902 709 illius
1935 669 2049 710 adedi
2078 671 2225 712 Ruben

309 732 349 767 et
378 726 479 768 (3011.
538 728 570 750 ¹³
600 725 815 778 Reliquam
846 729 985 766 autem
1013 729 1174 779 partem
1203 725 1372 770 Galaad,
1403 731 1445 767 et
1473 738 1636 767 omnem
1665 727 1801 767 Basan
1829 728 1941 781 regni
1969 728 2042 781 Og,
2072 729 2224 770 tradidi

311 785 452 826 medize
481 785 604 825 tribui
634 784 832 829 Manasse,
864 797 1026 825 omnem
1056 784 1259 835 regionem
1288 784 1444 835 Argob:
1475 789 1705 838 cunctaque
1735 786 1871 826 Basan
1900 791 2074 828 vocatur
2103 787 2225 828 Terra

308 844 532 894 gigantum.
591 845 622 868 ¹⁴
652 843 732 883 Iair
765 842 867 883 filius
895 843 1082 884 Manasse
1112 843 1291 896 possedit
1320 856 1483 884 omnem
1510 843 1715 897 regionem
1744 844 1880 897 Argob
1909 858 2038 899 usque
2066 846 2120 887 ad
2147 850 2226 887 ter-

311 904 439 943 minos
464 902 638 946 Gessuri,
666 906 707 942 et
731 902 924 943 Machati.
951 902 1208 956 Vocavitque
1233 916 1282 943 ex
1306 903 1470 943 nomine
1494 915 1566 943 suo
1594 903 1740 946 Basan,
1769 903 1940 944 Havoth
1967 904 2059 953 Iair,
2085 904 2127 946 id
2151 909 2223 948 est,

312 961 433 1002 villas
462 961 553 1004 Iair,
583 974 710 1014 usque
736 961 776 1001 in
802 965 1044 1014 praesentem
1071 961 1190 1002 diem.
1246 963 1277 986 ¹5
1302 961 1458 1002 Machir
1484 974 1646 1015 quoque
1672 962 1765 1003 dedi
1790 961 1960 1004 Galaad.
2016 965 2050 988 ¹⁶
2075 963 2131 1004 Et
2157 963 2226 1004 tri-

310 1021 442 1062 bubus
473 1021 619 1061 Ruben
649 1025 689 1060 et
717 1020 809 1061 Gad
837 1019 930 1061 dedi
958 1020 1007 1061 de
1036 1020 1159 1060 Terra
1186 1019 1344 1061 Galaad
1372 1033 1500 1074 usque
1529 1020 1582 1061 ad
1610 1020 1848 1062 Torrentem
1876 1021 2017 1062 Arnon
2045 1022 2224 1063 medium

311 1080 511 1123 torrentis,
532 1084 573 1119 et
591 1078 814 1119 confinium
833 1092 960 1132 usque
979 1079 1031 1119 ad
1048 1083 1273 1120 torrentem
1293 1079 1424 1125 Ieboc,
1446 1079 1515 1133 qui
1533 1084 1595 1120 est
1612 1079 1809 1120 terminus
1831 1079 2007 1121 filiorum
2025 1081 2223 1122 Ammon:

312 1140 342 1162 ¹⁷
370 1143 411 1179 et
437 1137 649 1191 planitiem
676 1137 919 1185 solitudinis,
950 1142 1074 1191 atque
1104 1138 1332 1183 Iordanem,
1361 1143 1402 1179 et
1428 1138 1624 1179 terminos
1650 1137 1850 1180 Cenereth
1877 1152 2005 1193 usque
2033 1139 2085 1180 ad
2111 1152 2224 1180 mare

308 1197 467 1243 deserti,
495 1196 605 1250 quod
628 1201 690 1237 est
713 1196 990 1243 salsissimum,
1017 1197 1069 1237 ad
1092 1197 1246 1237 radices
1270 1196 1421 1238 montis
1445 1197 1607 1251 Phasga
1629 1202 1773 1238 contra
1796 1198 2005 1240 orientem.
2058 1200 2094 1223 ¹⁸
2118 1198 2226 1239 Prae-

309 1255 477 1309 cepique
500 1256 616 1296 vobis
639 1255 680 1296 in
704 1260 886 1308 tempore
910 1254 988 1301 illo,
1014 1255 1168 1296 dicens:
1193 1256 1394 1297 Dominus
1417 1256 1528 1297 Deus
1551 1260 1686 1297 vester
1708 1256 1782 1298 dat
1804 1257 1920 1298 vobis
1943 1262 2095 1298 terra-m
2116 1257 2224 1298 hanc

310 1315 349 1355 in
376 1314 658 1358 hereditatem,
688 1314 868 1367 expediti
894 1314 1110 1367 praecedite
1136 1314 1282 1356 fratres
1309 1319 1466 1356 vestros
1496 1314 1598 1355 filios
1627 1315 1751 1356 Israel
1777 1328 1916 1357 omnes
1942 1316 2018 1357 viri
2044 1316 2221 1357 robusti:

311 1376 343 1398 ¹⁹
374 1374 526 1427 absque
558 1373 764 1415 uxoribus,
798 1378 839 1414 et
868 1373 1048 1426 parvulis
1080 1378 1204 1427 atque
1234 1374 1439 1415 iumentis
1475 1374 1581 1415 Novi
1612 1374 1719 1415 enim
1751 1375 1860 1428 quod
1892 1374 2008 1428 plura
2036 1375 2225 1416 habeatis

310 1445 465 1485 pecora,
497 1438 537 1473 et
566 1432 606 1472 in
636 1432 804 1472 urbibus
833 1444 1039 1473 remanere
1069 1433 1291 1481 debebunt,
1323 1446 1424 1486 quas
1453 1433 1605 1474 tradidi
1634 1433 1761 1482 vobis,
1820 1435 1856 1458 ²⁰
1883 1433 2012 1475 donec
2039 1433 2222 1488 requiem

310 1491 465 1532 tribuat
498 1490 699 1532 Dominus
732 1491 927 1532 fratribus
961 1491 1118 1537 vestris,
1155 1491 1261 1532 sicut
1293 1492 1409 1533 vobis
1445 1492 1607 1533 tribuit:
1643 1497 1685 1533 et
1716 1492 1955 1545 possideant
1987 1493 2064 1546 ipsi
2097 1493 2223 1534 etiam

309 1551 485 1595 Terram,
522 1563 645 1604 quam
678 1549 848 1590 daturus
882 1554 943 1591 est
975 1550 1029 1591 eis
1062 1555 1174 1591 trans
1209 1550 1444 1592 Iordanem:
1478 1555 1577 1591 tunc
1609 1554 1838 1592 revertetur
1868 1552 2150 1605 unusquisque
2182 1551 2223 1592 in

311 1610 603 1661 possessionem
632 1622 760 1653 suam,
795 1622 919 1662 quam
948 1609 1041 1650 dedi
1071 1609 1199 1650 vobis.

123 1669 284 1728 ⁰¹⁹J¹¹⁵Uff¹i¹'
415 1670 446 1692 Ἡ
473 1668 612 1709 bIosue
637 1681 799 1721 quoque
822 1668 863 1708 in
887 1673 1069 1721 tempore
1093 1668 1159 1709 illo
1184 1668 1367 1722 praecepi,
1394 1669 1548 1709 dicens:
1574 1668 1690 1709 Oculi
1714 1669 1775 1709 tui
1798 1669 1991 1711 viderunt
2015 1682 2105 1723 quae
2126 1669 2223 1710 fecit

243 1724 247 1728 ’
310 1728 509 1768 Dominus
532 1728 642 1769 Deus
665 1732 801 1768 vester
822 1727 981 1768 duobus
1002 1727 1064 1767 his
1086 1727 1265 1781 regibus:
1289 1728 1344 1768 310
1365 1728 1489 1768 faciet
1511 1727 1699 1769 omnibus
1721 1728 1864 1781 regnis,
1890 1728 1942 1769 ad
1965 1741 2055 1782 quae
2076 1728 2222 1769 transi-

310 1792 424 1827 turus
443 1800 493 1827 es.
540 1788 571 1810 ²2
588 1786 649 1827 Ne
666 1786 810 1827 timeas
828 1799 913 1827 eos:
931 1786 1132 1827 Dominus
1149 1787 1257 1827 enim
1272 1787 1383 1828 Deus
1401 1791 1536 1828 vester
1551 1786 1753 1840 pugnabit
1769 1799 1841 1840 pro
1858 1787 1987 1828 Vobis.
2032 1789 2065 1812 ‘2³
2081 1787 2225 1828 Preca-

310 1850 457 1899 tusque
477 1858 566 1886 sum
584 1845 810 1886 Dominum
828 1844 869 1885 in
888 1850 1071 1898 tempore
1090 1845 1169 1893 illo,
1191 1845 1345 1887 dicens:
1392 1847 1424 1870 2⁴
1442 1846 1617 1886 Domine
1636 1845 1747 1887 Deus
1767 1851 1813 1886 tu
1832 1846 1992 1899 coepisti
2012 1846 2224 1887 ostendere

309 1917 424 1945 servo
463 1909 534 1945 tuo
573 1904 895 1957 magnitudinem
938 1910 1064 1953 tuam,
1104 1917 1355 1958 manumque
1392 1904 1669 1946 fortissimam.
1709 1917 1840 1958 neque
1879 1905 1987 1946 enim
2023 1909 2086 1946 est
2123 1904 2223 1946 alius

310 1962 419 2004 Deus
443 1963 507 2003 vel
530 1963 570 2003 in
594 1963 701 2009 eaelo,
727 1962 791 2003 vel
813 1963 854 2003 in
878 1968 996 2009 terra,
1023 1964 1092 2016 qui
1114 1964 1244 2017 possit
1265 1964 1397 2005 facere
1421 1976 1544 2017 opera
1566 1968 1650 2013 tua,
1676 1969 1717 2004 et
1740 1964 1967 2017 comparari
1989 1963 2224 2005 fortitudini

310 2026 401 2063 tuae.
453 2024 485 2046 ²⁵
508 2022 704 2063 Transibo
726 2021 861 2075 igitur,
886 2026 928 2063 et
949 2022 1097 2063 videbo
1120 2022 1286 2063 Terram
1307 2023 1413 2063 110110
1435 2022 1637 2076 0111110001
1658 2027 1770 2063 trans
1795 2023 2024 2071 Iordanem,
2048 2027 2090 2064 et
2110 2035 2225 2064 mon-

309 2086 393 2121 tem
423 2081 549 2121 istum
580 2081 795 2134 egregium,
829 2086 870 2121 et
899 2081 1115 2123 Libanum.
1174 2083 1210 2106 2⁶
1242 2082 1458 2135 Iratusque
1489 2086 1550 2122 est
1579 2082 1780 2123 Dominus
1812 2082 1911 2122 mihi
1941 2085 2108 2135 propter
2138 2095 2222 2124 vos,

309 2152 382 2180 nec
409 2139 622 2180 exaudivit
648 2153 724 2185 me,
754 2139 825 2180 sed
851 2140 957 2180 dixit
983 2140 1100 2181 mihi:
1129 2140 1293 2181 Sufficit
1320 2141 1413 2182 tibi:
1442 2153 1706 2194 nequaquam
1732 2140 1841 2182 ultra
1866 2140 2044 2194 loquaris
2073 2141 2122 2182 de
2148 2140 2224 2181 hae

310 2211 349 2239 re
377 2199 429 2239 ad
456 2212 530 2240 1110.
586 2200 619 2223 ²⁷
646 2198 830 2239 Ascende
857 2212 1052 2240 cacumen
1078 2199 1259 2253 Phasgae,
1288 2204 1330 2241 et
1356 2199 1491 2240 oculos
1519 2204 1611 2240 tuos
1638 2199 1852 2241 circumfer
1878 2200 1931 2240 ad
1957 2199 2222 2241 occidentem.

309 2262 350 2298 et
373 2258 424 2298 ad
448 2257 692 2311 aquilonem,
718 2262 985 2312 austrumque
1008 2262 1050 2299 et
1072 2258 1281 2305 orientem,
1306 2263 1347 2299 et
1370 2258 1514 2311 aspice.
1547 2269 1637 2299 Cnec
1659 2259 1767 2299 enim
1789 2259 1982 2300 transibis
2007 2258 2224 2300 Iordanem

308 2316 445 2357 istum.
505 2318 540 2341 28
571 2317 747 2370 Prfeeipe
782 2316 910 2362 Iosue,
944 2321 985 2358 et
1015 2317 1231 2358 corrobora
1261 2331 1354 2358 eum
1386 2322 1510 2371 atque
1541 2317 1745 2359 conforta:
1780 2318 1876 2371 quia
1906 2318 1990 2371 ipse
2021 2317 2223 2371 praecedet

308 2375 506 2428 populum
529 2376 667 2419 istum,
694 2381 735 2416 et
759 2375 916 2417 dividet
940 2376 993 2417 eis
1020 2377 1196 2421 Terram,
1224 2389 1348 2430 quam
1373 2377 1533 2417 visurus
1557 2389 1610 2419 es.
1663 2378 1698 2401 ²⁹
1722 2377 2028 2431 Mansimusque
2052 2377 2093 2417 in
2117 2375 2223 2417 valle

309 2440 451 2475 contra
480 2435 623 2475 fanum
652 2435 824 2488 Phogor.

626 2539 663 2577 2.
695 2537 759 2578 De
791 2538 1001 2579 custodia
1029 2538 1366 2591 praeceptorum
1398 2538 1671 2589 divinorum,
1700 2539 1739 2589 4,
1758 2538 1903 2578 1-40.

137 2606 273 2631 mmm
415 2610 453 2653 4,
512 2613 521 2635 ¹
545 2610 600 2651 Et
622 2623 729 2650 1111110
754 2610 877 2651 Ι31001
899 2610 994 2651 011111
1016 2616 1221 2665 praecepta
1242 2616 1283 2652 et
1303 2611 1464 2660 iudicia,
1489 2624 1580 2665 quae
1600 2624 1672 2665 ego
1695 2610 1818 2652 doceo
1841 2616 1899 2651 te:
1923 2614 1971 2651 ut
1990 2609 2142 2651 faciens
2164 2624 2222 2651 ea.

115 2649 128 2665 ¹:
152 2649 162 2666 Ξ
180 2650 188 2664 (
230 2657 237 2667 ‹
276 2662 290 2669 .,

133 2642 280 2667 mmmm
311 2669 438 2717 vivas,
474 2674 514 2710 et
546 2669 773 2723 ingrediens
807 2669 1014 2723 possideas
1048 2670 1225 2719 Terram,
1262 2683 1386 2724 quam
1418 2669 1620 2711 Dominus
1652 2670 1763 2710 Deus
1796 2673 1963 2723 patrum
1995 2673 2224 2710 vestrorum

309 2728 479 2769 daturus
511 2732 572 2769 est
603 2728 730 2769 vobis.
791 2730 805 2752 2
837 2729 929 2769 Non
960 2729 1119 2770 addetis
1152 2729 1204 2770 ad
1235 2730 1418 2777 verbum,
1453 2729 1563 2783 quod
1594 2728 1709 2770 vobis
1740 2727 1895 2782 loquor,
1928 2740 2002 2769 nec
2032 2727 2225 2769 auferetis

309 2800 358 2826 ex
389 2800 452 2828 eo:
486 2787 689 2828 custodite
721 2787 920 2828 mandata
949 2788 1115 2828 Domini
1146 2788 1222 2829 Dei
1252 2788 1376 2830 vestri
1410 2801 1499 2842 (111εο
1529 2801 1601 2842 ego
1631 2787 1820 2841 praecipio
1852 2787 1980 2828 vobis.
2039 2788 2055 2812 3
2087 2785 2224 2828 dOculi

311 2846 433 2885 vestri
457 2844 649 2887 viderunt
672 2846 808 2887 omnia
833 2860 923 2899 quae
945 2846 1041 2888 fecit
1063 2847 1264 2888 Dominus
1288 2852 1431 2888 contra
1456 2846 1715 2900 Beelphegor,
1749 2845 1954 2900 quomodo
1984 2845 2222 2886 contriverit

311 2916 449 2944 omnes
482 2904 655 2945 cultores
688 2905 771 2945 eius
804 2905 852 2945 de
885 2905 1017 2946 medio
1050 2906 1186 2947 vestri.
1247 2908 1262 2930 4
1294 2906 1374 2947 Vos
1407 2911 1547 2947 autem
1580 2906 1648 2959 qui
1680 2904 1896 2946 adhaeretis
1927 2903 2105 2945 Domino
2137 2904 2224 2945 Deo

310 2968 458 3004 vestro,
494 2963 633 3003 vivitis
669 2964 845 3005 universi
878 2977 1005 3018 usque
1038 2964 1079 3005 in
1112 2969 1354 3019 praesentem
1387 2964 1506 3006 diem.
1568 2967 1583 2989 ὃ
1615 2964 1734 3006 801113
1769 2963 1880 3017 quod
1912 2962 2119 3004 docuerim
2152 2975 2224 3004 vos

311 3027 513 3073 praeeepta
540 3027 663 3075 atque
687 3023 876 3072 iustitias,
903 3023 1009 3064 sicut
1031 3023 1248 3064 mandavit
1275 3023 1373 3064 mihi
1397 3023 1599 3064 Dominus
1623 3023 1734 3064 Deus
1758 3035 1889 3063 meus:
1915 3021 1970 3062 sic
1996 3021 2154 3062 facietis
2178 3035 2222 3062 00

309 3079 350 3120 10
382 3080 513 3122 Terra,
549 3094 671 3133 quam
702 3082 923 3134 possessuri
953 3082 1067 3123 estis:
1130 3084 1144 3106 ‘³
1174 3088 1215 3123 et
1246 3082 1515 3124 observabitis
1547 3087 1588 3123 et
1617 3081 1838 3136 implebitis
1870 3093 2000 3134 opere.
2035 3080 2132 3121 Haee
2163 3085 2224 3121 est

311 3138 417 3178 enim
441 3144 575 3179 vestra
598 3139 809 3192 sapientia,
835 3145 875 3181 et
896 3140 1126 3183 intellectus
1149 3154 1285 3183 coram
1306 3141 1479 3195 populis,
1504 3146 1552 3181 ut
1573 3141 1784 3182 audientes
1808 3140 1998 3181 universa
2018 3143 2225 3193 praecepta

311 3197 406 3245 haec,
435 3197 591 3237 dicant:
621 3198 683 3238 En
712 3199 882 3251 populus
909 3200 1068 3253 sapiens
1095 3205 1136 3241 et
1160 3199 1399 3254 intelligens,
1426 3213 1523 3254 gens
1550 3213 1709 3253 magna.
1767 3200 1781 3223 ⁷
1809 3199 1892 3239 Nec
1918 3202 1980 3239 est
2004 3197 2083 3238 alia
2109 3198 2223 3238 natio

311 3262 397 3296 tam
416 3256 591 3309 grandis,
616 3270 704 3309 111110
725 3257 873 3298 babeat
895 3258 989 3299 deos
1010 3260 1388 3313 appropinquantes
1408 3259 1495 3305 sibi,
1518 3258 1623 3299 sicut
1642 3258 1752 3299 Deus
1773 3262 1910 3299 noster
1929 3256 2046 3298 adest
2065 3256 2223 3297 cunctis¹

311 3314 658 3355 obsecrationibus
680 3317 839 3357 nostris.
892 3319 906 3340 ⁸
928 3317 1026 3365 Quae
1046 3323 1108 3358 est
1128 3318 1235 3359 enim
1256 3317 1334 3358 alia
1353 3330 1449 3371 gens
1470 3317 1525 3357 sic
1545 3316 1701 3371 inclyta
1722 3322 1768 3357 ut
1787 3316 1939 3357 habeat
1959 3314 2220 3357 ceremonias.

311 3372 499 3426 iustaque
516 3373 675 3417 iudicia,
695 3380 735 3414 et
753 3375 984 3415 universam
1001 3376 1141 3429 legem,
1163 3390 1287 3430 quam
1309 3389 1379 3429 ego
1399 3389 1624 3428 proponam
1640 3375 1759 3417 hodie
1777 3379 1872 3416 ante
1889 3373 2024 3415 oculos
2040 3373 2221 3415 vestros?

447 3500 485 3531 Γ.)
505 3499 591 3531 aNm
613 3499 666 3535 32,
689 3499 738 3532 29.
836 3500 875 3533 :31
896 3500 982 3532 bNm
1006 3501 1058 3540 27,
1081 3501 1130 3534 18.
1158 3522 1199 3524 u
1225 3501 1266 3534 :37
1289 3500 1362 3534 cInf
1381 3501 1433 3534 31.
1455 3502 1490 3541 *23
1516 3502 1568 3539 34,
1594 3502 1623 3535 4.
1651 3522 1691 3525 -<
1717 3501 1748 3543 4,
1773 3500 1794 3534 3
1815 3500 1905 3534 de
1930 3500 1982 3539 25,
2008 3501 2036 3533 4.
