2356 3760
115 96 147 136 5,
173 95 269 136 143,
294 95 336 128 13
870 95 1276 130 PARALIPOMENON
1939 109 2012 150 371

116 188 258 242 templi
288 188 502 236 interioris,
534 189 576 230 id
607 193 679 233 θεῖ,
712 188 754 228 in
785 188 938 229 Sancta
968 194 1220 230 sanctorum:
1254 195 1294 230 et
1325 191 1430 231 ostia
1461 193 1601 245 templi
1632 194 1850 238 forinsecus
1881 212 2012 241 aurea.

115 247 261 301 Sicque
290 248 538 301 completum
568 251 629 287 est
658 259 776 287 omne
806 259 919 299 opuS,
953 247 1062 300 quod
1090 247 1187 288 fecit
1215 248 1407 290 Salomon
1437 250 1476 290 in
1507 251 1626 292 domo
1656 253 1832 296 Domini.

219 306 258 349 5.
313 308 326 330 1
350 306 496 347 Intulit
521 305 662 358 aigitur
681 304 873 345 Salomon
894 306 1041 353 omnia,
1066 319 1155 359 quae
1175 313 1347 348 voverat
1366 308 1502 349 David
1523 314 1641 362 pater
1659 324 1766 357 suus,
1791 321 2013 367 argentum,
2059 314 2194 373 &³0⁰4

116 369 156 405 et
184 377 341 413 aurum,
370 369 411 405 et
437 363 628 404 universa
652 376 754 404 vasa
779 363 917 416 posuit
944 363 984 403 in
1012 364 1211 405 thesauris
1239 366 1383 407 domus
1410 367 1496 407 Dei.
2030 355 2065 377 ΡΗ
2083 352 2222 379 ¹¹5¹“ffl't‘

569 466 607 506 3.
638 466 868 507 Dedicatio
897 467 1052 519 templi
1082 467 1275 518 Domini,
1303 468 1343 519 5,
1361 471 1480 520 2—7,
1501 471 1565 510 22.

220 540 235 563 2
262 538 363 579 Ροεῖ
392 550 482 591 quae
515 537 797 590 bcongregavit
826 537 997 578 maiores
1027 542 1128 578 natu
1161 538 1295 588 Israel,
1328 545 1369 580 et
1397 546 1566 582 cunctos
1595 542 1795 597 principes
1824 545 2017 594 tribuum,
2063 542 2186 571 ¹'‘'¹'¹¹¹¹¹·*

116 603 156 639 et
186 597 324 650 capita
353 596 601 637 familiarum
633 595 682 636 de
714 595 803 636 filiis
837 595 961 636 Israel
992 596 1033 637 in
1066 597 1297 645 Ierusalem,
1332 602 1379 638 ut
1410 599 1658 641 adducerent
1690 614 1825 643 arcam
1856 603 2018 645 foederis
2062 584 2186 641 εἶεῗῖῗῖἶιῖω

113 656 280 697 Domini
304 656 353 697 de
377 655 554 697 Civitate
577 654 726 703 David,
755 667 844 708 quae
868 660 929 695 est
952 655 1059 696 Sion.
1112 657 1128 680 3
1152 656 1361 697 Venerunt
1385 657 1524 711 itaque
1549 659 1600 699 ad
1624 672 1757 712 regem
1782 674 1919 702 omnes
1944 663 2018 703 viri
2050 654 2199 711 ⁰‘'⁰t‘{1sr‘'‚g³'

117 714 239 755 Israel
268 715 310 755 in
340 714 403 755 die
432 713 616 755 sollemni
645 713 794 754 mensis
823 713 998 767 septimi.

219 776 234 798 4
260 774 442 826 Cumque
468 772 675 813 venissent
701 772 837 813 cuncti
863 773 1067 813 seniorum
1095 773 1230 823 Israel,
1258 778 1531 827 portaverunt
1557 776 1711 817 Levitae
1738 790 1884 820 arcam,
1939 781 1954 803 5
1981 784 2020 819 et
2033 775 2218 834 ³,ffi}¹{,.t,f1¹‚¹}j

115 833 341 873 intulerunt
376 844 478 880 eam,
515 836 557 872 et
592 844 753 872 omnem
789 836 1028 884 paraturam
1064 832 1329 873 tabernaculi.
1366 832 1491 875 Porro
1528 847 1628 875 vasa
1662 836 1893 882 sanctuarii,
1933 816 2047 890 quael
2076 828 2203 873 fortun*

115 895 231 932 erant
251 891 294 931 in
315 889 591 939 tabernaculo,
616 894 888 943 portaverunt
909 890 1148 932 Sacerdotes
1170 905 1263 932 cum
1285 892 1450 933 Levitis.
1505 894 1519 916 θ
1543 893 1631 934 Rex
1654 899 1792 935 autem
1814 895 2018 943 Salomon,

114 955 156 991 et
184 949 398 990 universus
427 953 558 990 coetus
591 948 725 997 Israel,
759 954 800 990 et
830 962 981 993 omnes,
1015 950 1084 1003 qui
1113 950 1282 991 fuerunt
1311 952 1543 1005 congregati
1574 956 1669 993 ante
1701 966 1848 1001 arcam,
1880 954 2022 996 immo-

113 1008 258 1049 labant
275 1009 432 1057 arietes,
453 1012 494 1049 et
512 1007 636 1049 boves
656 1008 810 1061 absque
828 1007 908 1049 ullo
926 1022 1114 1050 numero:
1134 1014 1256 1050 tanta
1273 1010 1380 1050 enim
1398 1015 1486 1051 erat
1504 1010 1727 1053 multitudo
1746 1012 2019 1054 victimarum.

117 1069 131 1092 ⁷
149 1067 205 1108 Et
220 1066 450 1108 intulerunt
465 1066 703 1108 Sacerdotes
721 1079 857 1107 arcam
874 1066 1036 1108 foederis
1053 1067 1219 1109 Domini
1236 1068 1277 1108 in
1294 1067 1428 1109 locum
1445 1082 1576 1118 suum,
1594 1069 1636 1110 id
1653 1075 1725 1119 est,
1745 1071 1797 1111 ad
1814 1071 2022 1112 oraculum

114 1125 268 1180 templi,
291 1126 333 1167 in
354 1126 507 1167 Sancta
526 1129 762 1166 sanctorum
784 1126 925 1166 subter
946 1125 1029 1166 alas
1052 1126 1278 1167 cherubim:
1331 1128 1346 1151 ⁸
1366 1128 1426 1168 ita
1445 1132 1492 1168 ut
1514 1128 1721 1169 cherubim
1743 1130 2022 1183 expanderent

115 1184 199 1226 alas
216 1198 310 1226 suas
326 1197 447 1238 super
461 1184 609 1233 locum,
628 1184 669 1224 in
688 1197 768 1238 quo
785 1184 921 1238 posita
937 1189 1025 1225 erat
1042 1198 1146 1235 arca,
1167 1190 1208 1226 et
1224 1186 1354 1239 ipsam
1372 1199 1508 1226 arcam
1526 1191 1710 1240 tegerent
1727 1200 1818 1228 cum
1836 1189 2020 1230 vectibus

114 1244 207 1286 suis.
267 1246 282 1268 ⁹
311 1244 500 1285 Vectium
530 1248 680 1291 autem,
713 1243 860 1296 quibus
889 1244 1135 1297 portabatur
1163 1257 1267 1291 arca,
1301 1244 1397 1297 quia
1424 1244 1635 1298 paululum
1664 1245 1862 1298 longiores
1892 1252 2019 1295 erant,

114 1303 252 1358 capita
284 1303 487 1357 parebant
521 1306 616 1343 ante
651 1302 878 1343 oraculum:
915 1302 947 1342 si
981 1315 1075 1343 vero
1112 1303 1200 1355 quis
1234 1302 1446 1355 paululum
1481 1304 1624 1345 fuisset
1658 1305 1918 1351 extrinsecus,
1955 1318 2021 1347 eos

114 1362 251 1403 videre
280 1375 362 1403 non
390 1365 565 1415 poterat.
596 1360 693 1400 Fuit
720 1361 861 1413 itaque
889 1373 983 1401 arca
1010 1361 1066 1401 ibi
1095 1374 1223 1414 usque
1252 1361 1292 1401 in
1321 1367 1562 1415 praesentem
1591 1363 1710 1404 diem.
1768 1366 1804 1388 10
1832 1364 2022 1417 Nihilque

114 1426 203 1463 erat
225 1421 335 1462 aliud
356 1421 397 1460 in
420 1432 524 1467 arca,
549 1418 624 1459 nisi
647 1419 737 1459 duae
760 1418 922 1464 tabulae,
949 1432 1049 1472 quas
1071 1426 1264 1473 posuerat
1285 1420 1445 1474 Moyses
1467 1421 1508 1462 in
1532 1421 1682 1469 Horeb,
1709 1423 1871 1476 quando
1893 1422 2021 1476 legem

114 1480 228 1521 dedit
256 1478 459 1520 Dominus
487 1476 578 1517 filiis
610 1477 733 1518 Israel
763 1478 1062 1531 egredientibus
1092 1491 1141 1519 ex
1171 1479 1362 1533 AEgypto.

219 1540 249 1562 11
283 1537 463 1591 Egressis
496 1541 635 1577 autem
667 1536 956 1577 Sacerdotibus
989 1538 1038 1578 de
1071 1538 1303 1579 sanctuario
1337 1539 1493 1591 (omnes
1527 1539 1633 1580 enim
1666 1540 1916 1589 Sacerdotes,
1953 1541 2020 1594 qui
2055 1545 2197 1592 f0m³>l¹¹m

113 1598 169 1639 ibi
197 1601 421 1651 potuerant
448 1595 632 1644 inveniri,
664 1596 909 1636 sanctificati
938 1602 1052 1637 sunt:
1083 1610 1157 1638 nec
1186 1597 1319 1638 adhuc
1348 1598 1389 1638 in
1418 1597 1485 1639 illo
1515 1603 1698 1652 tempore
1728 1599 1846 1649 vices,
1878 1604 1919 1641 et
1947 1600 2020 1640 mi·
2068 1580 2183 1641 1533ssss

114 1656 372 1697 nisteriorum
404 1655 502 1696 ordo
533 1654 640 1695 inter
671 1668 737 1696 eos
769 1655 923 1695 divisus
954 1656 1059 1709 erat)
1118 1658 1149 1680 12
1180 1661 1266 1696 tam
1299 1656 1454 1697 Levitae
1486 1670 1608 1711 quam
1641 1662 1838 1707 cantores,
1872 1659 1912 1699 id
1944 1663 2016 1708 est,
2049 1651 2199 1682 ¹¹¹¹P¹⁶t¹¹s²

114 1721 155 1757 θῖ
176 1715 244 1769 qui
265 1715 341 1755 sub
362 1713 502 1767 Asaph
523 1719 651 1759 erant,
675 1718 716 1754 et
737 1714 806 1767 qui
827 1714 902 1754 sub
924 1714 1069 1761 Eman,
1093 1720 1134 1755 et
1156 1715 1225 1768 qui
1245 1716 1320 1756 sub
1344 1716 1524 1765 Idithun,
1549 1716 1629 1766 filii,
1653 1721 1694 1758 et
1714 1717 1860 1758 fratres
1881 1731 2020 1759 eorum

114 1774 253 1816 vestiti
277 1773 463 1828 byssinis,
490 1772 699 1827 cymbalis,
726 1778 767 1814 et
790 1773 1003 1826 psalteriis,
1031 1779 1072 1814 θῖ
1095 1773 1261 1815 citharis
1285 1775 1598 1829 concrepabant,
1625 1780 1780 1817 stantes
1806 1777 1858 1817 ad
1882 1776 2020 1817 Orien-

114 1833 238 1874 talem
256 1832 419 1887 plagam
438 1832 590 1881 altaris,
611 1836 653 1873 et
671 1845 763 1873 cum
782 1832 837 1872 eis
855 1832 1094 1873 Sacerdotes
1113 1838 1278 1874 centum
1297 1834 1442 1888 viginti
1461 1839 1651 1875 canentes
1670 1835 1791 1876 tubis.
1840 1837 1871 1859 13
1891 1835 2021 1889 Igitur

113 1891 270 1933 cunctis
286 1892 450 1945 pariter,
469 1896 511 1932 θῖ
525 1891 648 1940 tubis,
666 1895 708 1932 θῖ
722 1903 833 1939 voce,
852 1896 893 1932 et
908 1891 1117 1944 cymbalis,
1136 1897 1177 1932 et
1193 1893 1364 1946 organis,
1383 1898 1424 1933 et
1440 1894 1588 1934 diversi
1602 1894 1757 1947 generis
1772 1894 2018 1935 musicorum

114 1950 434 1999 concinentibus,
466 1955 507 1990 et
536 1962 677 1991 vocem
707 1949 748 1989 in
777 1949 950 1991 sublime
979 1949 1236 2000 tollentibus3
1266 1950 1383 2005 longe
1412 1952 1569 1993 sonitus
1599 1953 1853 2001 audiebatur,
1885 1953 1945 1993 ita
1972 1957 2020 1994 ut

113 2023 205 2051 cum
231 2009 456 2050 Dominum
481 2007 648 2049 laudare
675 2008 894 2061 coepissent
920 2014 961 2050 et
987 2009 1135 2050 dicere:
1164 2010 1423 2051 Confitemini
1448 2011 1626 2052 Domino
1654 2011 1847 2064 quoniam
1875 2012 2016 2060 bonus,

114 2068 307 2123 quoniam
326 2067 368 2108 in
388 2072 586 2108 aeternum
606 2067 881 2108 misericordia
900 2067 1002 2116 eius;
1023 2068 1261 2121 impleretur
1280 2070 1425 2110 domus
1445 2070 1519 2110 Dei
1541 2070 1660 2119 nube,
1710 2072 1742 2095 ¹4
1761 2083 1834 2111 nec
1854 2076 2020 2124 possent

112 2127 351 2169 Sacerdotes
375 2130 483 2167 stare
506 2130 549 2167 et
570 2126 802 2166 ministrare
825 2132 993 2180 propter
1015 2126 1239 2181 caliginem.
1266 2127 1552 2182 Compleverat
1575 2129 1681 2169 enim
1704 2128 1832 2183 gloria
1853 2130 2019 2171 Domini

113 2187 281 2228 domum
318 2185 406 2226 Dei.
463 2185 502 2228 6.
545 2187 559 2209 1
588 2185 702 2226 Tunc
730 2184 923 2226 Salomon
958 2186 1034 2226 ait:
1078 2186 1295 2227 cDominus
1329 2186 1532 2240 pollicitus
1567 2192 1628 2228 est
1656 2192 1704 2228 ut
1736 2188 1944 2229 habitaret
1978 2188 2018 2229 in

112 2245 299 2299 caligine:
325 2246 340 2269 2
357 2257 430 2298 ego
453 2249 593 2285 autem
617 2244 816 2285 aedificavi
836 2244 1005 2286 domum
1026 2246 1181 2286 nomini
1200 2246 1295 2295 eius,
1326 2251 1374 2286 ut
1395 2246 1602 2287 habitaret
1622 2247 1678 2288 ibi
1698 2247 1739 2287 in
1759 2252 2016 2301 perpetuum.

217 2306 232 2329 ³
254 2304 310 2344 Et
331 2303 536 2344 convertit
556 2316 627 2344 rex
649 2303 793 2343 faciem
817 2316 945 2349 suam,
970 2308 1011 2344 et
1033 2304 1243 2345 benedixit
1264 2305 1464 2346 universae
1485 2305 1739 2346 multitudini
1764 2306 1887 2347 Israel
1903 2307 2015 2358 (nam
2055 2306 2208 2368 ⁵³¹ffim0ss,

113 2363 244 2405 omnis
267 2362 392 2403 turba
415 2362 556 2403 stabat
579 2362 757 2416 intenta)
782 2367 823 2403 et
848 2362 923 2403 ait:
976 2365 992 2387 ‘¹
1017 2362 1262 2404 Benedictus
1287 2364 1488 2405 Dominus
1512 2364 1623 2405 Deus
1650 2364 1783 2413 Israel,
1812 2365 1880 2418 qui
1906 2366 2015 2418 quod
2039 2349 2196 2409 p‘issdi‘c'itf

112 2421 273 2463 locutus
294 2426 356 2462 est
374 2421 513 2462 David
532 2421 642 2475 patri
661 2434 764 2470 meo,
787 2434 905 2475 opere
927 2421 1160 2475 complevit,
1184 2423 1338 2464 dicens:
1386 2425 1401 2448 5
1422 2423 1457 2463 A
1478 2423 1552 2469 die,
1577 2436 1658 2477 qua
1678 2423 1800 2464 eduxi
1818 2423 2016 2477 populum

112 2493 249 2521 meum
279 2480 328 2521 de
358 2480 480 2521 Terra
508 2479 688 2534 AEgypti,
719 2493 801 2521 non
831 2480 929 2534 elegi
958 2481 1170 2522 civitatem
1199 2482 1249 2522 de
1278 2482 1435 2523 cunctis
1464 2482 1651 2523 tribubus
1683 2482 1816 2531 Israel,
1848 2487 1895 2523 ut
1923 2483 2015 2523 aedi-

113 2539 303 2580 ficaretur
326 2539 369 2580 in
395 2551 443 2580 ea
468 2539 614 2580 domus
639 2539 794 2580 nomini
820 2552 928 2581 meo:
957 2553 1088 2593 neque
1114 2540 1213 2594 elegi
1241 2554 1488 2595 quemquam
1516 2541 1639 2582 alium
1666 2542 1811 2590 virum,
1840 2546 1887 2582 ut
1913 2546 2017 2582 esset

112 2599 197 2640 dux
218 2598 259 2638 in
280 2597 430 2652 populo
452 2611 542 2639 meo
566 2597 700 2646 Israel,
750 2600 766 2623 ⁶
786 2599 856 2639 sed
877 2598 975 2653 elegi
999 2599 1229 2648 Ierusalem,
1248 2605 1295 2640 ut
1316 2600 1369 2641 sit
1388 2613 1537 2642 nomen
1558 2613 1694 2641 meum
1715 2600 1755 2640 in
1778 2613 1837 2649 ea,
1856 2605 1897 2640 et
1918 2600 2015 2653 elegi

112 2657 261 2706 David,
284 2662 332 2698 ut
351 2657 641 2698 constituerem
661 2670 753 2698 eum
773 2670 894 2711 super
912 2657 1110 2712 populum
1130 2672 1267 2699 meum
1290 2659 1423 2700 Israel.
1476 2661 1490 2683 ⁷
1510 2658 1692 2712 Cumque
1712 2659 1854 2699 fuisset
1874 2658 2017 2700 Volun-

112 2716 211 2757 tatis
238 2715 376 2758 David
402 2716 532 2770 patris
558 2716 649 2765 mei,
679 2721 727 2757 ut
754 2717 973 2758 aedificaret
1000 2717 1168 2758 domum
1196 2718 1350 2760 nomini
1378 2718 1544 2759 Domini
1571 2717 1646 2758 Dei
1676 2717 1810 2765 Israel,
1869 2718 1884 2741 Β
1911 2717 2016 2758 dixit

112 2775 314 2816 Dominus
337 2775 390 2816 ad
419 2787 532 2816 eum:
563 2775 670 2824 Quia
691 2775 777 2816 haec
799 2776 880 2817 fuit
902 2775 1094 2817 voluntas
1119 2782 1203 2826 tua,
1230 2782 1278 2818 ut
1300 2777 1518 2818 aedificares
1542 2777 1709 2817 domum
1733 2776 1887 2817 nomini
1910 2789 2013 2824 meo,

112 2834 214 2875 bene
250 2834 414 2887 quidem
448 2834 580 2876 fecisti
613 2834 893 2876 huiuscemodi
928 2835 1076 2876 habere
1106 2834 1382 2878 voluntatem:
1448 2838 1463 2860 ⁹
1497 2836 1567 2876 sed
1601 2848 1681 2876 non
1716 2840 1763 2876 tu
1797 2834 2015 2876 aedificabis

112 2893 293 2942 domum,
322 2905 464 2934 verum
491 2893 598 2934 filius
624 2898 733 2942 tuus,
764 2893 833 2947 qui
860 2894 1088 2947 egredietur
1114 2895 1164 2936 de
1190 2894 1340 2936 lumbis
1368 2895 1460 2941 tuis,
1490 2894 1574 2948 ipse
1601 2893 1820 2935 aedificabit
1847 2894 2015 2935 domum

111 2951 266 2992 nomini
292 2964 394 2993 me0.
449 2954 485 2977 1⁰
511 2952 742 3006 Complevit
767 2965 859 3006 ergo
886 2953 1088 2994 Dominus
1114 2966 1341 2995 sermonem
1368 2967 1499 3001 suum,
1529 2966 1648 3006 quem
1674 2952 1835 2994 locutus
1861 2952 2013 2993 fuerat:

112 3015 153 3051 et
180 3023 252 3063 ego
281 3010 435 3052 surrexi
462 3023 535 3064 pro
563 3011 700 3052 David
728 3016 845 3065 patre
872 3025 975 3061 meo,
1006 3017 1047 3053 et
1075 3013 1159 3054 sedi
1187 3025 1307 3066 super
1334 3013 1528 3053 thronum
1558 3011 1692 3060 Israel,
1723 3011 1828 3052 sicut
1854 3011 2014 3052 locutus

112 3073 173 3110 est
200 3069 419 3111 Dominus:
449 3074 491 3111 et
517 3069 715 3111 aedificavi
743 3070 911 3112 domum
940 3071 1095 3112 nomini
1121 3072 1288 3113 Domini
1315 3072 1391 3112 Dei
1422 3069 1554 3112 Israel.
1613 3072 1643 3094 11
1672 3070 1728 3111 Εῖ
1755 3070 1871 3124 posui
1898 3070 1940 3110 in
1968 3083 2016 3111 ea

112 3140 259 3176 arcam,
289 3128 331 3169 in
359 3141 441 3182 qua
467 3133 528 3170 est
553 3133 722 3182 pactum
748 3129 927 3178 Domini,
958 3130 1067 3183 quod
1094 3130 1250 3184 pepigit
1276 3143 1368 3171 cum
1395 3129 1485 3170 filiis
1514 3128 1647 3170 Israel.

216 3188 248 3211 12
277 3187 403 3228 Stetit
431 3200 524 3241 ergo
554 3199 690 3230 coram
720 3187 839 3229 altari
868 3188 1035 3230 Domini
1065 3202 1114 3230 ex
1143 3190 1313 3230 adverso
1344 3189 1542 3229 universae
1570 3187 1845 3241 multitudinis
1877 3186 2010 3235 Israel,

112 3249 154 3286 et
178 3246 365 3287 extendit
388 3259 536 3287 manus
560 3259 665 3288 suas.
720 3249 752 3272 1³
776 3247 985 3301 Siquidem
1011 3248 1164 3289 fecerat
1188 3247 1380 3289 Salomon
1406 3247 1536 3288 basim
1562 3259 1728 3295 aeneam,
1756 3251 1797 3287 et
1821 3250 2012 3300 posuerat

111 3316 201 3344 eam
223 3304 265 3345 in
287 3304 421 3346 medio
444 3305 630 3355 basilicae,
656 3305 877 3347 habentem
902 3306 1081 3361 quinque
1104 3307 1263 3348 cubitos
1285 3306 1562 3360 longitudinis,
1588 3311 1629 3346 et
1653 3305 1830 3359 quinque
1854 3305 2009 3345 cubitos

244 3431 380 3473 5,121
408 3430 461 3476 Rg
486 3433 516 3472 7,
540 3432 592 3465 51.
620 3453 662 3456 -
686 3432 706 3465 2
729 3432 932 3477 ble8‚1.
959 3454 1000 3457 —
1025 3435 1107 3476 6,]
1137 3436 1170 3466 ο]
1198 3433 1251 3477 Rg
1275 3434 1305 3472 s,
1332 3434 1380 3467 12.

1727 3488 1801 3529 24*
