2356 3760
104 790 190 815 quta
214 796 274 819 pro-

109 832 270 851 missionem

135 860 249 886 Domini

103 1742 190 1768 Caleb
206 1744 278 1768 acci—

99 1778 143 1808 pit
156 1778 282 1804 Hebron.

130 2097 255 2122 Termini

155 2140 228 2163 olum

296 132 372 172 188
1181 129 1330 164 LIBER
1939 135 1991 175 14,
2019 134 2140 175 3—15,
2169 135 2206 168 ll

295 232 337 266 et
370 223 547 265 dimidiae
583 223 717 264 tribui.
780 226 794 247 ³
828 222 998 263 Duabus
1033 223 1139 263 enim
1175 224 1374 273 tribubus,
1411 230 1453 266 et
1486 226 1663 267 dimidiae
1696 226 1866 267 dederat
1899 227 2059 280 Moyses
2096 235 2208 269 trans

296 283 512 324 Iordanem
543 282 855 336 possessionem:
889 281 1042 334 absque
1073 282 1238 331 Levitis,
1274 283 1341 336 qui
1373 283 1472 323 nihil
1503 289 1619 325 terrae
1650 290 1895 338 acceperunt
1924 285 2030 326 inter
2061 287 2208 328 fratres

295 355 407 382 suos:
456 343 472 365 ‘²
492 341 564 383 sed
584 342 624 381 iu
646 353 784 381 eorum
807 346 1087 380 successerunt
1107 340 1239 381 locum
1266 340 1334 381 filii
1360 342 1504 395 Ioseph
1527 343 1567 383 in
1589 343 1690 383 duas
1712 344 1830 384 divisi
1853 344 2209 392 tribuS‚·Manasse

294 406 337 442 et
349 400 567 454 Ephraim:
584 412 657 440 nec
673 405 917 452 acceperunt
931 398 1086 439 Levitae
1101 399 1223 440 aliam
1238 400 1278 440 in
1295 400 1417 441 Terra
1431 407 1603 454 partem,
1621 402 1697 442 nisi
1712 403 1830 443 urbes
1848 403 1899 444 ad
1914 403 2205 447 habitandum.

297 465 339 500 et
357 459 591 500 suburbana
613 470 752 498 earum
773 457 824 498 ad
845 456 991 498 alenda
1009 458 1195 498 iumenta
1213 463 1255 499 et
1272 472 1420 511 pecora
1438 473 1522 501 sua.
1571 462 1586 484 ⁵
1606 460 1721 501 Sicut
1738 469 1987 515 praeceperat
2005 462 2207 503 Dominus

296 518 438 572 Moysi,
472 517 530 558 ita
559 519 743 557 fecerunt
775 515 845 556 filii
878 515 1012 560 Israel,
1045 521 1087 557 et
1115 517 1343 558 diviserunt
1374 518 1550 559 Terram.

667 633 738 683 ΙΙ.
777 633 913 698 Ipsa
951 632 1166 683 divisio
1206 634 1395 695 terrae,
1436 634 1516 686 14.
1545 635 1729 696 6—21,
1757 634 1844 686 43.

760 717 799 756 1.
829 715 1073 757 Possessio
1105 716 1244 757 Caleb
1277 716 1498 768 Cenezaei‚
1526 719 1592 769 14,
1612 719 1758 760 6—15.

403 785 418 807 ⁶
447 783 715 824 Accesseruut
744 782 884 835 itaque
918 781 987 823 filii
1020 782 1123 822 Iuda
1154 783 1206 823 ad
1239 783 1354 823 losue
1386 784 1425 823 in
1456 784 1636 837 Galgala,
1669 785 1910 839 locutusque
1942 792 2003 827 est
2034 787 2085 827 ad
2116 800 2209 827 eum

297 842 418 883 Caleb
440 842 542 882 filius
563 841 740 895 Iephone
758 841 988 882 Cenezaeus:
1011 841 1149 882 aNosti
1169 841 1265 894 quid
1282 841 1441 882 loeutus
1459 843 1511 883 sit
1528 843 1728 884 Dominus
1746 845 1799 885 ad
1815 844 1981 898 Moysen
2000 845 2208 886 hominem

299 901 370 942 Dei
399 902 446 942 de
475 914 538 941 me
566 906 607 941 et
634 906 673 941 te
702 901 740 940 iu
769 900 1036 941 Cadesbarne.
1096 901 1109 923 ⁷
1138 900 1418 955 Quadraginta
1447 915 1648 942 annorum
1676 916 1786 943 eram
1815 904 1978 957 quaudo
2007 904 2119 945 misit.
2146 917 2209 945 me

296 960 454 1014 Moyses
491 959 668 1000 famulus
705 959 870 1000 Domini
909 959 956 999 de
994 959 1261 1005 (Iadesbarne,
1303 967 1346 1000 ut
1385 960 1681 1001 considerarem
1719 962 1895 1009 Terram,
1936 963 2209 1016 nunciavique

296 1020 331 1060 ei
363 1019 473 1072 quod
504 1019 602 1059 mihi
634 1031 777 1059 verum
808 1018 1037 1059 videbatur.
1101 1020 1116 1042 ⁸
1147 1018 1308 1059 Fratres
1341 1025 1481 1059 autem
1511 1020 1601 1065 mei,
1637 1020 1705 1073 qui
1738 1022 2005 1062 ascenderant
2036 1034 2208 1069 mecum,

296 1077 570 1118 dissolverunt
597 1091 665 1118 cor
691 1076 848 1130 populi:
879 1082 920 1118 et
947 1077 1208 1117 nihilomiuus
1238 1091 1309 1131 ego
1338 1083 1499 1118 secutus
1528 1092 1618 1118 sum
1646 1079 1870 1120 Dominum
1898 1080 2032 1120 Deum
2059 1093 2208 1121 meum.

298 1139 313 1161 ‘³
336 1137 573 1189 iuravitque
595 1136 754 1190 Moyses
775 1137 815 1176 in
836 1136 898 1177 die
918 1135 997 1179 illo.
1021 1136 1175 1176 dicens:
1199 1136 1331 1185 Terra,
1356 1150 1480 1190 quam
1500 1137 1674 1178 calcavit
1695 1152 1764 1191 pes
1785 1143 1892 1187 tuus,
1915 1139 1991 1179 erit
2011 1138 2210 1192 possessio

296 1202 379 1238 tua.
416 1201 457 1237 et
492 1195 665 1236 filiorum
700 1202 865 1236 tuorum
898 1195 938 1235 in
971 1201 1187 1235 aeternum:
1239 1195 1334 1249 quia
1366 1201 1528 1237 secutus
1561 1210 1601 1237 es
1634 1197 1859 1238 Dominum
1892 1198 2026 1238 Deum
2059 1210 2208 1238 meum.

295 1257 331 1279 ¹⁰
363 1254 569 1295 Concessit
602 1268 693 1307 ergo
726 1254 926 1295 Dominus
960 1254 1091 1294 vitam
1123 1254 1234 1301 mihi,
1269 1254 1374 1294 sicut
1406 1254 1609 1308 pollicitus
1643 1261 1702 1296 est
1736 1270 1863 1310 usque
1896 1256 1935 1296 in
1968 1261 2210 1310 praesentem

296 1314 415 1355 diem.
452 1313 734 1365 Quadraginta
766 1318 807 1354 et
840 1313 1019 1367 quinque
1053 1313 1148 1353 anni
1181 1318 1288 1361 sunt,
1324 1327 1373 1353 ex
1407 1327 1486 1367 quo
1518 1313 1679 1355 locutus
1712 1320 1772 1356 est
1805 1315 2005 1356 Dominus
2039 1315 2211 1356 verbum

299 1373 411 1413 istud
428 1373 480 1412 ad
497 1372 677 1425 Moysen.
699 1372 862 1425 quando
881 1372 1123 1413 ambulabat
1142 1372 1264 1412 Israel
1282 1385 1352 1425 per
1368 1372 1648 1413 solitudinem:
1668 1373 1786 1414 hodie
1805 1374 2013 1427 octoginta
2032 1374 2210 1428 quinque

298 1445 497 1472 annorum
518 1445 606 1472 sum
655 1433 684 1455 11
703 1431 758 1472 sic
778 1430 928 1479 valens,
951 1437 997 1471 ut
1016 1444 1061 1471 eo
1082 1430 1271 1471 valebam
1290 1438 1473 1485 tempore
1494 1432 1657 1485 quando
1677 1433 1731 1473 ad
1749 1433 2046 1486 explorandum
2065 1433 2211 1474 missus

296 1504 404 1531 sum:
439 1490 562 1531 billius
589 1490 630 1531 in
660 1503 722 1531 me
750 1490 945 1543 temporis
973 1490 1173 1530 fortitudo
1202 1503 1330 1543 usque
1358 1490 1477 1531 hodie
1505 1496 1749 1544 perseverat,
1780 1496 1866 1532 tam
1895 1492 1947 1532 ad
1976 1491 2211 1533 bellandum

298 1563 422 1603 quam
440 1550 492 1590 ad
509 1549 788 1603 gradiendum.
837 1551 867 1573 ¹2
884 1549 948 1589 Da
967 1562 1058 1602 ergo
1077 1549 1176 1589 mihi
1194 1554 1377 1589 montem
1394 1549 1532 1598 istum,
1555 1563 1675 1603 quem
1693 1550 1896 1603 pollicitus
1915 1556 1976 1591 est
1992 1551 2207 1593 Dominus.

297 1615 337 1649 te
365 1622 525 1662 quoque
553 1608 755 1655 audiente,
783 1608 824 1648 in
851 1622 930 1662 quo
956 1608 1128 1648 Enacim
1155 1615 1261 1650 sunt.
1291 1615 1330 1649 et
1356 1609 1475 1649 urbes
1501 1622 1659 1662 magnae
1685 1615 1808 1663 atque
1834 1610 2022 1650 munitae:
2049 1609 2081 1650 si
2105 1610 2211 1651 forte

297 1668 350 1708 sit
375 1668 576 1708 Dominus
605 1681 776 1716 mecum,
806 1673 846 1708 et
873 1672 1044 1721 potuero
1073 1667 1203 1708 delere
1231 1680 1315 1708 eos:
1344 1667 1450 1708 sicut
1475 1668 1662 1721 promisit
1688 1669 1798 1709 mihi.

403 1741 434 1762 ¹²³
468 1738 766 1791 Benedixitque
798 1738 832 1778 ei
867 1738 1002 1779 Iosue:
1037 1744 1077 1778 et
1110 1738 1281 1778 tradidit
1314 1737 1348 1778 ei
1382 1738 1549 1778 Hebron
1581 1738 1621 1778 in
1654 1739 1960 1791 possessionem.
2022 1741 2053 1763 ¹⁴
2086 1743 2210 1792 atque

297 1811 346 1837 ex
377 1811 422 1838 eo
452 1797 533 1837 fuit
564 1797 730 1838 Hebron
761 1797 882 1838 Caleb
916 1797 996 1838 filio
1029 1797 1207 1850 Iephoue
1238 1797 1426 1837 Ceuezaeo
1458 1810 1585 1850 usque
1617 1797 1656 1837 in
1686 1804 1927 1850 praesentem
1958 1797 2083 1838 diem:
2117 1797 2212 1852 quia

297 1861 459 1897 secutus
493 1862 554 1897 est
583 1856 809 1898 Dominum
840 1857 974 1897 Deum
1010 1856 1142 1897 Israel.
1205 1858 1235 1880 ¹⁵
1268 1856 1427 1897 Nomen
1460 1856 1627 1897 Hebron
1660 1861 1755 1897 ante
1787 1856 2015 1897 vocabatur
2045 1856 2211 1898 Cariath

296 1915 422 1956 Arbe:
450 1916 585 1956 Adam
611 1915 814 1956 maximus
840 1915 894 1956 ibi
922 1916 1028 1956 inter
1052 1915 1223 1956 Enaeim
1250 1915 1351 1955 situs
1377 1921 1456 1956 est:
1484 1921 1525 1956 et
1551 1915 1673 1956 Terra
1697 1915 1873 1956 cessavit
1898 1929 1921 1956 a
1946 1915 2103 1969 praeliis.

833 2021 872 2060 2.
905 2019 1018 2061 Sors
1048 2019 1247 2060 filiorum
1278 2019 1413 2070 ludae,
1442 2019 1508 2070 15,
1527 2019 1679 2059 1—63.

405 2091 468 2134 15.
525 2093 538 2114 1
571 2091 700 2145 Igitur
730 2104 813 2131 sors
847 2091 1022 2132 filiorum
1054 2091 1166 2132 Iudte
1196 2104 1267 2144 per
1297 2090 1557 2143 cognationes
1589 2102 1680 2131 suas
1711 2090 1791 2130 ista
1819 2089 1916 2130 fuit:
1957 2090 2009 2130 cA
2038 2090 2212 2132 termino

299 2150 444 2196 Edoni,
481 2150 687 2191 desertum
719 2150 789 2191 Sin
822 2156 962 2191 contra
997 2150 1218 2198 Meridiem,
1253 2156 1295 2190 et
1326 2163 1454 2203 usque
1487 2150 1540 2190 ad
1572 2156 1798 2190 extremam
1830 2154 1991 2202 partem
2023 2149 2212 2190 australis

298 2209 438 2263 plagae.
493 2211 507 2233 2
531 2209 694 2250 initium
720 2209 803 2250 eius
829 2223 853 2249 a
877 2210 1115 2250 summitate
1140 2209 1262 2249 maris
1288 2208 1506 2252 salsissimi,
1535 2214 1576 2249 et
1601 2222 1622 2248 a
1647 2208 1787 2261 lingua
1811 2208 1906 2255 eius,
1935 2221 2025 2261 quae
2049 2208 2213 2262 respicit

297 2268 519 2310 Meridiem.
584 2271 599 2292 3
635 2269 933 2322 Egrediturque
970 2274 1113 2309 contra
1146 2269 1371 2309 Ascensum
1407 2267 1648 2321 Scorpionis.
1687 2275 1726 2307 et
1762 2267 1985 2320 pertransit
2018 2267 2060 2308 in
2095 2267 2210 2308 Sina:

299 2328 564 2381 ascenditque
587 2328 628 2368 in
652 2327 919 2375 Cadesbarne,
947 2333 988 2368 et
1011 2328 1197 2381 pervenit
1220 2328 1261 2368 in
1285 2327 1427 2376 Esron,
1454 2327 1674 2367 ascendens
1699 2326 1751 2366 ad
1773 2326 1925 2371 Addar,
1952 2331 1993 2367 et
2016 2326 2210 2366 circuiens

299 2386 462 2432 Carcaa,
509 2389 524 2411 1
542 2392 666 2440 atque
684 2387 776 2427 inde
794 2387 1067 2440 pertransiens
1086 2387 1125 2427 in
1144 2387 1359 2428 Aseniona.
1380 2391 1421 2426 et
1437 2386 1675 2439 perveniens
1695 2385 1746 2426 ad
1765 2385 2002 2425 Torrentem
2021 2385 2208 2438 *Egyptit

299 2451 500 2499 eruntque
523 2446 684 2486 termini
708 2446 790 2486 eius
813 2459 923 2487 mare
946 2459 1152 2499 magnum.
1178 2446 1241 2486 hic
1264 2446 1340 2486 erit
1364 2445 1453 2485 finis
1476 2445 1710 2485 meridianae
1731 2444 1870 2497 plagae.
1922 2445 1937 2467 ⁵
1958 2444 2022 2484 Ab
2046 2444 2211 2485 Oriente

300 2518 395 2546 vero
415 2506 490 2546 erit
509 2505 682 2551 initium,
704 2518 813 2545 mare
832 2505 1097 2546 salsissimum
1117 2519 1243 2558 usque
1263 2505 1315 2545 ad
1333 2510 1515 2545 extrema
1537 2504 1739 2544 Iordanis:
1760 2508 1799 2544 et
1819 2516 1863 2543 ea
1884 2516 1973 2556 quae
1991 2503 2211 2556 respiciunt

300 2564 352 2604 ad
379 2564 624 2617 Aquilonem
652 2578 673 2604 a
700 2564 835 2617 lingua
866 2565 985 2605 maris
1013 2578 1140 2618 usque
1169 2565 1221 2605 ad
1248 2564 1421 2604 eundem
1451 2562 1634 2603 Iordanis
1665 2562 1847 2603 fluvium.
1907 2563 1922 2585 ⁶
1948 2561 2212 2615 ascenditque

300 2624 497 2664 terminus
516 2624 557 2664 in
578 2624 682 2664 Beth
701 2623 831 2677 hagla,
853 2630 892 2664 et
912 2624 1058 2664 transit
1078 2624 1128 2664 ab
1147 2623 1347 2677 Aquilone
1366 2623 1407 2662 in
1427 2622 1532 2662 Beth
1551 2622 1706 2662 Araba:
1726 2621 1946 2661 ascendens
1965 2620 2017 2661 ad
2034 2620 2212 2674 lapidem

302 2682 414 2723 Boen
442 2682 511 2722 filii
539 2683 695 2724 Ruben.
753 2684 766 2705 ⁷
792 2690 832 2723 et
857 2683 1027 2723 tendens
1053 2696 1180 2736 usque
1205 2683 1258 2723 ad
1282 2682 1475 2723 terminos
1501 2681 1659 2722 Debera
1686 2681 1734 2721 de
1760 2679 1872 2720 Valle
1897 2679 2043 2725 Achor,
2070 2684 2210 2720 contra

300 2741 545 2795 Aquilonem
582 2742 796 2795 respiciens
835 2742 1014 2796 Galgala.
1057 2755 1147 2795 quae
1184 2749 1243 2782 est
1283 2755 1332 2782 ex
1370 2741 1540 2781 adverso
1578 2739 1833 2780 Ascensionis
1872 2738 2119 2785 Adommim,
2160 2738 2211 2778 ab

301 2801 468 2841 australi
491 2806 606 2854 parte
629 2801 837 2842 torrentis:
863 2802 1090 2854 transitque
1114 2814 1253 2854 aquas*
1279 2813 1368 2853 quze
1390 2805 1591 2839 vocantur
1612 2799 1718 2839 Fons
1741 2798 1852 2839 solis:
1876 2802 1917 2838 et
1938 2801 2058 2838 erunt
2079 2797 2211 2837 exitus

302 2859 384 2900 eius
411 2861 462 2899 ad
487 2861 661 2901 Fontem
685 2860 804 2914 rogel.
860 2862 875 2883 8
900 2861 1163 2913 ascenditque
1188 2873 1259 2913 per
1283 2858 1508 2900 convallem
1537 2858 1606 2898 filii
1632 2858 1794 2898 Ennom
1819 2870 1868 2897 ex
1890 2855 2016 2896 latere
2043 2855 2212 2896 Iebusaei

302 2918 354 2959 ad
383 2918 602 2961 Meridiem.
635 2920 720 2960 haec
748 2924 809 2960 est
840 2919 1076 2960 Ierusalem:
1109 2924 1150 2959 et
1178 2919 1270 2959 iude
1301 2932 1340 2958 se
1370 2918 1523 2970 erigens
1554 2917 1606 2957 ad
1635 2916 1828 2957 verticem
1859 2914 2021 2956 montis.
2055 2914 2122 2968 qui
2152 2919 2213 2955 est

301 2984 442 3018 contra
469 2980 677 3019 tieennom
704 2979 756 3019 ad
782 2978 1045 3019 Occidentem
1072 2979 1110 3018 in
1138 2978 1375 3018 summitate
1402 2976 1526 3017 Vallis
1555 2975 1758 3029 Raphaim
1785 2981 1927 3015 contra
1952 2973 2208 3027 Aquilonem.

303 3038 318 3060 ⁹
339 3037 639 3090 pertransitque
662 3052 682 3077 a
704 3038 855 3078 vertice
875 3038 1025 3079 montis
1047 3051 1175 3090 usque
1196 3037 1247 3077 ad
1268 3038 1425 3077 fontem
1446 3048 1562 3088 aquae
1584 3034 1792 3087 Nephtoa:
1815 3038 1855 3074 et
1876 3032 2062 3086 pervenit
2083 3044 2210 3085 usque

301 3096 351 3135 ad
387 3096 495 3136 vicos
529 3097 678 3136 montis
713 3097 898 3150 Ephron:
934 3096 1232 3149 inclinaturque
1266 3096 1305 3136 iu
1341 3094 1477 3136 Baala.
1515 3107 1604 3147 quae
1637 3099 1697 3133 est
1729 3091 2026 3136 Cariathiarim,
2060 3091 2102 3131 id
2134 3094 2208 3139 est,

302 3155 396 3195 urbs
422 3155 627 3195 silvarum.
684 3157 717 3179 ¹⁰
741 3161 781 3196 et
805 3156 945 3197 circuit
972 3156 1021 3196 de
1047 3155 1171 3195 Baala
1199 3161 1339 3195 eontra
1366 3153 1640 3195 Occidentem.
1668 3164 1796 3205 usque
1822 3151 1873 3191 ad
1898 3155 2081 3191 montem
2105 3148 2209 3190 Seir:

302 3214 530 3268 transitque
563 3215 678 3254 iuxta
712 3215 817 3255 latus
852 3215 1001 3256 montis
1043 3215 1160 3254 larim
1194 3214 1245 3254 ad
1279 3213 1523 3266 Aquilonem
1555 3211 1595 3251 in
1630 3210 1819 3251 Clieslon:
1855 3215 1896 3250 et
1928 3207 2138 3249 descendit
2170 3207 2210 3247 in

304 3273 554 3314 Bethsames.
579 3274 806 3327 transitque
827 3274 866 3313 111
889 3274 1085 3315 Thamna.
1136 3275 1163 3297 ¹¹
1187 3279 1226 3313 et
1249 3271 1434 3325 pervenit
1454 3277 1594 3311 contra
1615 3269 1860 3323 Aquilonem
1880 3267 2007 3321 partis
2029 3267 2212 3307 Accaron

302 3345 350 3373 ex
370 3332 512 3373 latere:
536 3332 833 3386 inclinaturque
853 3333 1068 3375 sechrona.
1091 3339 1131 3373 et
1150 3332 1297 3373 transit
1318 3337 1500 3371 montem
1522 3329 1666 3369 Baala:
1687 3327 1955 3382 pervenitque
1973 3326 2014 3367 in
2036 3324 2208 3373 Iebneel,

433 3473 555 3508 6aNm
571 3473 623 3513 14,
638 3472 688 3506 24.
719 3495 757 3497 ἡ
783 3474 822 3507 11
848 3472 920 3506 bSir
944 3472 996 3512 46,
1023 3474 1072 3505 11.
1100 3492 1141 3495 —
1167 3471 1219 3513 15,
1245 3472 1262 3504 1
1291 3469 1376 3502 cNm
1401 3468 1454 3509 34,
1478 3469 1508 3502 3.
