2356 3760
165 147 196 186 s,
223 147 341 180 14—8.
367 147 409 179 43
899 145 1155 179 sncrxnitu
1182 145 1337 179 LL‘CAM
1966 149 2063 189 1017

167 239 393 292 suscipiunt
414 240 603 279 verbum:
626 247 664 279 et
686 238 725 278 hi
746 237 898 277 radices
920 251 999 278 non
1020 237 1191 278 habent:
1215 238 1283 290 qui
1304 237 1355 278 ad
1375 244 1536 289 tempus
1557 238 1739 281 credunt,
1762 246 1801 279 et
1822 240 1862 279 in
1883 247 2064 293 tempore

168 298 407 339 tentationis
439 298 644 338 recedunt.
706 297 736 320 ¹⁴
768 295 886 343 Quod
918 305 1056 336 autem
1086 296 1127 336 in
1159 296 1294 348 spinas
1327 295 1489 336 cecidit:
1522 295 1562 335 hi
1594 302 1700 340 sunt,
1736 297 1803 349 qui
1835 299 2062 341 audierunt.

166 362 208 397 et
237 370 260 397 a
289 356 624 398 solicitudinibus.
657 362 697 394 et
727 353 892 397 divitiis,
926 362 965 394 et
996 354 1278 407 voluptatibus
1309 355 1404 395 vitae
1434 360 1586 396 euntes.
1618 354 1881 398 suffocantur,
1915 363 1953 396 et
1984 370 2063 397 non

166 416 346 455 referunt
375 415 565 454 fructum,
623 415 654 436 ¹⁵
683 412 801 460 Quod
830 419 967 452 autem
996 413 1035 452 in
1066 413 1213 453 bonam
1243 418 1411 452 terram:
1440 412 1482 452 111
1509 419 1616 456 311111,
1648 412 1716 465 qui
1743 413 1784 452 in
1813 414 1930 454 corde
1960 415 2063 455 bono

166 479 207 514 et
239 473 393 526 optimo
424 472 634 513 audientes
665 470 835 510 verbum
865 470 1054 513 retinent.
1088 478 1127 511 et
1158 471 1336 511 fructum
1368 471 1543 511 afferunt
1572 471 1614 510 in
1644 471 1855 523 patientia.

271 533 306 555 1⁶
343 531 491 571 aNemo
526 535 663 570 autem
696 528 902 569 lucernam
936 529 1169 571 accendens.
1207 529 1335 581 operit
1369 542 1457 569 eain
1491 542 1597 572 vase.
1634 536 1704 569 aut
1738 530 1881 569 subtus
1915 530 2063 570 lectum

167 590 301 642 ponit:
334 589 404 629 sed
436 601 556 641 supra
589 587 878 628 candelabrum
910 588 1037 640 ponit,
1072 594 1118 628 ut
1150 587 1349 627 intrantes
1382 587 1548 627 videant
1581 587 1728 628 lumen.
1790 589 1822 612 1⁷
1859 588 1970 629 bNon
2004 596 2084 628 est.-

166 648 273 688 enim
300 647 516 690 occultum,
546 646 656 699 quod
681 659 762 686 non
788 645 1090 686 manifestetur:
1118 659 1189 686 nec
1217 646 1515 690 absconditum,
1545 646 1653 698 quod
1679 659 1759 686 non
1786 654 2064 699 cognoscatur,

165 711 207 746 et
233 706 274 746 in
299 706 436 758 palam
462 704 612 745 veniat.
668 705 702 728 1⁵
729 704 873 744 Videte
900 717 991 757 ergo
1019 704 1222 758 quomodo
1250 703 1450 744 audiatis?
1486 704 1581 752 cQui
1606 704 1712 744 enim
1738 704 1874 747 habet,
1903 705 2068 745 dabitur

166 764 240 804 illi:
266 770 307 805 et
330 764 575 817 quicumque
598 775 679 804 non
702 763 838 811 habet,
863 762 987 803 etiam
1012 763 1121 816 quod
1143 768 1265 816 putat
1287 776 1327 802 se
1350 762 1509 805 habere,
1535 762 1741 802 auferetur
1763 763 1813 803 ab
1836 763 1915 804 illo.

695 865 733 906 9.
764 866 827 906 De
858 865 1070 916 cognatis
1101 864 1286 916 Christi,
1315 866 1551 916 8‚19—-21.

271 939 305 961 1⁹
338 935 567 976 dVenerunt
599 944 737 976 autem
769 937 821 977 ad
851 936 964 977 illum
995 944 1137 980 mater,
1171 943 1211 977 et
1242 937 1386 977 fratres
1418 936 1514 981 eius,
1548 944 1588 977 et
1620 949 1701 977 non
1732 942 1924 989 poterant
1956 937 2064 977 adire

165 1009 259 1036 611111
286 1007 368 1048 prae
396 994 528 1035 turba.
585 995 621 1018 2⁰
648 994 702 1035 Et
731 995 969 1036 nunciatum
998 1002 1058 1036 est
1086 995 1159 1035 illi:
1203 995 1335 1036 Mater
1362 1001 1445 1042 tua,
1476 1003 1517 1036 et
1544 995 1689 1035 fratres
1718 994 1779 1035 tui
1815 1001 1928 1035 stant
1956 995 2063 1037 foris.

167 1054 348 1095 volentes
374 1059 414 1093 te
438 1052 586 1093 videre.
641 1055 671 1077 ²¹
698 1054 775 1102 Qui
800 1054 1057 1106 respondens,
1086 1053 1189 1094 dixit
1215 1054 1267 1094 ad
1291 1067 1375 1094 eos:
1402 1054 1534 1093 Mater
1558 1066 1660 1097 mea,
1688 1058 1728 1094 et
1752 1053 1896 1093 fratres
1922 1053 2000 1093 mei
2026 1053 2066 1094 hi

165 1119 273 1155 sunt,
307 1112 375 1165 qui
405 1111 574 1151 verbum
603 1111 679 1152 Dei
709 1112 894 1155 audiunt,
926 1118 966 1153 et
996 1112 1162 1153 faciunt.

572 1217 638 1256 10.
668 1215 811 1256 Editio
841 1215 1164 1255 miraculorum
1195 1216 1404 1266 aliorum,
1431 1216 1471 1266 8,
1490 1214 1661 1255 22—56.

272 1288 303 1310 '2²
329 1285 519 1325 eFactum
539 1291 599 1325 est
619 1292 757 1326 autem
776 1285 817 1326 in
835 1299 917 1326 una
936 1285 1110 1326 dierum:
1131 1291 1170 1326 et
1189 1285 1274 1338 ipse
1293 1285 1475 1326 ascendit
1494 1285 1534 1325 111
1554 1285 1798 1327 naviculam,
1820 1291 1859 1325 et
1879 1285 2065 1337 discipuli

167 1345 263 1387 61113,
285 1349 324 1384 61
344 1344 400 1384 ait
420 1344 471 1384 ad
489 1343 594 1385 illos:
616 1344 938 1384 Transfretemus
958 1349 1069 1384 trans
1088 1350 1291 1397 stagnum.
1312 1343 1367 1384 Et
1386 1344 1666 1384 ascenderunt.
1714 1345 1746 1367 23
1763 1342 1817 1383 Et
1836 1343 2065 1396 naviganti-

168 1404 242 1443 bus
275 1402 362 1446 illis,
399 1402 658 1446 obdormivit,
694 1408 734 1442 et
767 1402 974 1442 descendit
1007 1401 1182 1455 procella
1214 1402 1327 1442 venti
1358 1402 1400 1442 in
1432 1408 1635 1455 stagnum,
1671 1407 1711 1442 et
1744 1401 2065 1453 complebantur.

167 1468 208 1502 et
235 1460 583 1513 periclitabantur.
638 1462 670 1484 '2⁴
696 1460 945 1501 Accedentes
973 1466 1110 1500 autem
1137 1460 1439 1500 suscitaverunt
1466 1473 1569 1504 eum,
1599 1460 1796 1500 dicentes:
1824 1460 2065 1512 Praeceptor.

168 1519 357 1573 perimus.
390 1519 445 1559 At
476 1518 539 1558 ille
570 1532 747 1571 surgens.
780 1519 1006 1571 increpavit
1037 1525 1219 1563 ventum,
1253 1525 1293 1560 et
1324 1524 1611 1572 tempestatem
1644 1531 1770 1571 aquae,
1803 1524 1843 1558 et
1874 1518 2065 1558 cessavit:

167 1584 208 1619 et
231 1578 342 1618 facta
365 1582 425 1618 est
449 1577 735 1630 tranquillitas.
788 1579 820 1601 ²5
843 1578 959 1618 Dixit
983 1582 1121 1618 autem
1144 1577 1238 1617 illis:
1265 1577 1345 1618 Ubi
1368 1583 1428 1618 est
1452 1577 1549 1618 fides
1574 1576 1732 1617 vestra?
1760 1576 1837 1625 Qui
1861 1576 2064 1620 timentes,

168 1636 305 1677 mirati
323 1641 418 1676 sunt
438 1636 489 1676 ad
507 1635 692 1678 invicem,
714 1635 911 1676 dicentes:
933 1636 1029 1685 Quis
1048 1642 1169 1689 putas
1188 1637 1251 1676 hic
1270 1641 1342 1684 est,
1365 1636 1458 1689 quia
1477 1642 1517 1677 et
1536 1635 1680 1678 ventis,
1701 1641 1741 1675 et
1759 1634 1860 1675 mari
1878 1634 2064 1687 imperat,

167 1700 208 1736 et
236 1694 432 1736 obediunt
459 1694 517 1734 ei?

272 1755 307 1778 2⁶
343 1753 397 1793 Et
434 1753 731 1807 navigaverunt
769 1753 820 1794 ad
857 1754 1059 1807 regionem
1095 1753 1402 1798 Gerasenorum,
1443 1767 1532 1806 quae
1568 1758 1628 1793 est
1665 1758 1808 1793 contra
1843 1751 2062 1792 Galilaeam.

167 1815 202 1837 2⁷
222 1812 276 1853 Et
295 1825 387 1852 611111
407 1825 584 1864 egressus
605 1818 708 1852 esset
728 1812 780 1852 ad
799 1817 960 1856 terram.
983 1812 1155 1853 occurrit
1176 1812 1231 1852 illi
1251 1812 1312 1852 vir
1331 1812 1509 1865 quidam,
1533 1811 1601 1865 qui
1620 1811 1799 1851 habebat
1819 1810 2064 1851 daemonium

168 1872 249 1911 iam
277 1870 529 1923 temporibus
558 1870 708 1914 multis,
740 1876 781 1911 et
808 1870 1054 1911 vestimento
1082 1884 1163 1912 non
1192 1870 1450 1915 induebatur,
1480 1883 1611 1923 neque
1638 1869 1680 1910 in
1708 1870 1829 1910 domo
1858 1869 2063 1912 manebat.

168 1930 238 1970 sed
261 1929 302 1969 in
326 1929 612 1970 monumentis.
666 1930 700 1953 ²⁸
727 1929 776 1973 Is,
803 1935 849 1970 ut
873 1929 976 1970 vidit
1004 1929 1148 1974 Iesum,
1176 1929 1349 1982 procidit
1374 1935 1468 1970 ante
1492 1929 1623 1969 illum:
1650 1934 1689 1969 et
1714 1927 1944 1968 exclamans
1968 1940 2066 1968 voce

168 2001 328 2041 magna,
346 1987 467 2027 dixit:
486 1987 591 2035 Quid
605 1987 715 2031 mihi,
733 1993 773 2027 et
788 1987 863 2028 tibi
877 1994 937 2028 est
954 1988 1043 2028 Iesu
1058 1987 1133 2028 Fili
1148 1988 1223 2028 Dei
1237 1987 1458 2028 Altissimi?
1473 1988 1636 2028 obsecro
1649 1993 1700 2033 16,
1718 1999 1844 2026 neme
1860 1991 2063 2038 torqueas.

167 2049 203 2071 2⁹
222 2045 489 2099 Praecipiebat
510 2046 616 2085 enim
637 2046 796 2099 spiritui
815 2046 1026 2087 immundo
1047 2053 1093 2087 ut
1113 2046 1240 2087 exiret
1261 2047 1311 2086 ab
1331 2046 1505 2087 homine.
1528 2045 1666 2086 Multis
1687 2044 1793 2085 6111111
1815 2044 2066 2097 temporibus

167 2104 389 2158 arripiebat
409 2104 533 2146 illum,
557 2110 596 2145 et
617 2104 873 2145 vinciebatur
892 2104 1057 2148 catenis,
1080 2110 1120 2145 et
1141 2105 1403 2158 compedibus
1424 2104 1663 2145 custoditus.
1687 2110 1725 2144 et
1746 2103 1875 2156 ruptis
1888 2101 2066 2142 ‘vinculis

168 2164 367 2217 agebatur
391 2176 413 2202 a
439 2162 637 2203 dtemonio
662 2163 703 2202 in
729 2163 898 2204 deserta.
951 2165 988 2187 30
1014 2163 1287 2217 Interrogavit
1312 2168 1450 2204 autem
1476 2162 1588 2203 illum
1616 2162 1738 2206 Iesus,
1766 2162 1920 2201 dicens:
1949 2160 2067 2209 Quod

169 2222 244 2263 tibi
262 2234 410 2262 nomen
429 2221 514 2261 est?
534 2220 589 2262 At
608 2221 671 2261 ille
691 2221 813 2262 dixit:
834 2221 973 2275 Legio:
996 2222 1090 2275 quia
1108 2221 1364 2262 intraverant
1383 2221 1583 2262 daemonia
1602 2220 1733 2261 multa
1750 2220 1791 2260 in
1810 2233 1913 2260 eum.
1960 2221 1992 2243 34
2012 2219 2067 2259 Et

167 2281 370 2334 rogabant
398 2279 511 2320 illum
540 2293 589 2320 ne
618 2279 836 2333 imperaret
865 2280 939 2320 illis
970 2286 1016 2320 ut
1044 2280 1085 2320 in
1115 2280 1309 2333 abyssum
1338 2281 1454 2321 irent.
1511 2281 1544 2304 3²
1588 2279 1689 2320 Erat
1719 2283 1856 2319 autem
1886 2278 1942 2318 ibi
1969 2290 2067 2331 grex

168 2352 383 2393 porcorum
412 2338 635 2379 multorum
666 2338 921 2391 pascentium
951 2339 992 2379 in
1022 2344 1179 2380 monte:
1212 2344 1253 2379 et
1282 2339 1482 2392 rogabant
1512 2352 1616 2386 eum,
1649 2342 1695 2378 ut
1725 2337 1980 2390 permitteret
2011 2336 2064 2376 eis

168 2398 210 2438 in
234 2397 321 2438 illos
346 2396 512 2450 ingredi.
540 2395 595 2437 Et
620 2396 803 2450 permisit
828 2396 914 2438 illis.
969 2399 1001 2421 33
1027 2397 1227 2438 Exierunt
1252 2411 1343 2451 ergo
1371 2396 1569 2438 daemonia
1596 2396 1646 2437 ab
1672 2395 1846 2439 homine,
1874 2400 1914 2435 et
1939 2394 2065 2434 intra-

170 2460 318 2496 verunt
342 2455 383 2495 in
408 2468 568 2508 porcos:
596 2461 635 2495 et
660 2455 816 2508 impetu
842 2455 942 2496 abiit
966 2469 1063 2509 grex
1087 2469 1158 2509 per
1183 2469 1358 2509 praeceps
1382 2456 1422 2496 in
1448 2460 1650 2508 stagnum,
1678 2459 1718 2494 et
1743 2453 1964 2494 suffocatus
1990 2458 2062 2493 est.

167 2516 201 2539 34
224 2514 341 2563 Quod
362 2519 409 2554 ut
430 2513 621 2554 viderunt
642 2513 798 2554 factum
822 2514 890 2567 qui
911 2515 1146 2568 pascebant,
1170 2515 1373 2568 fugerunt,
1398 2521 1437 2555 et
1459 2513 1757 2554 nunciaverunt
1777 2512 1818 2552 in
1840 2511 2063 2558 civitatem,

169 2578 209 2613 et
236 2572 278 2613 in
306 2572 433 2613 villas.
489 2574 521 2596 35
550 2572 750 2613 Exierunt
778 2578 916 2613 autem
944 2573 1080 2613 videre
1110 2573 1219 2626 quod
1246 2573 1402 2614 factum
1431 2578 1503 2617 est,
1534 2578 1574 2612 et
1602 2576 1801 2612 venerunt
1830 2570 1882 2610 ad
1912 2570 2063 2609 Iesum:

168 2637 210 2672 et
241 2631 485 2671 invenerunt
518 2631 723 2672 hominem
757 2631 976 2677 sedentem,
1012 2645 1036 2672 a
1070 2645 1148 2685 quo
1183 2632 1383 2673 daemonia
1416 2631 1608 2675 exierant,
1645 2629 1852 2674 vestitum,
1888 2641 1933 2668 ac
1967 2640 2066 2668 sana

168 2694 306 2730 mente
332 2689 384 2730 ad
409 2689 530 2742 pedes
557 2689 652 2733 eius,
681 2695 721 2730 et
747 2690 984 2731 timuerunt.
1038 2692 1074 2715 3⁶
1101 2690 1411 2731 Nunciaverunt
1437 2695 1574 2730 autem
1600 2688 1675 2728 illis
1701 2693 1743 2728 et
1769 2687 1837 2740 qui
1863 2686 2063 2731 viderant,

170 2748 375 2801 quomodo
405 2760 526 2788 sanus
555 2748 688 2789 factus
718 2754 822 2789 esset
852 2762 875 2789 a
903 2749 1075 2803 legione:
1133 2750 1167 2773 ³⁷
1198 2754 1238 2789 et
1267 2754 1512 2803 rogaverunt
1542 2747 1654 2787 illuni
1685 2745 1813 2786 onmis
1843 2744 2065 2785 multitudo

168 2806 340 2860 regionis
366 2805 662 2847 Gerasenorum
687 2813 733 2847 ut
759 2807 981 2848 discederet
1007 2807 1058 2848 ab
1083 2807 1197 2861 ipsis:
1226 2807 1322 2861 quia
1345 2820 1492 2860 magno
1518 2805 1662 2846 timore
1688 2804 1944 2845 tenebantur.
1976 2803 2065 2856 Ipse

169 2870 309 2905 autem
338 2865 557 2905 ascendens
586 2865 737 2910 navim,
768 2879 950 2906 reversus
981 2872 1052 2907 est.
1110 2867 1145 2890 ³⁸
1174 2865 1230 2906 Et
1257 2866 1429 2920 rogabat
1458 2864 1571 2904 illum
1600 2863 1672 2906 111.
1704 2876 1727 2902 a
1757 2875 1836 2915 quo
1866 2861 2067 2902 daemonia

169 2923 364 2979 egierant,
392 2928 440 2963 ut
465 2936 558 2964 cum
584 2936 630 2965 eo
658 2930 772 2965 esset.
801 2924 967 2965 Dimisit
993 2931 1132 2965 autem
1159 2938 1252 2965 eum
1281 2924 1402 2969 Iesus,
1432 2923 1585 2964 dicens:
1638 2923 1674 2946 3⁹
1703 2920 1805 2961 Redi
1830 2920 1871 2961 in
1898 2920 2066 2961 domum

170 2987 298 3029 tuam,
327 2986 369 3021 et
394 2994 515 3022 narra
542 2987 697 3035 quanta
726 2982 800 3023 tibi
827 2983 923 3024 fecit
950 2983 1072 3024 Deus,
1103 2982 1158 3024 Et
1186 2983 1287 3023 abiit
1313 2995 1385 3036 per
1411 2981 1643 3022 universam
1671 2979 1894 3027 civitatem,
1924 2977 2067 3032 praedi-

170 3052 265 3080 cans
295 3044 451 3092 quanta
478 3039 534 3080 illi
561 3040 720 3081 fecisset
752 3041 874 3082 Iesus.

2137 543 2202 560 CUM]

2091 578 2123 594 111¹
2132 571 2248 595 mitium·

2088 611 2269 630 synl'vlllfjssYv.

2117 942 2222 964 Omnes

2081 976 2199 999 vorhtun
2220 976 2271 1000 Dei

2097 1011 2242 1034 iacientes.

2128 1287 2213 1311 Venti

2105 1324 2131 1345 et
2156 1329 2233 1346 mare

2094 1357 2243 1386 obediunt,

2102 1750 2237 1775 daemoni·

2135 1792 2203 1810 acus

2089 1821 2250 1845 Gerasenus

2101 1856 2248 1885 liberatur,

273 3099 310 3122 4⁰
340 3097 514 3138 Factum
546 3104 606 3139 est
639 3105 777 3140 autem
810 3112 902 3140 cum
933 3100 1116 3141 rediisset
1150 3100 1272 3148 Iesus,
1307 3098 1466 3152 excepit
1497 3097 1611 3138 illum
1643 3097 1777 3138 turba.
1812 3101 1927 3136 erant
1960 3094 2065 3135 enim
2081 3095 2256 3136 l¹ae¹¹¹0ss¹¹0·

2079 3139 2134 3156 issa
2151 3132 2271 3155 sanatur

170 3169 308 3197 omnes
333 3161 594 3209 expecta-ntes
619 3170 723 3198 eum.
775 3160 807 3182 44
841 3158 910 3199 fEt
933 3171 1022 3199 ecce
1047 3158 1161 3199 venit
1183 3158 1256 3206 vir,
1282 3157 1346 3198 cui
1368 3170 1517 3198 nomen
1543 3155 1683 3203 Iairus,
1709 3161 1750 3196 et
1772 3155 1856 3208 ipse
1879 3154 2065 3207 princeps
2079 3170 2105 3192 et
2122 3167 2177 3191 mia
2193 3165 2260 3189 ram

169 3227 385 3268 synagogae
412 3219 516 3255 erat:
545 3220 585 3256 et
612 3215 756 3257 cecidit
783 3217 836 3257 ad
861 3217 983 3270 pedes
1013 3217 1115 3262 Iesu,
1143 3229 1289 3270 rogans
1316 3229 1409 3257 eum
1435 3220 1483 3256 ut
1508 3214 1680 3255 intraret
1706 3214 1748 3254 in
1774 3213 1941 3254 domum
1969 3211 2064 3257 eius,

169 3274 202 3297 ⁴2
227 3273 323 3326 quia
346 3273 465 3313 unica
488 3272 571 3313 filia
593 3279 680 3315 erat
704 3274 738 3314 ei
762 3274 843 3315 fere
867 3288 1067 3317 annorum
1092 3274 1317 3323 duodecim,
1344 3280 1385 3315 et
1407 3274 1492 3314 haeo
1515 3273 1777 3314 moriebatur.
1803 3271 1859 3312 Et
1883 3270 2064 3322 contigit,

171 3331 269 3371 dum
294 3331 382 3380 iret,
411 3344 435 3371 a
459 3331 588 3372 turbis
615 3333 971 3386 comprimebatur.
1025 3335 1058 3359 43
1082 3333 1138 3374 Ε1
1163 3333 1307 3373 111111161
1332 3333 1520 3386 quaedam
1545 3337 1633 3372 erat
1657 3331 1698 3371 in
1723 3330 1837 3370 fluxu
1862 3326 2066 3381 sanguinis

302 3422 344 3454 16
368 3422 440 3455 aMt
462 3423 494 3459 ὃ,
520 3424 576 3458 15:
615 3424 669 3458 Mc
694 3425 724 3464 4,
754 3425 805 3458 21.
836 3446 878 3450 ——
911 3427 953 3459 17
977 3426 1048 3460 bMt
1074 3425 1126 3460 10.
1153 3425 1210 3458 26:
1248 3424 1303 3457 Mc
1325 3425 1356 3463 4,
1383 3424 1434 3457 22.
1467 3444 1508 3447 —
1539 3424 1580 3457 18
1607 3422 1673 3455 ρ311
1699 3422 1750 3457 13,
1778 3422 1834 3455 12:
1872 3420 1924 3458 25,
1950 3418 2000 3450 29.
2026 3436 2067 3440 ——

172 3467 212 3500 19
235 3467 308 3501 th
332 3469 384 3508 12,
409 3469 466 3509 46;
492 3469 546 3503 Mc
571 3471 601 3511 3,
627 3471 678 3505 31.
706 3492 747 3495 —
771 3472 813 3505 22
840 3473 908 3506 eMt
936 3473 966 3512 8,
996 3474 1052 3513 233
1079 3473 1132 3505 Mc
1162 3472 1192 3511 4,
1221 3471 1273 3504 36.
1300 3492 1341 3494 —
1365 3471 1405 3504 41
1442 3471 1506 3504 fflt
1534 3471 1565 3510 9,
1595 3470 1651 3509 183
1677 3469 1730 3501 Mc
1759 3469 1788 3501 5.
1819 3467 1869 3499 22.

2086 3202 2252 3226 suscitatur.
