2356 3760
303 183 379 223 468
1181 181 1326 215 LIBER
1924 188 1977 228 16,
2004 188 2145 229 19-18,
2171 189 2212 223 18

155 274 244 297 ¹'‘'¹¹¹¹¹
306 279 339 300 ¹⁹
364 277 484 316 Terra
507 289 557 316 ne
580 275 737 329 operias
760 274 998 327 sanguinem
1022 287 1171 324 meum,
1238 289 1370 329 neque
1392 276 1576 319 inveniat
1598 278 1639 319 in
1662 283 1703 319 te
1725 278 1861 320 locum
1882 279 2038 323 latendi
2061 282 2213 325 clamor

124 317 143 331 (η
151 310 271 332 ›ns-cium

98 346 287 373 contestatur,
568 348 694 375 meus.

304 396 340 418 '2⁰
363 394 467 435 Ecce
495 394 603 435 enim
631 393 672 433 in
700 393 795 433 caelo
825 391 940 433 testis
968 405 1095 438 meus,
1179 399 1220 434 et
1248 394 1430 435 conscius
1459 408 1573 436 meus
1601 396 1641 437 in
1670 396 1848 438 excelsis.

304 455 334 477 '2¹
363 453 531 493 Verbosi
562 451 681 493 amici
710 451 807 491 mei:
893 451 944 492 ad
974 452 1108 492 Deum
1138 452 1267 493 stillat
1297 453 1437 494 oculus
1466 467 1593 496 meus.

304 514 336 536 ²²
364 512 500 565 Atque
532 511 690 552 utinam
720 510 776 551 sic
806 510 1055 551 iudicaretur
1084 511 1146 551 vir
1175 525 1267 552 cum
1298 512 1396 561 Deo,
1479 514 1685 566 quomodo
1715 514 1922 556 iudicatur
1951 515 2055 557 filius
2084 517 2212 558 homi-

569 570 628 610 nis
659 582 751 610 cum
782 568 936 621 collega
964 583 1049 611 suo.

305 632 336 655 2³
365 630 468 670 Ecce
490 629 596 669 0111111
619 629 761 670 breves
783 628 879 668 anni
900 633 1127 672 transcunt,
1187 634 1228 670 et
1249 629 1450 679 semitam,
1474 643 1546 684 per
1567 644 1691 684 quam
1712 645 1794 673 non
1815 638 2007 677 revertar,
2032 635 2210 677 ambulo.

112 737 286 795 *jfjjkj'ffgssgf
309 734 368 776 17.
426 736 438 757 ¹
476 734 652 787 Spiritus
690 747 804 774 1110113
843 734 1141 777 attenuabitur,
1227 734 1311 775 dies
1349 735 1427 775 mei
1467 735 1776 782 breviabuntur,
1865 743 1907 779 et
1944 738 2074 780 solum
2112 740 2211 781 mihi

111 788 289 835 hunnum,
571 798 756 847 superest
785 792 1057 846 sepulchrum.
1828 791 1832 795 ’

325 854 339 875 ²
368 853 457 893 Non
484 852 663 906 peccavi,
748 858 787 892 et
816 852 856 892 in
885 852 1229 893 amaritudinibus
1258 858 1443 894 moratur
1471 853 1611 895 oculus
1639 868 1764 896 meus.

325 913 340 935 ³
364 911 511 952 Libera
533 925 597 952 me
619 911 806 954 Domine.
830 915 871 951 et
894 924 999 964 pone
1022 925 1086 952 me
1111 911 1228 952 iuxta
1250 916 1302 956 te,
1362 917 1403 952 et
1423 912 1600 954 cuiusvis
1625 927 1771 955 manus
1794 920 1950 969 pugnet
1971 920 2115 957 contra
2133 930 2209 959 me.

325 972 341 994 ⁴
365 971 441 1011 Cor
470 983 609 1012 eorum
638 970 756 1023 longe
786 970 916 1011 fecisti
947 983 970 1010 a
999 970 1223 1024 disciplina,
1310 976 1526 1025 propterea
1554 985 1635 1013 non
1666 972 1972 1016 exaltabuntur.

325 1031 340 1053 ⁵
364 1030 550 1070 Przedam
580 1029 794 1083 pollicetur
823 1029 950 1073 sociis,
1036 1035 1077 1070 ct
1106 1029 1211 1070 oculi
1240 1029 1413 1071 filiorum
1445 1030 1528 1071 eius
1559 1031 1760 1073 deficient.

325 1089 341 1112 ⁶
364 1089 506 1129 Posuit
536 1102 599 1129 1110
629 1088 744 1142 quasi
773 1088 812 1128 in
842 1088 1104 1141 proverbium
1132 1088 1255 1142 vulgi,
1339 1094 1381 1130 et
1409 1089 1641 1143 exemplum
1671 1104 1761 1131 sum
1790 1104 1927 1133 coram
1955 1092 2022 1134 eis.

325 1149 339 1170 ⁷
363 1147 565 1200 Caligavit
587 1148 637 1188 ab
667 1147 946 1201 indignatione
970 1147 1109 1188 oculus
1130 1161 1256 1193 meus,
1315 1154 1357 1189 et
1384 1149 1570 1189 membra
1596 1162 1689 1190 mea
1710 1151 1825 1204 quasi
1853 1150 1895 1192 in
1923 1151 2095 1193 nihilum
2123 1153 2211 1194 red-

570 1213 663 1247 acta
692 1212 799 1247 sunt.

325 1267 340 1289 8
363 1266 601 1320 Stupebunt
629 1265 725 1307 iusti
754 1278 874 1319 super
901 1265 989 1313 hoc,
1073 1271 1115 1307 et
1142 1266 1335 1308 innocens
1365 1272 1509 1308 contra
1536 1267 1797 1322 hypocritam
1826 1269 2103 1312 suscitabitur.

326 1328 340 1349 ⁹
364 1325 418 1366 Et
448 1325 604 1366 tenebit
633 1325 764 1366 iustus
793 1325 903 1365 viam
932 1338 1060 1374 suam,
1144 1331 1185 1366 et
1212 1326 1376 1367 mundis
1404 1325 1594 1367 manibus
1623 1327 1750 1369 addet
1776 1328 2075 1371 fortitudinem.

124 1428 270 1489 “fifgffl
303 1432 338 1455 ¹⁰
363 1431 493 1485 Igitur
525 1444 664 1473 01111103
696 1443 769 1471 vos
801 1430 1098 1479 convertimini,
1133 1436 1174 1471 et
1206 1431 1353 1479 Venite,
1438 1436 1478 1471 et
1509 1445 1592 1473 non
1623 1432 1830 1474 inveniam
1862 1433 1903 1474 in
1934 1434 2050 1476 vobis
2083 1434 2210 1476 ullum

121 1481 274 1539 deses-‘mm
569 1490 809 1543 sapientem.

173 1538 220 1559 Μ
304 1552 333 1574 11
362 1550 457 1590 Dies
476 1549 557 1590 mei
574 1549 837 1597 transierunt,
896 1549 1164 1602 cogitationes
1183 1561 1283 1590 meae
1302 1549 1510 1602 dissipatae
1532 1555 1640 1599 sunt,
1699 1555 1939 1605 torquentes
1963 1565 2031 1594 cor
2052 1566 2208 1594 meum:

305 1611 334 1633 ¹²
362 1609 536 1649 Noctem
566 1613 779 1649 verterunt
808 1607 849 1648 in
880 1607 998 1653 diem,
1084 1613 1125 1648 et
1154 1620 1315 1648 rursum
1344 1614 1438 1661 post
1468 1609 1657 1650 tenebras
1687 1623 1803 1663 spero
1832 1610 1977 1653 lucem.

304 1671 334 1692 ¹³
361 1668 402 1709 Si
429 1668 670 1711 sustinuero.
699 1667 879 1708 infernus
907 1667 1052 1708 domus
1078 1680 1171 1707 mea
1196 1671 1268 1714 est,
1342 1672 1383 1708 et
1408 1667 1449 1707 in
1476 1668 1653 1709 tenebris
1680 1669 1809 1709 stravi
1834 1669 2031 1712 lectulum
2056 1684 2206 1714 meum.

304 1729 335 1751 ¹¹
361 1727 575 1768 Putredini
606 1726 707 1767 dixi:
740 1727 863 1767 Pater
890 1739 1005 1767 meus
1035 1739 1087 1772 es,
1172 1731 1305 1767 mater
1333 1739 1435 1771 mea,
1468 1733 1508 1767 et
1538 1739 1650 1768 soror
1678 1741 1781 1777 mea,
1814 1729 2033 1771 vermibus.

304 1788 334 1810 ¹5
362 1786 443 1827 Ubi
477 1791 537 1827 est
571 1799 663 1840 ergo
698 1799 806 1826 nunc
839 1785 1090 1839 praestolatio
1125 1798 1227 1834 mea,
1307 1790 1348 1826 et
1380 1785 1627 1839 patientiam
1660 1800 1795 1828 meam
1829 1788 1918 1842 quis
1952 1789 2206 1832 considerat?

303 1845 411 1886 16111
447 1845 813 1900 profundissimum
852 1845 1057 1886 infernum
1095 1844 1343 1886 descendent
1381 1844 1518 1886 onmia
1555 1858 1664 1887 mea:
1756 1851 1932 1900 putasne
1969 1848 2115 1890 saltem
2152 1849 2209 1891 ibi

566 1905 643 1946 erit
671 1904 828 1958 requies
858 1903 983 1944 mihi?

781 2010 819 2049 3.
850 2008 1022 2049 Baldad
1055 2007 1238 2049 Suhites
1270 2008 1485 2060 affirmat,
1513 2009 1738 2060 18,1—21.

407 2082 471 2125 18.
527 2084 540 2106 ¹
572 2081 839 2135 Respondens
870 2086 1009 2121 autem
1041 2080 1200 2121 Baldad
1229 2080 1405 2127 Suhites,
1438 2080 1561 2121 dixit:

109 2187 286 2247 L‘ggffg‘iffissss
322 2190 335 2212 ²
361 2188 500 2242 Usque
527 2188 578 2228 ad
605 2200 726 2240 quem
753 2186 875 2226 finem
902 2186 1027 2226 verba
1051 2185 1284 2226 iactabitis?
1364 2185 1578 2240 intelligite
1604 2186 1725 2240 prius,
1755 2191 1796 2227 et
1821 2187 1876 2227 sic
1900 2187 2129 2242 loquamur.

168 2243 177 2247 ⁴⁷
321 2250 336 2272 3
361 2248 494 2296 Quare
523 2245 705 2300 reputati
733 2258 873 2286 sumus
902 2251 949 2286 ut
977 2244 1173 2291 iumenta,
1257 2250 1298 2285 et
1326 2245 1557 2286 sorduimus
1586 2258 1723 2286 coram
1752 2245 1893 2287 vobis?

321 2309 336 2331 ⁴
361 2307 438 2355 Qui
458 2306 592 2360 perdis
610 2305 789 2346 animam
808 2310 924 2345 tuam
944 2304 985 2344 in
1005 2305 1140 2345 furore
1160 2309 1244 2352 tuo,
1303 2304 1505 2358 numquid
1522 2310 1690 2358 propter
1708 2310 1748 2346 te
1764 2304 2070 2360 derelinquetur
2085 2312 2205 2358 terra,

564 2371 604 2406 et
635 2364 933 2405 transferentur
962 2376 1081 2417 rupes
1112 2363 1161 2404 de
1189 2362 1277 2404 loco
1308 2363 1405 2404 suo?

141 2471 247 2528 jfs‘ssfffi,
320 2473 335 2495 5
362 2472 505 2513 Nonne
534 2470 606 2512 lux
635 2470 749 2523 impii
779 2469 1054 2523 extinguetur,
1140 2482 1213 2510 nec
1243 2468 1474 2523 splendebit
1506 2469 1674 2511 flamma
1704 2470 1805 2524 ignis
1836 2470 1944 2511 eius?

117 2524 271 2583 niuno-mun
324 2533 338 2555 ‘¹
362 2531 452 2571 Lux
477 2530 787 2571 obtenebrescet
810 2529 851 2569 in
875 2528 1139 2569 tabernaculo
1165 2528 1282 2577 illius,
1341 2533 1382 2569 et
1404 2527 1581 2575 lucerna,
1610 2542 1700 2583 (111εο
1723 2542 1844 2583 super
1868 2543 1961 2570 eum
1981 2535 2053 2579 est,
2076 2531 2206 2572 extin-

121 2575 267 2599 describit.
562 2594 721 2643 guetur·

321 2651 335 2672 ⁷
360 2649 644 2689 Arctabuntur
674 2660 832 2700 gressus
864 2647 1031 2687 virtutis
1063 2646 1158 2691 eius,
1246 2652 1287 2688 et
1317 2647 1591 2701 praecipitabit
1623 2660 1716 2688 eum
1748 2647 1960 2689 consilium
1991 2662 2123 2691 suum.

320 2710 334 2731 ¹¹
361 2707 537 2748 Immisit
567 2707 674 2748 enim
704 2707 745 2747 in
775 2712 859 2747 rete
889 2706 1011 2760 pedes
1042 2719 1146 2750 suos,
1232 2711 1273 2747 et
1301 2706 1342 2747 in
1372 2705 1540 2747 maculis
1571 2706 1655 2747 eius
1686 2706 1884 2748 ambulat.

319 2769 334 2790 ⁹
358 2766 580 2807 Tenebitur
608 2766 753 2820 planta
780 2765 885 2807 illius
914 2765 1073 2819 laquem
1158 2771 1199 2806 et
1227 2765 1464 2806 exardescet
1493 2771 1637 2806 contra
1665 2779 1757 2806 eum
1787 2766 1886 2807 sitis.

300 2828 334 2850 ¹⁰
358 2826 614 2867 Abscondita
641 2831 702 2866 est
730 2825 770 2866 in
800 2831 909 2866 terra
936 2824 1081 2878 pedica
1109 2824 1204 2873 eius,
1288 2830 1329 2865 01
1357 2823 1544 2878 decipula
1571 2824 1676 2865 illius
1705 2838 1825 2879 super
1852 2825 2053 2867 semitam.

300 2887 327 2908 ¹¹
359 2884 550 2938 Undique
581 2885 792 2925 terrebunt
824 2897 916 2925 011111
946 2883 1196 2929 formidines,
1282 2889 1323 2925 et
1352 2883 1566 2925 involvent
1596 2884 1718 2938 pedes
1749 2884 1844 2926 eius.

300 2945 330 2967 ¹2
358 2944 608 2985 Attenuetur
636 2944 743 2985 fame
772 2944 895 2984 robur
924 2942 1019 2991 eius,
1105 2948 1144 2983 01
1173 2942 1307 2984 inedia
1334 2942 1507 2984 invadat
1537 2948 1670 2984 costas
1698 2942 1815 2984 illius.

300 3004 330 3026 ¹³
357 3002 536 3043 Devoret
562 3002 908 3056 pulchritudinem
934 3002 1038 3043 cutis
1063 3002 1159 3046 eius.
1227 3007 1443 3043 consumat
1468 3002 1635 3043 brachia
1658 3001 1762 3043 illius
1786 3001 2059 3056 primogenita
2081 3015 2200 3044 mors.

301 3063 329 3084 ¹¹
358 3061 571 3102 Avellatur
602 3062 651 3102 de
682 3061 946 3103 tabernaculo
978 3075 1049 3102 3110
1083 3061 1231 3101 fiducia
1266 3061 1361 3105 eius,
1447 3067 1488 3102 et
1522 3061 1650 3102 calcet
1666 3074 1786 3115 super
1823 3074 1927 3109 eum,
1966 3061 2081 3115 quasi
2118 3074 2200 3107 rex,

567 3121 764 3162 interitus.

301 3181 330 3202 ¹⁵
361 3179 561 3219 Habitent
583 3179 624 3220 in
645 3180 908 3221 tabernaculo
932 3180 1036 3220 illius
1057 3179 1153 3220 socii
1174 3179 1269 3222 eius,
1293 3180 1362 3233 qui
1383 3193 1464 3221 11011
1484 3184 1556 3225 031,
1617 3185 1856 3234 aspergatur
1875 3179 1916 3220 in
1938 3179 2201 3221 tabernaculo

561 3238 644 3278 eius
675 3239 854 3293 sulphur.

300 3298 332 3320 111
357 3297 556 3337 Deorsum
589 3298 741 3339 radices
773 3299 855 3339 eius
887 3299 1100 3344 siccentur,
1186 3310 1344 3338 sursum
1377 3303 1515 3338 autem
1547 3302 1751 3339 atteratur
1780 3297 1919 3339 messis
1950 3297 2045 3338 eius.

300 3357 330 3378 ¹⁷
361 3356 575 3396 aMemoria
601 3356 704 3397 illius
732 3363 870 3410 pereat
897 3358 946 3397 de
973 3364 1091 3400 terra.
1173 3362 1211 3397 et
1240 3370 1319 3397 non
1346 3357 1570 3397 celebretur
1595 3370 1743 3398 nomen
1769 3357 1852 3398 eius
1879 3356 1918 3397 in
1944 3355 2101 3410 plateis.

300 3416 332 3437 ¹⁸
357 3414 544 3467 Expellet
574 3429 665 3455 011111
695 3416 744 3456 (10
773 3416 858 3457 luce
888 3416 927 3457 in
958 3417 1157 3462 tenebras,
1241 3421 1281 3456 et
1310 3416 1358 3456 de
1387 3417 1483 3457 orbe
1512 3416 1730 3457 transferet
1758 3429 1862 3457 eum.

429 3533 480 3573 18,
507 3534 546 3566 17
573 3532 636 3565 aer
660 3533 690 3572 2,
717 3533 766 3564 22.
