2356 3760
106 535 176 564 pilos
198 535 225 558 in

80 572 137 595 tres
155 572 249 599 partos

62 606 253 632 dividentem:

89 995 244 1019 (111-16161111

92 1031 240 1055 actionum

99 1066 234 1097 symboli-

113 1108 219 1126 carum.

107 2708 226 2738 Propter

63 2743 253 2768 idololatriam

281 201 356 241 794
1090 199 1367 233 PROPHETIA
1968 201 1999 238 4,
2026 201 2145 242 17—6,
2169 201 2190 235 9

271 293 323 333 ad
344 305 426 332 me:
449 292 524 333 Fili
546 292 739 333 hominis:
767 293 891 333 anoe
912 305 984 345 ego
1006 298 1215 333 conteram
1238 292 1429 333 baculum
1450 291 1567 345 panis
1587 291 1629 332 in
1652 291 1890 333 Ierusalem:
1913 299 1955 334 et
1974 295 2192 337 comedent

270 364 418 404 panem
442 351 482 391 in
506 352 696 405 pondere,
723 356 764 391 et
786 351 826 391 in
850 350 1126 391 solicitudine:
1152 356 1193 391 et
1216 363 1367 404 aquam
1390 350 1431 391 in
1455 363 1657 398 mensura,
1684 355 1725 390 et
1747 350 1788 391 in
1812 352 2004 405 angustia
2026 353 2188 395 bibent:

272 411 303 434 ¹⁷
330 410 387 450 Ut
411 409 693 451 deficientibus
718 422 822 462 pane
846 414 888 450 et
911 422 1030 463 aqua,
1058 415 1221 451 corruat
1246 408 1526 463 unusquisque
1550 409 1602 450 ad
1626 409 1794 449 fratrem
1819 422 1958 451 suum:
1984 417 2025 452 et
2048 418 2189 454 conta-

272 469 439 509 bescant
468 469 507 509 in
537 468 826 521 iniquitatibus
856 468 949 509 suis.

378 528 415 570 5.
473 530 481 551 ¹
508 528 563 567 Et.
586 533 630 567 tu
653 526 706 566 fili
729 526 903 567 hominis
926 540 1039 567 sume
1063 527 1137 568 tibi
1158 526 1339 580 gladium
1362 531 1542 575 acutum,
1566 527 1780 567 radentem
1802 527 1922 580 pilos:
1947 534 1988 569 et
2010 542 2190 571 assumes

273 600 377 628 eum,
412 594 446 626 et
483 586 604 626 duces
637 598 707 638 per
738 590 863 639 caput
895 590 1024 633 11111111,
1058 591 1100 626 61
1130 599 1201 639 per
1232 586 1402 626 barbam
1434 590 1569 626 tuam:
1602 590 1644 626 et
1674 598 1854 626 assumes
1886 587 1961 627 tibi
1992 592 2191 629 stateram

272 645 471 698 ponderis,
498 650 539 685 et
561 644 717 685 divides
741 657 818 685 eos.
871 646 885 668 2
909 644 1087 685 Tertiam
1112 650 1270 698 partem
1295 644 1376 697 igni
1399 644 1611 685 combures
1634 644 1675 685 111
1697 644 1830 685 medio
1855 645 2048 696 civitatis,
2073 647 2192 689 iuxta

272 703 585 756 completionem
618 703 772 744 dierum
806 703 1045 744 obsidionis:
1079 709 1121 744 et
1151 716 1331 744 assumes
1363 703 1529 744 tertiam
1561 708 1733 756 partem,
1767 709 1807 744 et
1839 704 2025 746 concides
2055 705 2190 759 gladio

271 762 310 801 111
337 762 507 802 circuitu
534 762 636 802 eius:
665 762 829 803 tertiam
855 775 950 804 vero
977 762 1097 803 aliam
1124 762 1328 816 disperges
1353 762 1394 802 in
1419 766 1603 809 ventum,
1632 767 1673 802 et
1696 761 1877 815 gladium
1903 763 2070 806 nudabo
2096 771 2191 819 post

272 834 349 861 eos.
409 823 423 844 ³³
454 820 509 861 Et
538 834 672 861 sumes
702 821 795 861 inde
825 834 999 874 parvum
1030 834 1265 861 numerum:
1297 825 1338 861 et
1365 820 1509 874 ligabis
1539 834 1605 861 eos
1636 820 1676 861 in
1706 821 1946 863 summitate
1976 822 2087 876 pallii
2117 824 2189 865 tui.

271 881 284 902 ⁴
315 879 364 920 Et
392 893 441 920 ex
467 880 520 920 eis
547 893 707 920 rursum
734 879 861 923 tolles,
890 885 929 920 et
956 880 1139 933 111-0110163
1165 893 1231 921 603
1257 879 1297 920 111
1324 879 1457 921 11161110
1483 879 1596 933 ignis,
1625 884 1666 920 et
1691 880 1903 921 combures
1929 894 1996 922 eos
2023 881 2123 935 igni:
2151 889 2191 924 et

272 952 320 978 ex
349 952 394 979 eo
423 939 651 991 egredietur
678 938 779 988 ignis
808 938 847 978 in
876 952 1038 980 0111116111
1067 939 1235 980 domum
1266 938 1401 980 Israel.

420 997 517 1037 Haec
542 997 639 1038 dicit
664 997 865 1038 Dominus
890 998 1018 1038 Deus:
1047 997 1134 1039 Ista
1157 1003 1219 1039 est
1244 997 1476 1045 Ierusalem,
1502 996 1543 1037 in
1568 997 1701 1038 medio
1726 998 1921 1039 Gentium
1946 999 2063 1052 posui
2087 1014 2189 1049 eam,

276 1064 314 1096 vt
341 1056 378 1095 111
406 1056 576 1096 0110111111
603 1056 686 1096 eius
712 1061 850 1097 terras.
908 1058 923 1080 θ
947 1056 1001 1097 Ε1
1027 1057 1275 1110 contempsit
1299 1056 1449 1097 iudicia
1473 1069 1574 1101 mea,
1602 1061 1649 1097 ut
1673 1055 1762 1109 plus
1788 1062 1893 1098 esset
1916 1057 2044 1111 impia
2068 1072 2192 1113 quam

275 1115 444 1155 Gentes:
470 1120 510 1155 et
532 1120 737 1168 praecepta
759 1128 850 1155 mea
873 1115 981 1156 ultra
1004 1129 1126 1169 quam
1151 1120 1278 1161 terrae,
1305 1128 1395 1169 quae
1416 1115 1457 1155 in
1479 1115 1650 1156 circuitu
1674 1115 1757 1156 eius
1781 1121 1887 1157 sunt.
1912 1116 2064 1158 iudicia
2085 1118 2192 1158 6111111

272 1187 364 1214 mea
396 1173 665 1227 proiecerunt,
701 1179 741 1214 et
774 1173 814 1214 in
849 1175 1061 1228 praeceptis
1095 1174 1193 1215 meis
1228 1188 1308 1215 non
1343 1173 1672 1215 ambulaverunt.
1738 1176 1751 1198 ⁷
1788 1174 1942 1216 Idcirco
1976 1176 2061 1217 haec
2094 1177 2193 1218 dicit

270 1232 472 1273 Dominus
498 1232 627 1273 Deus:
657 1233 763 1281 Quia
787 1233 1009 1286 superastis
1028 1233 1191 1283 Gentes,
1222 1247 1312 1287 quae
1337 1233 1378 1274 in
1397 1233 1569 1274 circuitu
1588 1238 1723 1274 vestro
1743 1239 1851 1283 sunt,
1881 1239 1922 1275 et
1946 1234 1987 1275 in
2014 1248 2191 1290 11166061)-

271 1292 322 1332 113
352 1292 450 1332 111613
481 1305 562 1333 11011
593 1291 845 1336 ambulastis,
887 1297 928 1333 et
964 1292 1115 1333 iudicia
1144 1306 1235 1333 mea
1272 1306 1353 1334 non
1382 1292 1546 1340 fecistis,
1586 1296 1628 1332 et
1655 1291 1774 1333 iuxta
1802 1293 1952 1334 iudicia
1981 1294 2189 1344 Gentium,

272 1364 362 1404 quae
388 1351 427 1391 in
457 1350 626 1391 circuitu
655 1355 791 1392 vestro
819 1356 927 1400 sunt,
957 1365 1038 1393 non
1066 1352 1162 1392 estis
1190 1351 1365 1405 operati;
1423 1352 1439 1375 ⁸
1467 1351 1564 1392 Ideo
1592 1351 1677 1392 haec
1704 1351 1804 1391 dicit
1829 1351 2032 1393 Dominus
2059 1353 2190 1394 Deus:

270 1410 375 1451 Ecce
404 1423 475 1463 ego
504 1410 556 1450 ad
585 1415 635 1452 16,
666 1415 707 1451 61
734 1409 818 1463 ipse
846 1423 918 1464 ego
946 1410 1093 1452 faciam
1122 1411 1163 1451 in
1191 1411 1324 1452 medio
1354 1410 1414 1451 tui
1441 1409 1592 1451 iudicia
1618 1410 1658 1450 in
1687 1409 1811 1451 0011113
1840 1410 2048 1453 Gentium.
2108 1414 2123 1436 ⁹
2152 1417 2193 1453 et

270 1468 418 1509 faciam
438 1468 479 1508 in
500 1474 539 1510 te
560 1469 669 1522 quod
689 1482 770 1510 non
789 1469 876 1511 feci.
899 1474 940 1510 et
960 1469 1107 1523 quibus
1127 1469 1275 1510 similia
1293 1469 1402 1510 ultra
1420 1482 1502 1510 non
1521 1468 1670 1510 faciam
1690 1474 1858 1523 propter
1877 1483 2016 1526 omnes
2037 1471 2192 1512 abomi-

271 1528 457 1569 nationes
481 1532 585 1568 tuas.
639 1530 673 1552 ¹⁰
697 1528 792 1569 Ideo
817 1534 953 1582 patres
977 1529 1193 1569 comedent
1216 1528 1317 1569 filios
1340 1528 1379 1568 in
1403 1528 1537 1569 medio
1560 1528 1633 1575 tui,
1659 1533 1700 1569 61
1722 1527 1791 1568 filii
1815 1529 2032 1570 comedent
2053 1535 2192 1584 patres

270 1601 375 1632 31103,
397 1592 437 1628 61
456 1587 603 1627 faciam
623 1587 662 1627 in
683 1592 722 1627 te
741 1587 902 1635 iudicia,
924 1592 964 1628 61
983 1587 1192 1628 ventilabo
1212 1588 1422 1628 universas
1441 1586 1631 1640 reliquias
1650 1592 1743 1627 tuas
1762 1587 1803 1627 in
1822 1601 1985 1629 omnem
2004 1593 2189 1631 ventum.

271 1649 300 1671 ¹¹
327 1645 482 1687 Idcirco
507 1646 601 1686 vivo
626 1659 710 1699 ego.
737 1645 837 1686 dicit
859 1646 1061 1686 Dominus
1085 1646 1214 1687 Deus:
1241 1645 1327 1686 Nisi
1351 1659 1423 1699 pro
1447 1659 1493 1686 60
1519 1646 1629 1699 quod
1653 1651 1842 1686 sanctum
1866 1659 2003 1688 meum
2027 1647 2191 1689 violasti

268 1706 310 1746 in
345 1704 534 1745 omnibus
570 1704 860 1746 offensionibus
897 1705 989 1751 tuis,
1027 1710 1068 1746 et
1102 1705 1142 1745 111
1178 1705 1334 1746 cunctis
1370 1704 1746 1746 abominationibus
1782 1705 1882 1746 tuis:
1919 1719 1991 1759 ego
2028 1719 2191 1761 quoque

270 1764 536 1817 confringam.
562 1769 603 1804 et
625 1777 706 1805 11011
730 1768 872 1817 parcet
894 1763 1033 1805 oculus
1056 1778 1182 1811 meus,
1208 1769 1249 1805 et
1271 1777 1352 1805 non
1376 1763 1607 1805 miserebor.
1660 1765 1692 1788 ¹2
1715 1763 1854 1805 Tertia
1876 1777 1968 1818 pars
1992 1765 2053 1805 tui
2077 1770 2191 1819 peste

269 1823 476 1865 morietur.
508 1828 549 1863 et
576 1823 683 1863 fame
712 1828 975 1864 consumetur
1001 1823 1043 1864 in
1070 1823 1204 1864 medie
1232 1823 1312 1864 tui:
1342 1828 1383 1864 et
1410 1823 1534 1864 tertia
1560 1836 1654 1876 pars
1683 1823 1743 1863 tui
1771 1822 1811 1863 in
1838 1823 1973 1877 gladio
2003 1825 2123 1865 cadet
2150 1824 2191 1865 in

269 1882 440 1924 circuitu
467 1888 557 1923 tuo:
584 1882 749 1923 tertiam
775 1895 870 1923 vero
895 1887 1055 1935 partem
1080 1887 1197 1923 tuam
1221 1882 1262 1923 in
1288 1895 1450 1923 omnem
1476 1886 1647 1922 ventum
1673 1882 1915 1936 dispergam,
1943 1887 1985 1923 et
2007 1882 2191 1937 gladium

269 1941 496 1995 evaginabo
524 1946 617 1995 post
643 1954 721 1982 eos.
778 1943 809 1965 ¹³
835 1941 891 1982 Et
918 1942 1130 1995 complebo
1156 1942 1335 1983 furorem
1362 1955 1510 1989 meum,
1548 1946 1590 1982 et
1622 1941 1871 1994 requiescere
1905 1941 2054 1982 faciam
2088 1942 2191 1983 indi-

267 2001 505 2056 gnationem
531 2013 664 2041 meam
690 2000 729 2040 in
749 2000 815 2043 eis.
844 2006 885 2041 et
911 2000 1168 2042 consolabor:
1196 2005 1237 2041 et
1262 2001 1392 2041 scient
1417 2000 1514 2054 quia
1538 2013 1610 2053 ego
1629 2000 1830 2041 Dominus
1847 1999 2009 2042 locutus
2035 2014 2124 2042 sum
2150 2001 2191 2042 in

269 2061 352 2103 zelo
379 2073 480 2102 11160.
509 2073 601 2100 011111
626 2059 847 2113 implevero
872 2059 1197 2114 indignationem
1221 2073 1355 2101 meam
1380 2059 1421 2100 in
1446 2059 1512 2100 613.
1567 2061 1599 2083 ¹4
1624 2058 1679 2099 Et
1703 2059 1810 2100 dabo
1836 2064 1876 2100 te
1900 2059 1942 2100 in
1967 2060 2187 2110 desertum,

269 2120 365 2161 etin
381 2118 645 2172 opprobrium
661 2118 874 2162 Gentibus.
893 2132 983 2172 quae
997 2119 1038 2159 in
1053 2119 1225 2160 circuitu
1240 2124 1312 2160 tuo
1328 2123 1436 2167 sunt,
1453 2118 1495 2159 in
1507 2123 1729 2172 conspectu
1745 2118 1875 2160 omnis
1890 2119 2187 2172 praetereuntis.

272 2182 301 2203 ¹5
332 2179 386 2219 Et
415 2178 490 2219 eris
520 2177 796 2230 opprobrium.
828 2183 869 2218 et
899 2177 1163 2231 blasphemia,
1196 2177 1440 2231 exemplum,
1473 2182 1514 2218 61
1542 2182 1686 2231 stupor
1713 2177 1754 2217 in
1784 2177 1997 2227 Gentibus,
2030 2191 2120 2232 quae
2148 2178 2189 2219 in

269 2237 441 2279 circuitu
465 2243 536 2277 tuo
560 2242 666 2279 sunt.
693 2250 784 2277 cum
807 2236 937 2277 fecero
961 2237 1001 2277 in
1024 2242 1064 2277 te
1087 2236 1237 2277 iudicia
1258 2237 1297 2277 111
1321 2237 1466 2283 furore,
1492 2241 1534 2277 et
1555 2236 1595 2276 in
1617 2236 1911 2290 indignatione,
1937 2242 1978 2277 et
2000 2237 2041 2278 in
2062 2237 2190 2278 incre-

270 2296 506 2351 pationibus
522 2296 600 2336 1116.
648 2298 680 2319 ¹⁶
696 2295 782 2349 Ego
797 2295 999 2336 Dominus
1014 2295 1175 2337 locutus
1191 2309 1299 2336 sum:
1318 2295 1492 2344 Quando
1508 2295 1653 2336 misero
1669 2295 1842 2349 sagittas
1857 2295 1977 2336 famis
1992 2296 2190 2349 pessimas

270 2357 309 2397 in
335 2369 418 2397 eos:
446 2367 536 2408 quae
560 2360 679 2395 erunt
702 2354 932 2403 mortiferae,
960 2360 1001 2395 et
1026 2368 1125 2408 quas
1150 2355 1316 2395 mittam
1340 2359 1388 2395 ut
1411 2354 1643 2407 disperdam
1668 2367 1759 2395 vos:
1786 2359 1826 2395 et
1849 2354 2001 2395 famem
2026 2368 2190 2409 congre-

268 2416 373 2470 gabo
405 2427 525 2467 super
555 2427 639 2458 vos.
673 2419 713 2454 et
748 2419 976 2455 bconteram
1008 2414 1048 2454 in
1080 2414 1196 2455 vobis
1227 2413 1419 2455 baculum
1450 2413 1579 2467 panis.
1640 2415 1673 2437 ¹⁷
1705 2412 1760 2453 Et
1791 2413 2015 2454 immittam
2045 2413 2086 2454 in
2117 2427 2190 2455 vos

267 2475 432 2518 famem,
453 2478 494 2513 et
513 2473 662 2514 bestias
682 2472 875 2526 pessimas
895 2486 1023 2526 usque
1046 2473 1097 2514 ad
1119 2473 1456 2514 internecionem:
1480 2478 1522 2513 et
1541 2471 1788 2526 pestilentia,
1810 2476 1851 2512 et
1871 2472 2035 2526 sanguis
2057 2477 2190 2513 trans-

270 2534 391 2575 ibunt
421 2545 491 2586 per
522 2537 574 2580 te,
608 2538 649 2573 61
678 2531 859 2585 gladium
891 2531 1083 2572 inducam
1115 2545 1236 2585 super
1267 2537 1317 2573 te.
1352 2545 1424 2585 ego
1455 2531 1656 2572 Dominus
1687 2531 1848 2572 locutus
1880 2544 1981 2572 sum.

532 2638 570 2677 2.
602 2636 742 2677 Poena
770 2636 913 2677 totius
943 2638 1079 2678 terrae
1111 2637 1266 2676 verbis
1296 2636 1647 2689 praenuntiatur,
1676 2635 1716 2685 6,
1735 2636 1855 2686 1—7,
1874 2637 1940 2676 27.

378 2710 416 2752 6.
474 2711 485 2732 ¹
511 2707 567 2748 Et
591 2707 725 2748 faetus
751 2711 812 2747 est
836 2720 967 2747 sermo
992 2706 1159 2747 Domini
1185 2707 1237 2748 ad
1262 2720 1337 2755 me,
1366 2707 1520 2747 dicens:
1574 2707 1588 2730 2
1612 2705 1689 2746 Fili
1714 2705 1888 2747 hominis
1913 2718 2019 2759 pone
2043 2706 2189 2746 faciem

272 2775 386 2810 tuam
415 2768 466 2809 ad
494 2772 654 2808 montes
683 2765 818 2808 Israel.
848 2771 889 2806 et
916 2765 1181 2819 prophetabis
1209 2766 1261 2807 ad
1288 2779 1366 2813 eos,
1422 2768 1437 2790 3
1464 2770 1506 2806 et
1532 2765 1657 2806 dices:
1693 2765 1870 2806 CMontes
1899 2764 2023 2805 Israel
2049 2765 2189 2806 audite

271 2829 441 2869 verbum
475 2826 641 2867 Domini
676 2825 770 2865 Dei:
808 2825 905 2866 Haec
940 2825 1039 2865 dicit
1072 2825 1273 2866 Dominus
1307 2825 1417 2866 Deus
1452 2824 1674 2873 montibus,
1711 2828 1752 2864 et
1786 2823 1967 2872 collibus,
2003 2823 2185 2877 rupibus,

271 2893 311 2928 et
342 2886 535 2927 vallibus:
568 2885 672 2925 Ecce
704 2897 775 2938 ego
807 2884 998 2925 inducam
1030 2897 1151 2937 super
1182 2897 1253 2925 vos
1283 2883 1477 2938 gladium,
1511 2889 1553 2924 et
1583 2883 1816 2936 disperdam
1847 2882 2006 2923 excelsa
2036 2888 2185 2931 vestra,

271 2949 284 2970 ⁴
302 2953 341 2987 et
360 2944 556 2986 demoliar
573 2957 662 2984 aras
680 2948 849 2992 vestras,
869 2948 910 2984 et
927 2943 1235 2997 confringentur
1251 2942 1498 2984 simulachra
1514 2947 1669 2983 vestra:
1688 2946 1730 2982 et
1746 2941 1933 2982 deiiciam
1949 2941 2187 2982 interfectos

272 3011 427 3046 vestros
456 3009 551 3044 ante
580 3002 685 3044 idola
715 3008 862 3044 vestra.
919 3004 934 3026 ⁴³
963 3002 1018 3043 Et
1045 3002 1152 3043 dabo
1181 3002 1383 3043 cadavera
1410 3002 1584 3043 filiorum
1615 2999 1739 3042 Israel
1767 3005 1862 3041 ante
1890 3000 2036 3041 faciem
2064 3000 2187 3041 simu-

270 3064 501 3105 lachrorum
524 3067 772 3103 vestrorum:
800 3067 841 3102 et
858 3062 1087 3115 dispergam
1115 3074 1206 3102 ossa
1227 3066 1364 3102 Vestra
1389 3061 1540 3102 circum
1566 3073 1656 3101 aras
1682 3064 1840 3101 vestras
1891 3061 1905 3083 ⁶
1930 3059 1971 3099 in
1997 3059 2186 3100 omnibus

271 3122 595 3163 habitationibus
612 3121 768 3161 vestris.
788 3120 918 3161 Urbes
934 3121 1105 3161 desertae
1119 3126 1250 3165 erunt,
1269 3125 1310 3161 et
1325 3119 1484 3161 excelsa
1499 3119 1781 3165 demolientur,
1800 3123 1841 3159 61
1857 3118 2184 3171 dissipabuntur:

270 3188 309 3222 et
331 3182 556 3222 interibunt
578 3193 656 3221 arae
676 3186 833 3225 vestrae,
856 3185 897 3220 et
917 3179 1242 3233 confringentur:
1264 3185 1305 3219 et
1325 3179 1545 3220 cessabunt
1562 3178 1673 3219 idola
1692 3182 1840 3222 vestra,
1864 3181 1905 3218 61
1924 3180 2188 3218 conterentur

270 3241 439 3280 delubra
462 3245 608 3280 vestra.
634 3244 673 3279 et
696 3239 941 3279 delebuntur
963 3251 1086 3292 opera
1108 3244 1254 3279 vestra.
1309 3240 1322 3261 ⁷
1345 3238 1401 3279 Et
1422 3238 1542 3279 cadet
1562 3237 1802 3278 interfectus
1823 3236 1865 3276 in
1885 3235 2019 3276 medio
2044 3234 2185 3275 vestri:

272 3308 306 3339 et
332 3300 463 3339 scietis
486 3299 581 3351 quia
600 3311 671 3349 ego
691 3311 780 3338 sum
801 3298 1013 3339 Dominus.
1066 3299 1080 3321 ⁸
1100 3297 1155 3338 Et
1174 3297 1401 3351 relinquam
1420 3297 1458 3337 in
1481 3296 1597 3338 vobis
1617 3309 1695 3342 eos,
1719 3295 1788 3349 qui
1807 3293 1986 3348 fugerint
2003 3292 2185 3347 gladium

271 3358 308 3398 in
337 3358 548 3399 Gentibus.
578 3371 669 3397 eum
697 3357 920 3410 dispersero
947 3370 1018 3397 vos
1045 3356 1085 3397 in
1112 3356 1238 3397 terris.
1297 3358 1312 3379 ⁹
1338 3355 1394 3396 Et
1418 3356 1744 3396 recordabuntur
1769 3353 1848 3393 mei
1873 3352 2034 3393 liberati
2061 3351 2187 3393 vestri

271 3418 309 3458 in
343 3416 554 3458 Gentibus.
590 3416 639 3455 ad
675 3429 774 3468 quas
807 3415 961 3469 captivi
994 3415 1107 3456 ducti
1140 3420 1253 3455 sunt:
1289 3415 1385 3468 quia
1416 3414 1591 3456 contrivi
1623 3427 1691 3455 cor
1722 3425 1861 3454 eorum
1892 3411 2109 3459 fornicans,
2145 3415 2187 3451 et

409 3543 446 3574 16·
467 3541 542 3574 alni
561 3542 591 3581 ἴ),
615 3542 669 3581 16ς
692 3543 743 3580 14,
765 3543 815 3575 13.
844 3564 882 3565 w
909 3543 940 3583 ι’),
969 3543 1007 3575 16
1034 3543 1122 3586 ¹¹Sup
1148 3543 1255 3582 4,16;
1280 3543 1334 3576 Inf
1354 3544 1406 3582 14,
1433 3543 1484 3575 13.
1512 3562 1551 3564 μ
1577 3542 1609 3583 6,
1629 3540 1649 3574 3
1671 3539 1817 3579 clnf36,
1838 3540 1866 3572 1.
