2356 3760
301 219 374 260 756
1112 216 1205 250 PRO
1212 217 1387 251 PHETIA
1924 219 1978 259 33,
2004 220 2143 255 16—34.
2170 221 2211 254 15

295 312 521 365 germinare
546 311 694 352 faciam
723 310 859 351 David
884 323 1048 363 germen
1074 310 1258 351 iustitiae:
1287 316 1327 351 et
1354 310 1474 351 faciet
1503 309 1696 352 iudicium
1723 317 1763 352 et
1789 311 1990 354 iustitiam
2016 313 2057 355 in
2084 319 2205 356 terra.

297 373 332 396 ¹⁶
363 371 409 411 In
439 371 581 411 diebus
610 370 684 409 illis
714 369 943 409 salvabitur
973 369 1087 412 Iuda.
1119 375 1159 410 et
1195 369 1408 409 Ierusalem
1438 369 1646 411 habitabit
1674 370 1943 411 confidenter:
1974 377 2016 413 et
2043 373 2119 414 hoc
2148 376 2209 413 est

296 443 456 474 nomen,
485 429 594 482 quod
619 428 829 468 vocabunt
853 441 958 470 eum.
984 428 1185 468 Dominus
1210 428 1341 468 iustus
1366 433 1514 469 noster.
1569 430 1602 452 ¹⁷
1627 428 1733 477 Quia
1755 428 1840 470 haec
1865 429 1964 471 dicit
1987 431 2207 472 Dominus:

300 489 389 529 Non
421 488 604 528 interibit
635 487 684 527 de
715 486 852 527 David
883 486 955 530 vir.
990 486 1057 539 qui
1089 487 1229 527 sedeat
1260 500 1380 540 super
1411 486 1605 527 thronum
1636 487 1781 528 domus
1815 487 1949 529 Israel.
2009 490 2044 513 ¹⁸
2074 489 2130 531 Et
2160 490 2210 531 de

297 546 584 588 Sacerdotibus
606 550 648 586 et
669 546 718 586 de
740 545 893 585 Levitis
915 558 996 586 11011
1019 545 1203 587 interibit
1225 545 1286 586 vir
1307 559 1331 586 a
1352 545 1453 586 facie
1474 558 1576 594 mea,
1602 545 1670 599 qui
1693 545 1839 587 offerat
1859 546 2207 597 holocautomata,

298 611 339 646 et
355 605 549 645 incendat
565 603 819 649 sacrificium,
839 609 879 644 et
897 604 1027 644 caedat
1046 603 1234 645 victimas
1253 604 1441 645 omnibus
1459 603 1612 645 diebus.
1660 607 1694 629 ¹⁹
1711 605 1765 645 Et
1783 605 1940 646 factum
1957 612 2019 647 est
2036 606 2208 647 verbum

298 663 463 705 Domini
484 664 535 704 ad
557 663 781 706 Ieremiam,
805 662 959 703 dicens:
1007 664 1043 687 2⁰
1063 662 1160 704 Haec
1180 662 1279 703 dicit
1297 662 1518 703 Dominus:
1539 662 1580 703 Si
1599 663 1758 704 irritum
1778 668 1917 717 potest
1936 664 2020 705 fieri
2039 670 2209 718 pactum

296 735 432 762 meum
454 735 546 763 cum
568 721 644 764 die.
667 726 708 762 et
727 727 896 775 pactum
917 734 1053 762 meum
1075 735 1167 762 cum
1188 727 1319 763 nocte..
1342 726 1389 762 ut
1409 734 1491 762 non
1511 721 1564 762 sit
1584 721 1667 763 dies
1688 727 1729 763 et
1748 735 1831 763 nox
1850 722 1891 762 in
1911 727 2096 776 tempore
2116 737 2207 765 suo:

296 782 326 805 ‘³¹
355 781 410 821 Et
436 786 604 834 pactum
632 793 767 820 meum
795 780 954 821 irritum
982 793 1065 820 esse
1091 780 1245 833 poterit
1271 793 1363 821 cuni
1389 779 1527 820 David
1553 793 1668 821 servo
1695 794 1797 825 meo,
1827 786 1874 821 ut
1899 794 1981 823 non
2007 782 2061 823 sit
2086 796 2137 823 ex
2162 795 2208 824 60

297 839 400 879 filius
432 839 500 893 qui
530 845 669 891 regnet
699 839 739 879 in
770 839 917 880 throno
948 839 1043 881 eius.
1075 845 1116 879 et
1146 839 1300 879 Levitae
1329 843 1369 879 et
1398 839 1637 879 Sacerdotes
1667 839 1842 880 ministri
1871 839 1961 881 mei.
2020 842 2053 865 22
2081 841 2209 882 Sicuti

297 898 525 938 enumerari
552 911 633 939 11011
660 903 831 951 possunt
859 897 985 938 stellae
1011 897 1106 940 caeli.
1136 903 1177 938 et
1203 897 1337 938 metiri
1365 910 1487 938 arena
1513 897 1653 938 maris:
1681 898 1737 939 sic
1763 898 2045 951 multiplicabo
2072 912 2210 940 semen

298 957 433 997 David
465 957 570 997 servi
601 957 691 999 mei.
725 962 767 997 et
796 956 962 997 Levitas
993 956 1200 997 ministros
1231 970 1353 998 meos.

113 1018 275 1078 Wfflfflffili
404 1018 436 1040 '³³
456 1016 509 1056 Et
530 1016 685 1056 factum
707 1020 767 1055 est
787 1015 958 1055 verbum
977 1015 1143 1056 Domini
1164 1016 1216 1056 ad
1237 1015 1462 1064 Ieremiam,
1484 1015 1638 1056 dicens:
1687 1017 1718 1040 ²⁴
1738 1015 1949 1070 Numquid
1969 1030 2051 1058 non
2071 1017 2209 1058 vidisti

106 1059 277 1114 tmssfflpm
300 1075 397 1128 quid
430 1074 603 1128 populus
636 1074 700 1115 hic
731 1074 891 1115 locutus
923 1074 987 1123 sit,
1023 1074 1177 1115 dicens:
1210 1074 1314 1115 Duae
1345 1074 1619 1128 cognationes,
1655 1087 1754 1128 quas
1788 1075 1963 1129 elegerat
1993 1075 2207 1123 Dominus,

296 1134 466 1174 abiectze
485 1138 599 1173 sunt:
621 1138 661 1174 et
680 1132 878 1186 populum
897 1146 1033 1174 meum
1054 1133 1340 1186 despexerunt.
1362 1146 1408 1173 60
1429 1134 1539 1186 quod
1558 1146 1640 1174 non
1659 1133 1712 1174 sit
1730 1133 1840 1174 ultra
1856 1147 1953 1187 gens
1973 1147 2109 1175 coram
2128 1134 2208 1176 eis?

296 1194 327 1216 2⁵
359 1192 455 1233 Haec
485 1192 583 1232 dicit
611 1192 832 1232 Dominus:
863 1192 903 1233 Si
931 1196 1101 1245 pactum
1129 1205 1267 1233 meum
1295 1192 1402 1232 inter
1430 1191 1537 1232 diem
1566 1196 1608 1233 et
1635 1197 1810 1237 noctem,
1842 1198 1883 1233 et
1910 1192 2015 1247 leges
2044 1193 2140 1234 caelo
2169 1197 2211 1234 et

294 1257 412 1291 terrae
433 1264 514 1291 non
538 1251 672 1304 posui:
723 1253 758 1275 2⁶
780 1250 968 1304 equidem
991 1255 1032 1291 et
1054 1264 1191 1292 semen
1216 1251 1338 1292 Iacob
1361 1256 1402 1291 et
1424 1250 1562 1291 David
1583 1251 1688 1291 servi
1710 1251 1789 1292 mei
1810 1251 2032 1305 proiiciam.
2058 1257 2105 1292 ut
2125 1265 2209 1293 non

294 1323 500 1350 assumam
534 1310 583 1350 de
615 1309 766 1351 semine
800 1309 883 1350 eius
916 1309 1117 1363 principes
1150 1309 1313 1351 seminis
1346 1309 1568 1357 Abraham,
1605 1310 1731 1360 Isaac,
1766 1316 1807 1351 et
1840 1311 1982 1351 Iacob:
2017 1311 2209 1352 reducam

294 1369 399 1409 enim
429 1369 735 1410 conversionem
764 1382 916 1413 eorum,
947 1374 988 1409 et
1016 1369 1236 1410 miserebor
1263 1369 1330 1410 eis.

512 1487 579 1536 X.
618 1485 925 1552 Ingenium
964 1485 1296 1537 insanabile
1335 1485 1554 1552 populi,
1593 1484 1996 1547 34.1235‚19.

819 1577 859 1616 1.
890 1574 1107 1616 Sedecias
1139 1576 1183 1617 et
1213 1576 1429 1627 populus,
1458 1575 1524 1627 34,
1544 1576 1696 1616 1—22.

134 1657 193 1681 Rex
215 1656 251 1680 ab
403 1646 466 1691 34.
524 1650 535 1671 ¹
564 1647 757 1691 Verbum,
789 1647 899 1700 quod
927 1647 1083 1688 factum
1112 1651 1174 1687 est
1202 1647 1254 1687 ad
1284 1647 1497 1687 Ieremiam
1526 1660 1550 1687 a
1575 1646 1765 1693 Domino,
1798 1647 1962 1700 quando
1992 1647 2210 1689 Nabucho-

132 1693 251 1752 Ιςῗῖἶῗέἶῖῗ
297 1708 472 1748 donosor
492 1719 561 1747 rex
585 1705 819 1759 Babylonis,
843 1711 884 1746 et
905 1705 1035 1747 omnis
1057 1705 1257 1746 exercitus
1278 1705 1373 1750 eius.
1397 1705 1668 1760 universaque
1687 1719 1812 1760 regna
1831 1710 1959 1752 terrae,
1983 1720 2074 1760 quae
2093 1713 2210 1748 erant

124 1764 254 1823 ἰῗζξῗζηῖζ
297 1766 371 1807 sub
399 1770 605 1819 potestate
632 1778 778 1805 manus
806 1765 902 1810 eius,
931 1770 972 1805 et
999 1777 1137 1805 omnes
1165 1764 1305 1818 populi
1332 1764 1542 1806 bellabant
1568 1770 1712 1806 contra
1740 1765 1970 1813 Ierusalem,
2000 1771 2041 1807 et
2067 1771 2212 1807 contra

144 1821 251 1859 discit-⁷
298 1838 437 1866 omnes
469 1824 588 1864 urbes
620 1823 715 1868 eius,
749 1824 904 1865 dicens:
963 1825 977 1848 2
1010 1824 1107 1864 Haec
1138 1823 1237 1864 dicit
1266 1823 1467 1864 Dominus
1498 1824 1609 1865 Deus
1642 1824 1783 1865 Israel:
1817 1824 1942 1873 Vade,
1975 1829 2017 1866 et
2045 1824 2209 1878 loquere

295 1885 347 1925 ad
371 1883 580 1925 Sedeciam
605 1896 738 1936 regem
766 1883 888 1924 Iuda:
914 1887 956 1924 et
980 1883 1086 1924 dices
1112 1883 1164 1923 ad
1188 1896 1299 1923 eum:
1328 1883 1425 1924 Haec
1450 1882 1549 1924 dicit
1572 1883 1793 1924 Dominus:
1818 1883 1924 1924 Ecce
1948 1896 2020 1937 ego
2046 1884 2209 1924 tradam

294 1943 505 1984 civitatem
536 1942 642 1982 hanc
673 1941 713 1982 in
744 1955 890 1982 manus
921 1942 1022 1995 regis
1055 1941 1291 1995 Babylonis,
1325 1947 1366 1983 et
1396 1942 1615 1983 succendet
1645 1955 1735 1983 eam
1766 1942 1859 1995 igni.
1918 1944 1934 1966 3
1964 1942 2020 1983 Et
2050 1947 2096 1983 tu
2127 1955 2210 1984 11011

294 2002 459 2055 effugies
487 2002 536 2042 de
564 2014 690 2041 manu
718 2000 820 2041 eius:
850 2001 920 2042 sed
948 2000 1307 2054 comprehensione
1336 2001 1515 2054 capieris,
1546 2006 1588 2042 et
1614 2000 1656 2042 in
1682 2014 1809 2042 manu
1837 2001 1920 2041 eius
1948 2001 2139 2042 traderis:
2169 2006 2210 2042 et

294 2061 397 2102 oculi
418 2060 480 2101 tui
501 2059 636 2101 oculos
656 2060 759 2113 regis
782 2059 1004 2113 Babylonis
1025 2059 1239 2108 videbunt,
1262 2064 1303 2101 et
1323 2073 1365 2101 os
1386 2059 1469 2100 eius
1491 2072 1584 2101 cum
1605 2072 1672 2101 ore
1692 2065 1764 2102 tuo
1784 2059 1987 2114 loquetur,
2011 2065 2052 2101 et
2073 2060 2210 2114 Baby-

293 2120 426 2161 lonem
459 2119 657 2160 introibis.
717 2121 733 2143 ⁴
763 2119 962 2160 Attamen
994 2119 1090 2160 audi
1122 2119 1293 2159 verbum
1324 2119 1492 2160 Domini
1523 2118 1691 2160 Sedecia
1719 2132 1791 2160 rex
1824 2118 1946 2160 Iuda:
1980 2119 2078 2160 Haec
2110 2118 2211 2160 dicit

293 2178 493 2219 Dominus
518 2178 569 2218 ad
592 2183 650 2218 te:
677 2178 769 2219 Non
791 2177 972 2218 morieris
995 2178 1036 2218 in
1058 2177 1205 2231 gladio,
1256 2179 1271 2202 5
1293 2178 1364 2218 sed
1386 2178 1427 2218 in
1450 2190 1550 2231 pace
1571 2178 1764 2226 morieris,
1791 2183 1831 2219 et
1853 2178 2078 2219 secundum
2101 2191 2210 2219 com-

294 2237 502 2278 bustiones
531 2242 696 2290 patrum
725 2241 891 2277 tuorum
919 2249 1058 2290 regum
1087 2236 1267 2290 priorum
1297 2237 1365 2290 qui
1392 2236 1560 2278 fuerunt
1587 2242 1684 2278 ante
1712 2242 1764 2287 te,
1794 2237 1850 2278 sic
1877 2237 2121 2278 comburent
2147 2241 2207 2278 te:

293 2302 334 2337 et
361 2309 422 2336 vae
448 2295 635 2339 Domine.
665 2294 860 2349 plangent
887 2300 946 2336 te:
976 2295 1069 2348 quia
1098 2295 1268 2335 verbum
1296 2308 1367 2349 ego
1394 2295 1555 2336 locutus
1582 2309 1685 2343 sum,
1714 2296 1813 2336 dicit
1840 2296 2053 2337 Dominus.
2112 2297 2127 2320 ⁶
2153 2295 2210 2336 Et

293 2355 452 2395 locutus
486 2360 547 2395 est
582 2354 770 2394 Ieremias
804 2354 1007 2407 propheta
1039 2355 1091 2395 ad
1123 2353 1332 2395 Sedeciam
1364 2367 1499 2407 regem
1534 2354 1639 2395 Iuda
1670 2354 1860 2395 universa
1891 2355 2018 2395 verba
2048 2354 2134 2395 haec
2166 2354 2208 2394 in

294 2413 525 2454 Ierusalem.
586 2415 599 2436 ⁷
628 2413 683 2453 Et
710 2413 911 2453 exercitus
938 2413 1040 2467 regis
1070 2412 1292 2466 Babylonis
1321 2413 1536 2467 pugnabat
1562 2418 1708 2454 contra
1735 2413 1967 2462 Ierusalem,
1998 2418 2039 2454 et
2066 2418 2210 2454 contra

293 2485 432 2513 omnes
466 2471 654 2513 civitates
692 2472 805 2517 Iuda,
843 2485 933 2525 quae
965 2471 1129 2525 reliquae
1163 2477 1279 2513 erant
1312 2477 1456 2513 contra
1488 2471 1646 2517 Lachis,
1682 2477 1724 2513 et
1756 2477 1901 2513 contra
1932 2472 2111 2513 Azecha:
2146 2472 2209 2513 hae

293 2531 400 2571 enim
430 2536 670 2584 supererant
699 2531 748 2572 de
778 2531 1017 2572 civitatibus
1050 2531 1164 2577 Iuda,
1196 2531 1315 2572 urbes
1345 2531 1526 2573 munitae.

97 2603 161 2620 eum
176 2596 282 2626 populo
404 2591 419 2614 Β
446 2590 638 2633 Verbum,
669 2590 779 2643 quod
805 2590 962 2630 factum
989 2595 1050 2630 est
1077 2590 1129 2631 ad
1158 2590 1370 2630 Ieremiam
1398 2603 1420 2630 a
1447 2589 1637 2636 Domino,
1667 2595 1888 2644 postquam
1914 2589 2112 2643 percussit
2137 2602 2208 2630 rex

122 2632 256 2697 ρῖἷῗῇῗῗι.
296 2648 481 2690 Sedecias
507 2648 640 2690 foedus
665 2662 757 2689 cum
782 2648 893 2690 omni
917 2648 1067 2702 populo
1092 2649 1132 2689 in
1160 2649 1390 2697 Ierusalem,
1416 2649 1659 2702 praedjcans:
1714 2651 1729 2673 ⁹
1753 2649 1812 2690 Ut
1834 2649 2063 2690 dimitteret
2086 2661 2208 2689 unus-

138 2703 240 2762 d‘lssg'ge
297 2708 467 2761 quisque
503 2720 666 2748 servum
703 2720 834 2755 suum,
873 2712 914 2748 et
949 2708 1229 2761 unusquisque
1265 2707 1453 2749 ancillam
1490 2721 1618 2758 suam,
1659 2708 1877 2749 Hebraeum
1914 2712 1955 2748 et
1991 2707 2207 2748 Hebraeam

124 2773 256 2800 violatur·
297 2766 461 2808 liberos:
482 2772 523 2807 et
540 2780 802 2820 nequaquam
821 2766 1131 2807 dominarentur
1148 2767 1214 2812 eis,
1234 2767 1275 2808 id
1294 2772 1355 2808 est
1372 2767 1413 2807 in
1434 2767 1571 2808 Iudaeo
1590 2772 1631 2808 et
1648 2767 1775 2807 fratre
1793 2780 1877 2808 suo.
1925 2768 1960 2791 ¹⁰
1976 2766 2209 2807 Audierunt

292 2839 383 2875 ergo
420 2839 558 2866 omnes
594 2825 794 2879 principes
831 2830 870 2866 et
906 2825 1118 2866 universus
1153 2825 1340 2879 populus,
1379 2826 1447 2880 qui
1482 2826 1659 2867 inierant
1693 2831 1862 2879 pactum
1896 2830 1944 2866 ut
1978 2825 2207 2866 dimitteret

292 2884 571 2938 unusquisque
603 2897 766 2924 servum
798 2898 930 2928 suum,
965 2889 1006 2925 et
1037 2885 1317 2938 unusquisque
1349 2884 1539 2926 ancillam
1571 2897 1687 2925 suam
1718 2884 1877 2933 liberos,
1911 2889 1952 2925 et
1984 2883 2094 2924 ultra
2123 2896 2207 2925 non

292 2943 602 2984 dominarentur
629 2943 701 2983 eis:
732 2943 951 2984 audierunt
977 2943 1111 2997 igitur,
1142 2949 1183 2985 et
1210 2944 1463 2985 dimiserunt.
1522 2945 1552 2968 ¹¹
1579 2944 1636 2985 Et
1662 2942 1847 2985 conversi
1873 2947 1970 2983 sunt
1996 2941 2204 2996 deinceps:

293 3008 331 3041 et
362 3008 621 3042 retraxerunt
651 3015 788 3043 servos
818 3007 860 3042 et
889 3001 1054 3043 ancillas
1085 3016 1189 3046 suas.
1223 3016 1323 3056 quos
1354 3002 1594 3043 dimiserant
1622 3001 1779 3049 liberos,
1812 3008 1853 3043 et
1881 3001 2206 3055 subiugaverunt

293 3060 332 3099 in
363 3060 536 3101 famulos
567 3067 606 3101 et
637 3061 823 3102 famulas,

111 3135 198 3159 quarr-
220 3135 267 3152 r<=x
401 3121 431 3143 ¹2
462 3119 516 3160 Et
547 3120 705 3160 facturn
735 3125 795 3160 est
827 3120 998 3160 verbum
1029 3120 1194 3161 Domini
1226 3120 1275 3161 ad
1311 3120 1524 3161 Ieremiam
1554 3133 1579 3161 a
1607 3120 1797 3166 Domino,
1831 3119 1985 3160 dicens:
2045 3121 2076 3143 ¹³
2107 3117 2205 3159 Haec

105 3164 273 3227 “tgsssslfflffi
296 3177 393 3217 dicit
422 3178 622 3219 Dominus
650 3179 760 3218 Deus
791 3178 932 3219 Israel:
962 3179 1047 3232 Ego
1076 3179 1253 3232 percussi
1281 3179 1414 3221 foedus
1443 3192 1535 3220 cum
1563 3179 1749 3232 patribus
1777 3178 1921 3219 vestris
1948 3178 1990 3218 in
2017 3177 2092 3222 die,
2124 3189 2206 3231 qua

127 3241 249 3295 (gggffj
296 3236 416 3275 eduxi
442 3250 507 3277 eos
534 3237 582 3277 de
609 3237 731 3277 Terra
756 3237 924 3291 AEgypti
949 3238 998 3278 de
1024 3238 1146 3279 domo
1171 3238 1392 3284 servitutis,
1420 3238 1575 3279 dicens:
1629 3239 1662 3262 ¹⁴
1690 3237 1811 3278 aCum
1836 3235 2028 3290 completi
2051 3235 2206 3276 fuerint

295 3301 451 3347 septem
490 3296 595 3339 anni,
635 3296 821 3337 dimittat
858 3296 1136 3350 unusquisque
1173 3296 1341 3337 fratrem
1378 3310 1497 3338 suum
1535 3296 1766 3341 Hebraeum,
1811 3295 1880 3349 qui
1916 3294 2107 3335 venditus
2143 3299 2206 3335 est

293 3353 338 3398 ei,
365 3359 403 3393 et
428 3354 575 3393 serviet
600 3355 674 3394 tibi
697 3368 767 3395 sex
790 3355 925 3396 annis:
950 3360 991 3395 et
1013 3355 1196 3396 dimittes
1219 3369 1310 3396 eum
1335 3369 1357 3396 a
1381 3361 1421 3396 te
1444 3355 1635 3396 liberum:
1660 3360 1701 3396 et
1722 3367 1804 3396 non
1827 3354 2046 3395 audierunt
2068 3361 2204 3407 patres

293 3412 417 3452 vestri
439 3425 515 3457 me,
538 3425 610 3452 nec
633 3413 933 3454 inclinaverunt
954 3427 1093 3455 aurem
1114 3427 1242 3455 suam.
1294 3416 1324 3439 ¹⁵
1345 3415 1401 3455 Et
1422 3414 1606 3456 conversi
1626 3414 1722 3454 estis
1743 3426 1815 3455 vos
1836 3412 1968 3456 hodie,
1992 3417 2033 3453 et
2053 3411 2205 3452 fecistis

294 3471 403 3524 quod
424 3477 579 3511 rectum
605 3477 663 3510 est
687 3471 726 3511 in
750 3472 874 3513 oculis
896 3473 1006 3518 meis,
1032 3478 1077 3514 ut
1101 3473 1372 3526 praedicaretis
1395 3473 1628 3514 libertatem
1650 3472 1931 3525 unusquisque
1954 3471 2006 3512 ad
2028 3470 2205 3511 amicum

426 3561 478 3603 34,
506 3562 546 3596 14
571 3562 644 3595 anx
669 3564 721 3602 21,
748 3565 782 3600 2:
812 3564 858 3597 ot
884 3565 936 3605 15,
962 3565 1014 3599 12.
