2356 3760
131 134 185 174 24,
211 134 353 173 22—24,
378 133 422 167 53
868 133 1127 166 SECUNDUM
1154 133 1311 167 LL'CAM
1932 138 2034 179 1039

133 225 276 266 Israel:
300 231 341 267 et
360 238 469 266 nunc
490 238 610 279 super
630 225 715 266 haec
736 224 883 267 omnia.
908 225 1031 265 tertia
1051 225 1134 265 dies
1156 231 1217 266 est
1237 225 1357 267 hodie
1380 225 1489 279 quod
1510 225 1594 266 haec
1616 226 1726 267 facta
1746 235 1852 270 sunt.
1903 232 1934 253 '22
1955 230 2034 271 Sed

131 289 173 325 et
195 284 382 325 mulieres
408 284 595 337 quaedam
621 297 670 323 ex
694 283 842 324 nostris
868 288 1099 323 terruerunt
1124 296 1208 331 nos,
1237 297 1326 337 quae
1351 290 1446 325 ante
1470 284 1601 325 lucem
1626 285 1791 327 fuerunt
1816 288 1867 327 ad
1892 301 2035 329 monu-

130 349 328 391 mentum,
386 345 418 367 23
447 348 499 389 et,
530 355 612 383 non
640 341 809 382 invento
839 354 1005 393 corpore
1034 341 1129 387 eius,
1161 348 1373 387 venerunt,
1406 342 1585 383 dicentes
1615 356 1655 384 se
1684 344 1807 384 etiam
1838 345 2033 387 visionem

131 401 365 455 angelorum
394 400 553 449 vidisse,
585 399 653 453 qui
681 399 822 440 dicunt
851 412 943 440 eum
971 399 1119 441 vivere.
1176 402 1208 424 ²⁴
1235 401 1290 441 Et
1319 401 1506 442 abierunt
1536 401 1702 455 quidam
1730 416 1779 442 ex
1806 404 1954 444 nostris
1983 406 2034 445 ad

130 465 462 501 monumentum:
481 465 522 500 et
536 459 596 499 ita
610 458 855 498 invenerunt
871 458 976 498 sicut
991 458 1177 499 mulieres
1194 459 1397 502 dixerunt.
1416 459 1549 512 ipsum
1566 473 1661 502 vero
1678 473 1759 502 non
1776 461 2031 504 invenerunt.

130 520 161 542 ²5
180 519 236 559 Et
253 518 338 572 ipse
357 518 462 559 dixit
481 517 533 558 ad
551 530 636 558 eos:
657 516 694 570 O·
710 516 838 561 stult-i,
860 522 901 557 et
919 516 1028 557 tardi
1046 517 1165 558 corde
1184 517 1236 557 ad
1255 518 1500 559 credendum
1520 518 1560 558 in
1581 519 1780 568 omnibus,
1803 533 1892 573 quae
1910 520 2035 561 locuti

130 582 227 618 sunt
252 576 485 630 Prophetae!
542 577 577 599 '2⁶
605 575 750 615 Nonne
777 575 862 616 haec
891 575 1074 628 oportuit
1101 575 1189 628 pati
1217 575 1435 624 Christum,
1466 582 1506 617 et
1532 577 1593 617 ita
1618 577 1770 618 intrare
1797 578 1838 619 in
1865 579 2034 633 gloriam

129 634 269 675 suam?
330 637 363 659 2⁷
396 634 452 675 Et
482 633 677 686 incipiens
711 646 731 673 a
765 634 916 687 Moyse,
951 639 992 674 et
1024 633 1212 675 omnibus
1244 634 1470 687 Prophetis,
1506 635 1854 689 interpretabatur
1886 637 1961 678 illis
1993 637 2033 678 in

130 693 318 734 omnibus
336 692 556 746 scripturis,
579 704 668 745 quae
687 692 736 732 de
753 692 840 745 ipso
859 698 986 733 erant.
1034 693 1069 716 ²⁸
1086 692 1144 733 Et
1161 693 1598 746 appropinquaverunt
1616 695 1779 736 castello
1800 709 1878 749 quo
1897 696 2032 737 ibant:

129 757 171 792 et
184 752 269 805 ipse
289 764 329 792 se
344 751 464 792 finxit
478 750 634 804 longius
650 750 717 791 ire.
750 752 784 775 29
800 751 855 791 Et
871 757 1089 805 coegerunt
1103 751 1228 795 illum,
1247 751 1446 792 dicentes:
1463 752 1582 792 Mane
1598 753 1821 798 nobiscum,
1841 754 2033 807 quoniam

129 809 442 864 advesperascit,
473 814 514 849 et
540 808 737 850 inclinata
763 815 824 850 est
851 809 931 850 iam
959 809 1055 851 dies.
1085 809 1141 850 Et
1167 809 1341 851 intravit
1369 823 1460 850 cum
1488 810 1575 851 illis.
1631 813 1667 835 30
1694 811 1749 852 Et
1775 811 1931 853 factum
1959 818 2031 862 est,

129 869 227 909 dum
259 868 512 910 recumberet
545 881 637 908 cum
670 868 736 911 eis,
772 868 927 921 accepit
961 881 1120 921 panem,
1156 873 1195 909 et
1229 868 1449 913 benedixit,
1485 882 1531 909 ac
1563 869 1693 924 fregit,
1729 875 1770 911 et
1800 871 2034 924 porrigebat

128 927 216 969 illis.
267 930 298 951 3¹
322 926 378 967 Et
400 926 531 979 aperti
553 932 649 967 sunt
672 926 776 967 oculi
799 939 949 971 eorum,
976 932 1017 967 et
1039 932 1319 980 cognoverunt
1342 940 1452 968 eum:
1477 932 1517 968 et
1539 927 1624 981 ipse
1647 929 1816 969 evanuit
1838 942 1887 969 ex
1910 929 2033 970 oculis

129 999 280 1027 eorum.
332 987 364 1009 ³²
388 985 444 1025 Et
468 985 659 1025 dixerunt
684 985 736 1025 ad
760 985 952 1025 invicem:
980 985 1124 1026 Nonne
1149 998 1216 1026 cor
1239 990 1425 1027 nostrum
1450 986 1595 1027 ardens
1619 992 1707 1028 erat
1729 986 1771 1028 in
1794 988 1910 1029 nobis
1935 988 2033 1028 dum

128 1044 361 1098 loqueretur
390 1043 430 1083 in
461 1043 539 1087 via,
572 1049 613 1084 et
643 1043 816 1097 aperiret
846 1043 962 1085 nobis
992 1044 1246 1097 Scripturas?

232 1105 265 1127 3³
280 1102 336 1143 Et
350 1108 558 1156 surgentes
575 1102 717 1142 eadem
732 1102 832 1143 hora
846 1102 1012 1156 regressi
1028 1109 1123 1143 sunt
1139 1103 1179 1143 in
1198 1102 1434 1144 Ierusalem:
1452 1109 1492 1144 et
1508 1103 1753 1145 invenerunt
1769 1111 2032 1159 congregatos

129 1161 327 1203 undecim.
361 1165 401 1201 et
430 1173 508 1205 eos,
541 1161 610 1214 qui
640 1174 731 1201 cum
761 1161 836 1201 illis
866 1166 994 1209 erant,
1051 1163 1084 1185 3⁴
1113 1161 1311 1202 dicentes:
1345 1161 1464 1210 Quod
1493 1162 1668 1203 smrexit
1696 1162 1896 1204 Dominus
1926 1177 2030 1207 vere,

129 1225 170 1261 et
199 1219 391 1273 apparuit
420 1218 585 1260 Simoni.
643 1221 675 1243 35
706 1219 759 1260 Et
789 1219 865 1273 ipsi
894 1219 1118 1260 narrabant
1150 1232 1239 1273 quae
1266 1226 1382 1273 gesta
1411 1225 1528 1261 erant
1556 1221 1597 1261 in
1627 1221 1711 1261 via:
1758 1227 1798 1262 et
1829 1222 2032 1275 quomodo

129 1284 407 1332 cognoverunt
436 1291 529 1318 eum
557 1278 599 1318 in
627 1278 825 1320 fractione
854 1278 981 1331 panis.

232 1338 268 1361 3⁶
296 1337 424 1377 aDum
450 1342 588 1377 autem
612 1337 696 1377 haee
720 1337 956 1390 loquuntur,
982 1336 1100 1377 stetit
1124 1336 1235 1378 Iesus
1259 1336 1300 1377 in
1324 1337 1457 1378 medio
1482 1350 1634 1384 eorum,
1661 1342 1702 1378 et
1725 1338 1823 1378 dicit
1848 1339 1920 1379 eis:
1946 1339 2034 1378 Pax

128 1395 262 1437 vobis:
292 1408 363 1449 ego
391 1408 492 1439 sum,
522 1395 647 1436 nolite
675 1395 827 1436 timere.
883 1396 917 1419 3⁷
945 1395 1190 1436 Conturbati
1217 1407 1324 1441 Vero,
1355 1400 1396 1436 et
1422 1395 1643 1441 conterriti,
1673 1396 1967 1437 existimabant
1993 1410 2033 1437 se

128 1454 316 1508 spiritum
344 1453 490 1494 videre.
546 1455 581 1478 38
608 1453 664 1493 Et
690 1453 793 1494 dixit
821 1453 893 1493 eis:
925 1453 1030 1501 Quid
1058 1453 1214 1494 turbati
1242 1453 1348 1497 estis.
1379 1459 1420 1494 et-
1447 1454 1713 1507 cogitationes
1741 1456 1967 1495 ascendunt
1993 1455 2033 1495 in

129 1513 251 1554 corda
279 1512 439 1552 vestra?
497 1513 532 1536 ³⁹
562 1512 707 1552 Videte
737 1525 881 1553 manus
911 1524 1034 1559 meas,
1067 1517 1108 1552 et
1137 1512 1270 1565 pedes,
1304 1512 1400 1565 quia
1429 1526 1500 1566 ego
1531 1512 1615 1566 ipse
1644 1526 1752 1555 sum:
1784 1513 1960 1567 palpate,
1994 1520 2034 1554 et

129 1571 282 1612 videte:
314 1571 409 1624 quia
436 1570 602 1624 spiritus
631 1583 805 1615 carnem,
836 1576 877 1611 et
905 1583 996 1612 ossa
1023 1583 1103 1612 non
1132 1570 1268 1617 habet,
1300 1570 1405 1612 sicut
1432 1584 1496 1611 me
1524 1571 1672 1612 videtis
1699 1571 1859 1613 habere.
1916 1574 1952 1596 ⁴⁰
1979 1572 2034 1612 Et

129 1643 220 1671 cum
236 1630 313 1671 hoc
329 1629 509 1675 dixisset,
528 1629 708 1670 ostendit
724 1630 778 1670 eis
795 1642 952 1677 manuS,
971 1635 1012 1670 et
1028 1629 1161 1682 pedes
1206 1632 1237 1653 ⁴1
1254 1629 1400 1670 Adhuc
1417 1635 1555 1671 autem
1571 1629 1647 1671 illis
1662 1643 1743 1672 non
1761 1630 2030 1676 credentibus,

128 1693 169 1730 et
197 1688 442 1729 mirantibus
472 1701 554 1741 prae
581 1688 742 1741 gaudio,
775 1688 897 1729 dixit:
931 1687 1104 1729 Habetis
1133 1687 1197 1729 hic
1228 1688 1392 1741 aliquid,
1427 1689 1536 1741 quod
1565 1689 1859 1730 manducetur?
1917 1691 1949 1714 ⁴2
1978 1689 2034 1730 At

128 1747 184 1788 illi
203 1746 440 1789 obtulerunt
460 1746 494 1787 ei
513 1753 673 1800 partem
692 1747 811 1800 piscis
831 1746 920 1790 assi.
943 1752 985 1788 et
1002 1746 1145 1788 favum
1164 1746 1304 1788 mellis.
1353 1749 1384 1771 ⁴³
1405 1747 1459 1788 Et
1479 1761 1570 1788 cum
1590 1748 1879 1789 manducasset
1897 1761 2033 1789 coram

128 1806 195 1854 eis,
227 1818 390 1847 sumens
419 1805 607 1859 reliquias
638 1806 752 1847 dedit
782 1806 848 1847 eis.

274 1922 344 1973 II.
382 1922 663 1972 Ascensio
703 1921 950 1981 Domini,
990 1921 1078 1983 24,
1106 1922 1323 1973 44-—53
1362 1922 1453 1983 (cf.
1494 1922 1603 1973 Act
1643 1924 1683 1983 1,
1710 1923 1889 1984 4—9).

232 2014 265 2036 4⁴
286 2012 340 2053 Et
361 2011 465 2053 dixit
486 2012 537 2052 ad
558 2025 642 2053 eos:
667 2012 763 2053 Haee
784 2019 880 2053 sunt
900 2013 1036 2058 verba,
1061 2025 1150 2066 quae
1170 2012 1329 2054 locutus
1350 2026 1439 2053 sum
1461 2013 1512 2054 ad
1532 2026 1616 2059 vos,
1640 2026 1732 2054 cum
1753 2013 1886 2055 adhuc
1907 2027 2033 2054 essem

129 2071 352 2119 vobiscum,
388 2071 581 2124 quoniam
613 2084 773 2112 necesse
805 2077 865 2112 est
897 2071 1055 2125 impleri
1087 2071 1235 2116 omnia,
1271 2084 1360 2125 quae
1391 2072 1544 2125 scripta
1574 2077 1672 2113 sunt
1701 2072 1742 2112 in
1773 2072 1858 2126 lege
1890 2072 2033 2126 Moysi,

128 2135 170 2171 et
184 2129 412 2183 Prophetis,
433 2134 473 2170 et
490 2128 661 2169 Psalmis
680 2130 728 2170 de
746 2143 821 2170 me.
868 2131 900 2154 45
919 2130 1032 2170 Tunc
1050 2129 1211 2183 aperuit
1227 2130 1303 2170 illis
1321 2143 1484 2170 sensum
1502 2135 1549 2171 ut
1566 2130 1837 2184 intelligerent
1855 2131 2036 2184 Scriptu-

127 2201 203 2229 ras.
260 2189 296 2212 4⁶
324 2193 365 2229 et
393 2187 497 2228 dixit
526 2188 598 2228 eis:
633 2188 857 2237 bQuoniam
886 2188 940 2229 sic
969 2188 1167 2242 seriptum
1196 2193 1268 2235 est,
1300 2193 1341 2229 et
1369 2188 1424 2229 sic
1453 2189 1672 2242 oportebat
1699 2189 1905 2230 Christum
1934 2189 2033 2243 pati,

128 2252 169 2288 et
192 2259 396 2300 resurgere
421 2260 446 2287 a
468 2247 639 2287 mortuis
665 2247 787 2287 tertia
811 2247 892 2287 die:
946 2249 979 2271 ⁴⁷
1006 2252 1047 2287 et
1070 2247 1281 2300 praedieari
1305 2247 1346 2287 in
1371 2247 1534 2288 nomine
1560 2248 1643 2288 eius
1667 2248 1968 2301 poenitentiam,
1995 2254 2036 2289 et

127 2305 403 2346 remissionem
432 2311 694 2359 peccatorum
723 2305 764 2345 in
795 2318 933 2346 omnes
962 2310 1114 2359 gentes,
1147 2305 1434 2358 incipientibus
1466 2306 1516 2346 ab
1549 2306 1807 2359 Ierosolyma.
1866 2308 1901 2331 ⁴⁸
1938 2306 2035 2348 cVos

128 2369 266 2404 autem
297 2369 421 2405 testes
452 2364 547 2404 estis
578 2364 735 2405 horum.
794 2366 830 2388 ⁴⁹
863 2364 940 2404 dEt
970 2377 1041 2418 ego
1073 2363 1194 2405 mitto
1225 2364 1470 2417 promissum
1500 2364 1634 2405 Patris
1665 2364 1744 2405 mei
1773 2365 1814 2405 in
1845 2378 1929 2406 vos.
1964 2377 2035 2406 vos

128 2427 266 2463 autem
297 2423 433 2463 sedete
464 2422 504 2462 in
536 2422 715 2469 civitate,
750 2423 1017 2476 quoadusque
1047 2422 1276 2463 induamini
1306 2422 1460 2463 virtute
1491 2436 1540 2463 ex
1571 2423 1667 2465 alto.

231 2482 268 2505 ⁵⁰
286 2481 443 2521 Eduxit
462 2487 601 2521 autem
620 2494 686 2522 eos
705 2481 813 2522 foras
832 2481 873 2522 in
893 2481 1158 2522 Bethaniam:
1180 2487 1220 2522 et
1240 2481 1407 2522 elevatis
1426 2481 1616 2522 manibus
1635 2481 1716 2522 suis
1736 2481 1946 2523 benedixit
1965 2481 2031 2523 eis.

127 2542 157 2564 ²³¹
195 2539 269 2580 eEt
298 2540 454 2580 factum
485 2545 557 2585 est,
590 2539 689 2580 dum
719 2540 976 2581 benediceret
1004 2539 1092 2587 illis,
1124 2539 1289 2581 recessit.
1319 2540 1370 2581 ab
1401 2540 1467 2585 eis,
1501 2545 1542 2581 et
1571 2540 1778 2581 ferebatur
1807 2540 1848 2580 in
1879 2540 2033 2581 eaelum.

232 2600 263 2622 5²
285 2598 340 2639 Et
360 2598 437 2652 ipsi
458 2598 676 2639 adorantes
697 2598 864 2652 regressi
884 2604 981 2640 sunt
1001 2598 1043 2639 in
1066 2598 1284 2639 Ierusalem
1307 2612 1400 2639 cum
1419 2598 1568 2653 gaudio
1590 2612 1757 2653 magno:
1805 2601 1838 2623 53
1859 2604 1900 2639 et
1920 2604 2038 2639 erant

128 2669 286 2711 semper
312 2657 353 2697 in
381 2656 547 2710 templo,
577 2656 805 2707 laudantes,
836 2662 878 2699 et
905 2657 1190 2699 benedicentes
1218 2658 1365 2699 Deum.
1395 2658 1538 2698 Amen.

133 2805 175 2839 16
209 2758 471 2840 1932312'1313'
496 2760 554 2797 14:
582 2761 619 2794 Io
642 2761 695 2800 20,
718 2761 770 2796 19.
797 2782 838 2785 —
863 2762 904 2795 46
922 2762 986 2795 st
1011 2761 1064 2802 18,
1090 2761 1119 2795 6.
1146 2781 1188 2785 -
1212 2762 1254 2795 48
1276 2762 1359 2795 cAct
1383 2763 1414 2801 1,
1439 2760 1469 2795 8.
1496 2780 1537 2784 —
1562 2760 1603 2794 49
1621 2760 1680 2794 1110
1704 2761 1755 2800 14,
1775 2760 1826 2794 26.
1847 2781 1888 2784 —
1906 2761 1945 2794 51
1967 2760 2039 2795 eMc

177 2832 185 2846 ,
258 2817 266 2844 ;
324 2817 341 2840 c
405 2833 412 2846 ‚
458 2833 466 2840 .

2084 1110 2191 1135 simoni

2093 1147 2185 1175 Petro,

2065 1341 2211 1371 discipulis

2048 1385 2067 1398 w
2075 1377 2235 1406 ›ueremni-2.

2086 2017 2193 2042 Ultima

2067 2054 2211 2083 apparitio

2125 2090 2151 2113 et

2061 2123 2217 2152 institutio,

2059 2484 2222 2509 benedictio

2047 2521 2076 2544 et
2088 2519 2230 2545 ascensio:

2051 2600 2232 2625 conversati.)

2066 2634 2217 2664 discipulo-

2106 2677 2177 2694 rum.
