2356 3760
142 149 173 188 4,
198 148 318 187 34ψ5,
344 148 364 180 5
912 148 1290 183 MAGHABAEORUM
1964 157 2042 199 909

246 242 279 265 34
301 240 357 282 Εῖ
384 240 676 283 commiserunt
702 239 904 294 praelium:
935 245 976 281 et
1003 241 1236 282 ceciderunt
1264 243 1313 283 de
1341 242 1521 284 exercitu
1547 243 1678 297 Lysiae
1706 246 1884 300 quinque
1912 248 2038 290 millia
2086 249 2201 280 fugam

142 298 334 340 virorum.
377 301 409 324 35
432 299 582 340 Videns
606 303 744 339 autem
767 298 908 352 Lysias
931 299 1071 353 fugam
1094 313 1271 346 suorum,
1296 305 1338 342 et
1362 301 1592 342 Iudaeorum
1615 303 1840 352 audaciam,
1865 310 1906 345 θῖ
1929 308 2039 359 quod
2117 286 2168 309 ω’

141 357 276 410 parati
306 363 403 399 sunt
432 362 505 398 aut
535 357 682 405 vivere,
715 361 789 397 aut
817 357 920 398 mori
949 357 1122 402 fortiter,
1155 359 1257 400 abiit
1286 359 1560 407 Antiochiam.
1587 365 1628 401 et
1657 360 1776 414 elegit
1805 363 1965 412 milites,
1997 371 2044 405 ut

140 415 403 470 multiplicati
433 428 570 457 rursus
599 414 786 455 venirent
814 415 856 455 in
887 416 1080 457 Iudaeam.

451 524 490 565 5.
519 523 754 574 Templum
791 523 964 575 purgat
993 524 1037 565 et
1067 525 1292 566 civitatem
1324 526 1483 577 munit,
1511 528 1550 578 4,
1569 528 1742 569 36—61.

245 597 282 620 3⁶
304 594 421 636 Dixit
445 599 583 636 autem
609 594 743 640 Iudas,
769 599 810 635 et
833 595 978 636 fratres
1001 595 1104 636 eius:
1129 596 1233 637 Ecce
1257 597 1422 638 contriti
1445 603 1541 638 sunt
1564 597 1713 639 inimici
1736 599 1882 640 nostri:
1907 612 2042 641 ascen—
2063 602 2133 626 eum
2153 609 2228 627 ΘΜ-

141 653 286 694 damus
309 666 418 694 nunc
440 653 638 694 mundare
662 658 816 699 sancta,
842 658 883 694 et
905 666 1112 696 renovare.
1164 656 1198 679 3⁷
1223 655 1278 695 Et
1302 661 1568 709 congregatus
1592 661 1653 697 est
1676 657 1804 697 omnis
1829 658 2039 707 exercitus,
2082 638 2210 701 prgiiiim-

141 717 182 752 et
215 713 485 753 ascenderunt
516 711 557 751 in
590 716 773 752 montem
805 712 913 754 Sion.
975 714 1011 737 ³⁸
1043 712 1100 754 Et
1131 713 1323 754 viderunt
1356 714 1720 755 sanctificationem
1753 715 1966 765 desertam,
2002 721 2043 757 et
2088 707 2199 772 ᾗῗζξξξῖ

140 770 269 811 altare
294 771 570 824 profanatum,
599 774 641 810 et
665 775 805 823 portas
831 775 1008 818 exustas,
1037 777 1079 812 et
1103 771 1144 813 in
1170 772 1283 813 atriis
1309 772 1488 826 virgulta
1512 778 1612 813 nata
1637 772 1741 814 sicut
1766 773 1806 814 in
1833 773 1951 823 saltu,
1980 774 2043 815 vel
2200 762 2205 771 ’

139 829 181 870 in
202 829 424 877 montibus,
449 834 490 869 et
510 829 777 882 pastophoria
798 829 946 870 diruta.
997 831 1033 854 ³⁹
1054 830 1111 871 Et
1131 830 1337 872 sciderunt
1359 831 1607 872 vestimenta
1628 844 1711 878 sua,
1736 836 1777 872 et
1798 831 2045 885 planxerunt

139 887 309 941 planctu
337 900 498 941 magno,
531 892 572 928 et
601 887 884 940 imposuerunt
913 888 1087 929 cinerem
1117 902 1238 942 super
1267 894 1392 942 caput
1421 902 1551 931 suum.
1609 890 1646 913 ⁴¹⁰
1674 894 1716 930 et
1744 890 1976 931 ceciderunt
2003 891 2044 931 in

139 946 284 987 faciem
310 958 431 999 super
454 950 618 994 terram,
645 951 686 987 et
711 946 1047 988 exclamaverunt
1070 947 1180 989 tubis
1206 947 1424 1001 signorum,
1452 953 1492 988 et
1518 947 1800 989 clamaverunt
1823 949 1863 989 in
1890 948 2042 990 caelum.

243 1007 275 1029 44
303 1005 416 1045 Tunc
445 1004 651 1045 ordinavit
680 1005 803 1046 Iudas
831 1005 938 1046 Viros
967 1010 1014 1046 ut
1039 1012 1271 1060 pugnarent
1299 1007 1492 1047 adversus
1521 1019 1598 1055 eos,
1631 1006 1699 1060 qui
1727 1011 1843 1047 erant
1870 1007 1910 1047 in
1939 1020 2040 1053 arce,
2076 1005 2216 1065 ‘fflffiff

139 1064 266 1105 donec
285 1063 555 1104 emundarent
572 1068 725 1104 sancta.
772 1065 804 1088 ⁴2
822 1064 877 1104 Et
894 1063 1014 1118 elegit
1031 1065 1260 1106 sacerdotes
1277 1065 1362 1106 sine
1378 1065 1550 1113 macula,
1570 1064 1828 1106 voluntatem
1846 1066 2042 1106 habentes
2173 1056 2178 1065 ¹

139 1122 180 1163 in
197 1121 283 1176 lege
299 1122 394 1162 Dei:
440 1124 473 1146 43
490 1127 531 1162 θῖ
548 1122 855 1163 mundaverunt
872 1128 1026 1172 sancta,
1047 1128 1088 1164 et
1104 1123 1288 1164 tulerunt
1304 1123 1458 1177 lapides
1477 1123 1835 1165 contaminationis
1852 1122 2044 1165 inlocum

138 1180 409 1221 immundum.
462 1182 495 1205 44
517 1180 573 1221 Εῖ
597 1180 795 1234 cogitavit
818 1181 867 1222 de
891 1181 1009 1222 altari
1032 1180 1376 1231 holocaustorum,
1403 1182 1512 1235 quod
1535 1182 1798 1235 profanatum
1822 1188 1920 1227 erat,
1947 1182 2044 1236 quid

139 1239 188 1280 de
217 1252 263 1280 eo
291 1238 455 1281 faceret.
512 1241 544 1264 45
573 1238 629 1279 Εῖ
656 1239 800 1280 incidit
828 1239 904 1280 illis
933 1239 1144 1282 consilium
1174 1240 1327 1281 bonum
1356 1245 1403 1281 ut
1432 1241 1687 1281 destruerent
1714 1240 1830 1281 illud:
1862 1254 1911 1281 ne
1939 1240 2044 1281 forte

138 1297 214 1338 illis
236 1302 341 1339 esset
360 1297 401 1339 in
423 1297 698 1352 opprobrium,
723 1298 819 1352 quia
839 1298 1226 1340 contaminaverunt
1246 1298 1345 1339 illud
1366 1298 1528 1343 Gentes,
1553 1303 1593 1339 et
1613 1298 1795 1340 demoliti
1816 1304 1911 1339 sunt
1930 1298 2042 1340 illud.

138 1359 174 1381 ⁴⁶
189 1356 244 1397 Et
260 1362 529 1411 reposuerunt
543 1355 697 1410 lapides
714 1356 754 1397 in
770 1362 910 1398 monte
926 1357 1071 1397 domus
1087 1356 1127 1397 in
1143 1356 1230 1398 loco
1247 1362 1357 1409 apto,
1377 1357 1643 1410 quoadusque
1658 1357 1816 1397 veniret
1830 1357 2042 1410 propheta,

138 1421 180 1456 et
203 1416 467 1468 responderet
491 1416 540 1456 dc
565 1415 631 1456 eis.
685 1417 719 1438 47
744 1414 801 1455 Εῖ
825 1420 1070 1468 acceperunt
1093 1414 1247 1468 lapides
1272 1415 1450 1468 integros
1475 1415 1697 1456 secundum
1721 1414 1861 1468 legem,
1888 1420 1929 1456 et
1953 1415 2046 1456 aedi-

138 1473 366 1515 ficaverunt
382 1473 510 1514 altare
526 1486 679 1514 novum
697 1473 920 1513 secundum
937 1472 1049 1522 illud,
1068 1474 1177 1526 quod
1194 1473 1273 1514 fuit.
1288 1473 1417 1527 prius:
1461 1475 1496 1497 48
1513 1478 1553 1513 θῖ
1569 1473 1873 1514 aedificaverunt
1889 1478 2043 1520 sancta,

138 1537 180 1573 et
205 1545 295 1586 quae
318 1532 429 1573 intra
453 1532 621 1573 domum
647 1537 764 1572 erant
788 1531 1048 1572 intrinsecus:
1077 1536 1118 1572 et
1142 1532 1281 1577 aedem,
1310 1537 1351 1572 et
1376 1531 1481 1573 atria
1506 1531 1877 1573 sanctificaverunt.
1931 1533 1966 1556 49
1990 1531 2046 1572 Et

138 1590 323 1632 fecerunt
353 1603 453 1632 vasa
483 1596 627 1631 sancta
657 1603 776 1636 nova,
810 1595 851 1630 et
881 1589 1110 1631 intulerunt
1140 1589 1442 1639 candelabrum,
1476 1595 1517 1631 et
1548 1590 1675 1631 altare
1705 1590 1972 1637 incensorum,
2005 1596 2046 1630 et

138 1662 321 1691 mensam
356 1649 397 1690 in
431 1648 643 1702 templum.
706 1650 743 1673 50
776 1648 833 1689 Εῖ
865 1648 1075 1689 incensum
1109 1654 1335 1702 posuerunt
1368 1661 1489 1702 super
1521 1648 1661 1697 altare,
1698 1654 1739 1689 θῖ
1772 1649 2044 1690 accenderunt

137 1708 334 1756 lucernas,
365 1720 455 1762 quae
482 1720 603 1761 super
629 1706 919 1748 candelabrum
947 1712 1075 1754 erant,
1106 1712 1147 1748 et
1173 1707 1366 1748 lucebant
1392 1707 1433 1748 in
1460 1706 1625 1761 templo.
1681 1710 1713 1732 54
1740 1707 1796 1748 Εῖ
1822 1712 2046 1760 posuerunt

139 1780 260 1821 super
282 1779 465 1808 mensam
489 1779 627 1820 panes,
654 1771 696 1807 et
720 1766 1005 1819 appenderunt
1030 1765 1130 1807 vela.
1158 1771 1199 1806 et
1223 1771 1613 1808 consummaverunt
1637 1765 1773 1808 omnia
1796 1778 1928 1819 opera,
1957 1777 2046 1818 quae

138 1825 331 1867 fecerant.

243 1887 275 1909 ⁵2
305 1884 362 1925 Et
392 1888 488 1925 ante
518 1883 770 1925 matutinum
801 1888 1064 1924 surrexerunt
1095 1883 1240 1937 quinta
1270 1888 1311 1924 et
1341 1883 1536 1937 vigesima
1565 1883 1630 1924 die
1658 1883 1806 1924 mensis
1837 1882 1933 1924 noni
1963 1881 2044 1933 (hic
2082 1881 2216 1941 mngff‘gfi

140 1949 201 1985 est
219 1943 368 1984 mensis
389 1942 547 1993 Casleu)
569 1942 778 1983 centesimi
799 1942 1096 1995 quadragesimi
1117 1942 1252 1983 octavi
1273 1942 1386 1983 anni:
1434 1944 1467 1967 53
1487 1946 1527 1982 θῖ
1547 1941 1785 1983 obtulerunt
1803 1940 2043 1982 sacrificium
2062 1951 2232 1976 sacrificium

139 2003 363 2044 secundum
385 2002 513 2056 legem
537 2014 659 2055 super
681 2001 808 2042 altare
832 2000 1163 2042 holocaustorum
1186 2014 1352 2050 novum,
1380 2001 1489 2054 quod
1511 1999 1706 2041 fecerunt.
1758 2001 1791 2025 54
1812 1999 2044 2041 Secundum
2102 1987 2194 2016 (ᾔδη’

139 2066 302 2114 tempus
323 2065 364 2102 et
383 2061 607 2101 secundum
628 2060 747 2106 diem,
770 2060 811 2100 in
833 2073 914 2114 qua
934 2059 1321 2101 contaminaverunt
1341 2058 1440 2100 illud
1461 2064 1612 2107 gentes,
1634 2058 1676 2099 in
1696 2058 1784 2112 ipsa
1803 2063 2046 2099 renovatum

139 2125 201 2161 est
224 2120 265 2161 in
290 2119 470 2164 canticis,
498 2124 539 2160 et
563 2118 741 2162 citharis,
769 2124 809 2159 et
834 2118 994 2172 cinyris,
1021 2123 1063 2159 et
1086 2118 1126 2158 in
1152 2117 1360 2171 cymbalis,
1413 2119 1446 2142 55
1470 2117 1526 2158 Εῖ
1550 2116 1695 2158 cecidit
1719 2116 1848 2157 omnis
1872 2114 2047 2170 populus

140 2179 180 2219 in
212 2178 370 2226 faciem,
405 2183 445 2218 et
478 2178 766 2225 adoraverunt,
801 2182 842 2218 et
874 2177 1171 2218 benedixerunt
1202 2175 1243 2217 in
1276 2175 1417 2217 caelurn
1450 2188 1555 2221 eum,
1591 2175 1659 2229 qui
1690 2174 1946 2229 prosperavit
1978 2173 2044 2215 eis,

244 2239 280 2261 ⁵⁶
315 2236 370 2278 Et
406 2236 589 2277 fecerunt
626 2235 924 2277 dedicationem
962 2235 1101 2275 altaris
1137 2235 1279 2275 diebus
1316 2239 1420 2280 octo,
1460 2240 1500 2274 et
1536 2234 1774 2275 obtulerunt
1808 2233 2046 2275 holocausta
2080 2228 2219 2288 Ἢῖξζζῑ·

140 2309 232 2337 cum
262 2295 417 2340 laetitia.
451 2301 491 2336 et
521 2295 762 2336 sacrificium
793 2293 993 2341 salutaris,
1027 2298 1068 2334 et
1096 2292 1239 2333 laudis.
1298 2294 1333 2317 ⁵⁷
1363 2292 1419 2333 Et
1450 2297 1700 2333 ornaverunt
1729 2292 1874 2333 faciem
1904 2290 2045 2344 templi
2057 2298 2244 2345 dedicatio&

140 2354 296 2396 coronis
322 2354 463 2401 aureis,
492 2359 532 2394 et
556 2353 743 2394 scutulis:
770 2357 811 2393 ct
835 2351 1129 2393 dedicaverunt
1153 2356 1304 2404 portas,
1332 2355 1373 2391 et
1397 2350 1673 2403 pastophoria,
1701 2355 1741 2391 et
1765 2350 2046 2403 imposuerunt
2082 2334 2217 2362 “demt'

140 2413 194 2455 eis
211 2413 366 2454 ianuas.
412 2414 448 2437 5⁸
464 2412 520 2453 Et
536 2412 648 2453 facta
665 2416 726 2452 est
741 2410 886 2452 laetitia
901 2411 942 2451 in
960 2410 1110 2464 populo
1127 2422 1278 2463 magna
1294 2408 1424 2457 valde,
1444 2414 1484 2449 et
1501 2421 1689 2449 aversum
1707 2413 1768 2449 est
1785 2408 2047 2461 opprobrium

140 2471 347 2513 Gentium.
397 2473 433 2495 5⁹
458 2470 534 2511 aEt
554 2470 703 2511 statuit
726 2469 860 2513 Iudas.
885 2474 925 2510 et
946 2469 1091 2510 fratres
1113 2468 1209 2517 eius,
1233 2473 1274 2509 et
1294 2467 1484 2508 universa
1504 2466 1671 2508 ecclesia
1692 2466 1815 2507 Israel
1835 2471 1882 2507 ut
1903 2470 2048 2519 agatur

140 2530 224 2572 dies
244 2529 512 2571 dedicationis
532 2528 671 2569 altaris
691 2528 732 2569 in
751 2527 1004 2582 temporibus
1024 2527 1105 2568 suis
1125 2527 1176 2567 ab
1197 2539 1303 2567 anno
1323 2526 1362 2567 in
1384 2538 1536 2566 annum
1556 2538 1628 2579 per
1646 2525 1729 2566 dies
1749 2529 1840 2566 octo
1861 2538 1884 2565 a
1904 2524 2048 2578 quinta

141 2594 181 2630 et
211 2588 407 2643 vigesima
436 2588 499 2629 die
528 2587 676 2628 mensis
707 2586 861 2635 Casleu,
894 2600 985 2628 cuni
1015 2585 1159 2627 laetitia
1188 2590 1229 2626 et
1257 2585 1418 2639 gaudio.
2045 2623 2047 2625 ,
2094 2638 2098 2642 ῃ
2124 2638 2129 2642 ¹

248 2649 284 2672 ⁶⁰
304 2652 345 2688 et
365 2647 672 2688 aedjficaverunt
692 2645 733 2686 in
756 2652 938 2699 tempore
959 2645 1026 2686 illo
1047 2650 1230 2685 montem
1251 2643 1359 2691 Sion,
1384 2649 1424 2684 et
1445 2656 1516 2696 per
1536 2642 1749 2684 circuitum
1770 2654 1906 2682 muros
1928 2640 2042 2685 altos,
2077 2638 2223 2698 fflffiffi‘gfn

141 2712 182 2748 et
197 2712 327 2747 turres
342 2705 492 2755 firmas,
509 2705 728 2759 nequando
745 2704 932 2745 venirent
947 2704 1110 2751 Gentes,
1128 2708 1169 2743 et
1185 2702 1468 2744 conculcarent
1485 2714 1576 2742 eum
1593 2701 1697 2741 sicut
1713 2705 1834 2741 antea
1848 2699 2043 2740 fecerunt.

143 2767 175 2790 ⁶1
195 2765 252 2806 Et
272 2763 488 2806 collocavit
506 2763 587 2805 illic
607 2763 843 2807 exercitum.
866 2768 913 2804 ut
933 2767 1143 2803 servarent
1163 2774 1267 2809 eum,
1295 2766 1336 2801 θῖ
1355 2759 1533 2801 munivit
1553 2772 1645 2799 eum
1666 2759 1718 2799 ad
1738 2757 2047 2799 custodiendam

142 2824 400 2871 Bethsuram,
433 2827 479 2864 ut
508 2822 678 2863 haberet
705 2821 880 2876 populus
909 2821 1180 2862 munitionem
1210 2825 1354 2861 contra
1381 2819 1525 2859 faciem
1558 2818 1758 2858 Idumaeae.

547 2930 586 2971 6.
616 2929 841 2972 Gentibus
870 2930 1032 2969 vicinis
1062 2929 1229 2970 bellum
1259 2927 1409 2978 infert,
1439 2927 1477 2978 5,
1497 2926 1642 2966 1—68.

246 3003 284 3045 5.
338 3004 354 3027 1
371 3001 428 3042 Et
446 3001 603 3042 factum
623 3006 695 3049 est,
717 3005 765 3042 ut
784 3001 1001 3041 audierunt
1021 3000 1171 3041 Gentes
1191 2999 1230 3039 in
1251 2997 1422 3039 circuitu
1443 2996 1538 3050 quia
1556 2995 1802 3037 aedificatum
1822 2999 1884 3036 est
1903 2993 2042 3037 altare,
2078 2996 2234 3026 Expugfflt

141 3067 183 3103 et
206 3059 485 3102 sanctuarium
509 3059 614 3100 sicut
636 3059 759 3113 prius,
784 3059 900 3100 iratae
923 3063 1019 3100 sunt
1043 3057 1179 3099 valde:
1232 3059 1246 3081 ‘²
1271 3063 1310 3098 et
1335 3055 1573 3109 cogitabant
1596 3053 1735 3095 tollere
1758 3066 1883 3107 genus
1910 3053 2043 3093 Iacob.
2082 3032 2217 3091 111}ssssssssss

143 3120 212 3174 qui
243 3124 359 3160 erant
388 3119 496 3159 inter
525 3131 602 3160 eos,
637 3123 678 3159 et
708 3123 922 3171 coeperunt
952 3117 1131 3159 occidere
1162 3118 1211 3157 de
1241 3114 1404 3169 populo.
1438 3119 1478 3154 et
1508 3113 1706 3166 persequi.

246 3181 262 3203 3
282 3178 338 3218 Et
359 3176 592 3218 debellabat
614 3176 736 3217 Iudas
757 3176 858 3218 filios
879 3176 990 3217 Esau
1010 3175 1051 3216 in
1074 3176 1266 3219 Idumaea,
1290 3178 1331 3213 et
1351 3185 1428 3221 eos,
1453 3172 1521 3225 qui
1542 3175 1659 3212 erant
1678 3171 1719 3212 in
1739 3169 2043 3211 Acrabathane:
2108 3169 2190 3231 {113}ss

143 3236 239 3290 quia
268 3235 621 3278 circumsedebant
651 3235 867 3283 Israelitas‚
899 3240 941 3276 et
968 3234 1167 3288 percussit
1197 3245 1261 3274 eos
1291 3231 1412 3285 plaga
1440 3243 1600 3283 magna.
2071 3284 2097 3289 ..

247 3298 263 3320 4
293 3295 349 3336 Εῖ
380 3294 616 3335 recordatus
648 3298 710 3334 est
740 3292 941 3334 malitiam
972 3292 1147 3334 filiorum
1180 3292 1303 3335 Bean,
1339 3289 1408 3343 qui
1439 3293 1556 3330 erant
1586 3287 1737 3342 populo
1768 3286 1809 3328 in
1840 3286 2041 3339 laqueum.
2062 3285 2130 3308 ¹1¹¹⁰⁵
2148 3283 2233 3309 3⁰²²U¹

143 3359 185 3395 ct
206 3354 247 3395 in
270 3352 521 3401 scandalum,
545 3351 785 3393 insidiantes
808 3351 843 3392 ei
864 3351 906 3392 in
928 3351 1007 3393 via.
1058 3353 1074 3376 ⁵
1096 3351 1152 3392 Et
1174 3347 1351 3391 conclusi
1374 3352 1470 3389 sunt
1493 3348 1544 3388 ab
1568 3360 1613 3388 eo
1636 3346 1677 3387 in
1699 3345 1891 3392 turribus,
1917 3348 1956 3384 et
1979 3354 2047 3394 ap-

276 3477 318 3511 59
343 3478 399 3511 an
425 3478 477 3518 10,
502 3479 555 3513 22.
