<?xml version="1.0" encoding="UTF-8"?>
<!DOCTYPE html PUBLIC "-//W3C//DTD XHTML 1.0 Transitional//EN"
    "http://www.w3.org/TR/xhtml1/DTD/xhtml1-transitional.dtd">
<html xmlns="http://www.w3.org/1999/xhtml" xml:lang="en" lang="en">
 <head>
  <title>
</title>
<meta http-equiv="Content-Type" content="text/html;charset=utf-8" />
  <meta name='ocr-system' content='tesseract 3.04.00' />
  <meta name='ocr-capabilities' content='ocr_page ocr_carea ocr_par ocr_line ocrx_word'/>
</head>
<body>
  <div class='ocr_page' id='page_1' title='image "./bibliasacravulga00helzuoft_0211.png"; bbox 0 0 2356 3760; ppageno 0'>
   <div class='ocr_carea' id='block_1_1' title="bbox 118 142 2016 190">
    <p class='ocr_par' dir='ltr' id='par_1_1' title="bbox 118 142 2016 190">
     <span class='ocr_line' id='line_1_1' title="bbox 118 142 2016 190; baseline 0.006 -11"><span class='ocrx_word' id='word_1_1' title='bbox 118 145 171 186; x_wconf 88' lang='lat'>13,</span> <span class='ocrx_word' id='word_1_2' title='bbox 194 146 316 185; x_wconf 80' lang='lat'>4-14,</span> <span class='ocrx_word' id='word_1_3' title='bbox 340 145 360 178; x_wconf 78' lang='lat'><strong>2</strong></span> <span class='ocrx_word' id='word_1_4' title='bbox 1007 142 1146 176; x_wconf 88' lang='lat' dir='ltr'>IOSUE</span> <span class='ocrx_word' id='word_1_5' title='bbox 1941 150 2016 190; x_wconf 83' lang='grc'>187</span> 
     </span>
    </p>
   </div>
   <div class='ocr_carea' id='block_1_2' title="bbox 118 235 2024 701">
    <p class='ocr_par' dir='ltr' id='par_1_2' title="bbox 118 235 2024 701">
     <span class='ocr_line' id='line_1_2' title="bbox 120 235 2017 292; baseline 0.002 -13"><span class='ocrx_word' id='word_1_6' title='bbox 120 252 209 292; x_wconf 81' lang='lat' dir='ltr'>quae</span> <span class='ocrx_word' id='word_1_7' title='bbox 237 239 277 278; x_wconf 88' lang='lat' dir='ltr'>in</span> <span class='ocrx_word' id='word_1_8' title='bbox 311 238 494 292; x_wconf 89' lang='lat' dir='ltr'>quinque</span> <span class='ocrx_word' id='word_1_9' title='bbox 528 236 686 290; x_wconf 87' lang='lat' dir='ltr'>regulos</span> <span class='ocrx_word' id='word_1_10' title='bbox 722 235 969 276; x_wconf 82' lang='lat' dir='ltr'>Philisthiim</span> <span class='ocrx_word' id='word_1_11' title='bbox 1004 235 1212 283; x_wconf 87' lang='lat' dir='ltr'>dividitur,</span> <span class='ocrx_word' id='word_1_12' title='bbox 1250 236 1427 284; x_wconf 80' lang='lat' dir='ltr'>Gazaeos,</span> <span class='ocrx_word' id='word_1_13' title='bbox 1464 241 1505 276; x_wconf 89' lang='lat' dir='ltr'>et</span> <span class='ocrx_word' id='word_1_14' title='bbox 1539 237 1715 283; x_wconf 81' lang='lat' dir='ltr'>Azotios,</span> <span class='ocrx_word' id='word_1_15' title='bbox 1752 241 2017 289; x_wconf 86' lang='lat' dir='ltr'>Ascalonitas,</span> 
     </span>
     <span class='ocr_line' id='line_1_3' title="bbox 118 294 2017 345; baseline 0.001 -7"><span class='ocrx_word' id='word_1_16' title='bbox 118 297 320 345; x_wconf 83' lang='lat' dir='ltr'>Gethaeos‚</span> <span class='ocrx_word' id='word_1_17' title='bbox 351 301 391 337; x_wconf 92' lang='lat' dir='ltr'>et</span> <span class='ocrx_word' id='word_1_18' title='bbox 411 295 690 336; x_wconf 87' lang='lat' dir='ltr'>Accaronitas.</span> <span class='ocrx_word' id='word_1_19' title='bbox 736 296 752 318; x_wconf 72' lang='lat'>4</span> <span class='ocrx_word' id='word_1_20' title='bbox 774 294 839 334; x_wconf 92' lang='lat' dir='ltr'>Ad</span> <span class='ocrx_word' id='word_1_21' title='bbox 863 294 1071 334; x_wconf 74' lang='lat' dir='ltr'>meridiem</span> <span class='ocrx_word' id='word_1_22' title='bbox 1095 307 1190 334; x_wconf 87' lang='lat' dir='ltr'>vero</span> <span class='ocrx_word' id='word_1_23' title='bbox 1215 299 1311 334; x_wconf 89' lang='lat' dir='ltr'>sunt</span> <span class='ocrx_word' id='word_1_24' title='bbox 1336 294 1488 342; x_wconf 82' lang='lat' dir='ltr'>Hevaei,</span> <span class='ocrx_word' id='word_1_25' title='bbox 1515 295 1644 334; x_wconf 89' lang='lat' dir='ltr'>omnis</span> <span class='ocrx_word' id='word_1_26' title='bbox 1669 296 1790 336; x_wconf 83' lang='lat' dir='ltr'>Terra</span> <span class='ocrx_word' id='word_1_27' title='bbox 1813 298 2017 344; x_wconf 80' lang='lat' dir='ltr'>Chanaan,</span> 
     </span>
     <span class='ocr_line' id='line_1_4' title="bbox 118 352 2017 406; baseline 0.001 -10"><span class='ocrx_word' id='word_1_28' title='bbox 118 360 159 396; x_wconf 90' lang='lat' dir='ltr'>et</span> <span class='ocrx_word' id='word_1_29' title='bbox 186 355 329 395; x_wconf 85' lang='lat' dir='ltr'>Maara</span> <span class='ocrx_word' id='word_1_30' title='bbox 357 354 617 395; x_wconf 86' lang='lat' dir='ltr'>Sidoniorum</span> <span class='ocrx_word' id='word_1_31' title='bbox 648 365 775 405; x_wconf 88' lang='lat' dir='ltr'>usque</span> <span class='ocrx_word' id='word_1_32' title='bbox 805 352 973 405; x_wconf 88' lang='lat' dir='ltr'>Apheca</span> <span class='ocrx_word' id='word_1_33' title='bbox 1003 357 1044 392; x_wconf 90' lang='lat' dir='ltr'>et</span> <span class='ocrx_word' id='word_1_34' title='bbox 1074 352 1267 393; x_wconf 88' lang='lat' dir='ltr'>terminos</span> <span class='ocrx_word' id='word_1_35' title='bbox 1295 352 1531 401; x_wconf 80' lang='lat' dir='ltr'>Amorrhaei,</span> <span class='ocrx_word' id='word_1_36' title='bbox 1590 355 1605 377; x_wconf 85' lang='lat'>⁵</span> <span class='ocrx_word' id='word_1_37' title='bbox 1635 353 1799 406; x_wconf 91' lang='lat' dir='ltr'>eiusque</span> <span class='ocrx_word' id='word_1_38' title='bbox 1830 357 2017 398; x_wconf 78' lang='lat' dir='ltr'>confinia.</span> 
     </span>
     <span class='ocr_line' id='line_1_5' title="bbox 119 410 2022 467; baseline 0 -13"><span class='ocrx_word' id='word_1_39' title='bbox 119 413 265 454; x_wconf 87' lang='lat' dir='ltr'>Libani</span> <span class='ocrx_word' id='word_1_40' title='bbox 287 425 450 467; x_wconf 90' lang='lat' dir='ltr'>quoque</span> <span class='ocrx_word' id='word_1_41' title='bbox 471 412 579 465; x_wconf 86' lang='lat' dir='ltr'>regio</span> <span class='ocrx_word' id='word_1_42' title='bbox 604 416 747 452; x_wconf 86' lang='lat' dir='ltr'>contra</span> <span class='ocrx_word' id='word_1_43' title='bbox 771 411 980 451; x_wconf 76' lang='lat' dir='ltr'>Orientem</span> <span class='ocrx_word' id='word_1_44' title='bbox 1005 423 1028 450; x_wconf 86' lang='lat' dir='ltr'>a</span> <span class='ocrx_word' id='word_1_45' title='bbox 1053 410 1236 463; x_wconf 80' lang='lat' dir='ltr'>Baalgad</span> <span class='ocrx_word' id='word_1_46' title='bbox 1260 411 1334 451; x_wconf 90' lang='lat' dir='ltr'>sub</span> <span class='ocrx_word' id='word_1_47' title='bbox 1360 416 1498 451; x_wconf 90' lang='lat' dir='ltr'>monte</span> <span class='ocrx_word' id='word_1_48' title='bbox 1524 410 1717 459; x_wconf 85' lang='lat' dir='ltr'>Hermon,</span> <span class='ocrx_word' id='word_1_49' title='bbox 1745 413 1871 453; x_wconf 89' lang='lat' dir='ltr'>donec</span> <span class='ocrx_word' id='word_1_50' title='bbox 1895 414 2022 466; x_wconf 76' lang='lat' dir='ltr'>ingre-</span> 
     </span>
     <span class='ocr_line' id='line_1_6' title="bbox 119 464 2023 523; baseline -0.001 -11"><span class='ocrx_word' id='word_1_51' title='bbox 119 472 241 513; x_wconf 89' lang='lat' dir='ltr'>diaris</span> <span class='ocrx_word' id='word_1_52' title='bbox 271 471 438 512; x_wconf 88' lang='lat' dir='ltr'>Emath.</span> <span class='ocrx_word' id='word_1_53' title='bbox 484 472 499 494; x_wconf 81' lang='lat'><strong>⁶</strong></span> <span class='ocrx_word' id='word_1_54' title='bbox 522 469 717 511; x_wconf 90' lang='lat' dir='ltr'>Omnium</span> <span class='ocrx_word' id='word_1_55' title='bbox 742 469 810 522; x_wconf 92' lang='lat' dir='ltr'>qui</span> <span class='ocrx_word' id='word_1_56' title='bbox 834 469 1027 509; x_wconf 87' lang='lat' dir='ltr'>habitant</span> <span class='ocrx_word' id='word_1_57' title='bbox 1050 469 1091 509; x_wconf 91' lang='lat' dir='ltr'>in</span> <span class='ocrx_word' id='word_1_58' title='bbox 1115 473 1254 509; x_wconf 89' lang='lat' dir='ltr'>monte</span> <span class='ocrx_word' id='word_1_59' title='bbox 1279 482 1302 509; x_wconf 90' lang='lat' dir='ltr'>a</span> <span class='ocrx_word' id='word_1_60' title='bbox 1326 469 1482 510; x_wconf 88' lang='lat' dir='ltr'>Libano</span> <span class='ocrx_word' id='word_1_61' title='bbox 1506 482 1633 522; x_wconf 88' lang='lat' dir='ltr'>usque</span> <span class='ocrx_word' id='word_1_62' title='bbox 1658 470 1710 510; x_wconf 90' lang='lat' dir='ltr'>ad</span> <span class='ocrx_word' id='word_1_63' title='bbox 1733 470 1871 523; x_wconf 90' lang='lat' dir='ltr'>Aquas</span> <span class='ocrx_word' id='word_1_64' title='bbox 1896 464 2023 511; x_wconf 85' lang='lat' dir='ltr'>Mase-</span> 
     </span>
     <span class='ocr_line' id='line_1_7' title="bbox 119 526 2024 584; baseline -0.001 -13"><span class='ocrx_word' id='word_1_65' title='bbox 119 531 305 584; x_wconf 81' lang='lat' dir='ltr'>rephoth,</span> <span class='ocrx_word' id='word_1_66' title='bbox 328 529 586 582; x_wconf 87' lang='lat' dir='ltr'>universique</span> <span class='ocrx_word' id='word_1_67' title='bbox 607 528 772 569; x_wconf 83' lang='lat' dir='ltr'>Sidonii.</span> <span class='ocrx_word' id='word_1_68' title='bbox 795 528 882 581; x_wconf 81' lang='lat' dir='ltr'>Ego</span> <span class='ocrx_word' id='word_1_69' title='bbox 903 541 993 568; x_wconf 88' lang='lat' dir='ltr'>sum</span> <span class='ocrx_word' id='word_1_70' title='bbox 1015 527 1084 580; x_wconf 88' lang='lat' dir='ltr'>qui</span> <span class='ocrx_word' id='word_1_71' title='bbox 1105 527 1246 567; x_wconf 85' lang='lat' dir='ltr'>delebo</span> <span class='ocrx_word' id='word_1_72' title='bbox 1267 541 1333 568; x_wconf 91' lang='lat' dir='ltr'>eos</span> <span class='ocrx_word' id='word_1_73' title='bbox 1355 541 1379 568; x_wconf 86' lang='lat' dir='ltr'>a</span> <span class='ocrx_word' id='word_1_74' title='bbox 1397 527 1499 568; x_wconf 81' lang='lat' dir='ltr'>facie</span> <span class='ocrx_word' id='word_1_75' title='bbox 1523 526 1696 568; x_wconf 91' lang='lat' dir='ltr'>filiorum</span> <span class='ocrx_word' id='word_1_76' title='bbox 1719 528 1853 569; x_wconf 88' lang='lat' dir='ltr'>Israel.</span> <span class='ocrx_word' id='word_1_77' title='bbox 1876 529 2024 569; x_wconf 80' lang='lat' dir='ltr'>Veniat</span> 
     </span>
     <span class='ocr_line' id='line_1_8' title="bbox 120 585 2024 643; baseline -0.002 -13"><span class='ocrx_word' id='word_1_78' title='bbox 120 603 211 643; x_wconf 83' lang='lat' dir='ltr'>ergo</span> <span class='ocrx_word' id='word_1_79' title='bbox 242 589 284 629; x_wconf 91' lang='lat' dir='ltr'>in</span> <span class='ocrx_word' id='word_1_80' title='bbox 314 592 475 642; x_wconf 90' lang='lat' dir='ltr'>partem</span> <span class='ocrx_word' id='word_1_81' title='bbox 506 586 743 628; x_wconf 88' lang='lat' dir='ltr'>hereditatis</span> <span class='ocrx_word' id='word_1_82' title='bbox 777 585 912 633; x_wconf 87' lang='lat' dir='ltr'>Israel,</span> <span class='ocrx_word' id='word_1_83' title='bbox 946 586 1051 626; x_wconf 82' lang='lat' dir='ltr'>sieut</span> <span class='ocrx_word' id='word_1_84' title='bbox 1082 586 1254 639; x_wconf 84' lang='lat' dir='ltr'>praecepi</span> <span class='ocrx_word' id='word_1_85' title='bbox 1285 586 1372 626; x_wconf 87' lang='lat' dir='ltr'>tibi.</span> <span class='ocrx_word' id='word_1_86' title='bbox 1435 587 1449 609; x_wconf 88' lang='lat'><strong>⁷</strong></span> <span class='ocrx_word' id='word_1_87' title='bbox 1481 585 1537 625; x_wconf 90' lang='lat' dir='ltr'>Et</span> <span class='ocrx_word' id='word_1_88' title='bbox 1568 598 1676 626; x_wconf 88' lang='lat' dir='ltr'>nunc</span> <span class='ocrx_word' id='word_1_89' title='bbox 1707 586 1842 628; x_wconf 89' lang='lat' dir='ltr'>divide</span> <span class='ocrx_word' id='word_1_90' title='bbox 1874 591 2024 627; x_wconf 87' lang='lat' dir='ltr'>terram</span> 
     </span>
     <span class='ocr_line' id='line_1_9' title="bbox 120 644 1552 701; baseline -0.003 -12"><span class='ocrx_word' id='word_1_91' title='bbox 120 649 160 688; x_wconf 91' lang='lat' dir='ltr'>in</span> <span class='ocrx_word' id='word_1_92' title='bbox 188 647 482 701; x_wconf 86' lang='lat' dir='ltr'>possessionem</span> <span class='ocrx_word' id='word_1_93' title='bbox 511 658 659 687; x_wconf 90' lang='lat' dir='ltr'>novem</span> <span class='ocrx_word' id='word_1_94' title='bbox 689 645 889 693; x_wconf 79' lang='lat' dir='ltr'>tribubus,</span> <span class='ocrx_word' id='word_1_95' title='bbox 922 649 963 685; x_wconf 90' lang='lat' dir='ltr'>et</span> <span class='ocrx_word' id='word_1_96' title='bbox 993 644 1170 685; x_wconf 82' lang='lat' dir='ltr'>dimidiae</span> <span class='ocrx_word' id='word_1_97' title='bbox 1199 644 1324 684; x_wconf 91' lang='lat' dir='ltr'>tribui</span> <span class='ocrx_word' id='word_1_98' title='bbox 1353 644 1552 692; x_wconf 86' lang='lat' dir='ltr'>Manasse,</span> 
     </span>
    </p>
   </div>
   <div class='ocr_carea' id='block_1_3' title="bbox 227 746 2171 868">
    <p class='ocr_par' dir='ltr' id='par_1_3' title="bbox 227 746 2171 868">
     <span class='ocr_line' id='line_1_10' title="bbox 401 746 1744 798; baseline -0.004 -8"><span class='ocrx_word' id='word_1_99' title='bbox 401 751 440 790; x_wconf 87' lang='lat'>2.</span> <span class='ocrx_word' id='word_1_100' title='bbox 470 749 713 790; x_wconf 86' lang='lat' dir='ltr'>Possessio</span> <span class='ocrx_word' id='word_1_101' title='bbox 744 748 938 789; x_wconf 85' lang='lat' dir='ltr'>duarum</span> <span class='ocrx_word' id='word_1_102' title='bbox 968 747 1168 787; x_wconf 84' lang='lat' dir='ltr'>tribuum</span> <span class='ocrx_word' id='word_1_103' title='bbox 1200 748 1244 787; x_wconf 91' lang='lat' dir='ltr'>et</span> <span class='ocrx_word' id='word_1_104' title='bbox 1273 746 1486 798; x_wconf 75' lang='lat' dir='ltr'>dimidiae,</span> <span class='ocrx_word' id='word_1_105' title='bbox 1514 746 1744 796; x_wconf 82' lang='lat'>13‚8—33.</span> 
     </span>
     <span class='ocr_line' id='line_1_11' title="bbox 227 805 2171 868; baseline -0.003 -12"><span class='ocrx_word' id='word_1_106' title='bbox 227 818 243 840; x_wconf 76' lang='lat'><strong>⁸</strong></span> <span class='ocrx_word' id='word_1_107' title='bbox 276 829 369 856; x_wconf 91' lang='lat' dir='ltr'>cum</span> <span class='ocrx_word' id='word_1_108' title='bbox 403 828 484 868; x_wconf 86' lang='lat' dir='ltr'>qua</span> <span class='ocrx_word' id='word_1_109' title='bbox 517 814 664 855; x_wconf 88' lang='lat' dir='ltr'>Ruben</span> <span class='ocrx_word' id='word_1_110' title='bbox 697 818 738 854; x_wconf 91' lang='lat' dir='ltr'>et</span> <span class='ocrx_word' id='word_1_111' title='bbox 771 813 861 854; x_wconf 84' lang='lat' dir='ltr'>Gad</span> <span class='ocrx_word' id='word_1_112' title='bbox 894 813 1161 866; x_wconf 85' lang='lat' dir='ltr'>possederunt</span> <span class='ocrx_word' id='word_1_113' title='bbox 1194 818 1356 857; x_wconf 80' lang='lat' dir='ltr'>terram,</span> <span class='ocrx_word' id='word_1_114' title='bbox 1396 825 1541 866; x_wconf 77' lang='lat' dir='ltr'>aquam</span> <span class='ocrx_word' id='word_1_115' title='bbox 1574 811 1743 852; x_wconf 83' lang='lat' dir='ltr'>tradidit</span> <span class='ocrx_word' id='word_1_116' title='bbox 1778 811 1831 851; x_wconf 91' lang='lat' dir='ltr'>eis</span> <span class='ocrx_word' id='word_1_117' title='bbox 1865 811 2023 863; x_wconf 88' lang='lat' dir='ltr'>Moyses</span> <span class='ocrx_word' id='word_1_118' title='bbox 2086 805 2171 829; x_wconf 56' lang='lat' dir='ltr'><strong>Terra</strong></span> 
     </span>
    </p>
   </div>
   <div class='ocr_carea' id='block_1_4' title="bbox 121 840 2223 3107">
    <p class='ocr_par' dir='ltr' id='par_1_4' title="bbox 121 840 2202 1046">
     <span class='ocr_line' id='line_1_12' title="bbox 122 840 2202 924; baseline -0.004 -9"><span class='ocrx_word' id='word_1_119' title='bbox 122 874 298 916; x_wconf 82' lang='lat' dir='ltr'>famulus</span> <span class='ocrx_word' id='word_1_120' title='bbox 326 873 492 915; x_wconf 88' lang='lat' dir='ltr'>Domini</span> <span class='ocrx_word' id='word_1_121' title='bbox 520 878 632 914; x_wconf 88' lang='lat' dir='ltr'>trans</span> <span class='ocrx_word' id='word_1_122' title='bbox 664 872 818 912; x_wconf 86' lang='lat' dir='ltr'>fluenta</span> <span class='ocrx_word' id='word_1_123' title='bbox 847 871 1043 918; x_wconf 88' lang='lat' dir='ltr'>Iordanis,</span> <span class='ocrx_word' id='word_1_124' title='bbox 1074 871 1126 911; x_wconf 89' lang='lat' dir='ltr'>ad</span> <span class='ocrx_word' id='word_1_125' title='bbox 1155 870 1391 912; x_wconf 74' lang='lat' dir='ltr'>orientalem</span> <span class='ocrx_word' id='word_1_126' title='bbox 1420 871 1594 924; x_wconf 81' lang='lat' dir='ltr'>plaga-ni.</span> <span class='ocrx_word' id='word_1_127' title='bbox 1654 872 1669 894; x_wconf 83' lang='lat'>⁹</span> <span class='ocrx_word' id='word_1_128' title='bbox 1687 869 1752 909; x_wconf 86' lang='lat' dir='ltr'>Ab</span> <span class='ocrx_word' id='word_1_129' title='bbox 1774 870 1909 915; x_wconf 78' lang='lat' dir='ltr'>Aroer,</span> <span class='ocrx_word' id='word_1_130' title='bbox 1937 882 2025 922; x_wconf 82' lang='lat' dir='ltr'>quae</span> <span class='ocrx_word' id='word_1_131' title='bbox 2056 840 2202 906; x_wconf 43' lang='lat' dir='ltr'>‹3133ae</span> 
     </span>
     <span class='ocr_line' id='line_1_13' title="bbox 121 910 2164 986; baseline -0.004 -11"><span class='ocrx_word' id='word_1_132' title='bbox 121 934 201 974; x_wconf 89' lang='lat' dir='ltr'>sita</span> <span class='ocrx_word' id='word_1_133' title='bbox 220 938 281 974; x_wconf 88' lang='lat' dir='ltr'>est</span> <span class='ocrx_word' id='word_1_134' title='bbox 300 933 342 974; x_wconf 91' lang='lat' dir='ltr'>in</span> <span class='ocrx_word' id='word_1_135' title='bbox 361 933 450 986; x_wconf 89' lang='lat' dir='ltr'>ripa</span> <span class='ocrx_word' id='word_1_136' title='bbox 470 931 660 973; x_wconf 87' lang='lat' dir='ltr'>torrentis</span> <span class='ocrx_word' id='word_1_137' title='bbox 682 931 833 977; x_wconf 87' lang='lat' dir='ltr'>Arnon,</span> <span class='ocrx_word' id='word_1_138' title='bbox 856 935 898 971; x_wconf 91' lang='lat' dir='ltr'>et</span> <span class='ocrx_word' id='word_1_139' title='bbox 916 930 957 970; x_wconf 92' lang='lat' dir='ltr'>in</span> <span class='ocrx_word' id='word_1_140' title='bbox 978 929 1093 970; x_wconf 88' lang='lat' dir='ltr'>vallis</span> <span class='ocrx_word' id='word_1_141' title='bbox 1114 930 1260 978; x_wconf 91' lang='lat' dir='ltr'>medio,</span> <span class='ocrx_word' id='word_1_142' title='bbox 1283 930 1552 983; x_wconf 83' lang='lat' dir='ltr'>universaque</span> <span class='ocrx_word' id='word_1_143' title='bbox 1574 928 1818 981; x_wconf 77' lang='lat' dir='ltr'>campestria</span> <span class='ocrx_word' id='word_1_144' title='bbox 1838 928 2023 973; x_wconf 84' lang='lat' dir='ltr'>Medaba,</span> <span class='ocrx_word' id='word_1_145' title='bbox 2096 910 2164 935; x_wconf 58' lang='lat' dir='ltr'>dm</span> 
     </span>
     <span class='ocr_line' id='line_1_14' title="bbox 123 986 2025 1046; baseline -0.004 -13"><span class='ocrx_word' id='word_1_146' title='bbox 123 1005 249 1046; x_wconf 90' lang='lat' dir='ltr'>usque</span> <span class='ocrx_word' id='word_1_147' title='bbox 265 992 413 1033; x_wconf 92' lang='lat' dir='ltr'>Dibon.</span> <span class='ocrx_word' id='word_1_148' title='bbox 459 992 495 1015; x_wconf 87' lang='lat'>¹⁰</span> <span class='ocrx_word' id='word_1_149' title='bbox 509 995 550 1031; x_wconf 87' lang='lat' dir='ltr'>et</span> <span class='ocrx_word' id='word_1_150' title='bbox 566 994 733 1030; x_wconf 85' lang='lat' dir='ltr'>cunctas</span> <span class='ocrx_word' id='word_1_151' title='bbox 750 989 937 1030; x_wconf 82' lang='lat' dir='ltr'>civitates</span> <span class='ocrx_word' id='word_1_152' title='bbox 954 989 1100 1036; x_wconf 80' lang='lat' dir='ltr'>Sehon,</span> <span class='ocrx_word' id='word_1_153' title='bbox 1118 988 1219 1042; x_wconf 79' lang='lat' dir='ltr'>regis</span> <span class='ocrx_word' id='word_1_154' title='bbox 1236 988 1471 1035; x_wconf 85' lang='lat' dir='ltr'>Amorrhaei,</span> <span class='ocrx_word' id='word_1_155' title='bbox 1492 988 1559 1041; x_wconf 90' lang='lat' dir='ltr'>qui</span> <span class='ocrx_word' id='word_1_156' title='bbox 1575 987 1762 1040; x_wconf 69' lang='lat' dir='ltr'>regnavit</span> <span class='ocrx_word' id='word_1_157' title='bbox 1777 987 1818 1026; x_wconf 89' lang='lat' dir='ltr'>in</span> <span class='ocrx_word' id='word_1_158' title='bbox 1836 986 2025 1026; x_wconf 91' lang='lat' dir='ltr'>Hesebon</span> 
     </span>
    </p>

    <p class='ocr_par' dir='ltr' id='par_1_5' title="bbox 122 1044 2020 1106">
     <span class='ocr_line' id='line_1_15' title="bbox 122 1044 2020 1106; baseline -0.004 -14"><span class='ocrx_word' id='word_1_159' title='bbox 122 1064 249 1106; x_wconf 89' lang='lat' dir='ltr'>usque</span> <span class='ocrx_word' id='word_1_160' title='bbox 269 1051 321 1091; x_wconf 89' lang='lat' dir='ltr'>ad</span> <span class='ocrx_word' id='word_1_161' title='bbox 339 1050 532 1091; x_wconf 87' lang='lat' dir='ltr'>terminos</span> <span class='ocrx_word' id='word_1_162' title='bbox 555 1048 729 1090; x_wconf 91' lang='lat' dir='ltr'>filiorum</span> <span class='ocrx_word' id='word_1_163' title='bbox 747 1048 936 1088; x_wconf 89' lang='lat' dir='ltr'>Ammon.</span> <span class='ocrx_word' id='word_1_164' title='bbox 986 1050 1015 1071; x_wconf 98' lang='lat'>¹¹</span> <span class='ocrx_word' id='word_1_165' title='bbox 1035 1052 1076 1088; x_wconf 89' lang='lat' dir='ltr'>et</span> <span class='ocrx_word' id='word_1_166' title='bbox 1095 1047 1262 1093; x_wconf 86' lang='lat' dir='ltr'>Galaad,</span> <span class='ocrx_word' id='word_1_167' title='bbox 1285 1060 1331 1087; x_wconf 87' lang='lat' dir='ltr'>ac</span> <span class='ocrx_word' id='word_1_168' title='bbox 1350 1047 1570 1088; x_wconf 85' lang='lat' dir='ltr'>terminum</span> <span class='ocrx_word' id='word_1_169' title='bbox 1589 1045 1750 1087; x_wconf 87' lang='lat' dir='ltr'>Gessuri</span> <span class='ocrx_word' id='word_1_170' title='bbox 1770 1049 1811 1085; x_wconf 89' lang='lat' dir='ltr'>et</span> <span class='ocrx_word' id='word_1_171' title='bbox 1829 1044 2020 1091; x_wconf 78' lang='lat' dir='ltr'>Machati,</span> 
     </span>
    </p>

    <p class='ocr_par' dir='ltr' id='par_1_6' title="bbox 123 1104 2028 1334">
     <span class='ocr_line' id='line_1_16' title="bbox 123 1104 2026 1159; baseline -0.004 -8"><span class='ocrx_word' id='word_1_172' title='bbox 123 1114 164 1151; x_wconf 85' lang='lat' dir='ltr'>et</span> <span class='ocrx_word' id='word_1_173' title='bbox 196 1122 358 1151; x_wconf 88' lang='lat' dir='ltr'>omnem</span> <span class='ocrx_word' id='word_1_174' title='bbox 390 1113 574 1149; x_wconf 89' lang='lat' dir='ltr'>montem</span> <span class='ocrx_word' id='word_1_175' title='bbox 608 1107 801 1152; x_wconf 82' lang='lat' dir='ltr'>Hermon,</span> <span class='ocrx_word' id='word_1_176' title='bbox 836 1111 877 1147; x_wconf 91' lang='lat' dir='ltr'>et</span> <span class='ocrx_word' id='word_1_177' title='bbox 910 1107 1141 1147; x_wconf 88' lang='lat' dir='ltr'>universam</span> <span class='ocrx_word' id='word_1_178' title='bbox 1175 1106 1323 1154; x_wconf 89' lang='lat' dir='ltr'>Basan,</span> <span class='ocrx_word' id='word_1_179' title='bbox 1358 1119 1485 1159; x_wconf 89' lang='lat' dir='ltr'>usque</span> <span class='ocrx_word' id='word_1_180' title='bbox 1519 1106 1571 1146; x_wconf 78' lang='lat' dir='ltr'>ad</span> <span class='ocrx_word' id='word_1_181' title='bbox 1603 1104 1782 1149; x_wconf 82' lang='lat' dir='ltr'>Salecha,</span> <span class='ocrx_word' id='word_1_182' title='bbox 1844 1105 1876 1127; x_wconf 79' lang='lat'>¹2</span> <span class='ocrx_word' id='word_1_183' title='bbox 1909 1115 2026 1143; x_wconf 90' lang='lat' dir='ltr'>omne</span> 
     </span>
     <span class='ocr_line' id='line_1_17' title="bbox 123 1161 2025 1222; baseline -0.004 -13"><span class='ocrx_word' id='word_1_184' title='bbox 123 1181 291 1222; x_wconf 81' lang='lat' dir='ltr'>regnum</span> <span class='ocrx_word' id='word_1_185' title='bbox 306 1168 367 1221; x_wconf 82' lang='lat' dir='ltr'>Og</span> <span class='ocrx_word' id='word_1_186' title='bbox 380 1168 422 1208; x_wconf 91' lang='lat' dir='ltr'>in</span> <span class='ocrx_word' id='word_1_187' title='bbox 438 1168 584 1214; x_wconf 84' lang='lat' dir='ltr'>Basan,</span> <span class='ocrx_word' id='word_1_188' title='bbox 603 1166 671 1220; x_wconf 90' lang='lat' dir='ltr'>qui</span> <span class='ocrx_word' id='word_1_189' title='bbox 685 1165 872 1219; x_wconf 81' lang='lat' dir='ltr'>regnavit</span> <span class='ocrx_word' id='word_1_190' title='bbox 886 1165 926 1206; x_wconf 94' lang='lat' dir='ltr'>in</span> <span class='ocrx_word' id='word_1_191' title='bbox 938 1165 1136 1205; x_wconf 77' lang='lat' dir='ltr'>Astaroth</span> <span class='ocrx_word' id='word_1_192' title='bbox 1148 1170 1189 1205; x_wconf 91' lang='lat' dir='ltr'>et</span> <span class='ocrx_word' id='word_1_193' title='bbox 1200 1164 1336 1209; x_wconf 75' lang='lat' dir='ltr'>Edrai,</span> <span class='ocrx_word' id='word_1_194' title='bbox 1354 1165 1437 1218; x_wconf 90' lang='lat' dir='ltr'>ipse</span> <span class='ocrx_word' id='word_1_195' title='bbox 1452 1164 1531 1205; x_wconf 82' lang='lat' dir='ltr'>fuit</span> <span class='ocrx_word' id='word_1_196' title='bbox 1545 1164 1594 1204; x_wconf 89' lang='lat' dir='ltr'>de</span> <span class='ocrx_word' id='word_1_197' title='bbox 1608 1162 1784 1215; x_wconf 90' lang='lat' dir='ltr'>reliquiis</span> <span class='ocrx_word' id='word_1_198' title='bbox 1802 1161 2025 1215; x_wconf 84' lang='lat' dir='ltr'>Raphaim:</span> 
     </span>
     <span class='ocr_line' id='line_1_18' title="bbox 123 1218 2028 1281; baseline -0.004 -13"><span class='ocrx_word' id='word_1_199' title='bbox 123 1228 401 1281; x_wconf 82' lang='lat' dir='ltr'>percussitque</span> <span class='ocrx_word' id='word_1_200' title='bbox 435 1239 501 1267; x_wconf 89' lang='lat' dir='ltr'>eos</span> <span class='ocrx_word' id='word_1_201' title='bbox 534 1225 706 1278; x_wconf 78' lang='lat' dir='ltr'>Moyses,</span> <span class='ocrx_word' id='word_1_202' title='bbox 743 1229 867 1278; x_wconf 84' lang='lat' dir='ltr'>atque</span> <span class='ocrx_word' id='word_1_203' title='bbox 902 1223 1063 1265; x_wconf 88' lang='lat' dir='ltr'>delevit.</span> <span class='ocrx_word' id='word_1_204' title='bbox 1127 1226 1158 1248; x_wconf 86' lang='grc'><strong>13</strong></span> <span class='ocrx_word' id='word_1_205' title='bbox 1192 1223 1500 1276; x_wconf 88' lang='lat' dir='ltr'>Nolueruntque</span> <span class='ocrx_word' id='word_1_206' title='bbox 1535 1222 1763 1275; x_wconf 84' lang='lat' dir='ltr'>disperdere</span> <span class='ocrx_word' id='word_1_207' title='bbox 1799 1221 1869 1261; x_wconf 90' lang='lat' dir='ltr'>filii</span> <span class='ocrx_word' id='word_1_208' title='bbox 1904 1218 2028 1260; x_wconf 87' lang='lat' dir='ltr'>Israel</span> 
     </span>
     <span class='ocr_line' id='line_1_19' title="bbox 124 1278 2026 1334; baseline -0.004 -7"><span class='ocrx_word' id='word_1_209' title='bbox 124 1286 287 1327; x_wconf 87' lang='lat' dir='ltr'>Gessuri</span> <span class='ocrx_word' id='word_1_210' title='bbox 317 1291 358 1326; x_wconf 89' lang='lat' dir='ltr'>et</span> <span class='ocrx_word' id='word_1_211' title='bbox 388 1285 586 1325; x_wconf 87' lang='lat' dir='ltr'>Machati:</span> <span class='ocrx_word' id='word_1_212' title='bbox 620 1289 660 1324; x_wconf 90' lang='lat' dir='ltr'>et</span> <span class='ocrx_word' id='word_1_213' title='bbox 690 1283 984 1323; x_wconf 83' lang='lat' dir='ltr'>habitaverunt</span> <span class='ocrx_word' id='word_1_214' title='bbox 1014 1282 1054 1322; x_wconf 91' lang='lat' dir='ltr'>in</span> <span class='ocrx_word' id='word_1_215' title='bbox 1086 1283 1218 1323; x_wconf 90' lang='lat' dir='ltr'>medio</span> <span class='ocrx_word' id='word_1_216' title='bbox 1252 1281 1374 1322; x_wconf 87' lang='lat' dir='ltr'>Israel</span> <span class='ocrx_word' id='word_1_217' title='bbox 1405 1294 1533 1334; x_wconf 89' lang='lat' dir='ltr'>usque</span> <span class='ocrx_word' id='word_1_218' title='bbox 1563 1281 1604 1321; x_wconf 91' lang='lat' dir='ltr'>in</span> <span class='ocrx_word' id='word_1_219' title='bbox 1635 1284 1875 1333; x_wconf 86' lang='lat' dir='ltr'>praesentem</span> <span class='ocrx_word' id='word_1_220' title='bbox 1906 1278 2026 1319; x_wconf 89' lang='lat' dir='ltr'>diem.</span> 
     </span>
    </p>

    <p class='ocr_par' dir='ltr' id='par_1_7' title="bbox 125 1335 2028 1394">
     <span class='ocr_line' id='line_1_20' title="bbox 125 1335 2028 1394; baseline -0.005 -8"><span class='ocrx_word' id='word_1_221' title='bbox 125 1347 155 1370; x_wconf 69' lang='lat'>¹4</span> <span class='ocrx_word' id='word_1_222' title='bbox 187 1344 347 1385; x_wconf 89' lang='lat' dir='ltr'>bTribui</span> <span class='ocrx_word' id='word_1_223' title='bbox 376 1348 515 1385; x_wconf 87' lang='lat' dir='ltr'>autem</span> <span class='ocrx_word' id='word_1_224' title='bbox 543 1343 641 1384; x_wconf 87' lang='lat' dir='ltr'>Levi</span> <span class='ocrx_word' id='word_1_225' title='bbox 672 1355 751 1383; x_wconf 93' lang='lat' dir='ltr'>non</span> <span class='ocrx_word' id='word_1_226' title='bbox 781 1342 893 1382; x_wconf 81' lang='lat' dir='ltr'>dedit</span> <span class='ocrx_word' id='word_1_227' title='bbox 922 1341 1233 1394; x_wconf 85' lang='lat' dir='ltr'>possessionem:</span> <span class='ocrx_word' id='word_1_228' title='bbox 1265 1340 1335 1381; x_wconf 90' lang='lat' dir='ltr'>sed</span> <span class='ocrx_word' id='word_1_229' title='bbox 1363 1340 1561 1380; x_wconf 86' lang='lat' dir='ltr'>sacrificia</span> <span class='ocrx_word' id='word_1_230' title='bbox 1590 1344 1630 1379; x_wconf 90' lang='lat' dir='ltr'>et</span> <span class='ocrx_word' id='word_1_231' title='bbox 1659 1338 1835 1378; x_wconf 82' lang='lat' dir='ltr'>victimae</span> <span class='ocrx_word' id='word_1_232' title='bbox 1863 1335 2028 1378; x_wconf 89' lang='lat' dir='ltr'>Domini</span> 
     </span>
    </p>

    <p class='ocr_par' dir='ltr' id='par_1_8' title="bbox 124 1398 1426 1457">
     <span class='ocr_line' id='line_1_21' title="bbox 124 1398 1426 1457; baseline -0.005 -12"><span class='ocrx_word' id='word_1_233' title='bbox 124 1404 200 1445; x_wconf 92' lang='lat' dir='ltr'>Dei</span> <span class='ocrx_word' id='word_1_234' title='bbox 228 1403 363 1449; x_wconf 76' lang='lat' dir='ltr'>Israel,</span> <span class='ocrx_word' id='word_1_235' title='bbox 392 1403 481 1457; x_wconf 88' lang='lat' dir='ltr'>ipsa</span> <span class='ocrx_word' id='word_1_236' title='bbox 508 1407 569 1443; x_wconf 87' lang='lat' dir='ltr'>est</span> <span class='ocrx_word' id='word_1_237' title='bbox 596 1402 679 1442; x_wconf 89' lang='lat' dir='ltr'>eius</span> <span class='ocrx_word' id='word_1_238' title='bbox 706 1401 922 1448; x_wconf 80' lang='lat' dir='ltr'>hereditas,</span> <span class='ocrx_word' id='word_1_239' title='bbox 952 1400 1057 1440; x_wconf 88' lang='lat' dir='ltr'>sicut</span> <span class='ocrx_word' id='word_1_240' title='bbox 1083 1399 1242 1439; x_wconf 85' lang='lat' dir='ltr'>locutus</span> <span class='ocrx_word' id='word_1_241' title='bbox 1271 1404 1333 1439; x_wconf 90' lang='lat' dir='ltr'>est</span> <span class='ocrx_word' id='word_1_242' title='bbox 1358 1398 1426 1439; x_wconf 92' lang='lat' dir='ltr'>illi.</span> 
     </span>
    </p>

    <p class='ocr_par' dir='ltr' id='par_1_9' title="bbox 125 1448 2188 2100">
     <span class='ocr_line' id='line_1_22' title="bbox 230 1448 2180 1515; baseline -0.006 -12"><span class='ocrx_word' id='word_1_243' title='bbox 230 1465 261 1487; x_wconf 79' lang='lat'>¹⁵</span> <span class='ocrx_word' id='word_1_244' title='bbox 290 1462 416 1503; x_wconf 88' lang='lat' dir='ltr'>Dedit</span> <span class='ocrx_word' id='word_1_245' title='bbox 445 1474 537 1515; x_wconf 83' lang='lat' dir='ltr'>ergo</span> <span class='ocrx_word' id='word_1_246' title='bbox 568 1460 726 1512; x_wconf 81' lang='lat' dir='ltr'>Moyses</span> <span class='ocrx_word' id='word_1_247' title='bbox 758 1459 1050 1513; x_wconf 79' lang='lat' dir='ltr'>possessionem</span> <span class='ocrx_word' id='word_1_248' title='bbox 1080 1458 1204 1498; x_wconf 89' lang='lat' dir='ltr'>tribui</span> <span class='ocrx_word' id='word_1_249' title='bbox 1238 1457 1411 1498; x_wconf 90' lang='lat' dir='ltr'>filiorum</span> <span class='ocrx_word' id='word_1_250' title='bbox 1444 1457 1589 1497; x_wconf 86' lang='lat' dir='ltr'>Ruben</span> <span class='ocrx_word' id='word_1_251' title='bbox 1621 1456 1737 1496; x_wconf 85' lang='lat' dir='ltr'>iuxta</span> <span class='ocrx_word' id='word_1_252' title='bbox 1767 1454 2027 1508; x_wconf 75' lang='lat' dir='ltr'>cognationes</span> <span class='ocrx_word' id='word_1_253' title='bbox 2079 1448 2180 1509; x_wconf 53' lang='grc' dir='ltr'>Ϊξξξξξιξ</span> 
     </span>
     <span class='ocr_line' id='line_1_23' title="bbox 125 1503 2188 1574; baseline -0.005 -12"><span class='ocrx_word' id='word_1_254' title='bbox 125 1535 228 1563; x_wconf 90' lang='lat' dir='ltr'>suas.</span> <span class='ocrx_word' id='word_1_255' title='bbox 284 1522 318 1545; x_wconf 72' lang='lat'>¹⁶</span> <span class='ocrx_word' id='word_1_256' title='bbox 343 1520 519 1574; x_wconf 89' lang='lat' dir='ltr'>Fuitque</span> <span class='ocrx_word' id='word_1_257' title='bbox 544 1519 741 1560; x_wconf 88' lang='lat' dir='ltr'>terminus</span> <span class='ocrx_word' id='word_1_258' title='bbox 767 1531 907 1558; x_wconf 91' lang='lat' dir='ltr'>eorum</span> <span class='ocrx_word' id='word_1_259' title='bbox 933 1517 984 1558; x_wconf 91' lang='lat' dir='ltr'>ab</span> <span class='ocrx_word' id='word_1_260' title='bbox 1010 1517 1146 1564; x_wconf 87' lang='lat' dir='ltr'>Aroer,</span> <span class='ocrx_word' id='word_1_261' title='bbox 1175 1530 1265 1570; x_wconf 58' lang='lat' dir='ltr'>quie</span> <span class='ocrx_word' id='word_1_262' title='bbox 1290 1517 1369 1557; x_wconf 85' lang='lat' dir='ltr'>sita</span> <span class='ocrx_word' id='word_1_263' title='bbox 1393 1520 1455 1557; x_wconf 89' lang='lat' dir='ltr'>est</span> <span class='ocrx_word' id='word_1_264' title='bbox 1479 1516 1519 1556; x_wconf 89' lang='lat' dir='ltr'>in</span> <span class='ocrx_word' id='word_1_265' title='bbox 1546 1516 1633 1568; x_wconf 84' lang='lat' dir='ltr'>ripa</span> <span class='ocrx_word' id='word_1_266' title='bbox 1658 1514 1848 1555; x_wconf 83' lang='lat' dir='ltr'>torrentis</span> <span class='ocrx_word' id='word_1_267' title='bbox 1874 1513 2026 1559; x_wconf 90' lang='lat' dir='ltr'>Arnon,</span> <span class='ocrx_word' id='word_1_268' title='bbox 2182 1503 2188 1513; x_wconf 80' lang='grc'><strong><em>’</em></strong></span> 
     </span>
     <span class='ocr_line' id='line_1_24' title="bbox 125 1571 2028 1628; baseline -0.006 -6"><span class='ocrx_word' id='word_1_269' title='bbox 125 1586 166 1622; x_wconf 89' lang='lat' dir='ltr'>et</span> <span class='ocrx_word' id='word_1_270' title='bbox 199 1580 240 1621; x_wconf 89' lang='lat' dir='ltr'>in</span> <span class='ocrx_word' id='word_1_271' title='bbox 275 1579 378 1620; x_wconf 88' lang='lat' dir='ltr'>valle</span> <span class='ocrx_word' id='word_1_272' title='bbox 414 1579 593 1619; x_wconf 89' lang='lat' dir='ltr'>eiusdem</span> <span class='ocrx_word' id='word_1_273' title='bbox 629 1577 818 1618; x_wconf 83' lang='lat' dir='ltr'>torrentis</span> <span class='ocrx_word' id='word_1_274' title='bbox 854 1576 1005 1617; x_wconf 85' lang='lat' dir='ltr'>media:</span> <span class='ocrx_word' id='word_1_275' title='bbox 1043 1576 1274 1616; x_wconf 82' lang='lat' dir='ltr'>universam</span> <span class='ocrx_word' id='word_1_276' title='bbox 1310 1574 1533 1628; x_wconf 78' lang='lat' dir='ltr'>planitiem,</span> <span class='ocrx_word' id='word_1_277' title='bbox 1572 1587 1661 1627; x_wconf 78' lang='lat' dir='ltr'>quae</span> <span class='ocrx_word' id='word_1_278' title='bbox 1695 1573 1808 1613; x_wconf 85' lang='lat' dir='ltr'>ducit</span> <span class='ocrx_word' id='word_1_279' title='bbox 1842 1571 2028 1617; x_wconf 78' lang='lat' dir='ltr'>Medaba,</span> 
     </span>
     <span class='ocr_line' id='line_1_25' title="bbox 126 1631 2028 1690; baseline -0.005 -10"><span class='ocrx_word' id='word_1_280' title='bbox 126 1641 159 1663; x_wconf 90' lang='lat'>¹⁷</span> <span class='ocrx_word' id='word_1_281' title='bbox 181 1644 222 1680; x_wconf 90' lang='lat' dir='ltr'>et</span> <span class='ocrx_word' id='word_1_282' title='bbox 244 1639 445 1687; x_wconf 89' lang='lat' dir='ltr'>Hesebon,</span> <span class='ocrx_word' id='word_1_283' title='bbox 470 1641 718 1690; x_wconf 77' lang='lat' dir='ltr'>cunctosque</span> <span class='ocrx_word' id='word_1_284' title='bbox 740 1635 893 1676; x_wconf 89' lang='lat' dir='ltr'>viculos</span> <span class='ocrx_word' id='word_1_285' title='bbox 915 1648 1066 1678; x_wconf 82' lang='lat' dir='ltr'>earum.</span> <span class='ocrx_word' id='word_1_286' title='bbox 1092 1635 1160 1688; x_wconf 88' lang='lat' dir='ltr'>qui</span> <span class='ocrx_word' id='word_1_287' title='bbox 1181 1639 1277 1675; x_wconf 90' lang='lat' dir='ltr'>sunt</span> <span class='ocrx_word' id='word_1_288' title='bbox 1298 1634 1338 1674; x_wconf 91' lang='lat' dir='ltr'>in</span> <span class='ocrx_word' id='word_1_289' title='bbox 1360 1633 1673 1686; x_wconf 87' lang='lat' dir='ltr'>campestribus:</span> <span class='ocrx_word' id='word_1_290' title='bbox 1696 1631 1832 1672; x_wconf 90' lang='lat' dir='ltr'>Dibon</span> <span class='ocrx_word' id='word_1_291' title='bbox 1855 1642 2028 1684; x_wconf 86' lang='lat' dir='ltr'>quoque,</span> 
     </span>
     <span class='ocr_line' id='line_1_26' title="bbox 125 1688 2028 1749; baseline -0.006 -10"><span class='ocrx_word' id='word_1_292' title='bbox 125 1704 166 1740; x_wconf 89' lang='lat' dir='ltr'>et</span> <span class='ocrx_word' id='word_1_293' title='bbox 196 1696 482 1745; x_wconf 87' lang='lat' dir='ltr'>Bamothbaal,</span> <span class='ocrx_word' id='word_1_294' title='bbox 514 1702 555 1736; x_wconf 92' lang='lat' dir='ltr'>et</span> <span class='ocrx_word' id='word_1_295' title='bbox 584 1695 781 1749; x_wconf 89' lang='lat' dir='ltr'>oppidum</span> <span class='ocrx_word' id='word_1_296' title='bbox 812 1694 1048 1736; x_wconf 86' lang='lat' dir='ltr'>Baalmaon.</span> <span class='ocrx_word' id='word_1_297' title='bbox 1108 1695 1141 1717; x_wconf 76' lang='grc'>13</span> <span class='ocrx_word' id='word_1_298' title='bbox 1170 1698 1211 1734; x_wconf 89' lang='lat' dir='ltr'>et</span> <span class='ocrx_word' id='word_1_299' title='bbox 1242 1693 1364 1739; x_wconf 88' lang='lat' dir='ltr'>lassa,</span> <span class='ocrx_word' id='word_1_300' title='bbox 1396 1698 1437 1733; x_wconf 89' lang='lat' dir='ltr'>et</span> <span class='ocrx_word' id='word_1_301' title='bbox 1466 1691 1692 1739; x_wconf 85' lang='lat' dir='ltr'>Cedimoth,</span> <span class='ocrx_word' id='word_1_302' title='bbox 1724 1695 1764 1731; x_wconf 85' lang='lat' dir='ltr'>et</span> <span class='ocrx_word' id='word_1_303' title='bbox 1793 1688 2028 1743; x_wconf 81' lang='lat' dir='ltr'>Mephaath,</span> 
     </span>
     <span class='ocr_line' id='line_1_27' title="bbox 126 1748 2033 1803; baseline -0.006 -5"><span class='ocrx_word' id='word_1_304' title='bbox 126 1759 160 1782; x_wconf 87' lang='lat'>¹⁹</span> <span class='ocrx_word' id='word_1_305' title='bbox 191 1762 233 1798; x_wconf 88' lang='lat' dir='ltr'>et</span> <span class='ocrx_word' id='word_1_306' title='bbox 262 1756 523 1803; x_wconf 86' lang='lat' dir='ltr'>Cariathaim,</span> <span class='ocrx_word' id='word_1_307' title='bbox 557 1760 598 1795; x_wconf 86' lang='lat' dir='ltr'>et</span> <span class='ocrx_word' id='word_1_308' title='bbox 628 1754 817 1796; x_wconf 84' lang='lat' dir='ltr'>Sabama,</span> <span class='ocrx_word' id='word_1_309' title='bbox 851 1759 892 1793; x_wconf 91' lang='lat' dir='ltr'>et</span> <span class='ocrx_word' id='word_1_310' title='bbox 922 1753 1165 1793; x_wconf 84' lang='lat' dir='ltr'>Sarathasar</span> <span class='ocrx_word' id='word_1_311' title='bbox 1195 1752 1234 1791; x_wconf 90' lang='lat' dir='ltr'>in</span> <span class='ocrx_word' id='word_1_312' title='bbox 1266 1756 1405 1792; x_wconf 88' lang='lat' dir='ltr'>monte</span> <span class='ocrx_word' id='word_1_313' title='bbox 1436 1750 1642 1792; x_wconf 89' lang='lat' dir='ltr'>convallis.</span> <span class='ocrx_word' id='word_1_314' title='bbox 1702 1751 1738 1773; x_wconf 73' lang='lat'>20</span> <span class='ocrx_word' id='word_1_315' title='bbox 1770 1748 2033 1801; x_wconf 78' lang='lat' dir='ltr'>Bethphogor</span> 
     </span>
     <span class='ocr_line' id='line_1_28' title="bbox 126 1807 2031 1867; baseline -0.006 -10"><span class='ocrx_word' id='word_1_316' title='bbox 126 1821 167 1858; x_wconf 89' lang='lat' dir='ltr'>et</span> <span class='ocrx_word' id='word_1_317' title='bbox 193 1815 387 1863; x_wconf 88' lang='lat' dir='ltr'>Asedoth,</span> <span class='ocrx_word' id='word_1_318' title='bbox 415 1814 577 1867; x_wconf 83' lang='lat' dir='ltr'>Phasga</span> <span class='ocrx_word' id='word_1_319' title='bbox 603 1818 643 1853; x_wconf 89' lang='lat' dir='ltr'>et</span> <span class='ocrx_word' id='word_1_320' title='bbox 672 1812 980 1857; x_wconf 84' lang='lat' dir='ltr'>Bethiesimoth,</span> <span class='ocrx_word' id='word_1_321' title='bbox 1036 1813 1067 1835; x_wconf 77' lang='lat'>²¹</span> <span class='ocrx_word' id='word_1_322' title='bbox 1095 1817 1135 1851; x_wconf 89' lang='lat' dir='ltr'>et</span> <span class='ocrx_word' id='word_1_323' title='bbox 1162 1824 1300 1851; x_wconf 91' lang='lat' dir='ltr'>omnes</span> <span class='ocrx_word' id='word_1_324' title='bbox 1328 1810 1446 1851; x_wconf 88' lang='lat' dir='ltr'>urbes</span> <span class='ocrx_word' id='word_1_325' title='bbox 1474 1813 1732 1862; x_wconf 84' lang='lat' dir='ltr'>campestres,</span> <span class='ocrx_word' id='word_1_326' title='bbox 1762 1807 2031 1859; x_wconf 85' lang='lat' dir='ltr'>universaque</span> 
     </span>
     <span class='ocr_line' id='line_1_29' title="bbox 126 1865 2033 1929; baseline -0.006 -13"><span class='ocrx_word' id='word_1_327' title='bbox 126 1888 249 1929; x_wconf 80' lang='lat' dir='ltr'>regna</span> <span class='ocrx_word' id='word_1_328' title='bbox 278 1874 411 1915; x_wconf 86' lang='lat' dir='ltr'>Sehon</span> <span class='ocrx_word' id='word_1_329' title='bbox 442 1873 543 1927; x_wconf 84' lang='lat' dir='ltr'>regis</span> <span class='ocrx_word' id='word_1_330' title='bbox 575 1871 809 1914; x_wconf 80' lang='lat' dir='ltr'>Amorrhaei.</span> <span class='ocrx_word' id='word_1_331' title='bbox 845 1871 912 1924; x_wconf 89' lang='lat' dir='ltr'>qui</span> <span class='ocrx_word' id='word_1_332' title='bbox 944 1870 1131 1923; x_wconf 73' lang='lat' dir='ltr'>regnavit</span> <span class='ocrx_word' id='word_1_333' title='bbox 1160 1870 1200 1910; x_wconf 90' lang='lat' dir='ltr'>in</span> <span class='ocrx_word' id='word_1_334' title='bbox 1234 1869 1435 1917; x_wconf 88' lang='lat' dir='ltr'>Hesebon,</span> <span class='ocrx_word' id='word_1_335' title='bbox 1476 1880 1613 1921; x_wconf 88' lang='lat' dir='ltr'>cquem</span> <span class='ocrx_word' id='word_1_336' title='bbox 1645 1866 1842 1920; x_wconf 88' lang='lat' dir='ltr'>percussit</span> <span class='ocrx_word' id='word_1_337' title='bbox 1872 1865 2033 1918; x_wconf 85' lang='lat' dir='ltr'>Moyses</span> 
     </span>
     <span class='ocr_line' id='line_1_30' title="bbox 127 1923 2032 1987; baseline -0.006 -12"><span class='ocrx_word' id='word_1_338' title='bbox 127 1948 219 1975; x_wconf 90' lang='lat' dir='ltr'>cum</span> <span class='ocrx_word' id='word_1_339' title='bbox 240 1933 488 1987; x_wconf 89' lang='lat' dir='ltr'>principibus</span> <span class='ocrx_word' id='word_1_340' title='bbox 510 1931 694 1972; x_wconf 86' lang='lat' dir='ltr'>Madian:</span> <span class='ocrx_word' id='word_1_341' title='bbox 719 1931 929 1972; x_wconf 81' lang='lat' dir='ltr'>Hevaeum.</span> <span class='ocrx_word' id='word_1_342' title='bbox 954 1934 994 1969; x_wconf 87' lang='lat' dir='ltr'>et</span> <span class='ocrx_word' id='word_1_343' title='bbox 1017 1930 1178 1977; x_wconf 86' lang='lat' dir='ltr'>Recem,</span> <span class='ocrx_word' id='word_1_344' title='bbox 1201 1934 1240 1968; x_wconf 89' lang='lat' dir='ltr'>et</span> <span class='ocrx_word' id='word_1_345' title='bbox 1262 1928 1350 1973; x_wconf 81' lang='lat' dir='ltr'>Sur,</span> <span class='ocrx_word' id='word_1_346' title='bbox 1373 1932 1414 1968; x_wconf 89' lang='lat' dir='ltr'>et</span> <span class='ocrx_word' id='word_1_347' title='bbox 1437 1927 1536 1973; x_wconf 84' lang='lat' dir='ltr'>Hur,</span> <span class='ocrx_word' id='word_1_348' title='bbox 1560 1932 1601 1967; x_wconf 89' lang='lat' dir='ltr'>et</span> <span class='ocrx_word' id='word_1_349' title='bbox 1624 1926 1734 1966; x_wconf 80' lang='lat' dir='ltr'>Rebe</span> <span class='ocrx_word' id='word_1_350' title='bbox 1756 1925 1876 1965; x_wconf 87' lang='lat' dir='ltr'>duces</span> <span class='ocrx_word' id='word_1_351' title='bbox 1897 1923 2032 1964; x_wconf 89' lang='lat' dir='ltr'>Sehon</span> 
     </span>
     <span class='ocr_line' id='line_1_31' title="bbox 127 1981 2033 2035; baseline -0.006 -1"><span class='ocrx_word' id='word_1_352' title='bbox 127 1993 378 2034; x_wconf 87' lang='lat' dir='ltr'>habitatores</span> <span class='ocrx_word' id='word_1_353' title='bbox 403 1992 543 2031; x_wconf 83' lang='lat' dir='ltr'>Terrae.</span> <span class='ocrx_word' id='word_1_354' title='bbox 596 1992 627 2014; x_wconf 77' lang='lat'>2²</span> <span class='ocrx_word' id='word_1_355' title='bbox 650 1990 706 2030; x_wconf 88' lang='lat' dir='ltr'>Et</span> <span class='ocrx_word' id='word_1_356' title='bbox 730 1988 899 2029; x_wconf 82' lang='lat' dir='ltr'>Balaam</span> <span class='ocrx_word' id='word_1_357' title='bbox 926 1987 1053 2028; x_wconf 89' lang='lat' dir='ltr'>filium</span> <span class='ocrx_word' id='word_1_358' title='bbox 1078 1988 1182 2028; x_wconf 88' lang='lat' dir='ltr'>Beor</span> <span class='ocrx_word' id='word_1_359' title='bbox 1204 1986 1373 2027; x_wconf 88' lang='lat' dir='ltr'>ariolum</span> <span class='ocrx_word' id='word_1_360' title='bbox 1398 1986 1633 2027; x_wconf 83' lang='lat' dir='ltr'>occiderunt</span> <span class='ocrx_word' id='word_1_361' title='bbox 1658 1984 1729 2024; x_wconf 88' lang='lat' dir='ltr'>filii</span> <span class='ocrx_word' id='word_1_362' title='bbox 1754 1982 1877 2023; x_wconf 89' lang='lat' dir='ltr'>Israel</span> <span class='ocrx_word' id='word_1_363' title='bbox 1898 1981 2033 2035; x_wconf 82' lang='lat' dir='ltr'>gladio</span> 
     </span>
     <span class='ocr_line' id='line_1_32' title="bbox 128 2040 2031 2100; baseline -0.007 -7"><span class='ocrx_word' id='word_1_364' title='bbox 128 2065 220 2093; x_wconf 89' lang='lat' dir='ltr'>cum</span> <span class='ocrx_word' id='word_1_365' title='bbox 241 2050 382 2092; x_wconf 87' lang='lat' dir='ltr'>ceteris</span> <span class='ocrx_word' id='word_1_366' title='bbox 403 2049 638 2090; x_wconf 81' lang='lat' dir='ltr'>interfectis.</span> <span class='ocrx_word' id='word_1_367' title='bbox 688 2050 720 2072; x_wconf 73' lang='lat'>‘³³</span> <span class='ocrx_word' id='word_1_368' title='bbox 741 2048 972 2100; x_wconf 85' lang='lat' dir='ltr'>Factusque</span> <span class='ocrx_word' id='word_1_369' title='bbox 994 2051 1055 2087; x_wconf 89' lang='lat' dir='ltr'>est</span> <span class='ocrx_word' id='word_1_370' title='bbox 1076 2046 1272 2087; x_wconf 89' lang='lat' dir='ltr'>terminus</span> <span class='ocrx_word' id='word_1_371' title='bbox 1297 2045 1471 2085; x_wconf 88' lang='lat' dir='ltr'>filiorum</span> <span class='ocrx_word' id='word_1_372' title='bbox 1494 2044 1639 2084; x_wconf 86' lang='lat' dir='ltr'>Ruben</span> <span class='ocrx_word' id='word_1_373' title='bbox 1664 2042 1846 2083; x_wconf 90' lang='lat' dir='ltr'>Iordanis</span> <span class='ocrx_word' id='word_1_374' title='bbox 1871 2040 2031 2081; x_wconf 89' lang='lat' dir='ltr'>fluvius.</span> 
     </span>
    </p>

    <p class='ocr_par' dir='ltr' id='par_1_10' title="bbox 130 2100 1900 2162">
     <span class='ocr_line' id='line_1_33' title="bbox 130 2100 1900 2162; baseline -0.007 -10"><span class='ocrx_word' id='word_1_375' title='bbox 130 2111 226 2152; x_wconf 82' lang='lat' dir='ltr'>Haec</span> <span class='ocrx_word' id='word_1_376' title='bbox 254 2114 315 2151; x_wconf 89' lang='lat' dir='ltr'>est</span> <span class='ocrx_word' id='word_1_377' title='bbox 341 2108 538 2162; x_wconf 84' lang='lat' dir='ltr'>possessio</span> <span class='ocrx_word' id='word_1_378' title='bbox 569 2107 868 2148; x_wconf 86' lang='lat' dir='ltr'>Rubenitarum</span> <span class='ocrx_word' id='word_1_379' title='bbox 897 2119 968 2159; x_wconf 89' lang='lat' dir='ltr'>per</span> <span class='ocrx_word' id='word_1_380' title='bbox 995 2104 1254 2154; x_wconf 61' lang='lat' dir='ltr'>cognationes</span> <span class='ocrx_word' id='word_1_381' title='bbox 1283 2117 1375 2144; x_wconf 88' lang='lat' dir='ltr'>suas</span> <span class='ocrx_word' id='word_1_382' title='bbox 1404 2103 1566 2143; x_wconf 88' lang='lat' dir='ltr'>urbium</span> <span class='ocrx_word' id='word_1_383' title='bbox 1595 2108 1635 2143; x_wconf 89' lang='lat' dir='ltr'>et</span> <span class='ocrx_word' id='word_1_384' title='bbox 1663 2100 1900 2142; x_wconf 86' lang='lat' dir='ltr'>viculorum.</span> 
     </span>
    </p>

    <p class='ocr_par' dir='ltr' id='par_1_11' title="bbox 129 2159 2223 2633">
     <span class='ocr_line' id='line_1_34' title="bbox 231 2159 2223 2221; baseline -0.006 -12"><span class='ocrx_word' id='word_1_385' title='bbox 231 2171 264 2194; x_wconf 71' lang='lat'>&#39;²⁴</span> <span class='ocrx_word' id='word_1_386' title='bbox 284 2168 491 2221; x_wconf 90' lang='lat' dir='ltr'>Deditque</span> <span class='ocrx_word' id='word_1_387' title='bbox 512 2167 671 2220; x_wconf 88' lang='lat' dir='ltr'>Moyses</span> <span class='ocrx_word' id='word_1_388' title='bbox 694 2165 818 2206; x_wconf 87' lang='lat' dir='ltr'>tribui</span> <span class='ocrx_word' id='word_1_389' title='bbox 840 2165 930 2205; x_wconf 72' lang='lat' dir='ltr'>Gad</span> <span class='ocrx_word' id='word_1_390' title='bbox 952 2169 993 2204; x_wconf 88' lang='lat' dir='ltr'>et</span> <span class='ocrx_word' id='word_1_391' title='bbox 1018 2163 1106 2204; x_wconf 88' lang='lat' dir='ltr'>filiis</span> <span class='ocrx_word' id='word_1_392' title='bbox 1130 2163 1212 2204; x_wconf 90' lang='lat' dir='ltr'>eius</span> <span class='ocrx_word' id='word_1_393' title='bbox 1235 2176 1306 2216; x_wconf 89' lang='lat' dir='ltr'>per</span> <span class='ocrx_word' id='word_1_394' title='bbox 1327 2162 1587 2215; x_wconf 67' lang='lat' dir='ltr'>cognationes</span> <span class='ocrx_word' id='word_1_395' title='bbox 1609 2174 1702 2201; x_wconf 90' lang='lat' dir='ltr'>suas</span> <span class='ocrx_word' id='word_1_396' title='bbox 1723 2159 2028 2213; x_wconf 88' lang='lat' dir='ltr'>possessionem,</span> <span class='ocrx_word' id='word_1_397' title='bbox 2047 2161 2136 2187; x_wconf 62' lang='lat' dir='ltr'>tribui</span> <span class='ocrx_word' id='word_1_398' title='bbox 2153 2160 2223 2191; x_wconf 53' lang='grc' dir='ltr'>ΘΜ,</span> 
     </span>
     <span class='ocr_line' id='line_1_35' title="bbox 129 2216 2031 2270; baseline -0.007 -1"><span class='ocrx_word' id='word_1_399' title='bbox 129 2229 240 2270; x_wconf 87' lang='lat' dir='ltr'>cuius</span> <span class='ocrx_word' id='word_1_400' title='bbox 265 2228 350 2268; x_wconf 59' lang='lat' dir='ltr'>haec</span> <span class='ocrx_word' id='word_1_401' title='bbox 375 2226 519 2267; x_wconf 88' lang='lat' dir='ltr'>divisio</span> <span class='ocrx_word' id='word_1_402' title='bbox 545 2230 617 2267; x_wconf 86' lang='lat' dir='ltr'>est.</span> <span class='ocrx_word' id='word_1_403' title='bbox 671 2226 703 2248; x_wconf 74' lang='lat'>2⁵</span> <span class='ocrx_word' id='word_1_404' title='bbox 729 2224 939 2265; x_wconf 87' lang='lat' dir='ltr'>Terminus</span> <span class='ocrx_word' id='word_1_405' title='bbox 967 2223 1087 2266; x_wconf 80' lang='lat' dir='ltr'>Iaser.</span> <span class='ocrx_word' id='word_1_406' title='bbox 1115 2228 1156 2262; x_wconf 87' lang='lat' dir='ltr'>et</span> <span class='ocrx_word' id='word_1_407' title='bbox 1181 2235 1319 2263; x_wconf 88' lang='lat' dir='ltr'>omnes</span> <span class='ocrx_word' id='word_1_408' title='bbox 1346 2221 1533 2261; x_wconf 87' lang='lat' dir='ltr'>civitates</span> <span class='ocrx_word' id='word_1_409' title='bbox 1559 2219 1727 2267; x_wconf 87' lang='lat' dir='ltr'>Galaad,</span> <span class='ocrx_word' id='word_1_410' title='bbox 1755 2223 1796 2259; x_wconf 89' lang='lat' dir='ltr'>et</span> <span class='ocrx_word' id='word_1_411' title='bbox 1821 2216 2031 2258; x_wconf 88' lang='lat' dir='ltr'>dimidiam</span> 
     </span>
     <span class='ocr_line' id='line_1_36' title="bbox 129 2275 2032 2342; baseline -0.007 -14"><span class='ocrx_word' id='word_1_412' title='bbox 129 2292 288 2342; x_wconf 86' lang='lat' dir='ltr'>partem</span> <span class='ocrx_word' id='word_1_413' title='bbox 313 2292 429 2327; x_wconf 82' lang='lat' dir='ltr'>terrae</span> <span class='ocrx_word' id='word_1_414' title='bbox 457 2284 632 2325; x_wconf 88' lang='lat' dir='ltr'>filiorum</span> <span class='ocrx_word' id='word_1_415' title='bbox 657 2284 846 2331; x_wconf 87' lang='lat' dir='ltr'>Ammon,</span> <span class='ocrx_word' id='word_1_416' title='bbox 876 2295 1002 2335; x_wconf 89' lang='lat' dir='ltr'>usque</span> <span class='ocrx_word' id='word_1_417' title='bbox 1029 2282 1081 2322; x_wconf 86' lang='lat' dir='ltr'>ad</span> <span class='ocrx_word' id='word_1_418' title='bbox 1106 2281 1242 2329; x_wconf 82' lang='lat' dir='ltr'>Aroer,</span> <span class='ocrx_word' id='word_1_419' title='bbox 1272 2293 1362 2333; x_wconf 82' lang='lat' dir='ltr'>quae</span> <span class='ocrx_word' id='word_1_420' title='bbox 1387 2285 1448 2320; x_wconf 89' lang='lat' dir='ltr'>est</span> <span class='ocrx_word' id='word_1_421' title='bbox 1473 2284 1616 2320; x_wconf 89' lang='lat' dir='ltr'>contra</span> <span class='ocrx_word' id='word_1_422' title='bbox 1642 2277 1800 2319; x_wconf 84' lang='lat' dir='ltr'>Rabba.</span> <span class='ocrx_word' id='word_1_423' title='bbox 1855 2277 1890 2300; x_wconf 76' lang='lat'>2⁶</span> <span class='ocrx_word' id='word_1_424' title='bbox 1915 2280 1956 2315; x_wconf 85' lang='lat' dir='ltr'>et</span> <span class='ocrx_word' id='word_1_425' title='bbox 1981 2275 2032 2315; x_wconf 86' lang='lat' dir='ltr'>ab</span> 
     </span>
     <span class='ocr_line' id='line_1_37' title="bbox 131 2334 2030 2398; baseline -0.007 -11"><span class='ocrx_word' id='word_1_426' title='bbox 131 2346 320 2388; x_wconf 90' lang='lat' dir='ltr'>Hesebon</span> <span class='ocrx_word' id='word_1_427' title='bbox 336 2358 464 2398; x_wconf 89' lang='lat' dir='ltr'>usque</span> <span class='ocrx_word' id='word_1_428' title='bbox 484 2343 677 2391; x_wconf 87' lang='lat' dir='ltr'>Ramoth,</span> <span class='ocrx_word' id='word_1_429' title='bbox 697 2342 865 2395; x_wconf 88' lang='lat' dir='ltr'>Masphe</span> <span class='ocrx_word' id='word_1_430' title='bbox 883 2346 924 2382; x_wconf 91' lang='lat' dir='ltr'>et</span> <span class='ocrx_word' id='word_1_431' title='bbox 942 2341 1150 2381; x_wconf 78' lang='lat' dir='ltr'>Betoniin:</span> <span class='ocrx_word' id='word_1_432' title='bbox 1170 2345 1211 2380; x_wconf 89' lang='lat' dir='ltr'>et</span> <span class='ocrx_word' id='word_1_433' title='bbox 1228 2353 1251 2379; x_wconf 84' lang='lat' dir='ltr'>a</span> <span class='ocrx_word' id='word_1_434' title='bbox 1267 2339 1448 2379; x_wconf 85' lang='lat' dir='ltr'>Manaim</span> <span class='ocrx_word' id='word_1_435' title='bbox 1465 2351 1592 2391; x_wconf 82' lang='lat' dir='ltr'>usque</span> <span class='ocrx_word' id='word_1_436' title='bbox 1611 2337 1663 2377; x_wconf 90' lang='lat' dir='ltr'>ad</span> <span class='ocrx_word' id='word_1_437' title='bbox 1680 2336 1873 2377; x_wconf 88' lang='lat' dir='ltr'>terminos</span> <span class='ocrx_word' id='word_1_438' title='bbox 1890 2334 2030 2374; x_wconf 89' lang='lat' dir='ltr'>Dabir.</span> 
     </span>
     <span class='ocr_line' id='line_1_38' title="bbox 129 2395 2033 2457; baseline -0.007 -11"><span class='ocrx_word' id='word_1_439' title='bbox 129 2407 162 2430; x_wconf 82' lang='lat'>2⁷</span> <span class='ocrx_word' id='word_1_440' title='bbox 184 2405 225 2446; x_wconf 92' lang='lat' dir='ltr'>in</span> <span class='ocrx_word' id='word_1_441' title='bbox 248 2404 351 2445; x_wconf 90' lang='lat' dir='ltr'>valle</span> <span class='ocrx_word' id='word_1_442' title='bbox 376 2416 536 2457; x_wconf 90' lang='lat' dir='ltr'>quoque</span> <span class='ocrx_word' id='word_1_443' title='bbox 561 2402 780 2449; x_wconf 86' lang='lat' dir='ltr'>Betharan,</span> <span class='ocrx_word' id='word_1_444' title='bbox 805 2405 846 2441; x_wconf 90' lang='lat' dir='ltr'>et</span> <span class='ocrx_word' id='word_1_445' title='bbox 870 2400 1129 2443; x_wconf 82' lang='lat' dir='ltr'>Bethnemra,</span> <span class='ocrx_word' id='word_1_446' title='bbox 1154 2403 1195 2439; x_wconf 88' lang='lat' dir='ltr'>et</span> <span class='ocrx_word' id='word_1_447' title='bbox 1217 2398 1379 2442; x_wconf 80' lang='lat' dir='ltr'>Socoth,</span> <span class='ocrx_word' id='word_1_448' title='bbox 1405 2402 1446 2438; x_wconf 89' lang='lat' dir='ltr'>et</span> <span class='ocrx_word' id='word_1_449' title='bbox 1467 2397 1632 2450; x_wconf 84' lang='lat' dir='ltr'>Saphon</span> <span class='ocrx_word' id='word_1_450' title='bbox 1654 2395 1851 2448; x_wconf 86' lang='lat' dir='ltr'>reliquam</span> <span class='ocrx_word' id='word_1_451' title='bbox 1873 2397 2033 2446; x_wconf 87' lang='lat' dir='ltr'>partem</span> 
     </span>
     <span class='ocr_line' id='line_1_39' title="bbox 129 2453 2034 2518; baseline -0.007 -13"><span class='ocrx_word' id='word_1_452' title='bbox 129 2464 239 2518; x_wconf 82' lang='lat' dir='ltr'>regni</span> <span class='ocrx_word' id='word_1_453' title='bbox 266 2463 400 2504; x_wconf 85' lang='lat' dir='ltr'>Sehon</span> <span class='ocrx_word' id='word_1_454' title='bbox 426 2462 528 2515; x_wconf 85' lang='lat' dir='ltr'>regis</span> <span class='ocrx_word' id='word_1_455' title='bbox 558 2461 767 2501; x_wconf 91' lang='lat' dir='ltr'>Hesebon:</span> <span class='ocrx_word' id='word_1_456' title='bbox 797 2460 915 2500; x_wconf 92' lang='lat' dir='ltr'>huius</span> <span class='ocrx_word' id='word_1_457' title='bbox 945 2471 1106 2512; x_wconf 88' lang='lat' dir='ltr'>quoque</span> <span class='ocrx_word' id='word_1_458' title='bbox 1137 2457 1239 2504; x_wconf 84' lang='lat' dir='ltr'>finis,</span> <span class='ocrx_word' id='word_1_459' title='bbox 1272 2456 1455 2497; x_wconf 82' lang='lat' dir='ltr'>Iordanis</span> <span class='ocrx_word' id='word_1_460' title='bbox 1484 2460 1545 2496; x_wconf 85' lang='lat' dir='ltr'>est</span> <span class='ocrx_word' id='word_1_461' title='bbox 1573 2467 1700 2508; x_wconf 86' lang='lat' dir='ltr'>usque</span> <span class='ocrx_word' id='word_1_462' title='bbox 1728 2453 1780 2494; x_wconf 91' lang='lat' dir='ltr'>ad</span> <span class='ocrx_word' id='word_1_463' title='bbox 1808 2457 2034 2493; x_wconf 85' lang='lat' dir='ltr'>extremam</span> 
     </span>
     <span class='ocr_line' id='line_1_40' title="bbox 130 2509 2033 2578; baseline -0.007 -15"><span class='ocrx_word' id='word_1_464' title='bbox 130 2527 289 2578; x_wconf 88' lang='lat' dir='ltr'>partem</span> <span class='ocrx_word' id='word_1_465' title='bbox 309 2521 430 2562; x_wconf 89' lang='lat' dir='ltr'>maris</span> <span class='ocrx_word' id='word_1_466' title='bbox 451 2520 649 2561; x_wconf 86' lang='lat' dir='ltr'>Cenereth</span> <span class='ocrx_word' id='word_1_467' title='bbox 669 2524 781 2560; x_wconf 85' lang='lat' dir='ltr'>trans</span> <span class='ocrx_word' id='word_1_468' title='bbox 806 2518 1020 2559; x_wconf 87' lang='lat' dir='ltr'>Iordanem</span> <span class='ocrx_word' id='word_1_469' title='bbox 1042 2517 1094 2557; x_wconf 91' lang='lat' dir='ltr'>ad</span> <span class='ocrx_word' id='word_1_470' title='bbox 1115 2515 1352 2557; x_wconf 85' lang='lat' dir='ltr'>orientalem</span> <span class='ocrx_word' id='word_1_471' title='bbox 1372 2515 1546 2568; x_wconf 81' lang='lat' dir='ltr'>plagam.</span> <span class='ocrx_word' id='word_1_472' title='bbox 1596 2515 1631 2537; x_wconf 65' lang='lat'>23</span> <span class='ocrx_word' id='word_1_473' title='bbox 1651 2513 1735 2554; x_wconf 83' lang='lat' dir='ltr'>haec</span> <span class='ocrx_word' id='word_1_474' title='bbox 1756 2516 1817 2552; x_wconf 89' lang='lat' dir='ltr'>est</span> <span class='ocrx_word' id='word_1_475' title='bbox 1836 2509 2033 2564; x_wconf 87' lang='lat' dir='ltr'>possessio</span> 
     </span>
     <span class='ocr_line' id='line_1_41' title="bbox 132 2575 1458 2633; baseline -0.006 -10"><span class='ocrx_word' id='word_1_476' title='bbox 132 2581 305 2623; x_wconf 87' lang='lat' dir='ltr'>filiorum</span> <span class='ocrx_word' id='word_1_477' title='bbox 332 2580 423 2622; x_wconf 87' lang='lat' dir='ltr'>Gad</span> <span class='ocrx_word' id='word_1_478' title='bbox 448 2593 520 2633; x_wconf 88' lang='lat' dir='ltr'>per</span> <span class='ocrx_word' id='word_1_479' title='bbox 544 2578 718 2619; x_wconf 78' lang='lat' dir='ltr'>familias</span> <span class='ocrx_word' id='word_1_480' title='bbox 745 2591 850 2626; x_wconf 75' lang='lat' dir='ltr'>suaS,</span> <span class='ocrx_word' id='word_1_481' title='bbox 880 2577 1079 2624; x_wconf 87' lang='lat' dir='ltr'>civitates,</span> <span class='ocrx_word' id='word_1_482' title='bbox 1109 2580 1150 2616; x_wconf 91' lang='lat' dir='ltr'>et</span> <span class='ocrx_word' id='word_1_483' title='bbox 1175 2575 1281 2615; x_wconf 76' lang='lat' dir='ltr'>villae</span> <span class='ocrx_word' id='word_1_484' title='bbox 1307 2587 1458 2615; x_wconf 87' lang='lat' dir='ltr'>earum.</span> 
     </span>
    </p>

    <p class='ocr_par' dir='ltr' id='par_1_12' title="bbox 129 2621 2209 2924">
     <span class='ocr_line' id='line_1_42' title="bbox 234 2621 2201 2687; baseline -0.008 -6"><span class='ocrx_word' id='word_1_485' title='bbox 234 2642 269 2665; x_wconf 78' lang='lat'>29</span> <span class='ocrx_word' id='word_1_486' title='bbox 293 2639 419 2680; x_wconf 84' lang='lat' dir='ltr'>Dedit</span> <span class='ocrx_word' id='word_1_487' title='bbox 444 2642 485 2679; x_wconf 89' lang='lat' dir='ltr'>et</span> <span class='ocrx_word' id='word_1_488' title='bbox 510 2637 688 2679; x_wconf 85' lang='lat' dir='ltr'>dimidiae</span> <span class='ocrx_word' id='word_1_489' title='bbox 712 2636 835 2678; x_wconf 88' lang='lat' dir='ltr'>tribui</span> <span class='ocrx_word' id='word_1_490' title='bbox 861 2635 1060 2683; x_wconf 88' lang='lat' dir='ltr'>Manasse,</span> <span class='ocrx_word' id='word_1_491' title='bbox 1091 2634 1262 2687; x_wconf 86' lang='lat' dir='ltr'>filiisque</span> <span class='ocrx_word' id='word_1_492' title='bbox 1288 2634 1371 2674; x_wconf 89' lang='lat' dir='ltr'>eius</span> <span class='ocrx_word' id='word_1_493' title='bbox 1396 2633 1514 2673; x_wconf 84' lang='lat' dir='ltr'>iuxta</span> <span class='ocrx_word' id='word_1_494' title='bbox 1539 2630 1799 2685; x_wconf 82' lang='lat' dir='ltr'>cognationes</span> <span class='ocrx_word' id='word_1_495' title='bbox 1825 2641 1917 2669; x_wconf 89' lang='lat' dir='ltr'>suas</span> <span class='ocrx_word' id='word_1_496' title='bbox 1943 2640 2032 2680; x_wconf 86' lang='lat' dir='ltr'>pos·</span> <span class='ocrx_word' id='word_1_497' title='bbox 2076 2621 2201 2682; x_wconf 55' lang='lat' dir='ltr'>(¹{ffffioe</span> 
     </span>
     <span class='ocr_line' id='line_1_43' title="bbox 129 2689 2209 2749; baseline -0.009 -8"><span class='ocrx_word' id='word_1_498' title='bbox 129 2700 358 2747; x_wconf 79' lang='lat' dir='ltr'>sessionem,</span> <span class='ocrx_word' id='word_1_499' title='bbox 416 2699 453 2721; x_wconf 84' lang='lat'>³⁰</span> <span class='ocrx_word' id='word_1_500' title='bbox 481 2697 593 2737; x_wconf 86' lang='lat' dir='ltr'>cuius</span> <span class='ocrx_word' id='word_1_501' title='bbox 622 2696 699 2737; x_wconf 90' lang='lat' dir='ltr'>hoc</span> <span class='ocrx_word' id='word_1_502' title='bbox 728 2695 972 2749; x_wconf 89' lang='lat' dir='ltr'>principium</span> <span class='ocrx_word' id='word_1_503' title='bbox 1002 2698 1080 2734; x_wconf 91' lang='lat' dir='ltr'>est:</span> <span class='ocrx_word' id='word_1_504' title='bbox 1113 2706 1136 2733; x_wconf 90' lang='lat' dir='ltr'>a</span> <span class='ocrx_word' id='word_1_505' title='bbox 1164 2693 1342 2733; x_wconf 80' lang='lat' dir='ltr'>Manain]</span> <span class='ocrx_word' id='word_1_506' title='bbox 1376 2691 1606 2732; x_wconf 88' lang='lat' dir='ltr'>universam</span> <span class='ocrx_word' id='word_1_507' title='bbox 1638 2690 1784 2737; x_wconf 87' lang='lat' dir='ltr'>Basan,</span> <span class='ocrx_word' id='word_1_508' title='bbox 1816 2691 1857 2728; x_wconf 92' lang='lat' dir='ltr'>et</span> <span class='ocrx_word' id='word_1_509' title='bbox 1886 2689 2034 2726; x_wconf 87' lang='lat' dir='ltr'>cuncta</span> <span class='ocrx_word' id='word_1_510' title='bbox 2066 2693 2209 2722; x_wconf 60' lang='lat' dir='ltr'>Mauaseffi</span> 
     </span>
     <span class='ocr_line' id='line_1_44' title="bbox 129 2744 2031 2813; baseline -0.008 -14"><span class='ocrx_word' id='word_1_511' title='bbox 129 2772 253 2813; x_wconf 86' lang='lat' dir='ltr'>regna</span> <span class='ocrx_word' id='word_1_512' title='bbox 278 2758 339 2811; x_wconf 83' lang='lat' dir='ltr'>Og</span> <span class='ocrx_word' id='word_1_513' title='bbox 363 2756 465 2810; x_wconf 86' lang='lat' dir='ltr'>regis</span> <span class='ocrx_word' id='word_1_514' title='bbox 492 2756 640 2804; x_wconf 86' lang='lat' dir='ltr'>Basan,</span> <span class='ocrx_word' id='word_1_515' title='bbox 668 2767 888 2807; x_wconf 89' lang='lat' dir='ltr'>omnesque</span> <span class='ocrx_word' id='word_1_516' title='bbox 915 2753 1024 2793; x_wconf 88' lang='lat' dir='ltr'>vicos</span> <span class='ocrx_word' id='word_1_517' title='bbox 1053 2752 1143 2799; x_wconf 85' lang='lat' dir='ltr'>Iair,</span> <span class='ocrx_word' id='word_1_518' title='bbox 1174 2751 1242 2805; x_wconf 92' lang='lat' dir='ltr'>qui</span> <span class='ocrx_word' id='word_1_519' title='bbox 1268 2756 1364 2792; x_wconf 92' lang='lat' dir='ltr'>sunt</span> <span class='ocrx_word' id='word_1_520' title='bbox 1388 2751 1430 2791; x_wconf 91' lang='lat' dir='ltr'>in</span> <span class='ocrx_word' id='word_1_521' title='bbox 1457 2750 1604 2797; x_wconf 88' lang='lat' dir='ltr'>Basan,</span> <span class='ocrx_word' id='word_1_522' title='bbox 1633 2747 1844 2797; x_wconf 64' lang='lat' dir='ltr'>sexaginta</span> <span class='ocrx_word' id='word_1_523' title='bbox 1870 2744 2031 2797; x_wconf 90' lang='lat' dir='ltr'>oppida.</span> 
     </span>
     <span class='ocr_line' id='line_1_45' title="bbox 129 2803 2032 2868; baseline -0.008 -10"><span class='ocrx_word' id='word_1_524' title='bbox 129 2819 161 2842; x_wconf 83' lang='lat'>³¹</span> <span class='ocrx_word' id='word_1_525' title='bbox 191 2822 232 2858; x_wconf 89' lang='lat' dir='ltr'>et</span> <span class='ocrx_word' id='word_1_526' title='bbox 261 2816 472 2858; x_wconf 85' lang='lat' dir='ltr'>dimidiam</span> <span class='ocrx_word' id='word_1_527' title='bbox 501 2818 661 2868; x_wconf 86' lang='lat' dir='ltr'>partem</span> <span class='ocrx_word' id='word_1_528' title='bbox 691 2813 860 2859; x_wconf 84' lang='lat' dir='ltr'>Galaad,</span> <span class='ocrx_word' id='word_1_529' title='bbox 892 2817 933 2852; x_wconf 90' lang='lat' dir='ltr'>et</span> <span class='ocrx_word' id='word_1_530' title='bbox 962 2810 1171 2857; x_wconf 82' lang='lat' dir='ltr'>Astaroth,</span> <span class='ocrx_word' id='word_1_531' title='bbox 1204 2815 1245 2851; x_wconf 87' lang='lat' dir='ltr'>et</span> <span class='ocrx_word' id='word_1_532' title='bbox 1274 2809 1398 2850; x_wconf 87' lang='lat' dir='ltr'>Edrai</span> <span class='ocrx_word' id='word_1_533' title='bbox 1428 2809 1546 2849; x_wconf 88' lang='lat' dir='ltr'>urbes</span> <span class='ocrx_word' id='word_1_534' title='bbox 1576 2807 1686 2860; x_wconf 79' lang='lat' dir='ltr'>regni</span> <span class='ocrx_word' id='word_1_535' title='bbox 1717 2806 1778 2859; x_wconf 86' lang='lat' dir='ltr'>Og</span> <span class='ocrx_word' id='word_1_536' title='bbox 1806 2805 1847 2845; x_wconf 94' lang='lat' dir='ltr'>in</span> <span class='ocrx_word' id='word_1_537' title='bbox 1878 2803 2032 2843; x_wconf 88' lang='lat' dir='ltr'>Basan:</span> 
     </span>
     <span class='ocr_line' id='line_1_46' title="bbox 132 2864 2031 2924; baseline -0.008 -7"><span class='ocrx_word' id='word_1_538' title='bbox 132 2876 221 2917; x_wconf 90' lang='lat' dir='ltr'>filiis</span> <span class='ocrx_word' id='word_1_539' title='bbox 250 2875 415 2920; x_wconf 80' lang='lat' dir='ltr'>Machir,</span> <span class='ocrx_word' id='word_1_540' title='bbox 450 2873 520 2914; x_wconf 77' lang='lat' dir='ltr'>filii</span> <span class='ocrx_word' id='word_1_541' title='bbox 547 2873 734 2913; x_wconf 87' lang='lat' dir='ltr'>Manasse</span> <span class='ocrx_word' id='word_1_542' title='bbox 763 2871 940 2912; x_wconf 86' lang='lat' dir='ltr'>dimidiae</span> <span class='ocrx_word' id='word_1_543' title='bbox 968 2870 1075 2924; x_wconf 87' lang='lat' dir='ltr'>parti</span> <span class='ocrx_word' id='word_1_544' title='bbox 1107 2869 1282 2910; x_wconf 90' lang='lat' dir='ltr'>filiorum</span> <span class='ocrx_word' id='word_1_545' title='bbox 1310 2868 1465 2909; x_wconf 84' lang='lat' dir='ltr'>Machir</span> <span class='ocrx_word' id='word_1_546' title='bbox 1492 2867 1609 2907; x_wconf 84' lang='lat' dir='ltr'>iuxta</span> <span class='ocrx_word' id='word_1_547' title='bbox 1638 2864 1897 2918; x_wconf 80' lang='lat' dir='ltr'>cognationes</span> <span class='ocrx_word' id='word_1_548' title='bbox 1927 2875 2031 2902; x_wconf 87' lang='lat' dir='ltr'>suas.</span> 
     </span>
    </p>

    <p class='ocr_par' dir='ltr' id='par_1_13' title="bbox 130 2920 2214 3107">
     <span class='ocr_line' id='line_1_47' title="bbox 233 2920 2214 2986; baseline -0.008 -11"><span class='ocrx_word' id='word_1_549' title='bbox 233 2936 266 2959; x_wconf 79' lang='lat'>³2</span> <span class='ocrx_word' id='word_1_550' title='bbox 296 2934 414 2974; x_wconf 87' lang='lat' dir='ltr'>Hanc</span> <span class='ocrx_word' id='word_1_551' title='bbox 444 2932 737 2986; x_wconf 88' lang='lat' dir='ltr'>possessionem</span> <span class='ocrx_word' id='word_1_552' title='bbox 767 2930 906 2971; x_wconf 89' lang='lat' dir='ltr'>divisit</span> <span class='ocrx_word' id='word_1_553' title='bbox 935 2929 1093 2982; x_wconf 86' lang='lat' dir='ltr'>Moyses</span> <span class='ocrx_word' id='word_1_554' title='bbox 1124 2929 1165 2969; x_wconf 91' lang='lat' dir='ltr'>in</span> <span class='ocrx_word' id='word_1_555' title='bbox 1195 2927 1490 2981; x_wconf 85' lang='lat' dir='ltr'>campestribus</span> <span class='ocrx_word' id='word_1_556' title='bbox 1520 2925 1641 2965; x_wconf 88' lang='lat' dir='ltr'>Moab</span> <span class='ocrx_word' id='word_1_557' title='bbox 1672 2928 1783 2964; x_wconf 83' lang='lat' dir='ltr'>trans</span> <span class='ocrx_word' id='word_1_558' title='bbox 1816 2921 2031 2963; x_wconf 86' lang='lat' dir='ltr'>Iordanem</span> <span class='ocrx_word' id='word_1_559' title='bbox 2060 2920 2214 2948; x_wconf 81' lang='lat' dir='ltr'>conclusio.</span> 
     </span>
     <span class='ocr_line' id='line_1_48' title="bbox 130 2980 2033 3042; baseline -0.007 -8"><span class='ocrx_word' id='word_1_560' title='bbox 130 2999 273 3035; x_wconf 86' lang='lat' dir='ltr'>contra</span> <span class='ocrx_word' id='word_1_561' title='bbox 288 2992 442 3033; x_wconf 87' lang='lat' dir='ltr'>Iericho</span> <span class='ocrx_word' id='word_1_562' title='bbox 459 2992 511 3032; x_wconf 87' lang='lat' dir='ltr'>ad</span> <span class='ocrx_word' id='word_1_563' title='bbox 525 2989 774 3032; x_wconf 88' lang='lat' dir='ltr'>Orientalem</span> <span class='ocrx_word' id='word_1_564' title='bbox 788 2988 963 3042; x_wconf 83' lang='lat' dir='ltr'>plagam.</span> <span class='ocrx_word' id='word_1_565' title='bbox 1007 2990 1039 3012; x_wconf 87' lang='grc'>33</span> <span class='ocrx_word' id='word_1_566' title='bbox 1055 2987 1216 3027; x_wconf 81' lang='lat' dir='ltr'>dTribui</span> <span class='ocrx_word' id='word_1_567' title='bbox 1232 2991 1371 3027; x_wconf 86' lang='lat' dir='ltr'>autem</span> <span class='ocrx_word' id='word_1_568' title='bbox 1385 2985 1483 3026; x_wconf 86' lang='lat' dir='ltr'>Levi</span> <span class='ocrx_word' id='word_1_569' title='bbox 1498 2997 1580 3025; x_wconf 92' lang='lat' dir='ltr'>non</span> <span class='ocrx_word' id='word_1_570' title='bbox 1595 2982 1708 3024; x_wconf 80' lang='lat' dir='ltr'>dedit</span> <span class='ocrx_word' id='word_1_571' title='bbox 1722 2980 2033 3035; x_wconf 86' lang='lat' dir='ltr'>possessionem:</span> 
     </span>
     <span class='ocr_line' id='line_1_49' title="bbox 131 3040 1847 3107; baseline -0.008 -13"><span class='ocrx_word' id='word_1_572' title='bbox 131 3052 325 3107; x_wconf 86' lang='lat' dir='ltr'>quoniam</span> <span class='ocrx_word' id='word_1_573' title='bbox 352 3051 552 3092; x_wconf 89' lang='lat' dir='ltr'>Dominus</span> <span class='ocrx_word' id='word_1_574' title='bbox 580 3050 690 3090; x_wconf 90' lang='lat' dir='ltr'>Deus</span> <span class='ocrx_word' id='word_1_575' title='bbox 722 3047 845 3088; x_wconf 87' lang='lat' dir='ltr'>Israel</span> <span class='ocrx_word' id='word_1_576' title='bbox 872 3047 956 3100; x_wconf 90' lang='lat' dir='ltr'>ipse</span> <span class='ocrx_word' id='word_1_577' title='bbox 986 3051 1047 3087; x_wconf 90' lang='lat' dir='ltr'>est</span> <span class='ocrx_word' id='word_1_578' title='bbox 1075 3045 1271 3099; x_wconf 88' lang='lat' dir='ltr'>possessio</span> <span class='ocrx_word' id='word_1_579' title='bbox 1301 3045 1396 3092; x_wconf 83' lang='lat' dir='ltr'>eius,</span> <span class='ocrx_word' id='word_1_580' title='bbox 1429 3049 1475 3083; x_wconf 90' lang='lat' dir='ltr'>ut</span> <span class='ocrx_word' id='word_1_581' title='bbox 1502 3043 1662 3083; x_wconf 86' lang='lat' dir='ltr'>locutus</span> <span class='ocrx_word' id='word_1_582' title='bbox 1691 3045 1752 3082; x_wconf 86' lang='lat' dir='ltr'>est</span> <span class='ocrx_word' id='word_1_583' title='bbox 1779 3040 1847 3081; x_wconf 89' lang='lat' dir='ltr'>illi.</span> 
     </span>
    </p>
   </div>
   <div class='ocr_carea' id='block_1_5' title="bbox 131 3145 2229 3387">
    <p class='ocr_par' dir='ltr' id='par_1_14' title="bbox 131 3145 2229 3387">
     <span class='ocr_line' id='line_1_50' title="bbox 523 3145 1645 3198; baseline -0.007 -5"><span class='ocrx_word' id='word_1_584' title='bbox 523 3154 562 3194; x_wconf 86' lang='lat'>3.</span> <span class='ocrx_word' id='word_1_585' title='bbox 591 3152 815 3193; x_wconf 87' lang='lat' dir='ltr'>Numerus</span> <span class='ocrx_word' id='word_1_586' title='bbox 846 3149 1158 3191; x_wconf 83' lang='lat' dir='ltr'>duodenarius</span> <span class='ocrx_word' id='word_1_587' title='bbox 1187 3149 1404 3198; x_wconf 85' lang='lat' dir='ltr'>tribuum,</span> <span class='ocrx_word' id='word_1_588' title='bbox 1433 3146 1499 3197; x_wconf 86' lang='lat'>14,</span> <span class='ocrx_word' id='word_1_589' title='bbox 1518 3145 1645 3185; x_wconf 79' lang='lat'>1—5.</span> 
     </span>
     <span class='ocr_line' id='line_1_51' title="bbox 236 3202 2229 3271; baseline -0.01 -8"><span class='ocrx_word' id='word_1_590' title='bbox 236 3221 299 3264; x_wconf 87' lang='lat'>14.</span> <span class='ocrx_word' id='word_1_591' title='bbox 354 3223 367 3244; x_wconf 94' lang='lat'>¹</span> <span class='ocrx_word' id='word_1_592' title='bbox 390 3220 479 3260; x_wconf 89' lang='lat' dir='ltr'>Hoc</span> <span class='ocrx_word' id='word_1_593' title='bbox 500 3223 571 3267; x_wconf 87' lang='lat' dir='ltr'>est,</span> <span class='ocrx_word' id='word_1_594' title='bbox 596 3218 706 3271; x_wconf 91' lang='lat' dir='ltr'>quod</span> <span class='ocrx_word' id='word_1_595' title='bbox 726 3216 994 3271; x_wconf 89' lang='lat' dir='ltr'>possederunt</span> <span class='ocrx_word' id='word_1_596' title='bbox 1017 3215 1086 3255; x_wconf 89' lang='lat' dir='ltr'>filii</span> <span class='ocrx_word' id='word_1_597' title='bbox 1109 3214 1232 3255; x_wconf 87' lang='lat' dir='ltr'>Israel</span> <span class='ocrx_word' id='word_1_598' title='bbox 1252 3215 1293 3254; x_wconf 91' lang='lat' dir='ltr'>in</span> <span class='ocrx_word' id='word_1_599' title='bbox 1315 3214 1437 3254; x_wconf 89' lang='lat' dir='ltr'>Terra</span> <span class='ocrx_word' id='word_1_600' title='bbox 1457 3212 1663 3259; x_wconf 86' lang='lat' dir='ltr'>Chanaan,</span> <span class='ocrx_word' id='word_1_601' title='bbox 1688 3222 1812 3263; x_wconf 90' lang='lat' dir='ltr'>quam</span> <span class='ocrx_word' id='word_1_602' title='bbox 1833 3207 2033 3248; x_wconf 86' lang='lat' dir='ltr'>dederunt</span> <span class='ocrx_word' id='word_1_603' title='bbox 2045 3202 2229 3267; x_wconf 48' lang='lat' dir='ltr'>{ggffljafffg}</span> 
     </span>
     <span class='ocr_line' id='line_1_52' title="bbox 131 3263 2226 3327; baseline -0.01 -6"><span class='ocrx_word' id='word_1_604' title='bbox 131 3281 186 3322; x_wconf 91' lang='lat' dir='ltr'>eis</span> <span class='ocrx_word' id='word_1_605' title='bbox 208 3280 377 3321; x_wconf 87' lang='lat' dir='ltr'>Eleazar</span> <span class='ocrx_word' id='word_1_606' title='bbox 398 3277 595 3325; x_wconf 74' lang='lat' dir='ltr'>sacerdos,</span> <span class='ocrx_word' id='word_1_607' title='bbox 621 3281 662 3317; x_wconf 88' lang='lat' dir='ltr'>et</span> <span class='ocrx_word' id='word_1_608' title='bbox 685 3276 801 3317; x_wconf 89' lang='lat' dir='ltr'>Iosue</span> <span class='ocrx_word' id='word_1_609' title='bbox 827 3275 931 3315; x_wconf 90' lang='lat' dir='ltr'>filius</span> <span class='ocrx_word' id='word_1_610' title='bbox 955 3275 1061 3318; x_wconf 86' lang='lat' dir='ltr'>Nun,</span> <span class='ocrx_word' id='word_1_611' title='bbox 1087 3279 1128 3314; x_wconf 91' lang='lat' dir='ltr'>et</span> <span class='ocrx_word' id='word_1_612' title='bbox 1150 3273 1349 3327; x_wconf 87' lang='lat' dir='ltr'>principes</span> <span class='ocrx_word' id='word_1_613' title='bbox 1372 3270 1619 3312; x_wconf 81' lang='lat' dir='ltr'>familiarum</span> <span class='ocrx_word' id='word_1_614' title='bbox 1642 3282 1712 3322; x_wconf 87' lang='lat' dir='ltr'>per</span> <span class='ocrx_word' id='word_1_615' title='bbox 1734 3268 1863 3308; x_wconf 88' lang='lat' dir='ltr'>tribus</span> <span class='ocrx_word' id='word_1_616' title='bbox 1889 3263 2112 3305; x_wconf 76' lang='lat' dir='ltr'>Israelzseph</span> <span class='ocrx_word' id='word_1_617' title='bbox 2124 3272 2226 3297; x_wconf 74' lang='lat' dir='ltr'>divisa-</span> 
     </span>
     <span class='ocr_line' id='line_1_53' title="bbox 132 3323 2030 3387; baseline -0.01 -7"><span class='ocrx_word' id='word_1_618' title='bbox 132 3342 147 3364; x_wconf 71' lang='lat'><strong>²</strong></span> <span class='ocrx_word' id='word_1_619' title='bbox 162 3343 268 3380; x_wconf 88' lang='lat' dir='ltr'>sorte</span> <span class='ocrx_word' id='word_1_620' title='bbox 284 3337 421 3380; x_wconf 90' lang='lat' dir='ltr'>omnia</span> <span class='ocrx_word' id='word_1_621' title='bbox 435 3336 675 3380; x_wconf 81' lang='lat' dir='ltr'>dividentes,</span> <span class='ocrx_word' id='word_1_622' title='bbox 699 3335 821 3375; x_wconf 63' lang='lat' dir='ltr'>&lt;sicut</span> <span class='ocrx_word' id='word_1_623' title='bbox 836 3338 1083 3387; x_wconf 68' lang='lat' dir='ltr'>praeceperat</span> <span class='ocrx_word' id='word_1_624' title='bbox 1097 3332 1297 3373; x_wconf 92' lang='lat' dir='ltr'>Dominus</span> <span class='ocrx_word' id='word_1_625' title='bbox 1312 3331 1354 3371; x_wconf 92' lang='lat' dir='ltr'>in</span> <span class='ocrx_word' id='word_1_626' title='bbox 1368 3343 1493 3370; x_wconf 86' lang='lat' dir='ltr'>manu</span> <span class='ocrx_word' id='word_1_627' title='bbox 1508 3328 1650 3382; x_wconf 86' lang='lat' dir='ltr'>Moysi.</span> <span class='ocrx_word' id='word_1_628' title='bbox 1668 3339 1815 3368; x_wconf 88' lang='lat' dir='ltr'>novem</span> <span class='ocrx_word' id='word_1_629' title='bbox 1832 3323 2030 3369; x_wconf 84' lang='lat' dir='ltr'>tribubus,</span> 
     </span>
    </p>
   </div>
   <div class='ocr_carea' id='block_1_6' title="bbox 132 3414 2034 3531">
    <p class='ocr_par' dir='ltr' id='par_1_15' title="bbox 132 3414 2034 3531">
     <span class='ocr_line' id='line_1_54' title="bbox 265 3414 2034 3483; baseline -0.009 -9"><span class='ocrx_word' id='word_1_630' title='bbox 265 3416 343 3483; x_wconf 24' lang='grc' dir='ltr'>13Ϋ,ἶ</span> <span class='ocrx_word' id='word_1_631' title='bbox 362 3414 494 3474; x_wconf 40' lang='lat' dir='ltr'>sehin</span> <span class='ocrx_word' id='word_1_632' title='bbox 525 3440 578 3480; x_wconf 80' lang='lat'>32,</span> <span class='ocrx_word' id='word_1_633' title='bbox 610 3439 660 3472; x_wconf 85' lang='lat'>33.</span> <span class='ocrx_word' id='word_1_634' title='bbox 700 3459 742 3462; x_wconf 90' lang='lat'><em>-</em></span> <span class='ocrx_word' id='word_1_635' title='bbox 778 3437 820 3471; x_wconf 79' lang='lat'>14</span> <span class='ocrx_word' id='word_1_636' title='bbox 841 3437 932 3471; x_wconf 81' lang='lat' dir='ltr'>bNm</span> <span class='ocrx_word' id='word_1_637' title='bbox 965 3435 1017 3477; x_wconf 83' lang='lat'>18,</span> <span class='ocrx_word' id='word_1_638' title='bbox 1049 3435 1100 3469; x_wconf 81' lang='lat'>20.</span> <span class='ocrx_word' id='word_1_639' title='bbox 1141 3455 1183 3458; x_wconf 92' lang='lat'><em>-</em></span> <span class='ocrx_word' id='word_1_640' title='bbox 1218 3434 1258 3468; x_wconf 80' lang='lat'>21</span> <span class='ocrx_word' id='word_1_641' title='bbox 1287 3434 1372 3467; x_wconf 83' lang='lat' dir='ltr'>cNm</span> <span class='ocrx_word' id='word_1_642' title='bbox 1403 3433 1456 3473; x_wconf 85' lang='lat'>31,</span> <span class='ocrx_word' id='word_1_643' title='bbox 1488 3432 1517 3466; x_wconf 79' lang='lat' dir='ltr'>s.</span> <span class='ocrx_word' id='word_1_644' title='bbox 1557 3452 1597 3455; x_wconf 79' lang='lat'><em>-</em></span> <span class='ocrx_word' id='word_1_645' title='bbox 1634 3431 1676 3464; x_wconf 78' lang='lat'>33</span> <span class='ocrx_word' id='word_1_646' title='bbox 1699 3429 1786 3462; x_wconf 74' lang='lat' dir='ltr'>de</span> <span class='ocrx_word' id='word_1_647' title='bbox 1820 3427 1871 3467; x_wconf 77' lang='lat' dir='ltr'>is,</span> <span class='ocrx_word' id='word_1_648' title='bbox 1903 3425 1954 3458; x_wconf 77' lang='lat'>20.</span> <span class='ocrx_word' id='word_1_649' title='bbox 1994 3442 2034 3447; x_wconf 83' lang='lat'>—</span> 
     </span>
     <span class='ocr_line' id='line_1_55' title="bbox 132 3487 502 3531; baseline -0.003 -9"><span class='ocrx_word' id='word_1_650' title='bbox 132 3489 184 3531; x_wconf 80' lang='lat'>14,</span> <span class='ocrx_word' id='word_1_651' title='bbox 217 3489 237 3522; x_wconf 83' lang='lat'><em>2</em></span> <span class='ocrx_word' id='word_1_652' title='bbox 263 3488 349 3522; x_wconf 82' lang='lat' dir='ltr'>eNm</span> <span class='ocrx_word' id='word_1_653' title='bbox 373 3488 426 3528; x_wconf 87' lang='lat'>34,</span> <span class='ocrx_word' id='word_1_654' title='bbox 451 3487 502 3521; x_wconf 87' lang='lat'>13.</span> 
     </span>
    </p>
   </div>
  </div>
 </body>
</html>
