2356 3760
277 189 373 230 1135¹
940 181 1165 216 EPISTOLA
1193 180 1333 213 BEA'PI
1360 179 1501 213 PAULI
1956 182 1987 221 2,
2012 181 2109 221 3—3‚
2135 183 2176 216 21

271 278 487 334 potestatis
513 276 613 318 aeris
640 277 768 320 huius.
793 275 968 328 spiritus,
995 274 1063 327 qui
1088 287 1195 314 nune
1218 277 1411 326 operatur
1434 272 1475 313 in
1498 272 1600 314 filios
1625 272 1876 323 diffidentiae,
1925 277 1940 299 3
1965 275 2004 315 in
2031 275 2178 330 quibus

270 346 311 379 et
343 352 415 379 nos
450 350 588 379 omnes
622 335 841 388 aliquando
875 332 1103 374 conversati
1137 345 1275 372 sumus
1310 331 1349 371 in
1383 331 1588 373 desideriis
1623 330 1753 373 carnis
1787 338 1948 381 nostrae,
1983 334 2178 376 facientes

272 397 527 438 voluntatem
563 394 702 436 earnis,
739 400 778 433 et
813 391 1120 443 cogitationum,
1157 396 1198 431 et
1231 403 1390 432 eramus
1424 397 1573 432 natura
1606 390 1677 431 filii
1710 390 1788 441 irae,
1824 391 1929 433 sicut
1962 398 2003 434 et
2036 393 2176 435 ceteri:

270 458 284 480 ⁴
317 457 426 496 Deus
459 462 607 496 autern,
643 451 709 504 qui
743 450 854 491 dives
887 456 947 490 est
980 449 1018 489 in
1052 448 1337 495 misericordia,
1372 455 1539 503 propter
1570 449 1737 490 nimiam
1770 450 2015 493 charitatem
2047 465 2176 501 suam,

271 528 352 568 qua
377 514 518 555 dilexit
546 524 627 553 nos,
681 512 695 533 ⁵
721 516 761 549 et
786 522 876 549 eum
903 521 1080 549 essemus
1113 508 1265 549 mortui
1290 508 1480 562 peccatis,
1508 508 1815 550 convivificavit
1839 523 1913 551 nos
1938 510 1979 551 in
2004 510 2176 560 Christo,

271 574 400 625 (euius
430 571 557 619 gratia
590 568 684 609 estis
715 566 879 619 salvati)
939 568 953 590 ⁶
983 573 1023 607 et
1054 566 1404 612 conresuscitavit,
1437 573 1478 608 et
1508 568 1724 609 consedere
1754 567 1851 610 fecit
1880 568 1921 609 in
1951 569 2178 611 caelestibus

272 633 310 672 in
340 631 496 672 Christo
528 629 633 668 lesu:
693 628 705 649 ⁷
734 632 779 665 ut
808 625 1039 666 ostenderet
1066 625 1107 665 in
1135 625 1289 667 saeculis
1317 626 1698 679 supervenientibus
1726 627 1985 669 abundantes
2013 628 2178 670 divitias

270 691 409 741 gratiae
434 701 515 727 sua»,
540 687 579 726 in
608 684 791 725 bonitate
817 697 937 737 super
960 697 1033 725 nos
1058 684 1099 724 in
1126 685 1286 725 Christo
1315 685 1416 726 Iesu.
1473 687 1488 709 ⁸
1513 685 1656 727 Gratia
1680 686 1787 727 enim
1813 686 1909 727 estis
1934 687 2084 728 salvati
2108 701 2180 741 per

271 742 401 792 tidem,
431 753 471 787 et
500 747 573 786 hoc
602 757 680 784 non
710 757 758 783 ex
786 742 920 784 vobis:
951 743 1026 783 Dei
1053 744 1160 784 enim
1188 744 1342 784 donum
1371 750 1443 793 est,
1502 745 1517 768 ⁹
1544 757 1626 785 non
1653 759 1703 786 ex
1731 744 1932 799 operibus,
1962 751 2009 787 ut
2035 747 2178 800 nequis

267 806 471 860 glorietur.
529 806 561 828 ¹⁰
589 802 717 856 Ipsius
744 801 850 842 enim
877 815 1016 842 sumus
1042 802 1213 846 factura,
1243 802 1368 843 creati
1393 802 1434 843 in
1461 802 1622 844 Christo
1649 803 1739 845 Iesu
1765 804 1805 845 in
1833 804 2020 858 operibus
2046 805 2176 851 bonis,

270 878 358 918 quae
386 862 630 917 przeparavit
660 861 768 901 Deus
798 866 844 901 ut
873 860 911 901 in
942 861 1017 901 illis
1046 861 1314 903 ambulemus.

84 932 110 956 in
135 931 246 956 Christo
376 926 404 947 ¹¹
441 923 608 975 Propter
640 920 749 974 quod
780 933 978 962 memores
1011 925 1153 970 estote,
1189 921 1299 974 quod
1331 920 1552 975 aliquando
1584 934 1656 963 vos
1688 921 1838 964 Gentes
1870 923 1911 963 in
1944 936 2074 974 carne,
2109 923 2178 977 qui

91 973 240 1026 ¹¹i20231¹1¹i¹1i”
271 982 446 1023 dicimini
476 979 717 1033 prchutium
743 979 795 1020 ab
820 992 878 1027 ea,
907 992 997 1033 quae
1021 979 1171 1020 dieitur
1195 979 1445 1022 circumcisio
1470 980 1510 1021 in
1536 993 1666 1031 carne,
1693 994 1819 1022 manu
1844 982 1972 1023 facta:
2027 985 2058 1007 ¹²
2083 982 2179 1036 quia

75 1038 250 1098 gssfflffissffi·
269 1041 388 1082 eratis
412 1040 477 1081 illo
500 1040 538 1079 in
561 1045 742 1091 tempore
764 1037 848 1079 sine
870 1038 1041 1085 Christo,
1065 1038 1231 1080 alienati
1253 1052 1277 1080 a
1297 1039 1607 1081 conversatione
1631 1040 1765 1089 Israel,
1789 1046 1830 1082 et
1850 1041 2031 1095 hospites
2054 1046 2178 1083 testa-

269 1106 510 1142 mentorum,
538 1096 814 1151 promissionis
840 1110 953 1151 spem
978 1111 1061 1139 non
1086 1098 1296 1147 habentes,
1325 1103 1366 1139 et
1390 1098 1475 1140 sine
1499 1099 1588 1140 Deo
1613 1098 1653 1140 in
1679 1100 1755 1141 hoc
1780 1100 1946 1142 mundo.
2002 1103 2033 1126 ¹³
2060 1101 2177 1141 Nune

268 1165 403 1199 autem
429 1158 466 1197 in
491 1156 649 1198 Christo
676 1156 764 1197 Iesu
788 1170 871 1205 vos,
898 1156 965 1211 qui
990 1156 1211 1211 aliquando
1234 1157 1355 1199 eratis
1378 1157 1506 1212 longe,
1532 1158 1631 1199 facti
1653 1158 1748 1200 estis
1772 1172 1897 1213 prope
1918 1159 1960 1200 in
1982 1159 2178 1214 sanguine

267 1217 424 1259 Christi.
477 1219 508 1241 ¹¹
537 1216 622 1269 Ipse
645 1216 752 1256 enim
775 1221 836 1257 est
857 1229 939 1269 pax
962 1222 1113 1265 nostra,
1140 1216 1208 1270 qui
1230 1216 1327 1258 fecit
1350 1222 1524 1271 utraque
1547 1231 1687 1265 unum,
1712 1223 1753 1258 et
1774 1218 1955 1259 medium
1978 1219 2176 1272 parietem

266 1276 448 1318 mat-erite
467 1275 639 1321 solvens,
662 1274 895 1316 inimicitias
915 1275 955 1315 in
976 1288 1095 1316 carne
1115 1289 1206 1316 sua:
1254 1278 1286 1301 ¹⁵
1305 1275 1433 1329 legem
1452 1277 1747 1318 mandatorum
1767 1276 1938 1318 decretis
1959 1290 2175 1323 evacuans,

266 1342 311 1376 ut
332 1336 431 1376 duos
453 1334 603 1376 condat
623 1334 663 1374 in
684 1333 902 1387 semetipso
923 1334 962 1374 in
984 1348 1111 1375 unum
1132 1348 1286 1376 novum
1306 1335 1526 1385 hominem,
1548 1335 1700 1377 faciens
1720 1349 1875 1389 pacem,
1925 1338 1959 1360 ¹⁶
1979 1341 2020 1377 et
2038 1349 2177 1378 recon-

265 1395 371 1435 ciliet
397 1394 537 1435 ambos
563 1393 603 1433 in
629 1406 710 1434 uno
735 1407 915 1447 corpore,
943 1394 1030 1435 Deo
1056 1407 1127 1447 per
1151 1407 1322 1443 crucem,
1350 1394 1595 1436 interficiens
1620 1394 1853 1436 inimicitias
1878 1394 1919 1435 in
1945 1394 2174 1450 semetipso.

267 1455 298 1477 ¹⁷
323 1453 376 1494 Et
400 1452 563 1493 veniens
587 1452 886 1505 evangelizavit
908 1465 1051 1507 pacem
1075 1453 1202 1503 vobis,
1229 1453 1297 1507 qui
1319 1453 1437 1507 longe
1460 1453 1606 1503 fuistis,
1632 1459 1674 1495 et
1695 1467 1838 1508 pacem
1860 1453 1920 1504 iis,
1946 1454 2015 1508 qui
2037 1467 2175 1509 prope.

267 1514 299 1537 ¹⁸
332 1512 544 1565 ssquoniam
574 1525 645 1565 per
672 1512 805 1565 ipsum
835 1512 1032 1553 habemus
1062 1526 1267 1553 accessum
1297 1513 1419 1554 ambo
1447 1512 1489 1553 in
1518 1526 1599 1554 uno
1627 1513 1782 1567 Spiritu
1811 1513 1864 1554 ad
1890 1513 2070 1555 Patrem.

69 1577 251 1623 inbtswnvlum
369 1574 402 1595 ¹⁹
419 1571 524 1624 Ergo
540 1570 620 1611 iam
636 1584 718 1612 non
735 1570 830 1612 estis
846 1570 1039 1624 hospites,
1058 1576 1098 1612 et
1114 1572 1301 1613 advenae:
1319 1572 1389 1613 sed
1405 1571 1500 1613 estis
1516 1571 1623 1613 cives
1640 1577 1889 1621 sanctorum,
1908 1577 1949 1614 et
1963 1571 2177 1614 domestici

92 1616 227 1674 ⁵³¹iif2i¹¹¹¹
264 1630 356 1671 Dei:
417 1632 452 1654 2⁰
483 1629 795 1683 superaedificati
827 1643 948 1683 super
979 1630 1296 1672 fundamentum
1329 1630 1634 1685 Apostolorum,
1669 1636 1710 1672 et
1742 1631 2055 1685 Prophetarum,
2089 1631 2178 1685 ipso

71 1685 422 1730 coxp‘fififfln'sunirno
462 1689 645 1743 angulari
686 1689 821 1743 lapide
861 1689 1022 1731 Christo
1062 1690 1171 1730 Iesu:
1235 1692 1267 1715 ‘2¹
1299 1690 1339 1730 in
1384 1704 1465 1744 quo
1504 1690 1635 1731 omnis
1679 1690 1896 1732 aedificatio
1940 1695 2178 1732 constructa

147 1728 152 1743 l
183 1740 187 1744 .

131 1724 178 1745 tw
264 1748 405 1790 erescit.
433 1749 473 1789 in
504 1748 704 1802 templum
735 1753 924 1790 sanctum
954 1749 995 1788 in
1021 1748 1210 1793 Domino,
1262 1750 1293 1773 ²2
1316 1749 1357 1790 in
1388 1762 1469 1803 quo
1499 1754 1540 1790 et
1567 1762 1640 1790 vos
1663 1748 1969 1790 coaedificamini
1995 1749 2036 1789 in
2062 1748 2176 1789 habi-

268 1808 447 1849 taculum
475 1807 551 1848 Dei
578 1807 619 1848 in
647 1807 814 1861 Spiritu.

759 1900 799 1940 3.
829 1899 893 1941 De
923 1910 1015 1940 uno
1045 1899 1247 1942 ecclesiae
1277 1900 1454 1952 spiritu,
1483 1901 1523 1951 3,
1542 1899 1689 1940 1-21.

103 1975 218 2001 Paulus.
369 1964 405 2008 3.
462 1967 475 1989 ¹
506 1965 638 2006 Huius
666 1965 722 2006 rei
750 1965 894 2019 gratia,
926 1978 998 2019 ego
1026 1965 1178 2007 Paulus
1208 1965 1370 2007 vinctus
1400 1964 1549 2007 Christi
1579 1965 1682 2014 Iesu,
1713 1978 1786 2018 pro
1815 1964 1931 2006 vobis
1959 1964 2174 2010 Gentibus,

72 2039 88 2056 a
108 2032 248 2091 qvo-³1³0·
369 2027 383 2048 ‘2
413 2024 443 2065 si
472 2030 611 2066 tamen
641 2023 812 2066 audistis
842 2024 1189 2078 dispensationem
1217 2024 1358 2078 gratiae
1386 2025 1474 2075 Dei,
1507 2038 1596 2079 quae
1625 2025 1725 2065 data
1753 2030 1814 2065 est
1841 2023 1941 2065 mihi
1968 2023 2011 2065 in
2039 2024 2174 2066 vobis:

74 2070 280 2127 S‡{{11¹‡?‘”L-‘}ll'=²
315 2084 506 2137 quoniam
540 2084 764 2125 secundum
798 2083 1090 2125 revelationem
1124 2090 1269 2125 notum
1303 2084 1402 2125 mihi
1435 2083 1592 2125 factum
1627 2088 1688 2125 est
1721 2088 2035 2133 sacramentum,
2071 2083 2176 2125 sicut

78 2140 245 2199 iffgfr'l'ffmffi
267 2156 388 2196 supra
415 2142 554 2196 scripsi
583 2143 621 2183 in
652 2142 782 2183 brevi:
838 2145 853 2167 ⁴
882 2148 1003 2196 prout
1029 2143 1202 2196 potestis
1229 2142 1407 2196 legentes
1435 2142 1656 2196 intelligere
1685 2142 1947 2196 prudentiam
1973 2155 2107 2184 meam
2134 2143 2176 2183 in

267 2202 460 2255 mysterio
493 2201 658 2243 Christi:
719 2203 734 2225 5
769 2202 879 2255 quod
913 2201 998 2242 aliis
1032 2201 1361 2255 generationibus
1395 2214 1478 2243 non
1512 2207 1573 2242 est
1606 2201 1791 2255 agnitum
1825 2201 1915 2243 filiis
1947 2201 2174 2245 hominum,

266 2260 383 2301 sieuti
409 2274 513 2301 nune
537 2260 764 2301 revelatum
788 2266 849 2301 est
872 2259 1022 2301 sanctis
1046 2259 1253 2313 Apostolis
1277 2259 1372 2309 eius,
1399 2266 1439 2301 et
1463 2260 1678 2314 Prophetis
1702 2260 1742 2300 in
1765 2260 1932 2314 Spiritu,
1987 2262 2002 2285 ⁶
2024 2260 2176 2302 Gentes

266 2333 348 2360 esse
385 2320 609 2363 coheredes,
648 2325 689 2360 et
725 2319 1043 2373 concorporales,
1082 2325 1123 2360 et
1159 2319 1469 2373 comparticipes
1506 2318 1782 2373 promissionis
1819 2319 1902 2360 eius
1938 2319 1980 2360 in
2016 2319 2176 2361 Christo

270 2378 357 2419 Iesu
383 2392 453 2431 per
479 2378 766 2432 Evangelium:
823 2380 836 2402 ⁷
862 2378 983 2419 Cuius
1009 2378 1142 2419 factus
1167 2392 1256 2419 sum
1282 2378 1468 2419 minister
1492 2379 1714 2419 secundum
1740 2378 1895 2419 donum
1920 2378 2062 2431 gratiae
2085 2378 2174 2423 Dei.

269 2451 357 2491 quae
374 2438 472 2478 data
488 2445 548 2479 est
564 2438 663 2478 mihi
684 2438 927 2479 bsecundum
946 2437 1224 2490 operationem
1242 2437 1406 2479 virtutis
1424 2437 1519 2479 eius.
1567 2439 1582 2462 ⁸
1607 2437 1721 2478 cMihi
1739 2437 1922 2478 omnium
1939 2443 2175 2479 sanctorum

268 2497 435 2537 minimo
455 2497 553 2537 data
572 2502 633 2538 est
650 2496 783 2550 gratia-
802 2497 897 2546 haec,
923 2497 968 2536 In
988 2496 1188 2537 Gentibus
1208 2495 1485 2550 evangelizare
1504 2496 1808 2550 investigabiles
1828 2495 1992 2537 divitias
2012 2496 2174 2546 Christi,

270 2557 284 2577 ⁹
308 2562 348 2595 et
373 2554 596 2595 illuminare
622 2569 772 2600 omnes,
799 2569 889 2610 quae
912 2555 964 2596 sit
988 2555 1238 2608 dispensatio
1262 2555 1506 2597 sacramenti
1530 2555 1761 2597 absconditi
1785 2569 1809 2596 a
1831 2554 1985 2597 saeculis
2008 2555 2050 2596 in
2074 2555 2174 2598 Deo.

269 2613 335 2666 qui
369 2613 501 2654 onmia
533 2614 696 2655 creavit.
756 2616 791 2639 ¹⁰
821 2620 868 2655 ut
896 2613 1128 2656 innotescat
1159 2614 1467 2668 principatibus,
1500 2620 1541 2656 et
1570 2614 1847 2669 potestatibus
1877 2613 1918 2654 in
1949 2613 2175 2656 caelcstibus

268 2685 338 2725 per
362 2671 595 2717 Ecclesiam,
623 2673 884 2715 multiformis
911 2672 1111 2727 sapientia
1136 2673 1223 2720 Dei,
1278 2676 1307 2698 ¹¹
1334 2675 1557 2715 secundum
1584 2673 1896 2728 praefinitionem
1922 2672 2173 2722 saeculorum,

269 2744 391 2784 quam
409 2731 502 2772 feeit
520 2731 557 2771 in
577 2732 736 2774 Christo
755 2733 844 2774 Iesu
862 2732 1040 2774 Domino
1058 2739 1214 2774 nostro:
1260 2735 1291 2757 ¹²
1310 2733 1357 2773 In
1375 2747 1455 2787 quo
1472 2733 1670 2774 habemus
1686 2732 1891 2781 fiduciam,
1910 2737 1952 2773 et
1968 2745 2175 2774 accessum

268 2789 306 2829 in
331 2790 577 2831 confidentia
599 2804 669 2844 per
690 2791 811 2832 fidem
836 2791 930 2832 eius.
984 2794 1014 2816 ¹3
1040 2791 1211 2844 Propter
1233 2792 1343 2846 quod
1366 2798 1461 2845 peto
1484 2806 1533 2833 ne
1556 2791 1753 2833 deficiatis
1776 2791 1817 2832 in
1840 2790 2175 2833 tribulationibus

270 2848 365 2887 meis
397 2861 466 2901 pro
498 2849 629 2890 vobis:
663 2864 751 2904 quzc
781 2856 842 2891 est
870 2849 998 2902 gloria
1027 2856 1175 2892 vestra.

117 2919 215 2967 33531&
376 2909 403 2930 ¹²
436 2908 564 2948 Huius
594 2908 648 2948 rei
676 2909 809 2962 gratia
836 2908 955 2950 flecto
984 2922 1114 2961 genua
1143 2923 1235 2950 mea
1263 2910 1315 2951 ad
1344 2910 1509 2951 Patrem
1537 2909 1704 2952 Domini
1732 2909 1861 2952 nostri
1892 2909 1983 2950 Iesu
2011 2908 2173 2954 Christi,

90 2986 136 3007 ω
162 2965 247 3008 smn-
277 2966 304 2987 ¹³
323 2978 370 3003 <fx
391 2979 468 3017 quo
488 2966 615 3006 onmis
636 2967 860 3020 paternitas
879 2968 919 3008 in
938 2968 1053 3012 caelis,
1075 2974 1115 3009 et
1132 2968 1172 3009 in
1192 2974 1300 3010 terra
1318 2968 1565 3015 nominatur,
1613 2970 1646 2993 ¹⁶
1664 2974 1711 3010 ut
1729 2968 1799 3010 det
1816 2967 1932 3010 vobis
1951 2968 2174 3009 secundum

106 3017 227 3072 ,¹,2¹f¹,¹2„¹,¹,¹‚
273 3021 433 3082 divitias
461 3024 594 3070 gloriae
620 3039 711 3069 suec,
742 3026 893 3067 virtute
921 3027 1171 3068 corroborari
1198 3041 1269 3081 per
1293 3027 1491 3082 Spiritum
1518 3028 1601 3069 eius
1627 3027 1668 3068 in
1693 3026 1928 3069 interiorem
1953 3026 2172 3074 hominem,

82 3084 251 3143 3j‡·¹f¹'·¹*r3{;}j¹¹¹[
276 3083 305 3104 ¹⁷
328 3081 529 3121 Christum
553 3083 735 3125 habitare
758 3099 826 3138 per
847 3086 966 3127 fidem
988 3085 1028 3126 in
1051 3085 1238 3127 cordibus
1261 3086 1423 3128 vestris:
1446 3086 1486 3127 in
1508 3086 1708 3128 charitate
1728 3085 1912 3135 radicati,
1936 3091 1977 3127 et
1996 3084 2172 3133 fundati,

140 3157 195 3180 mr.
277 3141 307 3162 ¹⁸
335 3148 375 3179 ut
405 3140 562 3192 possitis
589 3144 925 3195 eomprehendere
951 3158 1041 3185 cum
1069 3144 1257 3186 omnibus
1283 3145 1444 3195 sanctis,
1474 3159 1563 3200 quae
1588 3145 1640 3187 sit
1663 3144 1853 3195 latitudo,
1881 3150 1923 3186 et
1946 3143 2172 3198 longitudo,

272 3207 309 3237 et
340 3198 578 3240 sublimitas.
605 3208 641 3239 et
676 3202 939 3253 profundum:
988 3205 1021 3227 ¹⁹
1044 3203 1142 3245 scire
1172 3203 1294 3245 etiam
1325 3205 1693 3258 supereminentem
1724 3203 1902 3246 scientiae
1931 3202 2172 3245 charitatem

273 3256 430 3299 (luisti,
464 3264 506 3297 ut
537 3257 781 3310 impleamini
815 3262 851 3301 in
883 3275 1042 3303 omnem
1076 3262 1369 3315 plenitudinem
1398 3263 1485 3304 Dei.

99 3315 181 3372 ‘3131
206 3317 238 3372 :¹¹¹¹
378 3318 412 3377 'f‘'
446 3315 489 3355 Ei
525 3323 673 3358 autem,
710 3319 774 3370 qui
811 3326 953 3372 potens
987 3327 1048 3362 est
1081 3321 1217 3363 omnia
1249 3321 1378 3362 facere
1411 3322 1793 3376 superabundanter
1825 3334 1947 3376 quarn
1981 3319 2171 3374 petimus,

85 3382 203 3407 minam
224 3388 250 3406 ·-t
275 3379 345 3412 aut
380 3374 648 3422 intelligimus,
684 3378 902 3418 seeundum
938 3379 1145 3424 virtutem,
1182 3393 1271 3433 quae
1304 3387 1496 3434 operatur
1526 3381 1567 3421 in
1600 3380 1735 3422 nobis:
1795 3382 1827 3405 2¹
1861 3379 1942 3433 Ipsi
1974 3378 2103 3432 gloria
2134 3378 2173 3419 in

113 3419 225 3442 l'lrristrn

77 3454 259 3478 annuatur,
278 3430 465 3478 Ecclesia,
497 3440 535 3472 et
567 3433 603 3473 in
634 3433 791 3475 Christo
828 3437 910 3477 lesu
941 3437 979 3477 in
1010 3451 1147 3479 omnes
1175 3440 1454 3492 generationes
1483 3439 1617 3481 saeculi
1644 3439 1894 3481 saeculorum.
1924 3438 2067 3479 Amen.

407 3524 446 3555 13
471 3522 578 3555 aRom
602 3524 632 3563 7),
657 3525 686 3558 2.
714 3546 754 3549 —
779 3526 809 3566 3,
836 3530 852 3559 7
875 3529 964 3572 bSup
990 3531 1019 3564 l,
1044 3530 1095 3563 19.
1122 3549 1163 3553 —
1187 3530 1207 3563 8
1235 3531 1269 3562 cl
1296 3530 1360 3563 Cor
1383 3531 1436 3571 15,
1461 3531 1492 3565 9.
