2356 3760
144 83 196 121 20,
226 82 365 121 11ae22,
391 82 411 113 4
989 80 1203 113 IEREMIAE
1968 85 2043 125 743

144 188 247 221 euin,
271 180 311 214 et
332 187 628 227 consequamur
648 173 844 214 ultionem
866 185 914 212 ex
935 185 992 214 eo.
1043 175 1073 197 11
1094 172 1293 214 Dominus
1316 178 1454 213 autem
1476 186 1633 213 mecum
1656 181 1717 215 est
1738 177 1851 228 quasi
1872 177 2044 218 bellator

143 232 276 273 fortis:
304 232 451 273 idcirco
480 232 547 285 qui
574 236 873 285 persequuntur
897 244 973 277 me,
1002 231 1162 274 cadent.
1191 237 1232 272 et
1256 231 1406 271 infirmi
1432 238 1568 271 erunt:
1597 232 1899 275 confundentur
1924 236 2044 276 vehe-

142 298 310 334 menter,
346 291 463 344 aquia
490 303 572 331 non
600 289 888 330 intellexerunt
917 289 1180 342 opprobrium
1209 290 1514 343 sempiternum,
1547 290 1657 343 quod
1685 303 1909 345 numquam
1941 294 2044 335 dele-

143 349 263 389 bitur.
316 351 347 373 12
367 349 424 390 Et
445 356 490 390 tu
512 348 686 389 Domine
707 347 958 387 exercituum
985 349 1201 400 bprobator
1220 348 1327 391 iusti.
1354 348 1421 401 qui
1443 348 1556 389 vides
1577 361 1690 388 renes
1713 355 1754 389 et
1775 363 1859 390 cor:
1882 352 2044 392 videam

144 420 278 460 quaeso
298 407 495 448 ultionem
514 411 629 447 tuam
649 418 699 446 ex
718 405 791 445 eis:
813 405 887 446 tibi
907 406 1014 446 enim
1033 406 1211 446 revelavi
1231 420 1395 447 causam
1414 419 1560 447 meam.
1609 409 1640 431 13
1660 407 1834 448 Cantate
1853 409 2042 459 Domino,

141 465 307 507 laudate
332 465 573 506 Dominum:
602 464 697 517 quia
720 463 910 504 liberavit
935 464 1113 504 animam
1140 465 1328 517 pauperis
1353 465 1402 505 de
1427 478 1551 505 manu
1577 465 1788 507 malorum.
1844 468 1875 491 14
1907 467 2045 507 CMale-

142 524 254 565 dicta
272 524 367 568 dies,
389 523 431 564 in
453 536 534 576 qua
552 527 674 562 natus
695 534 802 562 sum:
825 522 920 567 dies,
943 523 983 562 in
1006 536 1087 576 qua
1106 523 1264 576 peperit
1282 536 1346 563 me
1367 528 1499 563 mater
1517 536 1619 566 mea.
1642 537 1723 565 non
1744 525 1796 565 sit
1816 525 2042 567 benedicta.

143 584 174 607 ¹⁵
195 582 436 622 Maledictus
457 581 530 625 vir,
555 581 623 634 qui
646 581 913 621 annunciavit
934 581 1041 634 patri
1062 594 1165 624 meo.
1190 581 1343 621 dicens:
1369 582 1500 622 Natus
1523 587 1584 622 est
1605 582 1680 622 tibi
1702 596 1801 636 puer
1822 583 2043 624 masculus:

141 646 183 681 et
208 641 322 693 quasi
345 640 494 693 gaudio
517 638 742 680 laetificavit
766 652 870 680 eum.
923 641 958 663 1⁶
981 640 1043 680 Sit
1066 639 1187 680 homo
1211 639 1275 680 ille
1301 645 1347 680 ut
1370 645 1467 680 sunt
1490 640 1690 687 civitates,
1718 655 1818 694 quas
1843 642 2047 683 subvertit

140 699 353 747 Dominus,
383 704 424 739 et
450 711 531 739 non
558 698 754 750 poenituit
781 710 892 738 eum:
922 698 1065 738 audiat
1092 697 1309 739 clamorem
1337 711 1467 741 mane.
1498 703 1539 739 et
1566 698 1768 740 ululatum
1795 700 1836 740 in
1863 705 2046 753 tempore

140 757 383 798 meridiano:
432 758 466 780 1⁷
488 756 557 809 qui
577 769 659 797 non
678 769 743 796 me
763 756 968 797 interfecit
988 770 1012 796 a
1031 756 1168 799 vulva,
1192 762 1237 797 ut
1258 756 1373 797 fieret
1392 757 1491 797 mihi
1511 763 1643 797 mater
1662 771 1754 798 mea
1774 758 2043 811 sepulchrum,

140 821 182 856 et
211 815 338 856 vulva
367 815 450 856 eius
481 820 702 868 conceptus
733 820 918 856 aeternus.
978 816 1013 839 18
1044 815 1177 863 Quare
1208 816 1257 856 de
1288 814 1415 855 vulva
1444 828 1623 868 egressus
1654 829 1756 865 sum,
1790 822 1837 858 ut
1868 817 2046 858 viderem

139 873 320 915 laborem
347 878 388 914 et
413 872 605 915 dolorem.
634 878 676 914 et
701 878 1036 914 consumerentur
1060 873 1102 914 in
1129 874 1364 914 confusione
1391 873 1474 914 dies
1501 874 1604 914 mei?

354 989 448 1041 VI.
485 989 663 1040 Poena
699 989 1033 1054 praepositis
1071 989 1397 1051 nuntiatur,
1435 989 1513 1051 21,
1542 990 1724 1052 1-23‚
1751 991 1841 1042 40.

621 1080 660 1120 1.
690 1079 929 1121 Nuntiatur
958 1081 1059 1131 regi
1091 1079 1308 1131 Sedeciae,
1336 1081 1402 1131 21,
1422 1082 1574 1121 1-14.

243 1149 307 1192 21.
363 1151 375 1172 1
407 1149 598 1197 Verbum,
633 1149 742 1202 quod
772 1150 929 1190 factum
960 1156 1021 1190 est
1052 1151 1103 1191 ad
1136 1151 1348 1191 Ieremiam
1380 1164 1404 1191 a
1434 1150 1622 1195 Domino,
1657 1152 1820 1204 quando
1851 1152 1963 1193 misit
1993 1152 2045 1193 ad
2068 1156 2233 1221 Βθζυῖζξῡ·

140 1221 231 1248 011111
252 1221 324 1249 1·οΧ
343 1207 528 1248 Sedecias
550 1207 728 1248 Phassur
748 1207 876 1248 filiurn
896 1208 1088 1255 Melchiae,
1112 1214 1153 1250 et
1173 1209 1423 1262 Sophoniam
1444 1209 1571 1249 filium
1592 1209 1756 1250 Maasiae
1777 1211 2041 1257 sacerdotem,
2066 1226 2123 1257 regi
2138 1225 2235 1250 Nabu-

140 1267 293 1308 dicens:
356 1269 370 1290 ²
407 1266 616 1319 Interroga
649 1279 720 1319 pro
756 1266 871 1307 nobis
904 1267 1140 1316 Dominum,
1178 1268 1273 1321 quia
1308 1267 1685 1308 Nabuchodonosor
1717 1281 1788 1307 rex
1823 1268 2045 1321 Babylonis
2066 1261 2246 1323 Ἓζῖῗξζξῗῗῐ

140 1325 346 1379 praeliatur
375 1325 591 1366 adversum
620 1338 711 1366 nos:
742 1325 773 1365 si
800 1325 905 1366 forte
934 1325 1060 1366 faciat
1087 1326 1287 1367 Dominus
1316 1325 1528 1366 nobiscum
1557 1326 1781 1366 secundum
1810 1327 1947 1367 onmia
1974 1327 2047 1366 ini-

139 1383 284 1424 rabilia
310 1397 394 1432 sua,
425 1389 467 1424 et
493 1384 657 1424 recedat
684 1397 708 1423 a
735 1383 862 1424 nobis.
919 1386 934 1407 ³
962 1384 1017 1424 Et
1045 1383 1150 1424 dixit
1180 1384 1369 1424 Ieremias
1397 1384 1450 1424 ad
1478 1397 1562 1425 ecs:
1592 1385 1657 1425 Sic
1685 1384 1827 1425 dicetis
1855 1385 2048 1425 Sedeciae:

139 1444 155 1466 ⁴
178 1443 276 1483 Haec
299 1442 398 1485 dicit
419 1442 620 1483 Dominus
643 1442 754 1482 Deus
779 1441 921 1482 lsrael:
946 1442 1050 1482 Ecce
1074 1455 1145 1495 ego
1170 1448 1407 1483 convertam
1432 1456 1532 1483 vasa
1555 1442 1659 1491 belli,
1686 1456 1775 1496 quae
1797 1443 1838 1483 in
1861 1443 2050 1484 manibus

140 1501 285 1541 vestris
319 1505 427 1542 sunt,
465 1505 506 1540 et
541 1500 687 1553 quibus
722 1513 794 1541 vos
829 1501 1022 1553 pugnatis
1057 1501 1274 1541 adversum
1310 1514 1443 1554 regem
1480 1501 1714 1554 Babylonis,
1752 1507 1793 1542 et
1827 1501 2048 1550 Chaldaeos,

141 1559 211 1612 qni
236 1559 425 1600 obsident
450 1572 522 1600 vos
548 1558 589 1599 in
615 1559 786 1599 circuitu
812 1572 1040 1600 murorum:
1068 1565 1110 1600 et
1134 1560 1387 1613 congregabo
1413 1573 1461 1600 ea
1485 1559 1524 1600 in
1552 1560 1684 1601 medio
1711 1560 1891 1601 civitatis
1917 1560 2047 1601 huius.

139 1620 155 1642 ⁵
174 1618 230 1658 Et
250 1616 461 1658 debellabo
482 1630 554 1671 ego
574 1630 646 1659 vos
666 1617 707 1658 in
727 1631 852 1658 manu
873 1623 1053 1665 extenta,
1085 1624 1125 1658 et
1145 1618 1185 1658 in
1206 1618 1370 1659 brachio
1392 1619 1499 1663 forti,
1531 1624 1572 1659 et
1590 1619 1632 1659 111
1652 1619 1796 1667 furore,
1829 1624 1869 1659 et
1888 1619 1929 1659 in
1948 1619 2051 1659 indi-

139 1676 344 1730 gnatione,
380 1681 422 1716 et
452 1675 494 1716 in
526 1675 586 1716 ira
616 1676 771 1729 grandi.
836 1678 851 1700 6
874 1676 929 1716 Ε1
961 1676 1186 1730 percutiam
1220 1677 1472 1718 habitatores
1506 1677 1685 1718 civitatis
1711 1678 1841 1720 huius.
1868 1677 2051 1718 homines

141 1740 183 1776 et
202 1734 342 1776 bestiae
361 1734 597 1788 pestilentia
615 1748 765 1788 magna
783 1735 1018 1776 morientur.
1071 1737 1084 1759 ⁷
1105 1735 1161 1777 Et
1179 1741 1273 1789 post
1292 1736 1376 1776 haec
1397 1735 1453 1776 ait
1475 1736 1693 1776 Dominus:
1715 1737 1822 1777 dabo
1842 1736 2051 1777 Sedeciam

140 1807 274 1847 regem
303 1793 418 1841 Iuda,
448 1798 489 1833 et
515 1806 651 1834 servos
677 1793 773 1837 eius,
803 1800 842 1834 et
869 1794 1067 1847 populum
1095 1794 1190 1840 eius,
1221 1800 1262 1835 et
1289 1795 1357 1848 qui
1384 1794 1563 1835 derelicti
1590 1800 1687 1835 sunt
1712 1794 1753 1835 in
1781 1795 1949 1835 civitate
1974 1794 2051 1835 hac

140 1866 165 1893 a
188 1857 302 1906 peste
328 1857 369 1892 et
393 1851 540 1905 gladio,
568 1858 609 1893 et
633 1852 754 1900 fame,
782 1852 822 1892 in
849 1866 974 1893 manu
1000 1853 1379 1894 Nabuchodonosor
1403 1853 1505 1906 regis
1532 1853 1766 1906 Babylonis,
1795 1858 1836 1894 et
1859 1853 1901 1893 in
1926 1866 2051 1893 manu

139 1910 395 1951 inimicorum
427 1923 578 1958 eorum,
612 1916 654 1951 et
683 1911 723 1950 in
754 1924 879 1951 manu
912 1911 1180 1964 quaerentium
1213 1911 1393 1952 animam
1425 1924 1576 1961 eorum,
1609 1916 1651 1953 et
1680 1912 1882 1965 percutiet
1912 1924 1978 1952 eos
2009 1911 2050 1951 in

140 1982 207 2011 ore
235 1969 370 2022 gladii,
402 1975 443 2009 et
471 1982 552 2010 non
581 1969 779 2015 flectetur,
811 1982 940 2023 neque
970 1975 1121 2023 parcet,
1153 1983 1226 2011 nec
1254 1970 1521 2011 miserebitur.

247 2030 262 2051 ὅ
287 2028 344 2068 Et
370 2027 422 2068 ad
448 2027 645 2080 populum
671 2028 779 2068 hunc
806 2028 931 2069 dices:
961 2028 1059 2069 Haec
1085 2028 1184 2069 dicit
1209 2029 1428 2070 Dominus:
1457 2029 1562 2070 Ecce
1588 2042 1660 2082 ego
1687 2029 1739 2070 do
1766 2042 1903 2070 coram
1929 2027 2045 2069 vobis
2090 2028 2214 2089 902131112

141 2086 250 2127 viam
279 2086 386 2135 vitae,
417 2092 459 2127 et
486 2086 596 2127 viam
624 2086 778 2127 mortis.
838 2088 853 2110 ⁹
883 2086 983 2134 dQui
1011 2087 1262 2128 habitaverit
1289 2087 1329 2127 in
1359 2088 1458 2128 urbe
1486 2088 1573 2136 hac,
1604 2087 1801 2128 morietur
1827 2087 1974 2141 gladio,
2005 2091 2047 2128 et
2078 2100 2227 2139 cnaidaeps

138 2145 259 2193 fame,
282 2149 323 2186 et
342 2150 474 2198 peste:
498 2144 566 2198 (1111
587 2151 725 2185 31110111
746 2158 925 2198 egressus
946 2145 1080 2191 fuerit,
1103 2151 1144 2186 et
1164 2146 1429 2199 transfugerit
1449 2146 1500 2186 ad
1521 2145 1742 2195 Chaldaeos,
1767 2146 1835 2199 qui
1856 2145 2046 2187 obsident
2057 2135 2244 2166 ‘mmmmm'

141 2217 225 2251 VOS,
251 2203 376 2252 vivet,
402 2208 443 2244 et
466 2203 542 2244 erit
564 2203 599 2243 ei
623 2203 761 2244 anima
782 2216 866 2245 sua.
894 2204 1009 2257 quasi
1032 2204 1218 2257 spolium.
1272 2206 1308 2228 ¹⁰
1329 2204 1452 2245 Posui
1475 2204 1583 2245 enim
1606 2205 1751 2245 faciem
1774 2218 1908 2245 meam
1932 2216 2052 2257 super

141 2262 352 2303 civitatem
374 2262 480 2302 hanc
500 2261 542 2302 in
563 2261 729 2311 malum,
753 2268 795 2302 et
816 2275 897 2303 non
917 2262 958 2303 in
981 2263 1147 2307 bonum,
1172 2262 1231 2304 ait
1250 2263 1470 2304 Dominus:
1493 2263 1535 2303 111
1555 2276 1680 2303 11131111
1702 2263 1804 2317 regis
1827 2262 2050 2316 Babylonis

141 2320 318 2370 dabitur,
350 2325 391 2362 et
420 2326 561 2361 exuret
591 2334 681 2362 eam
710 2320 803 2374 igni.

245 2381 275 2403 11
302 2379 358 2420 Et
383 2379 522 2420 domui
546 2379 648 2433 regis
676 2379 796 2420 Iuda:
823 2379 975 2420 Audite
1001 2380 1172 2420 verbum
1197 2379 1375 2429 Domini,
1431 2382 1461 2403 12
1488 2380 1632 2420 domus
1658 2380 1806 2424 David,
1836 2380 1921 2420 haec
1947 2379 2046 2420 dicit
2069 2377 2234 2443 regf’anffisste

139 2437 358 2478 Dominus:
388 2437 592 2478 eludieate
612 2451 732 2478 mane
753 2438 959 2487 iudicium,
984 2444 1025 2479 et
1046 2438 1172 2479 eruite
1195 2439 1235 2479 vi
1258 2451 1495 2492 oppressum
1517 2439 1566 2479 de
1588 2452 1713 2479 manu
1736 2437 2042 2479 calumniantis:
2092 2447 2210 2473 iudicet-

141 2509 190 2537 ne
210 2496 315 2537 forte
335 2496 566 2550 egrediatur
585 2502 631 2537 ut
650 2496 752 2550 ignis
771 2496 998 2550 indignatio
1018 2510 1121 2539 mea.
1145 2504 1186 2538 et
1205 2497 1488 2541 succendatur,
1511 2502 1552 2538 et
1571 2510 1653 2538 non
1673 2497 1726 2538 sit
1747 2497 1815 2551 qui
1836 2497 2052 2550 extinguat

141 2560 308 2608 propter
339 2554 540 2595 malitiam
574 2555 803 2596 studiorum
837 2561 1078 2597 vestrorum.
1143 2558 1174 2580 ¹3
1207 2555 1312 2597 Ecce
1346 2569 1418 2610 ego
1453 2556 1505 2596 ad
1539 2560 1579 2596 te
1612 2555 1900 2596 habitatricem
1934 2554 2051 2595 vallis

141 2613 278 2654 solidae
311 2618 435 2667 atque
469 2614 718 2667 campestris,
754 2614 813 2655 ait
844 2614 1063 2655 Dominus:
1101 2614 1170 2668 qui
1203 2614 1355 2655 dicitis:
1391 2614 1488 2663 Quis
1522 2615 1724 2667 percutiet
1755 2614 1853 2655 nos?
1888 2619 1929 2654 et
1962 2613 2052 2667 quis

140 2672 389 2725 ingredietur
420 2672 562 2713 domos
594 2672 778 2714 nostras?
839 2675 871 2697 ¹⁴
903 2673 959 2714 Et
991 2673 1168 2714 visitabo
1203 2686 1322 2726 super
1354 2686 1427 2714 vos
1459 2672 1577 2713 iuxta
1607 2673 1788 2714 fructum
1821 2672 2051 2713 studiorum

141 2735 382 2775 vestrorum,
411 2730 510 2771 dicit
534 2731 753 2772 Dominus:
781 2736 822 2772 et
847 2732 1091 2772 succendam
1117 2731 1250 2784 ignem
1275 2731 1317 2772 in
1343 2731 1450 2772 saltu
1477 2731 1580 2772 eius:
1608 2736 1648 2772 et
1674 2730 1891 2772 devorabit
1916 2729 2053 2771 omnia

141 2789 182 2829 in
212 2789 381 2830 circuitu
411 2788 507 2830 eius.

607 2894 645 2933 2.
675 2892 915 2935 Nuntiatur
944 2893 1044 2933 aliis
1075 2894 1281 2945 regibus,
1310 2894 1377 2944 22,
1396 2894 1543 2944 1-23‚
1562 2894 1600 2933 8.

245 2963 309 3006 22.
367 2966 377 2987 1
411 2964 509 3005 Haec
539 2964 638 3005 dicit
667 2964 886 3005 Dominus:
919 2965 1129 3005 Descende
1159 2964 1201 3005 in
1232 2964 1401 3005 domum
1431 2963 1533 3017 regis
1566 2963 1681 3008 Iuda,
1715 2968 1756 3004 et
1785 2962 1960 3017 loqueris
1991 2962 2047 3003 ibi
2083 2963 2156 2995 Regi
2169 2970 2226 2988 ¹10¹]

142 3023 312 3063 verbum
340 3022 427 3071 hoc,
482 3024 498 3047 2
525 3028 566 3063 et
593 3023 717 3063 dices:
746 3023 854 3063 Audi
881 3023 1052 3064 verbum
1079 3022 1247 3063 Domini
1273 3035 1345 3063 rex
1373 3023 1487 3069 Iuda,
1519 3021 1587 3075 qui
1614 3021 1727 3062 sedes
1755 3034 1875 3075 super
1901 3022 2047 3063 solium
2072 3000 2233 3028 nomfflato’

143 3081 298 3121 David:
318 3086 363 3122 tu
383 3086 424 3121 et
442 3081 546 3121 servi
564 3081 636 3125 tui,
658 3087 698 3122 et
716 3081 890 3135 populus
908 3088 1016 3131 tuus,
1038 3081 1107 3135 qui
1124 3081 1382 3135 ingredimini
1400 3093 1471 3134 per
1488 3084 1627 3134 portas
1645 3079 1756 3121 istas.
1803 3082 1819 3105 3
1838 3080 1935 3121 Haec
1953 3079 2053 3121 dicit

142 3139 361 3180 Dominus:
391 3139 437 3179 fF
440 3139 544 3180 acite
560 3139 755 3180 iudicium
773 3145 814 3180 et
829 3135 1041 3189 iustitiam,
1061 3145 1102 3181 et
1117 3139 1291 3181 liberate
1309 3139 1350 3180 vi
1367 3151 1604 3192 oppressum
1622 3138 1671 3179 (10
1688 3151 1813 3179 11131111
1831 3138 2051 3179 calumnia-

143 3198 259 3238 toris:
293 3203 334 3239 et
365 3198 581 3246 advenam,
616 3203 657 3239 et
687 3198 900 3252 pupillum,
933 3204 975 3240 et
1005 3199 1174 3240 viduam
1205 3198 1330 3239 nolite
1362 3197 1614 3246 contristare,
1648 3210 1779 3251 neque
1811 3196 2051 3250 opprimatis

142 3256 297 3310 inique:
328 3262 369 3298 et
398 3256 637 3311 sanguinem
664 3256 923 3298 innocentem
951 3271 1001 3298 ne
1030 3257 1251 3298 effundatis
1278 3256 1319 3296 in
1346 3256 1434 3298 loco
1462 3255 1552 3297 isto.
1609 3257 1624 3279 ⁴
1652 3255 1694 3297 Si
1722 3255 1829 3296 enim
1856 3255 2050 3296 facientes

238 3334 328 3401 *aa
355 3361 392 3394 11
418 3335 493 3394 ab}
517 3361 571 3401 23,
596 3361 647 3394 40.
674 3381 716 3384 —
741 3361 783 3394 12
805 3361 897 3406 bSup
922 3362 974 3401 11,
999 3362 1056 3401 203
1085 3362 1136 3401 17,
1162 3361 1213 3395 10.
1240 3381 1281 3384 μ
1305 3360 1348 3394 14
1375 3360 1454 3393 elob
1478 3361 1509 3400 3,
1533 3361 1564 3394 2.
1589 3381 1630 3383 —
1655 3359 1708 3401 21,
1732 3360 1752 3393 9
1775 3359 1852 3392 dlnf
1874 3359 1928 3397 38,
1952 3358 1982 3391 2.
2008 3375 2050 3380 -

147 3406 187 3439 12
214 3406 287 3439 elnf
310 3408 363 3447 ⁴22,
388 3408 419 3441 3.
445 3428 487 3431 —
511 3407 564 3449 22,
590 3407 611 3440 3
641 3407 724 3452 fSup
749 3409 802 3447 21,
829 3409 880 3442 12.
