2356 3760
736 476 1200 564 LIBER
1283 478 1837 569 TOBIAE.

1009 703 1227 758 PARS
1268 705 1569 758 PRIMA.

647 790 914 843 Miseria
953 791 1176 845 Tobiae
1217 794 1285 845 et
1322 793 1527 858 Sarae,
1565 793 1609 858 1,
1636 794 1791 860 1-3,
1818 795 1921 849 23.

694 930 735 981 Ι.
774 931 1011 982 Miseria
1049 931 1240 982 Tobiae
1274 882 1546 989 ³¹senioris⁹
1586 934 1625 995 1,
1652 932 1797 994 1—3,
1825 933 1874 985 6.

932 1024 969 1063 1.
1001 1023 1151 1063 Pietas
1181 1023 1350 1074 Tobiae,
1379 1024 1418 1074 1,
1437 1025 1557 1075 1—-1,
1576 1025 1642 1065 17.

139 1091 309 1121 ¹⁰⁰1¹¹“³⁸'i·
432 1091 469 1135 1.
525 1094 537 1116 ¹
566 1092 597 1132 T
600 1092 712 1133 obias
738 1106 788 1133 ex
814 1093 935 1137 tribu.
964 1098 1005 1134 et
1030 1094 1198 1135 civitate
1228 1095 1448 1147 Nephthali
1474 1098 1582 1149 (quae
1608 1102 1669 1137 est
1694 1097 1734 1137 in
1760 1095 2033 1149 superioribus
2059 1097 2234 1139 Galilaeae

130 1128 310 1188 Ῐέἶῐθιηῖζὲἷῖἷὲ
326 1164 449 1204 supra
474 1151 669 1195 Naasson.
695 1157 789 1205 post
813 1152 934 1200 viam,
963 1166 1052 1206 quae
1076 1153 1189 1194 ducit
1213 1154 1265 1194 ad
1289 1154 1564 1204 Occidentem,
1592 1155 1632 1196 in
1656 1155 1817 1196 sinistro
1842 1155 1996 1195 habens
2021 1155 2233 1197 civitatem

149 1204 213 1223 ⁰⁰¹³
235 1201 288 1227 ‘'⁸‘'
326 1210 495 1263 Scphet)
541 1213 555 1234 ²
579 1224 691 1251 acum
717 1216 861 1264 captus
885 1217 989 1252 esset
1013 1212 1053 1252 111
1075 1212 1216 1253 diebus
1236 1212 1496 1254 Salmanasar
1515 1215 1616 1267 regis
1635 1214 1905 1268 Assyriorum,
1928 1214 1968 1254 in
1988 1215 2232 1269 captivitate

328 1274 465 1309 tamen
493 1270 660 1323 positus,
690 1270 799 1310 viam
827 1270 1012 1311 veritatis
1039 1285 1120 1312 non
1147 1271 1335 1319 deseruit,
1390 1275 1406 1296 ³
1432 1273 1490 1313 ita
1516 1279 1562 1313 ut
1588 1274 1736 1318 omnia,
1766 1287 1856 1327 quae
1881 1273 2029 1314 habere
2055 1279 2230 1327 poterat,

328 1328 510 1381 qnotidie
540 1329 795 1382 concaptivis
825 1329 1034 1374 fratribus.
1068 1331 1136 1383 qui
1165 1336 1281 1371 erant
1311 1344 1360 1371 ex
1390 1332 1473 1372 eius
1501 1345 1656 1385 genere,
1687 1332 1924 1385 impertiret.

120 1397 312 1458 “Jdssffi'grffi‘
432 1401 448 1423 ‘²
473 1401 656 1452 Cumque
683 1405 787 1440 esset
812 1400 944 1441 iunior
968 1401 1156 1441 omnibus
1182 1401 1222 1442 in
1250 1402 1357 1442 tribu
1386 1402 1619 1456 Nephthali,
1648 1402 1747 1443 nihil
1772 1408 1911 1443 tamen
1938 1402 2087 1455 puerile
2111 1404 2234 1455 gessit

151 1468 289 1498 abstinet,
326 1458 366 1498 in
394 1471 523 1511 opere.
579 1461 594 1482 5
621 1459 806 1511 Denique
834 1472 925 1499 cum
953 1460 1058 1500 irent
1084 1473 1223 1501 onmes
1251 1461 1302 1501 ad
1329 1461 1479 1502 vitulos
1507 1475 1660 1504 aureos.
1694 1468 1814 1515 bquos
1844 1462 2056 1502 Ieroboam
2083 1461 2233 1503 fecerat

324 1529 394 1557 rex
424 1517 557 1562 lsrael,
588 1517 652 1558 hic
678 1517 785 1558 solus
811 1517 997 1570 fugiebat.
1023 1519 1228 1559 consortia
1254 1520 1448 1563 omnium.
1507 1523 1522 1545 ⁶
1549 1521 1617 1561 sed
1644 1521 1838 1574 pergebat
1867 1521 1907 1561 in
1936 1520 2154 1561 Ierusalem
2183 1521 2235 1562 ad

327 1576 525 1629 templum
556 1577 733 1622 Domini,
767 1582 808 1617 et
837 1577 892 1617 ibi
924 1578 1123 1618 adorabat
1153 1578 1377 1619 Dominum
1408 1579 1541 1619 Deum
1574 1579 1708 1623 lsrael.
1742 1580 1879 1620 onmia
1907 1579 2119 1633 primitiva
2147 1593 2231 1628 sua,

325 1640 365 1675 et
388 1635 565 1676 decimas
589 1649 681 1676 suas
705 1635 878 1677 fideliter
900 1636 1082 1681 offerens,
1138 1638 1152 1660 ⁷
1176 1637 1235 1677 ita
1257 1642 1304 1677 ut
1326 1638 1367 1678 in
1391 1638 1511 1678 tertio
1537 1652 1642 1679 anno
1666 1638 1881 1692 proselytis
1904 1644 1945 1679 et
1969 1639 2136 1679 advenis
2159 1639 2232 1679 mi-

324 1694 516 1735 nistraret
536 1708 697 1736 omnem
718 1695 1043 1736 decimationem.
1095 1697 1110 1720 8
1132 1695 1228 1736 Haec
1249 1702 1290 1737 et
1310 1696 1369 1737 his
1389 1697 1536 1737 similia
1554 1698 1777 1738 secundum
1797 1697 1925 1751 legem
1944 1697 2020 1738 Dei
2039 1697 2231 1751 puerulus

325 1754 583 1795 observabat.
645 1756 660 1778 ⁹
691 1754 792 1795 Cum
822 1767 917 1795 vero
947 1756 1081 1795 factus
1111 1759 1217 1796 esset
1248 1755 1321 1799 vir.
1354 1756 1509 1810 accepit
1540 1769 1708 1797 uxorem
1738 1757 1900 1797 Annam
1931 1757 1979 1797 de
2009 1757 2118 1797 tribu
2147 1770 2230 1802 sua,

321 1813 544 1867 genuitque
573 1827 623 1854 ex
653 1827 700 1854 ea
728 1813 867 1861 filium,
903 1827 1052 1855 nomen
1081 1827 1199 1854 suum
1234 1814 1447 1868 imponens
1477 1815 1523 1861 ei,
1582 1817 1618 1839 ¹⁰
1651 1829 1771 1869 quern
1802 1816 1853 1857 ab
1883 1816 2059 1857 infantia
2090 1815 2232 1856 timere

323 1872 456 1912 Deum
487 1873 637 1919 docuit,
670 1879 711 1913 et
740 1873 942 1914 abstinere
971 1874 1022 1914 ab
1052 1874 1162 1914 omni
1191 1879 1371 1927 peccato.

114 1944 312 2009 cagggfiffiss
432 1944 462 1967 ¹¹
488 1943 627 1997 Igitur,
653 1957 745 1985 cum
767 1957 838 1997 per
860 1944 1146 1997 captivitatem
1170 1945 1399 1985 devenisset
1421 1959 1512 1986 cum
1535 1959 1660 1986 uxore
1683 1958 1766 1991 sua,
1791 1950 1832 1985 et
1854 1943 1934 1985 filio
1957 1944 1997 1984 in
2020 1944 2231 1986 civitatem

127 2021 184 2054 uoq
205 2016 303 2040 conta·
328 2002 502 2043 Niniven
535 2016 627 2043 cum
660 2003 770 2044 omni
802 2003 911 2043 tribu
944 2016 1027 2050 sua,
1098 2005 1147 2056 (¹²
1180 2017 1271 2044 cum
1305 2017 1443 2045 omnes
1476 2005 1641 2045 ederent
1673 2017 1722 2044 ex
1754 2003 1851 2044 cibis
1884 2003 2124 2057 Gentilium)
2156 2004 2232 2044 iste

147 2052 283 2079 mmams'
326 2062 550 2102 custodivit
580 2062 760 2103 animam
790 2075 918 2109 suam,
952 2068 992 2103 et
1023 2076 1248 2116 numquam
1280 2063 1585 2104 contaminatus
1617 2068 1677 2104 est
1707 2063 1747 2104 in
1778 2062 1876 2104 escis
1906 2075 2057 2104 eorum.
2117 2064 2149 2087 ¹³
2178 2062 2234 2103 Et

325 2121 518 2174 quoniam
538 2134 694 2162 memor
712 2122 792 2162 fuit
811 2121 978 2162 Domini
999 2121 1039 2162 in
1060 2126 1148 2162 toto
1169 2122 1288 2162 eorde
1309 2136 1392 2169 suo,
1417 2123 1530 2163 dedit
1551 2122 1606 2163 illi
1626 2123 1736 2162 Deus
1756 2122 1930 2175 gratiam
1952 2121 1992 2162 in
2013 2127 2232 2175 conspectu

323 2179 584 2220 Salmanasar
610 2181 723 2234 regis,
780 2182 811 2204 ¹⁴
838 2185 879 2220 et
906 2180 1019 2220 dedit
1045 2180 1100 2220 illi
1127 2186 1377 2234 potestatem
1406 2194 1664 2235 quocumque
1692 2180 1813 2221 vellet
1840 2180 1906 2225 ire,
1936 2180 2090 2221 habens
2116 2180 2233 2221 liber-

323 2243 453 2280 tatem
484 2253 750 2293 quaecumque
779 2240 910 2279 facere
939 2239 1145 2280 voluisset.

162 2307 271 2332 G2b0¹⁰
428 2312 458 2334 ¹⁵
485 2310 687 2363 Pergebat
713 2323 804 2363 ergo
834 2310 885 2350 ad
912 2323 1063 2355 omnes,
1094 2310 1162 2364 qui
1189 2316 1306 2351 erant
1332 2310 1372 2351 in
1400 2311 1655 2364 captivitate,
1685 2316 1725 2351 et
1753 2310 1911 2351 monita
1936 2309 2078 2350 salutis
2106 2310 2233 2351 dabat

114 2344 307 2405 letinetcaeitnreifft-
323 2370 389 2410 813.
436 2371 470 2393 ¹⁶
485 2369 586 2410 Cum
604 2374 742 2410 autem
758 2369 936 2409 venisset
951 2369 993 2409 in
1011 2369 1143 2423 Rages
1159 2370 1371 2410 civitatem
1388 2370 1612 2418 Medorum,
1631 2375 1671 2410 et
1689 2383 1737 2410 ex
1753 2369 1826 2418 his,
1846 2369 1992 2423 quibus
2008 2369 2232 2410 honoratus

323 2429 456 2469 fuerat
483 2442 507 2469 a
531 2441 632 2482 rege.
660 2428 870 2469 habuisset
894 2428 1033 2469 decem
1058 2428 1217 2469 talenta
1241 2429 1415 2482 argenti:
1469 2430 1502 2453 ¹⁷
1527 2434 1569 2470 et
1593 2442 1685 2469 cum
1710 2429 1748 2469 in
1775 2427 1907 2468 multa
1932 2428 2054 2469 turba
2076 2427 2231 2481 generis

321 2488 382 2528 sui
412 2487 612 2529 Gabelum
643 2493 829 2541 egentem
859 2487 1027 2535 videret,
1061 2488 1130 2541 qui
1160 2493 1247 2528 erat
1277 2501 1327 2529 ex
1356 2488 1467 2529 tribu
1498 2488 1594 2537 eius,
1627 2488 1703 2529 sub
1734 2487 2000 2541 chirographo
2032 2487 2145 2528 dedit
2176 2486 2232 2527 illi

321 2552 594 2588 memoratum
623 2547 783 2600 pondus
813 2547 980 2600 argenti.

889 2653 928 2692 2.
951 2650 1173 2703 Spoliatio
1204 2651 1248 2693 et
1277 2652 1407 2704 fuga,
1435 2652 1475 2703 1,
1493 2653 1666 2693 18—23.

113 2721 307 2782 ζῆῗέξῗζξξζῖ
428 2726 463 2748 ¹⁸
491 2724 590 2765 Post
618 2724 795 2764 multum
824 2737 918 2765 vero
948 2723 1154 2777 temporis,
1185 2729 1348 2765 mortuo
1378 2723 1639 2765 Salmanasar
1666 2736 1768 2776 rege,
1800 2736 1893 2763 cum
1920 2726 2108 2776 regnaret
2135 2721 2232 2762 Sen-

124 2777 192 2819 0ὼὸ
213 2778 302 2819 h'abet
324 2783 514 2824 nacherib
533 2783 637 2823 filius
655 2783 738 2823 81113
757 2796 828 2836 pro
847 2796 904 2828 eo,
926 2789 966 2823 et
984 2783 1085 2824 filios
1106 2782 1229 2823 Israel
1247 2796 1389 2824 exosos
1408 2783 1577 2823 haberet
1594 2783 1635 2823 in
1654 2787 1873 2835 conspectu
1891 2794 1982 2822 suo:
2030 2782 2063 2805 ¹⁹
2082 2780 2232 2822 Tobias

323 2843 504 2896 quotidie
523 2843 720 2896 pergebat
738 2855 809 2896 per
829 2856 991 2883 omnem
1012 2842 1297 2895 cognationem
1317 2855 1446 2887 suam,
1469 2848 1510 2883 et
1530 2841 1818 2883 consolabatur
1837 2854 1915 2889 cOS,
1938 2839 2232 2893 dividebatque

322 2902 550 2955 unicuique,
590 2907 713 2955 prout
748 2907 923 2955 poterat,
963 2902 1012 2942 de
1048 2901 1316 2942 facultatibus
1353 2901 1452 2941 suis:
1517 2903 1553 2925 ‘²0
1589 2901 1808 2941 esurientes
1845 2899 1992 2944 alebat,
2032 2898 2232 2952 nudisque

321 2961 568 3002 vestimenta
604 2961 824 3014 praebebat,
864 2967 905 3001 et
941 2960 1111 3001 mortuis
1149 2966 1273 3013 atque
1311 2960 1448 3001 occisis
1486 2959 1738 3013 sepulturam
1775 2958 1954 2999 solicitus
1991 2957 2224 2998 exhibebat.

124 3033 304 3093 {figugcgffiff
428 3034 457 3056 2¹
501 3032 704 3084 cDenique
739 3045 829 3071 cum
865 3044 1048 3072 reversus
1083 3037 1188 3071 esset
1222 3044 1291 3071 rex
1325 3030 1598 3071 Sennacherib
1632 3029 1788 3083 fugiens
1824 3043 1848 3069 a
1883 3029 2022 3070 Iudaea
2054 3027 2228 3082 plagam,

147 3087 163 3091 ‘¹
235 3088 240 3091 ⁴
302 3087 306 3095 '
324 3104 444 3144 quam
466 3091 572 3131 circa
590 3104 681 3131 eum
702 3091 852 3131 fecerat
872 3091 982 3130 Deus
1001 3096 1168 3144 propter
1187 3090 1482 3143 blasphemiam
1503 3103 1631 3133 snam,
1654 3094 1693 3129 et
1714 3089 1841 3129 iratus
1860 3087 2010 3129 multos
2030 3087 2228 3129 occideret

322 3164 370 3189 ex
398 3150 486 3190 filiis
517 3149 650 3194 1311181,
681 3150 829 3190 Τ0111113
856 3149 1077 3202 sepeliebat
1104 3162 1273 3201 corpora
1299 3162 1449 3189 eorum.

144 3219 287 3285 Sff‘fflffi
427 3222 458 3244 ‘22
486 3221 539 3260 At
568 3220 636 3260 ubi
665 3220 903 3260 nunciatum
932 3226 993 3261 est
1019 3220 1112 3273 regi,
1142 3220 1256 3260 iussit
1284 3233 1375 3260 eum
1405 3219 1543 3263 occidi.
1573 3225 1613 3259 et
1641 3217 1735 3259 tulit
1763 3231 1925 3258 omnem
1951 3217 2226 3257 substantiam

173 3291 258 3319 sumt.
325 3279 418 3319 eius.
472 3282 503 3303 2²⁵
528 3279 674 3320 'l'obias
701 3293 792 3319 vero
818 3293 909 3319 cum
935 3279 1014 3319 filio
1039 3293 1123 3322 suo,
1150 3284 1189 3319 et
1214 3292 1304 3319 cum
1330 3291 1454 3319 uxore
1478 3278 1645 3329 fugiens,
1673 3277 1805 3317 nudus
1829 3276 1962 3320 latuit,
1990 3276 2086 3329 quia
2108 3275 2228 3316 multi

322 3337 542 3391 diligebant
575 3352 678 3379 811111.

454 3464 483 3505 l,
521 3464 540 3496 ⁴2
570 3464 607 3496 ³⁶2
638 3464 690 3508 Rg
722 3466 772 3498 17.
802 3466 836 3499 23:
875 3465 925 3501 18,
955 3465 984 3498 9.
1031 3486 1070 3488 -—
1113 3465 1132 3498 5
1165 3466 1197 3497 bl
1238 3464 1290 3507 Rg
1325 3466 1374 3498 12.
1409 3464 1459 3497 28.
1504 3485 1543 3487 —
1586 3464 1625 3497 :31
1665 3464 1699 3496 ⁰2
1735 3462 1786 3507 Rg
1820 3463 1871 3496 19.
1906 3462 1963 3497 235:
2001 3461 2054 3495 Sir
2084 3461 2137 3498 48.
2171 3461 2228 3497 24:

320 3512 340 3545 2
367 3512 439 3545 Mcc
464 3512 495 3550 8,
523 3512 572 3544 19.
