2356 3760
120 285 125 290 ι
140 277 144 288 l
205 276 208 280 ⁸

81 302 246 325 abstulit-{lim

276 175 371 215 1128
931 170 1153 204 EPISTULA
1183 168 1322 202 REATI
1350 168 1490 201 PAULI
1947 169 1976 208 7,
2004 169 2126 210 14—9‚
2156 171 2176 204 5

379 266 420 305 ln
447 265 724 305 vonsolarione
751 271 885 305 autem
918 269 1066 304 nostra.
1093 261 1372 302 abundantius
1399 261 1528 315 magis
1555 261 1682 313 gavisi
1711 275 1850 303 sumus
1878 276 1999 316 super
2024 263 2174 317 gaudio

82 338 175 364 uuam·
196 343 247 360 >110
270 324 361 366 Titi.
388 324 481 376 quia
510 325 682 364 rofovtus
712 330 767 363 est
801 320 964 374 spiritus
990 321 1073 360 eius
1097 321 1148 360 ab
1172 319 1360 361 omnibus
1386 320 1513 361 vobis.
1565 322 1595 344 ¹4
1618 325 1658 360 et
1681 319 1713 360 si
1737 319 1835 373 quid
1855 321 1966 374 apud
1988 320 2102 363 illum
2126 322 2175 363 de

96 375 175 401 prust
183 371 201 394 it
208 380 222 394 :i

77 877 117 900 Ml
138 876 244 902 insi-211¹*

89 912 248 935 .10.-‹1==nnvn

77 947 240 976 &euml-un

88 1412 135 1435 pro
158 1405 232 1429 bon-‘¹

85 1476 235 1500 voluntate

84 1512 233 1535 wullrvtnrn

77 1547 241 1571 int-huntam

86 1583 231 1611 vertieizsnt

66 2170 91 2191 e(
108 2167 251 2191 minietros

97 2202 220 2227 (ἫΗΔ-(Ἳίἓ

73 2238 248 2267 5›··rn‹·.i··n‹1a2

94 2276 224 2297 anunm—r

90 2311 227 2334 rr,ietr·11t;

271 383 382 423 vobis
396 382 591 433 gloriatus
606 396 704 424 sinn,
722 393 900 420 1101131111]
918 378 1126 419 confusus:
1147 379 1215 418 sed
1229 377 1333 418 sicut
1349 379 1486 419 omnia
1500 378 1616 420 vobis
1634 378 1674 418 in
1689 377 1863 419 veritate
1878 378 2004 420 loeuti
2021 393 2172 426 sumus.

267 441 323 481 ita
348 448 385 481 et
407 441 593 490 gloriatio
614 449 761 481 nostra,
785 452 873 491 quw
895 437 969 477 fuit
992 437 1043 477 ad
1063 436 1214 480 Titum.
1237 436 1388 477 veritas
1408 437 1521 478 faeta
1539 442 1611 481 est.
1661 438 1690 461 ¹5
1711 442 1753 478 et
1770 436 1925 478 viscera
1944 438 2027 479 eius
2046 439 2176 480 abun-

264 500 428 540 dantius
456 500 491 540 in
521 498 633 538 vobis
657 504 769 537 sunt:
800 494 1089 536 reminiscentis
1117 495 1299 536 omnium
1326 500 1509 536 vestrum
1532 495 1826 537 obedientiam:
1852 498 2058 551 quomodo
2081 511 2174 539 cum

265 559 418 600 timore.
445 565 482 598 et
517 567 685 597 tremore
715 554 928 607 exeepistis
952 554 1076 594 illum.
1135 555 1167 577 ¹⁶
1189 554 1358 594 Gaudeo
1383 554 1488 607 quod
1514 554 1555 595 in
1582 554 1770 596 omnibus
1794 555 1954 597 eonfido
1980 556 2020 596 in
2045 556 2172 598 vobis.

909 684 1127 738 PARS
1170 685 1532 739 ALTERA.

555 776 783 829 Oratio
822 774 1012 826 Pauli
1050 773 1487 840 paraenetica,
1527 773 1585 839 8,
1613 774 1770 840 1—9,
1797 773 1884 826 15.

367 869 404 911 8.
462 871 471 892 ¹
509 868 655 908 Nolani
691 872 827 907 autem
864 867 1033 907 facimus
1070 865 1197 915 vobis,
1233 866 1391 916 fratres,
1428 866 1603 921 gratiam
1638 865 1726 916 Dei,
1779 881 1868 921 quae
1903 868 2003 909 data
2036 873 2098 910 est
2131 869 2172 909 in

269 927 450 969 lecclosiis
473 925 735 967 Mam-donizo:
783 928 797 950 2
819 926 928 978 quod
948 926 988 965 in
1010 925 1140 966 multo
1161 925 1440 978 experimento
1462 925 1738 967 tribulationis
1760 926 2017 968 abundantia
2035 928 2175 981 gaudii

264 988 439 1040 ipsorum
483 985 571 1029 fuit.
616 990 656 1025 et
698 984 895 1025 altissima
938 989 1156 1037 paupertas
1191 997 1331 1026 eorum
1364 984 1595 1026 abundavit
1626 984 1667 1025 in
1702 984 1866 1026 divitias
1900 985 2174 1040 simplicitatis

262 1059 417 1086 uorum:
479 1047 493 1067 ²¹
529 1043 623 1096 quia
656 1043 877 1083 secundum
912 1043 1109 1084 virtutem
1144 1043 1426 1085 testimonium
1461 1043 1538 1084 illis
1571 1043 1710 1093 reddo,
1746 1049 1787 1085 et
1820 1057 1943 1098 supra
1976 1044 2174 1087 virtutem

262 1103 480 1145 voluntarii
513 1104 686 1145 fuerunt.
744 1103 758 1125 ⁴
788 1116 879 1143 cum
910 1101 1042 1143 multa
1070 1101 1357 1143 exhortatione
1387 1103 1645 1144 obsecrantes
1675 1115 1748 1144 nos
1777 1103 1965 1156 gratiam,
1997 1109 2039 1145 et
2067 1117 2175 1146 eoni-

263 1161 577 1203 nuuiieationeni
613 1160 835 1203 ministerii.
872 1161 981 1213 quod
1014 1160 1061 1201 fit
1093 1160 1134 1201 in
1167 1161 1353 1203 Sanetos.
1414 1163 1429 1186 ⁵
1461 1162 1518 1202 Et
1549 1175 1631 1203 non
1665 1161 1771 1203 sicut
1803 1162 2069 1216 speravimus,
2104 1165 2174 1204 sed

261 1221 496 1273 semetipsos
529 1219 728 1260 dederunt
761 1219 937 1272 primum
970 1219 1160 1268 Domino,
1196 1220 1341 1261 deinde
1373 1220 1490 1262 nobis
1523 1233 1594 1274 per
1625 1220 1885 1262 voluntatem
1916 1221 2006 1265 Dei.
2070 1224 2085 1246 ⁶
2116 1221 2174 1263 ita

263 1287 307 1321 ut
340 1292 570 1329 rogaremus
604 1277 760 1319 Titum:
810 1284 857 1319 ut
890 1279 1238 1332 quemadmodum
1272 1278 1408 1332 eoepit,
1443 1278 1503 1320 ita
1535 1285 1576 1320 et
1608 1279 1793 1332 perficiat
1824 1279 1865 1319 in
1899 1279 2015 1321 vobis
2049 1280 2172 1321 etiam

261 1339 432 1386 gratiani
464 1337 596 1378 istam.

371 1399 384 1420 ⁷
405 1397 483 1438 Sed
504 1396 608 1437 sieut
628 1395 668 1436 in
691 1396 877 1437 onmibus
900 1396 1120 1438 abundatis
1142 1396 1231 1447 fide,
1255 1402 1296 1438 et
1316 1410 1512 1446 sermone,
1536 1402 1577 1438 et
1597 1396 1778 1446 seientia,
1802 1402 1843 1438 et
1865 1395 1975 1438 omni
1995 1396 2175 1438 solicitu-

265 1456 368 1500 dine.
391 1456 552 1508 insuper
574 1461 614 1495 et
636 1454 835 1496 charitate
858 1460 995 1496 vestra
1015 1455 1056 1496 in
1078 1469 1164 1505 nos,
1184 1461 1232 1497 ut
1253 1461 1294 1498 et
1315 1456 1357 1496 in
1378 1456 1454 1497 hac
1476 1455 1609 1510 gratia
1631 1455 1861 1497 abundetis.
1908 1457 1923 1479 ⁸
1946 1455 2039 1497 Non
2059 1456 2173 1510 quasi

264 1516 465 1568 imperans
497 1514 603 1555 dico:
637 1514 706 1555 sed
736 1528 807 1568 per
838 1513 1009 1556 aliorum
1041 1514 1354 1565 solicitudinem,
1389 1515 1514 1556 etiam
1546 1520 1692 1556 vestrae
1723 1514 1936 1556 eharitatis
1966 1514 2173 1568 ingenium

266 1575 416 1615 bonum
444 1573 724 1626 comproba-ns.
784 1575 799 1597 ⁹
826 1573 946 1615 Scitis
974 1573 1082 1615 enim
1109 1574 1285 1627 gratiam
1313 1573 1481 1615 Domini
1508 1573 1637 1615 nostri
1668 1574 1758 1615 Iesu
1787 1573 1947 1623 Christi,
1979 1574 2171 1627 quoniam

263 1639 426 1686 propter
452 1646 522 1673 vos
548 1645 694 1685 egenus
720 1632 853 1673 faetus
879 1638 951 1682 est,
979 1646 1071 1674 curn
1097 1638 1203 1674 esset
1228 1632 1352 1681 dives,
1380 1638 1428 1674 ut
1451 1632 1558 1674 illius
1584 1632 1723 1686 inopia
1747 1646 1821 1674 vos
1847 1632 1995 1674 divites
2021 1632 2172 1674 essetis.

261 1694 296 1717 ¹⁰
320 1692 375 1732 Et
400 1690 610 1732 eonsilium
636 1690 677 1731 in
702 1691 778 1732 hoe
804 1691 874 1732 do:
902 1692 977 1733 hoc
1003 1692 1111 1732 enim
1137 1691 1252 1733 vobis
1279 1691 1378 1733 utile
1404 1697 1476 1738 est,
1507 1692 1575 1745 qui
1599 1705 1682 1732 non
1708 1691 1841 1733 solum
1866 1691 2010 1736 faeere.
2038 1691 2109 1732 sed
2133 1697 2174 1732 et

262 1750 361 1791 velle
388 1750 566 1803 coepistis
593 1751 643 1791 ab
670 1763 777 1791 anno
803 1750 953 1803 priore:
1008 1753 1038 1775 ¹¹
1064 1764 1173 1792 nune
1198 1764 1297 1792 vere
1320 1756 1362 1791 et
1386 1751 1497 1792 facto
1522 1749 1722 1804 perficite:
1750 1756 1797 1791 ut
1824 1750 2172 1804 quemadmodum

262 1815 474 1863 promptus
503 1814 563 1849 est
591 1809 748 1850 animus
777 1809 1016 1856 voluntatis,
1046 1809 1106 1851 ita
1132 1809 1185 1851 sit
1212 1815 1253 1850 et
1279 1809 1513 1863 perficiendi
1541 1823 1590 1850 ex
1618 1823 1676 1858 eo,
1707 1809 1818 1862 quod
1844 1808 2018 1849 habetis.
2074 1810 2106 1833 12
2133 1809 2173 1849 Si

261 1869 366 1909 enim
392 1868 582 1909 voluntas
608 1873 800 1922 prompta
823 1873 895 1918 est,
922 1869 1147 1909 secundum
1170 1868 1223 1918 id,
1251 1868 1362 1922 quod
1384 1869 1521 1913 habet,
1549 1873 1719 1921 accepta
1742 1872 1815 1917 est,
1841 1880 1925 1908 non
1949 1867 2173 1909 seeundum

262 1927 312 1977 id,
340 1927 449 1981 quod
472 1940 553 1968 non
578 1927 713 1968 habet.
767 1929 798 1951 ¹3
822 1927 860 1967 N
864 1941 914 1968 on
939 1927 1045 1968 enim
1070 1933 1118 1969 ut
1141 1927 1228 1968 aliis
1253 1927 1306 1969 sit
1328 1927 1521 1977 remissio,
1548 1926 1664 1968 vobis
1688 1932 1827 1968 autem
1852 1925 2077 1971 tribulatio,
2104 1927 2174 1967 sed

261 2000 310 2027 ex
328 1986 573 2040 aequalitate.
623 1988 654 2010 ¹4
675 1986 720 2026 In
739 1986 929 2040 praesenti
948 1992 1131 2040 tempore
1150 1992 1288 2028 vestra
1306 1986 1564 2027 abundantia
1580 1985 1744 2027 illorum
1762 1985 1946 2039 inopiam
1965 1985 2172 2039 suppleat:

262 2051 305 2086 ut
331 2050 370 2085 et
395 2045 555 2086 illorum
581 2045 837 2086 abundantia
860 2050 1006 2086 vestrae
1030 2045 1176 2099 inopiae
1200 2045 1253 2087 sit
1277 2045 1621 2099 supplementum,
1648 2049 1695 2085 ut
1718 2044 1793 2085 fiat
1816 2043 2041 2098 aequalitas,
2069 2044 2174 2085 sieut

261 2104 456 2157 seriptum
486 2109 564 2144 est:
622 2105 652 2127 ¹⁵
687 2104 783 2152 :Qui
811 2104 988 2144 multum
1017 2118 1099 2145 non
1129 2104 1377 2145 abundavit:
1408 2109 1449 2145 et
1478 2104 1547 2158 qui
1574 2103 1793 2153 modicum,
1824 2116 1908 2144 non
1936 2103 2171 2145 minoravit.

368 2164 402 2186 ¹⁶
434 2162 596 2202 Gratias
630 2167 767 2202 autem
801 2162 901 2209 Deo,
939 2162 1007 2216 qui
1040 2163 1154 2203 dedit
1187 2163 1357 2203 eandem
1391 2162 1691 2203 solicitudinem
1724 2176 1798 2216 pro
1832 2161 1947 2204 vobis
1980 2161 2021 2202 in
2055 2163 2174 2204 eorde

264 2221 356 2269 Titi,
418 2223 450 2245 ¹⁷
485 2220 677 2275 quoniam
711 2221 1039 2261 exhortationem
1073 2221 1235 2274 quidem
1269 2220 1464 2275 suscepit:
1499 2221 1568 2262 sed
1600 2234 1693 2262 eum
1725 2221 1921 2262 solicitior
1951 2226 2071 2271 esset,
2102 2235 2176 2262 sua

265 2280 479 2321 voluntate
503 2279 709 2332 profectus
734 2284 794 2320 est
818 2280 870 2320 ad
895 2293 978 2321 vos.
1032 2282 1066 2304 18
1090 2280 1273 2321 Misimus
1297 2280 1422 2321 etiam
1447 2294 1538 2321 cum
1564 2279 1632 2321 illo
1655 2279 1837 2330 fratrem,
1864 2279 1977 2321 cuius
2000 2279 2088 2321 laus
2113 2286 2174 2321 est

263 2339 301 2379 in
331 2338 553 2392 Evangelio
580 2352 651 2391 per
678 2351 815 2379 onmes
844 2338 1061 2379 Ecclesias:
1118 2341 1152 2363 ¹⁹
1178 2352 1261 2380 non
1289 2339 1421 2381 solum
1449 2345 1599 2388 autem,
1630 2339 1699 2379 sed
1726 2343 1768 2379 et
1795 2338 2007 2379 ordinatus
2035 2343 2095 2379 est
2123 2339 2174 2379 ab

264 2397 449 2439 lieelesiis
479 2410 611 2438 comes
640 2397 975 2450 peregrinationis
1004 2403 1153 2439 nostrae
1181 2398 1221 2438 in
1252 2398 1356 2439 hane
1384 2397 1571 2451 gratiam,
1604 2411 1693 2452 quae
1721 2397 1980 2438 ministratur
2007 2410 2031 2437 a.
2058 2396 2174 2438 nobis

262 2457 313 2497 ad
348 2456 510 2497 Domini
542 2455 723 2507 gloriam,
759 2462 800 2497 et
832 2456 1080 2497 destinatam
1114 2457 1373 2498 voluntatem
1406 2462 1608 2498 nostram:
1669 2458 1705 2481 ‘20
1737 2455 1969 2497 devitantes
2001 2456 2089 2505 hoc,
2124 2469 2174 2496 ne

265 2515 352 2569 quis
379 2528 452 2556 nos
482 2515 685 2568 vituperet
715 2515 754 2555 in
783 2515 859 2556 hae
885 2515 1151 2569 plenitudine.
1185 2530 1273 2570 quae
1301 2515 1559 2557 ministratur
1586 2529 1610 2556 a
1637 2515 1765 2557 nobis.
1822 2517 1854 2539 ²¹
1887 2514 2175 2556 bProvidemus

263 2574 368 2613 enini
396 2575 500 2614 bona
524 2587 603 2613 non
630 2573 759 2614 solum
785 2587 920 2614 eoram
944 2574 1044 2622 Deo,
1070 2575 1139 2615 sed
1164 2575 1287 2615 etiam
1313 2588 1450 2616 coram
1474 2574 1719 2616 hominibus.
1772 2576 1804 2599 22
1827 2573 2011 2615 Misimus
2036 2578 2174 2615 autem

264 2647 353 2673 eum
388 2632 462 2672 illis
495 2638 535 2673 et
567 2632 732 2673 fratrem
767 2638 965 2682 nostrum,
1001 2647 1121 2686 quem
1155 2633 1418 2687 probavimus
1450 2633 1491 2674 in
1523 2633 1663 2675 multis
1696 2646 1800 2686 saepe
1832 2632 2037 2674 solicitum
2070 2645 2172 2673 esse:

266 2705 369 2731 nunc
393 2697 531 2732 autem
556 2690 684 2731 11111110
708 2690 979 2740 solicitiorem,
1004 2692 1254 2734 confidentia
1274 2693 1408 2734 multa
1429 2692 1469 2733 in
1494 2706 1578 2737 VOS.
1629 2694 1661 2716 23
1684 2692 1768 2733 sive
1791 2705 1864 2745 pro
1887 2691 1993 2742 Tito,
2020 2690 2089 2746 qui
2111 2697 2173 2732 est

265 2750 392 2789 soz-ius
426 2763 548 2792 meus.
584 2756 623 2790 et
657 2749 694 2789 in
729 2763 799 2789 vos
832 2750 1005 2795 adiutor,
1040 2751 1123 2792 sive
1155 2751 1300 2793 fratres
1332 2751 1473 2798 nostri,
1507 2750 1696 2805 Apostoli
1728 2750 2015 2800 Eeelesiarum,
2048 2749 2177 2803 gloria

267 2810 275 2842 (
287 2808 421 2848 'bristi
472 2810 504 2832 '2¹
525 2808 807 2849 Ostensionem
831 2822 934 2862 ergo.
957 2823 1046 2863 quae
1067 2815 1128 2851 est
1150 2810 1360 2852 eharitatis
1381 2816 1537 2856 vestrae,
1560 2815 1600 2851 et
1622 2815 1772 2851 nostrae
1793 2809 1929 2863 gloriae
1949 2822 2023 2863 pro
2046 2808 2174 2854 vobis,

267 2866 303 2904 in
335 2867 420 2907 illos
451 2867 650 2908 ostendite
679 2867 718 2907 in
747 2867 891 2908 faeiem
920 2868 1204 2910 Ecclesiarum.

241 2933 245 2935 ’
372 2926 408 2967 9.
467 2929 473 2949 1
511 2927 610 2966 Nam
641 2926 689 2967 de
719 2926 952 2975 ministerio,
984 2928 1092 2982 quod
1120 2928 1165 2968 fit
1195 2928 1234 2968 in
1262 2934 1424 2970 sanctos
1453 2942 1503 2970 ex
1530 2927 1761 2970 abundanti
1788 2933 1850 2969 est
1876 2927 1976 2968 mihi
2003 2926 2175 2968 seribere

274 2983 396 3022 vobis.
454 2988 466 3007 ²
495 2984 583 3023 Seio
613 2984 716 3025 enim
748 2991 982 3039 promptum
1013 2986 1195 3028 animum
1224 2993 1424 3029 vestrum:
1455 3001 1528 3041 pro
1557 3000 1638 3041 quo
1666 2987 1714 3028 de
1743 2985 1859 3028 vobis
1887 2985 2037 3040 glorior
2064 2986 2174 3040 apud

273 3041 519 3082 Maeedones.
549 3043 748 3089 Quoniam
776 3050 816 3084 et
843 3044 997 3085 Aehaia
1021 3050 1167 3098 parata
1193 3052 1254 3087 est
1280 3047 1330 3087 ab
1357 3060 1465 3087 anno
1492 3045 1709 3100 praeterit-0,
1738 3050 1779 3087 et
1805 3050 1943 3086 vestra
1967 3044 2174 3086 aemulatio

274 3100 507 3151 prover-avit
528 3101 728 3152 plurimos.
774 3106 788 3127 ³
806 3103 892 3143 Misi
911 3110 1047 3144 autern
1066 3104 1228 3145 fratres:
1249 3111 1293 3146 ut
1310 3119 1358 3145 ne
1376 3106 1485 3159 quod
1501 3105 1724 3159 gloriamur
1739 3105 1788 3145 de
1805 3103 1933 3153 vobis,
1952 3108 2176 3145 evacuetur

274 3158 308 3196 111
338 3159 409 3198 11η(ι
439 3166 561 3211 parte.
589 3167 628 3199 111
657 3162 1018 3213 (quemadmodum
1045 3162 1145 3217 dixi)
1171 3163 1303 3217 parati
1329 3163 1433 3205 sitis:
1487 3166 1503 3188 4
1527 3177 1577 3205 ne
1602 3178 1694 3205 cuni
1720 3163 1907 3204 venerint
1931 3162 2174 3204 Macedones

274 3230 439 3259 rnernrn.
474 3225 508 3257 et
546 3217 770 3260 invenerint
802 3234 873 3261 vos
906 3221 1138 3274 imparatos.
1173 3223 1455 3263 erubescamus
1487 3236 1559 3264 1103
1592 3225 1655 3274 (ut
1684 3235 1767 3264 non
1798 3221 1981 3263 dieamus
2012 3222 2103 3274 vos)
2133 3221 2174 3261 in

274 3275 345 3314 bae
376 3276 616 3315 substantia.
673 3279 687 3299 ⁵
722 3278 993 3320 N‹›‹·0ssari1u11
1024 3294 1116 3330 ergo
1145 3281 1375 3322 existimavi
1405 3295 1545 3335 rogare
1577 3282 1734 3330 fratres,
1766 3285 1813 3322 ut
1840 3279 2094 3334 praeveniant
2122 3279 2175 3320 ad

274 3347 354 3374 vos.
384 3343 419 3372 er
453 3341 674 3386 pra—parent
705 3338 982 3387 repromissam
1011 3339 1335 3381 benedictionem
1362 3340 1466 3381 hane
1491 3345 1683 3394 paratam
1709 3353 1793 3381 esse
1820 3339 1886 3389 sie,
1915 3338 2030 3393 quasi
2056 3339 2175 3379 bene-

271 3391 501 3435 dictionem,
533 3407 610 3432 11011
642 3400 849 3446 tamquam
880 3397 1107 3438 avaritiam.

402 3505 433 3544 11,
461 3506 497 3537 15
523 3506 593 3537 aux
623 3509 670 3544 1⁴5,
702 3508 747 3540 18.
844 3510 882 3542 531
909 3510 1015 3543 heum
1044 3513 1094 3552 12,
1120 3513 1172 3547 17.
