2356 3760
295 161 372 201 298
1142 161 1288 194 LIBER
1316 161 1342 195 Ῑ.
1925 163 1978 203 12,
2005 162 2146 202 10-12,
2171 161 2213 196 33

297 253 490 294 dixorunt
504 253 622 294 mihi:
640 253 787 294 Levius
803 253 867 293 fac
884 253 1022 307 iugum
1039 254 1149 307 quod
1164 254 1360 308 imposuit
1375 259 1493 308 pater
1507 259 1602 295 tuus
1618 267 1739 308 super
1754 255 1851 296 nos?
1896 257 1931 280 ¹⁰
1945 256 2001 297 Et
2021 255 2214 297 dixerunt

296 312 330 352 ei
360 312 526 353 iuvenes
557 313 625 366 qui
655 311 801 352 nutriti
829 312 993 352 fuerant
1023 325 1115 353 cum
1145 327 1209 353 eo:
1241 313 1305 354 Sic
1334 313 1509 367 loqueris
1539 313 1691 367 populo
1720 313 1826 362 huic,
1859 313 1928 367 qui
1956 313 2087 355 locuti
2116 319 2214 355 sunt

296 371 348 411 ad
373 376 425 417 te,
453 371 651 412 dieentes:
678 370 802 411 Pater
825 376 920 411 tuus
946 372 1189 424 aggravavit
1214 372 1352 424 iugum
1377 377 1576 416 nostrum,
1603 377 1650 412 tu
1675 371 1811 413 releva
1834 385 1918 414 nos,
1945 372 2010 414 Sic
2035 372 2212 427 loqueris

296 429 348 469 ad
369 443 454 470 eos:
476 429 668 470 Minimus
690 428 840 482 digitus
863 442 974 470 meus
995 430 1171 482 grossior
1191 437 1250 471 est
1272 431 1391 472 dorso
1412 430 1541 483 patris
1564 430 1652 471 mei.
1704 432 1733 454 ¹¹
1754 431 1810 472 Et
1830 444 1939 472 nunc
1960 436 2080 485 pater
2099 445 2212 473 meus

294 488 431 541 posuit
464 501 584 541 super
617 501 688 528 vos
722 487 861 541 iugum
894 501 1029 541 grave,
1066 502 1137 543 ego
1172 495 1311 530 autem
1345 489 1495 530 addam
1529 501 1650 542 super
1682 488 1822 542 iugum
1855 495 2060 531 vestrum:
2094 496 2214 544 pater

294 559 405 587 meus
435 546 580 587 cecidit
608 560 679 587 vos
711 546 889 599 flagellis,
920 560 992 597 ego
1021 552 1159 588 autem
1189 549 1342 588 credam
1370 562 1442 589 vos
1471 547 1762 601 scorpionibus

132 608 244 661 1¹32&ss
398 607 429 629 ¹²
453 605 575 645 Venit
598 618 690 655 ergo
719 605 941 649 Iemboam.
967 612 1008 646 et
1031 607 1161 647 omnis
1184 607 1359 660 populus
1383 607 1435 648 ad
1460 607 1647 647 Roboam
1670 606 1734 647 die
1756 607 1890 656 tertia,
1917 606 2023 648 sicut
2046 607 2210 648 locutus

115 673 258 703 repudiat.
294 666 425 704 fuerat
460 677 540 707 rex.
576 663 730 705 dicens:
772 664 1036 705 Revertimini
1070 665 1121 705 ad
1154 678 1218 706 me
1251 666 1314 706 die
1348 665 1480 706 tertia.
1545 668 1575 689 ¹³
1613 665 1919 719 Responditque
1951 678 2022 706 rex
2054 665 2210 720 populo

293 722 406 766 dura.
432 722 623 763 derelicto
646 722 811 763 consilio
834 722 1049 769 seniorum,
1076 724 1185 777 quod
1207 724 1241 765 ei
1263 725 1473 768 dederant.
1527 726 1556 748 ¹⁴
1578 729 1619 765 et
1639 723 1800 765 locutus
1822 730 1884 765 est
1905 724 1960 765 eis
1982 725 2209 765 secundum

294 781 505 822 eonsilium
542 781 748 826 iuvenum,
785 781 939 822 dicens:
976 783 1099 823 Pater
1133 796 1245 824 meus
1280 783 1523 837 aggravavit
1557 782 1696 836 iugum
1730 788 1926 828 vestrum.
1963 796 2035 837 ego
2070 789 2210 824 autem

294 840 444 880 addam
474 840 566 894 iugo
594 845 749 881 vestro:
779 846 897 893 pater
923 854 1037 881 meus
1066 841 1212 883 cecidit
1240 855 1311 883 vos
1343 842 1522 895 flagellis,
1553 855 1625 896 ego
1654 846 1793 883 autem
1822 842 1976 883 eaedam
2004 855 2077 883 vos
2106 854 2211 883 scor-

294 898 495 952 pionibus.
547 901 576 923 ¹⁵
595 900 651 940 Et
670 912 751 940 non
772 899 978 953 acquievit
997 913 1068 941 rex
1086 900 1257 954 populo:
1280 900 1473 955 quoniam
1494 905 1707 942 aversatus
1726 900 1863 942 fuerat
1881 914 1974 941 eum
1994 900 2210 950 Dominus,

294 962 340 998 ut
364 958 579 999 suscitaret
603 959 774 998 verbum
799 972 929 1003 suum,
959 959 1090 1012 aquod
1114 958 1273 1000 locutus
1298 960 1432 1001 fuerat
1457 960 1495 1000 in
1521 973 1645 1000 manu
1668 959 1783 1000 Ahiae
1805 959 2001 1003 Silonitae,
2028 960 2081 1000 ad
2105 959 2211 1000 Iero-

295 1017 413 1058 boam
446 1017 571 1058 filium
605 1017 755 1057 Nabat.

94 1078 280 1139 q¹1¹grrgggfffi¹
400 1078 433 1100 ¹⁶
461 1076 611 1117 Videns
640 1076 780 1129 itaque
808 1076 982 1129 populus
1013 1078 1122 1130 quod
1150 1077 1346 1118 noluisset
1374 1091 1440 1119 eos
1469 1077 1609 1118 audire
1636 1090 1718 1121 rex,
1748 1077 1960 1131 respondit
1988 1077 2023 1118 ei
2051 1076 2208 1118 dicens:

102 1130 276 1189 regeinp‘on-
295 1135 393 1183 Quae
423 1135 539 1175 nobis
572 1148 662 1188 pars
693 1135 734 1175 in
764 1135 926 1176 David?
958 1135 1023 1176 vel
1053 1149 1143 1190 quae
1173 1136 1376 1177 hereditas
1406 1136 1447 1177 in
1478 1136 1559 1178 filio
1591 1135 1696 1176 Isai?
1729 1136 1842 1177 Vade
1872 1136 1913 1176 in
1942 1135 2212 1177 tabernacula

131 1185 240 1214 mmm
294 1199 367 1234 tua
399 1193 532 1239 Israel,
567 1207 674 1234 nune
706 1193 798 1234 vide
830 1194 998 1235 domum
1030 1199 1146 1235 tuam
1178 1195 1327 1236 David.
1377 1195 1433 1236 Et
1463 1195 1566 1237 abiit
1599 1194 1722 1236 Israel
1752 1194 1794 1235 in
1824 1194 2092 1236 tabernacula
2122 1208 2208 1236 sua.

294 1254 326 1276 ¹⁷
355 1253 485 1306 Super
513 1252 613 1294 filios
643 1258 782 1293 autem
814 1253 948 1298 Israel,
981 1253 1228 1307 quicumque
1256 1254 1505 1295 habitabant
1534 1254 1574 1294 in
1604 1254 1842 1295 civitatibus
1874 1253 1988 1302 Iuda,
2019 1253 2211 1307 regnavit

292 1312 492 1353 Roboam.
547 1313 581 1335 ¹⁸
604 1311 716 1352 Misit
740 1325 832 1365 ergo
856 1325 926 1352 rex
953 1313 1141 1353 Roboam
1165 1313 1362 1361 Aduram,
1391 1313 1459 1367 qui
1483 1318 1571 1354 erat
1595 1326 1716 1366 super
1738 1312 1915 1353 tributa:
1942 1318 1983 1353 et
2005 1311 2212 1366 lapidavit

291 1384 382 1411 eum
408 1371 538 1412 omnis
566 1370 700 1419 Israel,
728 1376 768 1411 et
791 1377 977 1412 mortuus
1003 1377 1074 1412 est.
1102 1372 1227 1413 Porro
1251 1385 1322 1413 rex
1347 1373 1535 1413 Roboam
1559 1371 1732 1412 festinus
1757 1371 1942 1412 ascendit
1965 1384 2141 1418 currum,
2169 1375 2212 1412 et

290 1429 395 1483 fugit
417 1428 458 1470 in
482 1429 720 1471 Ierusalem:
771 1431 805 1454 ¹⁹
826 1430 1072 1484 recessitque
1097 1431 1221 1472 Israel
1243 1444 1266 1472 a
1288 1432 1410 1473 domo
1432 1431 1582 1474 David.
1608 1444 1736 1484 usque
1758 1430 1799 1471 in
1821 1435 2064 1484 praesentem
2088 1429 2209 1471 diem.

290 1490 326 1512 ²⁰
354 1489 529 1530 Factum
560 1494 621 1530 est
651 1494 789 1530 autem
820 1502 913 1530 cum
943 1489 1125 1530 audisset
1155 1490 1285 1531 omnis
1319 1490 1453 1537 Israel,
1487 1490 1597 1544 quod
1626 1503 1810 1530 reversus
1841 1494 1947 1530 esset
1978 1489 2207 1537 Ieroboam,

295 1547 504 1592 miserunt.
533 1554 574 1589 et
598 1554 852 1589 vocaverunt
877 1561 970 1589 eum
995 1555 1239 1602 congregato
1266 1555 1388 1597 coetu,
1416 1555 1456 1590 et
1481 1549 1786 1590 constituerunt
1810 1561 1903 1589 eum
1928 1561 2063 1602 regem
2089 1560 2212 1601 super

293 1620 456 1647 omnem
480 1606 614 1652 Israel,
639 1620 712 1647 nec
734 1612 896 1647 secutus
919 1612 980 1648 est
1003 1607 1221 1661 quisquam
1243 1608 1412 1649 domum
1434 1608 1571 1649 David
1592 1612 1740 1661 praeter
1760 1607 1916 1648 tribum
1940 1607 2043 1648 Iuda
2064 1606 2206 1648 solam.

85 1665 288 1725 Ἧξξίζζζέζζζὲ·
399 1668 429 1690 2¹
459 1666 582 1706 Venit
611 1671 751 1706 autem
782 1666 970 1707 Roboam
1002 1666 1233 1716 Ierusalem,
1265 1672 1306 1708 et
1335 1667 1598 1721 congregavit
1627 1666 1861 1707 universam
1890 1666 2060 1707 domum
2091 1665 2207 1712 Iuda,

118 1736 258 1775 Domi-nus
293 1730 333 1766 et
364 1725 517 1766 tribum
552 1724 778 1773 Beniamin,
812 1730 977 1766 centum
1009 1725 1219 1779 octoginta
1250 1725 1377 1767 millia
1407 1726 1628 1767 electorum
1660 1725 1841 1767 virorum
1873 1724 2129 1773 bellatorum,
2163 1729 2210 1765 ut

115 1771 258 1801 ‘'mmm‘'
292 1790 525 1838 pugnarent
555 1790 698 1825 eontra
727 1784 896 1825 domum
929 1784 1064 1833 Israel,
1096 1791 1137 1825 et
1167 1786 1406 1826 reducerent.
1436 1798 1604 1839 regnum
1637 1785 1825 1826 Roboam
1854 1783 1936 1825 filio
1966 1783 2207 1825 Salomonis.

293 1845 325 1868 '2²
356 1844 528 1884 bFactus
556 1849 618 1884 est
644 1848 784 1884 autem
812 1856 942 1884 sermo
970 1843 1137 1884 Domini
1165 1845 1217 1885 ad
1244 1844 1446 1885 Semeiam
1474 1844 1608 1885 virum
1636 1843 1724 1893 Dei,
1755 1843 1910 1884 dicens:
1966 1844 1998 1867 2³
2025 1843 2210 1896 Loquere

292 1903 344 1943 ad
366 1903 554 1943 Roboam
574 1901 703 1942 filium
723 1902 951 1943 Salomonis
972 1915 1107 1956 regem
1130 1903 1244 1947 Iuda,
1268 1909 1309 1944 et
1329 1904 1381 1944 ad
1402 1917 1564 1945 omnem
1586 1904 1755 1944 domum
1778 1902 1893 1951 Iuda,
1917 1906 1957 1943 et
1979 1901 2207 1949 Beniamin,

292 1966 333 2002 et
356 1960 531 2014 reliquos
557 1961 606 2001 de
630 1960 795 2015 populo,
823 1961 977 2002 dicens:
1031 1964 1063 1986 24
1090 1962 1187 2003 Haec
1212 1962 1312 2003 dicit
1335 1962 1556 2004 Dominus:
1584 1962 1676 2003 Non
1702 1961 1942 2010 ascendetis,
1969 1974 2101 2014 neque
2126 1959 2210 2001 bel-

290 2020 427 2061 labitis
460 2025 602 2061 contra
631 2019 777 2061 fratres
807 2025 964 2062 vestros
996 2020 1096 2062 filios
1130 2021 1271 2062 Israel:
1303 2027 1536 2062 revertatur
1565 2021 1628 2061 vir
1656 2021 1697 2061 in
1728 2021 1897 2062 domum
1928 2033 2057 2069 suam,
2090 2033 2114 2060 a
2144 2032 2210 2060 me

292 2079 399 2120 enim
432 2080 588 2120 factum
621 2085 683 2120 est
713 2080 885 2120 verbum
916 2079 1004 2121 hoc.
1038 2080 1271 2121 Audierunt
1302 2094 1530 2122 sermonem
1562 2079 1741 2127 Domini,
1776 2084 1817 2121 et
1848 2079 1998 2120 reversi
2030 2083 2128 2119 sunt
2159 2078 2209 2119 de

293 2138 434 2179 itinere
464 2138 569 2179 sicut
599 2138 652 2179 eis
683 2144 931 2192 praeceperat
959 2139 1172 2181 Dominus.

661 2244 699 2283 2.
731 2243 942 2294 Impietas
973 2243 1209 2284 leroboam
1240 2244 1368 2295 regis
1399 2243 1550 2294 lsrael,
1578 2244 1645 2293 12,
1665 2242 1844 2283 25—32.

104 2316 270 2376 lgfflffgssffi
397 2315 429 2338 '2⁵
460 2313 697 2354 AEdifieavit
727 2318 866 2354 autem
900 2314 1113 2355 Ieroboam
1144 2313 1305 2355 Siehem
1335 2313 1376 2354 in
1407 2319 1547 2355 monte
1578 2313 1789 2367 Ephraim,
1823 2318 1864 2353 et
1894 2312 2103 2354 habitavit
2134 2312 2207 2354 ibi:

244 2371 249 2381 '
293 2378 332 2413 et
364 2385 544 2427 egressus
576 2372 669 2413 inde
700 2372 920 2414 aedificavit
950 2373 1146 2414 Phanuel.

94 2433 280 2494 ileaffisjihgjlg}
398 2433 433 2455 ‘2⁶
452 2431 650 2485 Dixitque
672 2431 885 2473 Ieroboam
906 2431 947 2472 in
967 2432 1086 2474 corde
1105 2446 1196 2473 suo:
1220 2432 1256 2472 N
1260 2445 1338 2473 une
1357 2438 1586 2473 revertetur
1604 2445 1774 2485 regnum
1794 2431 1847 2472 ad
1866 2431 2035 2472 domum
2055 2430 2206 2479 David,

141 2505 232 2534 ponit.
293 2492 323 2513 ³¹
354 2490 385 2530 si
413 2491 640 2531 ascenderit
666 2490 841 2544 populus
869 2491 944 2532 iste
972 2496 1019 2532 ut
1044 2491 1171 2532 faciat
1197 2491 1394 2532 sacrificia
1418 2491 1460 2531 in
1487 2491 1609 2533 domo
1636 2490 1804 2532 Domini
1830 2489 1872 2530 in
1900 2489 2139 2530 Ierusalem:
2168 2495 2209 2531 et

293 2555 557 2590 convertetur
573 2563 640 2591 eor
655 2549 796 2603 populi
813 2550 932 2591 huius
950 2550 1002 2591 ad
1019 2550 1233 2591 dominum
1250 2564 1369 2592 suum
1388 2551 1576 2592 Roboam
1592 2563 1727 2604 regem
1746 2549 1861 2597 Iuda,
1879 2548 2209 2602 interficientque

292 2621 368 2652 me,
400 2614 440 2649 et
467 2614 726 2649 revertentur
753 2609 805 2650 ad
832 2623 936 2650 eum.
994 2611 1029 2634 2⁸
1063 2610 1135 2650 cEt
1163 2609 1395 2663 excogitato
1424 2609 1590 2651 consilio
1618 2609 1716 2650 fecit
1742 2609 1844 2650 duos
1871 2607 2023 2649 vitulos
2051 2620 2206 2656 aureos,

292 2672 332 2707 et
348 2667 453 2708 dixit
469 2667 543 2708 eis:
563 2667 698 2709 Nolite
714 2668 822 2708 ultra
838 2669 1054 2710 ascendere
1069 2668 1111 2709 in
1130 2668 1368 2710 Ierusalem:
1388 2668 1515 2710 dEcce
1531 2668 1587 2709 dii
1602 2667 1664 2709 tui
1682 2667 1816 2716 Israel,
1836 2666 1902 2721 qui
1922 2671 1962 2708 te
1978 2667 2209 2708 eduxerunt

293 2726 341 2766 de
356 2726 476 2767 Terra
493 2726 673 2781 Egypti.
717 2729 751 2751 2⁹
764 2727 989 2782 Posuitque
1008 2741 1136 2769 unum
1155 2727 1195 2768 in
1216 2727 1373 2775 Bethel,
1395 2733 1435 2769 et
1454 2727 1628 2769 alterum
1646 2727 1687 2768 in
1705 2728 1818 2768 Dan:
1859 2728 1896 2751 3⁰
1908 2730 1949 2767 et
1970 2725 2127 2767 factum
2148 2730 2209 2767 est

294 2785 464 2826 verbum
488 2786 563 2827 hoc
586 2786 627 2826 in
650 2792 885 2839 peccatum:
912 2786 999 2828 ibat
1017 2786 1124 2827 enim
1148 2786 1322 2841 populus
1341 2787 1395 2828 ad
1414 2787 1670 2828 adorandum
1689 2786 1866 2827 vitulum
1889 2799 2017 2839 usque
2039 2785 2082 2826 in
2100 2785 2205 2826 Dan.

98 2845 261 2905 {tn-¹232&
395 2846 425 2868 ³¹
455 2844 510 2885 Et
537 2845 633 2886 feeit
660 2845 758 2885 fana
785 2845 825 2885 in
854 2846 1032 2894 excelsis,
1058 2852 1100 2887 et
1133 2846 1380 2888 esacerdotes
1406 2846 1455 2887 de
1484 2846 1676 2887 extremis
1703 2845 1856 2900 populi,
1883 2844 1951 2899 qui
1979 2858 2061 2886 non
2090 2850 2207 2885 erant

98 2890 270 2955 ''aiiii-ms
293 2902 342 2943 de
374 2902 462 2943 filiis
494 2903 603 2944 Levi.
663 2905 696 2928 ³²
726 2904 1032 2959 Constituitque
1063 2905 1170 2946 diem
1201 2905 1436 2946 sollemnem
1468 2905 1508 2945 in
1538 2919 1676 2946 mense
1707 2911 1867 2953 octavo,
1901 2903 2208 2958 quintadecima

83 2954 356 3012 ¹¹¹‘²„¹{{'t¹‡,¹<,{'['¹¹'die
379 2962 539 3005 mensis,
566 2963 603 3002 in
628 2962 936 3004 similitudinem
959 2964 1257 3007 sollemnitatis,
1284 2977 1373 3018 quae
1396 2964 1680 3006 celebrabatur
1700 2964 1742 3005 in
1766 2964 1880 3005 Iuda.
1906 2963 1962 3004 Et
1984 2963 2206 3004 ascendens

291 3020 430 3063 altare,
460 3020 644 3061 similiter
669 3022 766 3063 fecit
790 3022 831 3062 in
859 3022 1015 3067 Bethel,
1045 3028 1091 3064 ut
1116 3023 1347 3064 immolaret
1373 3023 1525 3068 vitulis,
1555 3037 1655 3077 quos
1681 3023 1906 3064 fabricatus
1931 3022 2085 3063 fuerat:
2113 3035 2206 3063 con-

291 3079 509 3133 stituitque
537 3080 577 3120 in
607 3081 750 3121 Bethel
777 3082 1007 3123 sacerdotes
1036 3082 1298 3131 excelsorum7
1329 3095 1419 3136 quae
1446 3083 1608 3123 fecerat.

530 3191 567 3230 3.
598 3189 865 3230 Vaticinium
897 3191 941 3232 et
971 3201 1097 3231 mors
1126 3193 1366 3244 prophetae
1397 3193 1453 3233 de
1483 3192 1605 3242 luda,
1634 3193 1700 3243 12,
1720 3193 1892 3242 33—13‚
1913 3191 1977 3232 34.

94 3262 275 3322 muffffim
395 3263 427 3284 ³³
448 3261 501 3301 Et
521 3262 705 3302 aseendit
725 3275 845 3315 super
864 3262 992 3303 altare
1013 3263 1123 3316 quod
1143 3270 1382 3305 extruxerat
1402 3263 1443 3304 in
1464 3262 1620 3309 Bethel,
1645 3262 1951 3317 quintadecima
1970 3261 2034 3303 die
2054 3261 2204 3303 mensis

291 3319 438 3362 octavi,
468 3334 587 3373 quem
613 3321 787 3361 finxerat
811 3322 860 3362 de
886 3322 1004 3362 corde
1029 3335 1120 3363 suo:
1146 3328 1188 3364 et
1211 3323 1308 3365 fecit
1332 3322 1649 3365 sollemnitatem
1676 3322 1765 3363 filiis
1792 3321 1927 3365 Israel.
1955 3325 1995 3361 et
2020 3320 2205 3362 ascendit

291 3390 412 3430 super
438 3378 576 3424 altare,
607 3385 653 3420 ut
681 3379 860 3421 adoleret
888 3380 1110 3422 incensum.

425 3506 465 3538 15
486 3507 575 3548 ab'up
596 3507 646 3544 11,
667 3507 717 3539 31.
746 3528 786 3530 -—
812 3508 854 3540 :252
873 3509 911 3540 b?
932 3509 997 3542 Par
1016 3511 1068 3548 11,
1088 3509 1116 3541 2.
1145 3529 1186 3532 —
1210 3509 1252 3542 28
1275 3508 1363 3541 cTob
1383 3510 1413 3545 1.
1432 3509 1461 3541 ἴ).
1490 3529 1531 3532 -
1555 3508 1629 3541 dEx
1648 3509 1701 3547 32,
1727 3507 1756 3542 8.
1784 3529 1825 3532 —
1850 3508 1890 3542 31
1919 3508 1955 3541 02
1982 3508 2047 3541 Par
2072 3509 2123 3547 11,
2150 3507 2200 3540 15.
