2356 3760
146 93 200 134 67,
224 93 365 133 31—68‚
392 92 432 126 25
957 91 1241 125 PSALMORUM
1964 97 2036 138 521

145 189 177 212 ³¹
202 187 373 239 Increpa
400 186 505 226 feras
535 184 754 231 arundinis,
838 184 1094 236 congregatio
1124 189 1334 226 taurorum
1363 186 1404 226 in
1432 186 1564 226 vaccis
1593 188 1851 239 populorum:

199 251 246 286 ut
267 245 487 286 excludant
508 257 585 291 eos,
613 243 681 296 qui
710 241 871 295 probati
901 247 997 282 sunt
1026 248 1205 295 argento.
1277 244 1440 297 Dissipa¹
1459 250 1609 297 gentes,
1637 258 1725 297 quae
1755 247 1858 287 bella
1877 248 2037 289 volunt:

147 306 179 328 ³2
200 304 365 345 venient
393 303 516 357 legati
545 315 594 343 ex
623 301 820 354 AEgypto:
905 300 1114 353 AEthiopia
1142 303 1362 354 praeveniet
1391 316 1535 342 manus
1565 303 1648 343 eius
1677 303 1775 344 Deo.

147 412 179 434 33
202 410 343 462 Regna
372 414 498 455 terrae,
532 410 696 446 cantate
726 406 831 446 Deo:
916 404 1075 458 psallite
1104 405 1299 446 Domino:
1332 406 1490 459 psallite
1520 408 1618 455 Deo,
2073 412 2099 434 Μ
2122 411 2216 450 fibris

148 470 179 492 ³⁴
202 468 270 521 qui
303 466 484 507 ascendit
515 477 635 518 super
665 463 806 505 caelum
839 463 934 511 caeli,
969 464 1021 504 ad
1052 464 1271 505 Orientem.
1383 465 1485 505 Ecce
1517 466 1633 506 dabit
1663 466 1751 507 voci
1791 479 1872 507 suae
1904 446 2231 507 V00fflnmm1amm2

410 524 587 571 virtutis

149 587 181 610 35
203 586 298 626 date
320 584 489 637 gloriam
511 583 597 623 Deo
674 594 793 634 super
817 581 951 627 Israel,
976 581 1279 635 magnificentia
1301 581 1395 627 eius,
1474 588 1515 622 et
1536 582 1666 622 virtus
1689 583 1771 623 eius
1793 583 1833 623 in
1856 583 2043 623 nubibus.

149 646 184 668 ³⁶
201 642 396 684 Mirabilis
417 643 527 682 Deus
547 641 588 681 in
610 640 760 681 sanctis
782 640 874 687 suis,
953 640 1063 680 Deus
1087 639 1209 680 Israel
1229 640 1313 692 ipse
1335 640 1451 681 dabit
1472 640 1679 689 virtutem,
1703 645 1744 681 et
1764 641 2045 682 fortitudinem

413 700 521 754 plebi
549 712 642 748 suae,
727 698 963 739 benedictus
993 699 1115 739 Deus.

773 814 942 864 68(69).
974 814 1136 854 Preces
1168 813 1433 854 calamitosi.

258 902 272 924 1
303 900 350 940 Ιη
378 899 511 947 finem,
541 910 614 951 pro
642 897 700 943 iis,
733 897 802 951 qui
830 897 1206 944 comnmtabuntur,
1237 896 1385 938 David.
1416 895 1610 937 LXVIII.

172 1004 372 1046 2Salvum
402 1016 467 1044 me
496 1003 560 1043 fac
591 1003 719 1043 Deus:
793 1002 985 1055 quoniam
1016 1002 1274 1042 intraverunt
1305 1014 1420 1055 aquae
1451 1014 1577 1054 usque
1609 1001 1659 1041 ad
1691 1000 1869 1041 animam
1900 1013 2043 1041 meam.
2066 1004 2099 1028 1¹¹
2121 1004 2238 1043 §uminis

171 1066 187 1089 3
208 1063 360 1104 Infixus
382 1076 471 1103 sum
492 1062 532 1103 in
552 1061 647 1103 limo
668 1061 877 1114 profundi:
901 1066 941 1101 et
962 1074 1042 1102 non
1061 1066 1122 1101 est
1142 1061 1384 1101 substantia.
1442 1060 1543 1100 Veni
1564 1060 1603 1099 in
1625 1059 1884 1099 altitudinem
1905 1059 2044 1099 maris:
2090 1045 2213 1102 ἶ-Ῑέῑῖζζὲἶ

415 1126 455 1162 et
484 1125 707 1173 tempestas
737 1120 928 1160 demersit
956 1133 1032 1160 me.

172 1184 187 1206 ⁴¹
205 1180 408 1222 Laboravi
437 1180 628 1225 clamans,
659 1192 791 1219 raucae
818 1179 938 1219 factae
966 1183 1062 1219 sunt
1088 1178 1225 1218 fauces
1252 1190 1369 1217 meae:
1440 1177 1674 1217 defecerunt
1702 1176 1805 1217 oculi
1832 1176 1921 1222 mei,
1953 1177 2049 1216 dum

415 1252 530 1293 spero
560 1239 601 1279 in
630 1238 763 1279 Deum
793 1250 941 1278 meum.

172 1301 188 1324 ⁵
205 1298 467 1352 Multiplicati
493 1302 590 1338 sunt
615 1309 734 1350 super
759 1296 924 1349 capillos
950 1295 1095 1349 capitis
1120 1294 1210 1341 mei,
1240 1294 1308 1347 qui
1334 1294 1508 1335 oderunt
1532 1306 1596 1333 me
1621 1293 1758 1347 gratis.
1824 1292 2051 1333 Confortati

416 1362 511 1398 sunt
542 1356 610 1409 qui
638 1355 838 1409 persecuti
868 1359 964 1395 sunt
992 1367 1056 1394 me
1086 1352 1237 1394 inimici
1265 1353 1343 1392 mei
1373 1352 1538 1392 iniuste:

208 1430 297 1470 quae
326 1429 407 1457 non
435 1415 563 1469 rapui,
596 1420 694 1455 tunc
724 1413 977 1454 exolvebam.

151 1523 316 1563 ‘⁶Deus
345 1526 391 1562 tu
421 1520 496 1561 scis
526 1518 800 1572 insipientiam
830 1530 982 1557 meam:
1068 1522 1109 1557 et
1139 1516 1287 1557 delicta
1315 1529 1406 1556 mea
1437 1528 1460 1556 a
1493 1521 1533 1556 te
1563 1528 1643 1556 non
1673 1520 1769 1556 sunt
1799 1514 2047 1555 abscondita.
2114 1513 2197 1544 i‘l‘lffl‘

175 1583 189 1605 ⁷
208 1581 299 1622 Non
325 1580 565 1621 erubescant
590 1578 630 1619 in
654 1591 719 1618 me
745 1577 813 1630 qui
838 1581 1059 1629 expectant
1083 1581 1123 1616 te
1148 1576 1333 1623 Domine,
1361 1574 1534 1616 Domine
1560 1574 1773 1615 virtutum.
1845 1574 1934 1614 Non
1960 1586 2051 1613 con·
2100 1550 2209 1608 Ῐέἶῖἰῖἷῖἶζ]

417 1638 645 1679 fundantur
674 1649 793 1689 super
821 1649 885 1675 me
916 1635 981 1688 qui
1014 1640 1202 1687 quaerunt
1231 1639 1282 1678 te,
1314 1634 1423 1674 Deus
1456 1633 1588 1674 Israel.
2106 1620 2207 1684 (Ιᾞζῖἰῗὸ

176 1698 411 1748 ⁸Quoniam
448 1702 615 1752 propter
651 1701 691 1736 te
728 1694 901 1736 sustinui
939 1693 1221 1747 opprobrium:
1313 1692 1472 1745 operuit
1508 1691 1688 1733 confusio
1726 1691 1870 1731 faciem
1907 1703 2050 1730 meam.

177 1760 192 1782 ⁹
210 1758 441 1799 Extraneus
471 1756 604 1796 factus
635 1768 723 1795 sum
754 1753 948 1794 fratribus
978 1753 1088 1799 meis,
1174 1757 1214 1793 et
1243 1751 1475 1805 peregrinus
1506 1750 1593 1791 filiis
1623 1750 1764 1790 matris
1794 1762 1903 1789 meae.

158 1819 193 1841 ¹⁰
209 1817 409 1866 Quoniam
445 1814 571 1855 azelus
601 1813 745 1855 domus
774 1818 856 1853 tuae
885 1811 1062 1853 comedit
1090 1824 1172 1851 me:
1258 1816 1299 1851 et
1332 1810 1569 1863 bopprobria
1600 1808 1934 1861 exprobrantium
1967 1807 2051 1855 tibi,

420 1873 652 1915 ceciderunt
681 1885 800 1925 super
828 1885 903 1912 me.

159 1938 188 1960 11
210 1935 266 1976 Et
293 1934 431 1988 operui
459 1933 499 1973 in
526 1932 672 1973 ieiunio
701 1931 879 1971 animam
907 1943 1058 1970 meam:
1142 1934 1183 1969 et
1209 1928 1365 1969 factum
1396 1932 1456 1968 est
1482 1927 1522 1968 in
1550 1926 1811 1980 opprobrium
1838 1925 1948 1966 mihi.

160 1996 190 2019 12
211 1994 266 2035 Et
292 1992 408 2047 posui
434 1992 726 2032 vestimentum
753 2002 889 2029 meum
916 1988 1107 2029 cilicium:
1191 1993 1232 2028 et
1257 1988 1390 2027 factus
1417 1999 1505 2027 sum
1532 1985 1607 2026 illis
1634 1986 1673 2025 in
1700 1984 1947 2038 parabolam.

160 2056 190 2078 ¹³
210 2053 439 2093 Adversum
470 2064 534 2091 me
563 2049 838 2103 loquebantur
869 2047 936 2101 qui
967 2047 1165 2087 sedebant
1194 2047 1234 2087 in
1265 2051 1402 2099 porta:
1491 2050 1531 2086 et
1562 2045 1602 2085 in
1636 2057 1699 2085 me
1729 2043 1957 2097 psallebant
1988 2042 2054 2095 qui

420 2109 618 2150 bibebant
647 2108 801 2148 Vinum.

160 2220 190 2242 1⁴
211 2217 297 2270 Ego
328 2229 422 2256 vero
451 2214 676 2256 orationem
705 2225 837 2253 meam
865 2212 917 2253 ad
941 2216 981 2252 te
1002 2211 1194 2253 Domine:
1224 2216 1385 2263 tempus
1412 2208 1653 2262 beneplaciti
1683 2208 1804 2248 Deus.
1883 2206 1929 2246 In
1955 2202 2261 2262 Π1ι11-1122ζ3ξὶ131112111

421 2273 598 2315 titudine
633 2271 914 2312 misericordiae
948 2276 1030 2311 tuae
1065 2269 1212 2310 exaudi
1246 2282 1322 2317 me,
1412 2268 1452 2308 in
1488 2267 1661 2308 veritate
1695 2266 1836 2307 salutis
1871 2271 1970 2306 tuae:

161 2337 192 2360 ¹⁵
213 2335 335 2388 Eripe
357 2347 421 2374 me
445 2333 494 2373 de
515 2332 615 2379 luto,
641 2336 688 2372 ut
710 2343 791 2372 non
814 2330 975 2383 infigar:
1052 2328 1179 2369 libera
1200 2341 1264 2368 me
1288 2328 1338 2368 ab
1362 2327 1419 2373 iis,
1446 2326 1514 2380 qui
1537 2326 1711 2367 oderunt
1733 2338 1808 2374 me,
1833 2328 1875 2365 et
1897 2324 1945 2364 de
1968 2336 2057 2376 pro-

422 2391 558 2433 fundis
589 2403 800 2444 aquarum.

161 2455 197 2477 1⁶
216 2453 306 2494 Non
330 2464 393 2492 me
418 2451 627 2503 demergat
649 2452 872 2502 tempestas
896 2460 1022 2501 aquae,
1104 2459 1235 2499 neque
1259 2445 1476 2486 absorbeat
1498 2457 1561 2484 me
1585 2442 1851 2497 profundum:
1928 2453 2057 2493 neque

424 2514 567 2563 urgeat
595 2521 715 2561 super
742 2520 806 2548 me
836 2511 983 2560 puteus
1013 2520 1055 2547 os
1085 2518 1215 2546 suum.

163 2573 196 2595 1⁷
215 2569 377 2612 Exaudi
401 2582 465 2609 me
490 2568 676 2615 Domine,
706 2566 898 2620 quoniam
924 2565 1099 2617 benigna
1123 2569 1184 2605 est
1208 2562 1481 2604 misericordia
1504 2566 1595 2602 tua:
1676 2559 1898 2601 secundum
1922 2557 2058 2598 multi·

424 2627 608 2668 tudinem
638 2625 944 2666 miserationum
974 2629 1139 2665 tuarum
1167 2622 1318 2675 respice
1347 2622 1388 2662 in
1416 2634 1492 2662 me.

164 2691 198 2714 ¹8
216 2688 271 2730 Et
289 2701 339 2729 ne
358 2692 519 2728 avertas
538 2685 683 2726 faciem
702 2690 817 2725 tuam
839 2697 862 2724 a
880 2696 1003 2736 puero
1024 2688 1114 2723 tuo:
1190 2681 1383 2734 quoniam
1402 2679 1584 2727 tribulor,
1606 2677 1798 2719 velociter
1815 2675 1962 2716 exaudi
1980 2687 2055 2715 me.

164 2750 199 2773 1⁹
218 2747 390 2788 Intende
418 2746 563 2786 animae
590 2756 700 2792 meae,
732 2748 773 2784 et
798 2742 926 2783 libera
952 2755 1060 2783 eam:
1144 2745 1310 2794 propter
1336 2739 1518 2780 inimicos
1546 2750 1655 2778 meos
1684 2736 1790 2788 eripe
1817 2747 1892 2775 me.

163 2854 200 2878 20
217 2853 276 2893 Tu
312 2851 386 2892 scis
421 2849 711 2904 improperium
746 2861 895 2896 meum,
941 2851 982 2888 et
1017 2846 1294 2887 confusionem
1329 2856 1473 2891 meam,
1520 2847 1560 2882 et
1602 2839 1870 2881 reverentiam
1912 2851 2057 2880 meam.
2079 2837 2247 2867 610332123-

2110 2873 2217 2896 tionem

424 2911 456 2934 21
488 2910 535 2950 In
564 2912 783 2961 conspectu
813 2911 884 2947 tuo
914 2910 1011 2946 sunt
1039 2917 1177 2947 omnes
1208 2904 1276 2958 qui
1305 2902 1505 2943 tribulant
1534 2913 1609 2948 me,
2118 2907 2208 2932 immi-

216 2969 506 3024 improperium
535 2966 769 3020 expectavit
798 2978 865 3006 cor
892 2977 1041 3012 meum,
1073 2968 1114 3004 et
1142 2962 1356 3003 miseriam.
2095 2949 2231 3008 pffssfflffl,

217 3029 273 3070 Et
302 3027 476 3070 sustinui
500 3026 569 3080 qui
599 3024 718 3066 simul
742 3023 1063 3069 contristaretur,
1086 3027 1128 3063 et
1157 3034 1238 3063 non
1268 3021 1364 3061 fuit:
1442 3023 1483 3059 et
1505 3017 1572 3071 qui
1597 3016 1883 3063 consolaretur,
1909 3019 1949 3055 et
1979 3027 2060 3055 non

425 3098 573 3127 invem.

165 3149 197 3171 22
221 3147 294 3188 cEt
318 3146 518 3187 dederunt
542 3143 583 3184 in
607 3155 741 3183 escam
765 3154 898 3182 meam
922 3140 993 3181 fel:
1077 3144 1118 3180 et
1142 3139 1182 3180 in
1208 3138 1274 3179 siti
1299 3149 1389 3177 mea
1412 3139 1662 3189 potaverunt
1686 3147 1750 3175 me
1775 3138 1901 3174 aceto.

165 3207 197 3231 2³
217 3206 310 3246 Fiat
328 3217 470 3245 mensa
488 3215 626 3243 eorum
646 3213 782 3242 coram
801 3200 896 3253 ipsis
915 3199 956 3240 in
974 3199 1178 3252 laqueum,
1251 3201 1291 3237 et
1310 3197 1350 3236 in
1369 3194 1666 3243 retributiones,
1689 3197 1730 3233 et
1749 3192 1789 3233 in
1809 3190 2056 3232 scandalum.

166 3266 197 3289 24
218 3265 497 3306 Obscurentur
523 3260 628 3302 oculi
655 3271 793 3300 eorum
820 3272 869 3299 ne
897 3258 1083 3299 videant:
1167 3261 1208 3297 et
1235 3256 1398 3296 dorsum
1426 3266 1564 3294 eorum
1592 3264 1749 3305 semper
1774 3251 1953 3291 incurva.

165 3324 197 3348 ²⁵
218 3323 394 3364 Effunde
425 3333 544 3374 super
574 3331 639 3360 eos
670 3318 771 3358 iram
802 3322 936 3358 tuam:
1021 3321 1062 3357 et
1091 3316 1203 3356 furor
1232 3314 1299 3354 irae
1329 3318 1410 3353 tuae
1441 3311 1759 3364 comprehendat
1789 3322 1866 3349 eos.

297 3436 351 3477 68,
376 3435 418 3469 10
443 3434 500 3468 an
524 3435 555 3475 2,
581 3434 631 3467 17.
658 3454 699 3457 ——
725 3432 833 3465 bRom
859 3431 912 3472 15,
936 3431 966 3465 3.
993 3451 1034 3454 —
1059 3429 1101 3463 22
1129 3429 1197 3462 th
1221 3429 1273 3468 27,
1299 3426 1350 3461 48.
