2356 3760
114 264 161 281 rex
183 257 284 283 malus.

117 441 182 459 011111
204 434 281 459 losa-

125 470 196 500 phat
219 471 273 494 312«-

131 512 192 529 sam
214 506 265 529 im-

128 542 269 570 pugnatu-

170 583 225 603 rus„

151 906 247 934 inopia

127 947 209 970 aqua·
231 940 269 964 ln-

120 976 223 1000 }mrans
245 976 281 999 :lb

115 1011 206 1035 ljliseo
229 1018 287 1034 emr-

142 1047 256 1076 ripuar,

106 1668 293 1697 promissione

157 1710 239 1734 aquae

109 1740 137 1763 et
157 1740 285 1763 victoriae

121 1777 274 1803 recreatur,

126 2140 269 2165 Moabitas

148 2176 246 2200 vineit.

142 3249 243 3273 Oleum

147 3286 239 3309 viduu-

145 3324 226 3351 :zuget
235 3341 240 3350 ,

303 166 380 205 314
1154 163 1299 196 L1BER
1328 163 1373 196 11.
2018 167 2050 206 3,
2076 165 2173 207 2-4,
2198 168 2218 201 2

410 259 424 281 ²
446 258 499 298 Et
521 256 619 298 feeit
639 256 790 297 malum
814 270 948 297 coram
971 256 1162 301 Domino,
1186 257 1255 297 sed
1276 269 1358 297 non
1379 256 1484 297 sicut
1504 262 1622 311 pater
1642 271 1738 298 suus
1760 262 1801 298 et
1821 263 1971 300 mater:
1994 259 2090 301 tulit
2112 261 2219 301 enim

306 322 465 356 statuas
497 316 609 361 Baal,
644 329 743 368 quas
773 316 925 356 fecerat
955 320 1072 368 pater
1102 314 1197 356 eius.
1256 317 1272 339 ³
1301 315 1594 356 Verumtamen
1626 316 1666 356 in
1696 316 1873 370 peccatis
1906 318 2118 360 Ieroboam
2149 319 2219 359 filii

307 375 456 419 Nabat,
488 375 555 429 qui
583 386 748 428 peccare
776 373 871 413 fecit
902 373 1035 416 Israel.
1067 373 1249 419 adhaesit,
1280 387 1352 414 nec
1379 374 1544 414 recessit
1571 375 1622 415 ab
1651 375 1717 416 eis.

409 436 424 458 ⁴
446 434 569 474 Porro
591 433 703 473 Mesa
722 444 792 471 rex
813 432 947 477 Moab,
972 432 1182 473 nutriebat
1202 445 1349 485 pecora
1369 432 1512 476 multa.
1536 439 1577 473 et
1597 433 1784 474 solvebat
1804 434 1886 488 regi
1910 434 2033 477 Israel
2054 442 2219 477 eentum

304 492 429 532 millia
453 504 663 540 agnorum,
689 496 730 531 et
753 495 917 531 centum
941 491 1068 531 millia
1090 491 1263 531 arietum
1288 504 1378 531 cum
1405 491 1619 532 velleribus
1642 491 1736 533 suis.
1788 494 1802 516 5
1825 493 2009 547 Cumque
2032 500 2219 536 mortuus

304 551 446 591 fuisset
469 550 624 599 Achab,
650 549 941 602 praevaricatus
966 555 1023 590 est
1050 550 1196 595 foedus,
1225 550 1334 603 quod
1358 550 1539 591 habebat
1563 564 1654 591 cum
1680 563 1771 604 rege
1796 551 1930 593 Israel.
1987 554 2002 576 ⁶
2026 553 2219 606 Egressus

305 617 364 649 est
385 609 507 657 igitur
524 622 593 649 rex
614 609 748 649 loram
766 607 806 648 in
825 608 888 648 die
905 608 976 649 illa
992 609 1040 649 de
1058 608 1254 652 Samaria,
1276 614 1317 649 et
1334 609 1535 649 recensuit
1553 609 1789 650 universum
1810 610 1944 652 Israel.
1995 613 2008 635 ⁷
2026 611 2220 665 Misitque

306 668 357 707 ad
392 667 587 721 iosaphat
618 680 751 721 regem
787 666 900 711 Iuda,
935 667 1090 708 dicens:
1126 667 1213 707 Rex
1246 667 1367 708 Moab
1399 667 1563 708 recessit
1595 681 1619 708 a
1648 681 1725 717 me,
1760 668 1853 709 veni
1884 682 2043 710 mecum
2076 676 2220 712 contra

305 739 397 766 eum
422 726 473 766 ad
495 726 691 779 praelium.
718 725 795 774 Qui
818 726 1045 779 respondit:
1071 726 1320 766 Ascendam:
1345 726 1414 780 qui
1437 740 1550 767 meus
1573 732 1646 775 est,
1671 731 1767 768 tuus
1790 732 1870 768 est:
1894 729 2069 782 populus
2092 743 2218 772 meus.

306 784 479 838 populus
512 791 624 825 tuus:
657 790 698 825 et
728 784 820 837 equi
851 785 941 829 mei,
976 785 1066 837 equi
1098 785 1170 825 tui.
1232 787 1247 809 ⁸
1281 784 1495 838 Dixitque:
1527 785 1604 825 Per
1634 799 1757 839 quam
1789 786 1897 826 viam
1931 788 2220 829 ascendemus?

307 844 360 884 At
389 843 451 884 ille
479 843 708 897 respondit:
738 843 815 884 Per
841 844 1047 884 desertum
1078 844 1279 884 Idumaeae.

414 904 428 926 ⁹
455 903 726 943 Perrexerunt
752 902 875 956 igitur
901 916 970 942 rex
1000 902 1134 949 Israel,
1164 908 1205 943 et
1230 916 1300 942 rex
1330 903 1443 949 Iuda,
1473 908 1514 944 et
1540 916 1610 943 rex
1637 903 1782 946 Edem.
1813 909 1853 944 et
1879 904 2125 946 circuierunt
2151 919 2222 959 per

307 961 415 1001 viam
444 967 600 1014 septem
629 961 797 1004 dierum.
828 974 899 1001 nec
928 967 1015 1002 erat
1042 975 1151 1014 aqua
1177 961 1384 1005 exercitui.
1414 967 1455 1002 et
1482 961 1687 1011 iumentis,
1718 976 1808 1015 quae
1835 964 2114 1016 sequebantur
2140 978 2218 1006 eos.

307 1022 342 1043 ¹⁰
358 1020 556 1074 Dixitque
574 1033 644 1060 rex
665 1020 805 1060 lsrael:
827 1020 917 1060 Heu
936 1020 1013 1061 heu
1032 1020 1123 1067 lieu,
1144 1020 1407 1074 congregavit
1424 1033 1496 1061 nos
1515 1021 1715 1061 Dominus
1735 1028 1814 1062 tres
1832 1034 1955 1075 reges.
1977 1028 2023 1063 ut
2041 1024 2219 1064 traderet

306 1079 346 1119 in
372 1092 516 1119 manus
543 1079 676 1120 Moab.
733 1081 761 1102 ¹¹
786 1079 842 1119 Et
866 1079 925 1119 ait
952 1079 1165 1132 losaphat:
1192 1079 1268 1120 Est
1293 1092 1342 1119 ne
1366 1079 1430 1120 hic
1455 1080 1657 1133 propheta
1681 1080 1858 1122 Domini.
1887 1087 1933 1121 ut
1958 1082 2222 1135 deprecemur

306 1138 528 1178 Dominum
552 1151 624 1191 per
647 1137 764 1178 euin?
790 1137 845 1178 Et
868 1139 1078 1191 respondit
1102 1152 1206 1179 unus
1230 1139 1279 1179 de
1303 1137 1428 1179 servis
1452 1138 1554 1192 regis
1581 1138 1721 1179 lsrael:
1748 1139 1823 1180 Est
1847 1139 1910 1180 hic
1935 1140 2091 1181 Eliseus
2117 1141 2220 1181 filius

305 1197 474 1250 Saphat,
509 1197 577 1250 qui
609 1197 810 1237 fundebat
840 1210 991 1250 aquam
1022 1210 1142 1250 super
1173 1211 1317 1237 manus
1349 1196 1458 1238 Eliae.
1519 1199 1550 1222 ¹2
1581 1198 1636 1238 Et
1667 1197 1724 1238 ait
1757 1198 1970 1252 iosaphat:
2004 1199 2079 1241 Est
2111 1201 2219 1253 apud

305 1269 398 1296 eum
428 1269 558 1297 sermo
588 1255 765 1296 Domini.
825 1256 1128 1309 Descenditque
1159 1257 1210 1297 ad
1241 1270 1332 1296 eum
1363 1269 1433 1296 rex
1466 1256 1599 1300 Israel.
1632 1262 1673 1297 et
1706 1257 1901 1311 Iosaphat
1930 1271 2000 1298 rex
2034 1258 2147 1307 luda,
2180 1266 2219 1300 et

304 1327 375 1355 rex
402 1314 547 1355 Edoni.
607 1317 637 1339 ¹³
663 1314 778 1355 Dixit
807 1320 944 1355 autem
974 1315 1130 1355 Eliseus
1158 1316 1210 1356 ad
1236 1328 1369 1368 regem
1401 1315 1542 1355 lsrael:
1571 1315 1679 1364 Quid
1705 1316 1803 1356 mihi
1832 1322 1872 1357 et
1899 1316 1973 1357 tibi
2002 1317 2087 1358 est?
2116 1319 2220 1359 vade

305 1374 357 1414 ad
386 1374 607 1427 prophetas
637 1373 764 1427 patris
794 1373 866 1422 tui,
898 1378 940 1414 et
968 1374 1110 1414 matris
1140 1379 1232 1415 tuae.
1266 1374 1321 1415 Et
1350 1374 1408 1415 ait
1436 1374 1492 1414 illi
1520 1387 1591 1414 rex
1623 1374 1763 1415 lsrael:
1795 1375 1928 1424 Quare
1958 1377 2221 1430 congregavit

304 1432 506 1473 Dominus
537 1438 617 1473 tres
647 1446 757 1486 reges
787 1433 872 1481 hos,
906 1438 952 1473 ut
981 1434 1162 1474 traderet
1192 1447 1257 1474 eos
1288 1433 1328 1473 in
1359 1446 1504 1473 manus
1535 1433 1682 1474 Moab?
1756 1436 1787 1458 ¹⁴
1816 1434 2015 1488 Dixitque
2045 1435 2097 1475 ad
2128 1449 2220 1476 eum

305 1491 480 1532 Eliseus:
512 1491 624 1532 Vivit
653 1491 853 1532 Dominus
883 1491 1148 1539 exercituum,
1179 1491 1219 1532 in
1249 1492 1361 1533 cuius
1391 1498 1611 1545 conspectu
1640 1498 1715 1537 sto,
1748 1493 1858 1546 quod
1887 1493 1919 1534 si
1947 1507 2028 1535 non
2057 1494 2219 1535 vultum

307 1551 503 1603 Iosaphat
534 1551 635 1604 regis
671 1551 782 1590 Iudae
813 1550 1101 1597 erubescerem,
1136 1563 1218 1591 non
1250 1551 1517 1591 attendissem
1550 1551 1715 1604 quidem
1747 1557 1799 1597 te,
1833 1565 1905 1593 nec
1938 1553 2215 1606 respexissem.

307 1612 337 1633 ¹5
365 1610 483 1650 Nunc
509 1615 647 1651 autem
674 1609 865 1650 adducite
891 1609 989 1649 mihi
1016 1609 1202 1662 psaltem.

411 1669 594 1722 s'umque
620 1674 783 1709 caneret
808 1668 971 1722 psaltes,
999 1669 1111 1709 facta
1137 1675 1198 1709 est
1223 1682 1344 1722 super
1368 1682 1461 1709 eum
1486 1682 1631 1709 manus
1658 1669 1835 1717 Domini,
1865 1676 1905 1711 et
1930 1670 2006 1711 ait:
2062 1672 2096 1695 1⁶
2122 1671 2219 1712 Haec

304 1727 403 1768 dicit
426 1728 646 1769 Dominus:
671 1727 811 1768 Facite
836 1727 998 1768 alveum
1022 1727 1214 1769 torrentis
1238 1727 1358 1768 huius
1380 1728 1521 1777 fossas,
1550 1733 1591 1769 et
1613 1728 1754 1769 fossas.
1808 1730 1841 1752 ¹⁷
1867 1729 1964 1769 Haec
1989 1729 2095 1770 enim
2120 1730 2219 1771 dicit

305 1787 523 1827 Dominus:
556 1788 647 1828 Non
675 1786 866 1827 videbitis
895 1792 1078 1830 ventum.
1108 1800 1240 1840 neque
1268 1787 1470 1840 pluviam:
1500 1793 1541 1827 et
1568 1787 1707 1828 alveus
1735 1787 1811 1829 iste
1839 1788 2062 1841 replebitur
2088 1789 2216 1843 aquis.

305 1851 346 1887 et
370 1846 517 1887 bibetis
542 1860 625 1888 vos.
653 1851 694 1887 et
716 1845 881 1886 familiae
905 1851 1061 1888 vesti-ze.
1088 1851 1129 1886 et
1152 1845 1337 1886 iumenta
1360 1851 1508 1887 vestra.
1562 1847 1597 1870 ¹⁸
1620 1846 1853 1900 Parumque
1878 1852 1939 1888 est
1961 1847 2037 1888 hoc
2061 1847 2102 1888 in
2126 1861 2219 1889 con-

304 1910 445 1958 spectu
476 1905 660 1946 Domini:
692 1905 856 1958 insuper
884 1905 1021 1945 tradet
1051 1905 1175 1946 etiam
1205 1905 1327 1946 Moab
1358 1905 1398 1946 in
1428 1917 1573 1945 manus
1604 1911 1772 1946 vestras
1833 1908 1867 1930 ¹⁹
1896 1906 1952 1946 Et
1980 1907 2218 1960 percutietis

304 1977 466 2005 omnem
489 1964 700 2005 civitatem
722 1963 938 2008 munitam.
963 1970 1003 2004 et
1025 1977 1186 2004 omnem
1209 1964 1351 2004 urbem
1373 1964 1556 2011 electam,
1581 1969 1622 2005 et
1642 1964 1879 2005 universum
1899 1964 2055 2019 lignum
2075 1965 2218 2007 fructi-

304 2024 434 2064 ferum
452 2023 678 2069 succidetis,
699 2028 948 2076 cunctosque
966 2023 1099 2064 fontes
1117 2035 1318 2076 aquarum
1335 2023 1595 2068 obturabitis,
1615 2029 1656 2064 et
1672 2037 1835 2064 omnem
1853 2037 1995 2077 agrum
2013 2024 2215 2078 egregium

304 2082 492 2136 operietis
521 2082 737 2136 lapidibus.

408 2143 444 2165 2⁰
475 2141 649 2182 Factum
684 2146 744 2182 est
776 2141 900 2194 igitur
932 2154 1063 2187 mane,
1100 2141 1264 2194 quando
1298 2140 1539 2181 sacrificium
1573 2141 1706 2182 offerri
1740 2141 1853 2185 solet.
1889 2147 1930 2182 et
1963 2155 2064 2191 ecce,
2100 2156 2217 2197 aquae

304 2200 525 2241 veniebant
549 2214 620 2254 per
643 2200 752 2240 viam
777 2200 923 2247 Edoni,
950 2205 991 2240 et
1014 2199 1169 2253 repleta
1193 2205 1254 2240 est
1278 2204 1386 2240 terra
1410 2199 1538 2253 aquis,
1592 2202 1623 2224 ²¹
1650 2200 1837 2241 Universi
1862 2206 2001 2241 autem
2025 2201 2218 2243 Moabitae

304 2259 514 2300 audientes
553 2260 661 2313 quod
700 2259 976 2300 ascendissent
1012 2272 1121 2312 reges
1160 2264 1206 2299 ut
1243 2263 1473 2312 pugnarent
1510 2259 1727 2299 adversum
1765 2273 1843 2306 eos,
1883 2267 2216 2301 convocaverunt

303 2332 440 2359 omnes
473 2318 541 2372 qui
572 2318 743 2359 accincti
774 2324 889 2359 erant
920 2317 1055 2358 balteo
1087 2318 1270 2371 desuper,
1304 2323 1345 2359 et
1375 2322 1579 2358 steterunt
1608 2318 1649 2358 in
1680 2318 1875 2359 terminis.
1935 2320 1967 2343 ‘22
1997 2319 2216 2373 Primoque

303 2391 422 2418 mane
448 2382 670 2431 surgentes,
699 2382 740 2418 et
766 2382 854 2418 orto
881 2377 962 2417 iam
989 2376 1070 2417 sole
1097 2390 1146 2417 ex
1173 2377 1344 2417 adverso
1371 2389 1584 2430 aquarum,
1613 2377 1806 2418 viderunt
1832 2377 2025 2418 Moabitae
2051 2383 2218 2419 econtra

302 2450 428 2490 aquas
458 2437 599 2477 rubras
630 2436 745 2490 quasi
773 2436 1024 2487 sanguinem,
1082 2438 1114 2460 ²3
1143 2435 1434 2489 dixeruntque:
1464 2436 1637 2489 Sanguis
1665 2436 1787 2489 gladii
1817 2442 1895 2477 est:
1926 2444 2215 2491 pugnaverunt

301 2509 410 2549 reges
427 2501 571 2536 contra
586 2509 637 2543 30,
656 2501 697 2536 et
712 2495 802 2536 caesi
818 2501 914 2535 sunt
929 2500 1093 2536 mutuo:
1111 2508 1218 2535 nunc
1234 2508 1353 2548 perge
1370 2495 1421 2535 ad
1436 2495 1617 2548 praedam
1633 2495 1767 2536 Moab.
1812 2497 1845 2520 24
1860 2495 2215 2550 Perrexeruntque

301 2555 341 2594 in
371 2561 505 2595 eastra
535 2553 676 2595 lsrael:
708 2567 825 2607 porro
857 2567 1100 2607 consurgens
1133 2553 1267 2602 lsrael,
1298 2554 1498 2607 percussit
1526 2554 1667 2595 Moab:
1699 2560 1743 2595 at
1771 2554 1827 2595 illi
1855 2554 2049 2607 fugerunt
2078 2568 2215 2596 coram

301 2614 367 2654 eis.
389 2614 598 2654 Venerunt
613 2613 738 2666 igitur
754 2613 821 2666 qui
840 2613 1033 2655 vicerant.
1053 2619 1094 2653 et
1110 2619 1395 2666 percusserunt
1412 2613 1546 2661 Moab,
1592 2615 1624 2637 ‘2⁵
1640 2618 1681 2654 et
1697 2613 1886 2654 civitates
1904 2614 2213 2655 destruxerunt:

301 2678 341 2713 et
374 2686 535 2713 omnem
570 2685 710 2726 agrum
745 2672 960 2725 optimum.
996 2672 1207 2713 mittentes
1241 2671 1385 2722 singuli
1418 2671 1584 2725 lapides,
1619 2671 1898 2726 repleverunt:
1932 2678 1973 2713 et
2005 2672 2214 2715 universos

300 2732 433 2772 fontes
463 2744 662 2784 aquarum
692 2732 1008 2772 obturaverunt:
1039 2737 1080 2772 et
1108 2730 1245 2771 omnia
1272 2731 1382 2784 ligna
1408 2731 1621 2772 fructifera
1647 2731 1918 2777 succiderunt,
1948 2731 2008 2772 ita
2035 2738 2083 2773 ut
2109 2732 2214 2773 muri

301 2796 465 2831 tantum
498 2790 639 2831 fictiles
672 2796 946 2830 remanerent:
981 2796 1022 2831 et
1053 2790 1309 2831 circumdata
1339 2796 1399 2830 est
1431 2790 1575 2830 civitas
1608 2804 1631 2830 a
1662 2789 1960 2834 fundibulariis.
1994 2796 2035 2831 et
2066 2804 2215 2844 magna

301 2862 348 2888 ex
380 2855 495 2902 parte
525 2862 726 2902 percussa.
786 2850 822 2872 2⁶
851 2850 970 2897 Quod
1001 2862 1094 2889 cum
1125 2849 1294 2889 vidisset
1323 2862 1394 2889 rex
1424 2849 1558 2895 Moab,
1592 2848 1851 2902 praevaluisse
1881 2849 2034 2890 scilicet
2063 2850 2212 2899 hostes,

301 2907 396 2948 tulit
419 2921 554 2948 secum
578 2908 856 2961 septingentos
880 2908 987 2948 viros
1011 2909 1228 2949 educentes
1250 2907 1443 2961 gladium,
1468 2913 1515 2948 ut
1537 2908 1809 2961 irrumperent
1831 2908 1883 2948 ad
1904 2921 2037 2961 regem
2059 2908 2212 2950 Edem:

300 2972 340 3007 et
376 2980 454 3007 non
491 2973 726 3019 potuerunt.
791 2968 825 2990 ²⁷
860 2967 1149 3020 Arripiensque
1184 2967 1310 3007 filium
1347 2980 1465 3007 suum
1501 2966 1830 3020 primogenitum.
1869 2966 1938 3020 qui
1971 2972 2213 3020 regnaturus

300 3031 387 3065 erat
420 3039 491 3078 pro
526 3039 583 3069 00,
621 3026 772 3066 obtulit
804 3025 1089 3067 holocaustum
1123 3039 1244 3079 super
1276 3038 1457 3066 murum:
1493 3031 1534 3066 et
1566 3026 1678 3066 facta
1711 3031 1772 3066 est
1805 3025 2030 3079 indignatio
2065 3039 2214 3079 magna

300 3085 339 3124 in
368 3084 501 3127 lsrael.
530 3084 753 3137 statimque
780 3093 1029 3125 recesserunt
1056 3085 1106 3125 ab
1133 3099 1191 3128 00,
1220 3090 1260 3125 et
1285 3084 1433 3124 reversi
1460 3089 1556 3125 sunt
1580 3084 1621 3124 in
1647 3091 1797 3125 terram
1823 3097 1951 3125 suam.

778 3190 818 3229 3.
850 3189 1024 3229 Eliseus
1055 3189 1273 3229 miracula
1302 3189 1468 3240 patrat,
1498 3189 1538 3238 4,
1557 3189 1683 3239 1—6‚
1703 3190 1740 3228 7.

403 3259 440 3301 4.
498 3262 508 3283 ¹
537 3259 680 3300 Mulier
706 3266 844 3300 autem
872 3260 1060 3314 quaedam
1087 3260 1136 3299 (10.
1164 3260 1357 3301 uxoribus
1384 3260 1676 3313 prophetariun
1704 3259 1911 3300 clamabat
1937 3258 1990 3299 ad
2016 3259 2208 3308 Eliseum,

301 3317 454 3357 dicens:
480 3319 627 3359 servus
650 3324 745 3359 tuus
769 3319 832 3358 vir
855 3332 966 3359 meus
991 3324 1176 3360 mortuus
1200 3324 1272 3363 est,
1298 3324 1338 3359 et
1362 3324 1406 3359 tu
1431 3318 1538 3359 nosti
1563 3318 1659 3371 quia
1681 3330 1819 3359 servus
1842 3322 1937 3357 tuus
1961 3317 2040 3359 fuit
2062 3318 2210 3359 timens

304 3376 541 3416 Domimuu:
575 3383 615 3417 et
646 3391 735 3417 ecce
767 3378 941 3418 creditor
971 3377 1085 3418 venit
1116 3383 1162 3418 ut
1193 3378 1311 3418 tollat
1342 3378 1443 3418 duos
1476 3377 1575 3417 filios
1608 3390 1716 3417 meos
1748 3377 1800 3417 ad
1830 3375 2089 3417 serviendum
2120 3376 2207 3417 sibi.

300 3438 314 3458 '-'
341 3435 412 3476 (fui
441 3435 543 3475 dixit
572 3436 746 3476 Eliseus:
776 3436 882 3485 Quid
910 3436 971 3476 vis
999 3442 1045 3477 ut
1072 3436 1218 3477 faciam
1246 3436 1346 3476 tibi?
1376 3436 1449 3477 Dic
1476 3436 1587 3479 milii.
1618 3435 1715 3489 quid
1741 3435 1866 3475 habes
1894 3434 1934 3475 in
1962 3436 2083 3477 domo
2111 3436 2208 3476 tua?

300 3494 354 3534 At
379 3494 445 3535 illa
470 3494 697 3548 respondit:
726 3495 815 3535 Non
841 3495 970 3536 liabeo
996 3495 1141 3536 ancilla
1165 3500 1238 3536 tua
1263 3495 1486 3548 quidquam
1512 3495 1552 3535 in
1577 3495 1697 3536 domo
1722 3507 1824 3541 mea,
1851 3493 1926 3534 nisi
1951 3507 2095 3547 pamm
2120 3494 2206 3539 olei,
