2356 3760
296 157 372 198 604
1177 157 1223 191 LI
1230 158 1325 192 BER.
1983 162 2016 204 3,
2041 164 2138 204 4-4,
2165 164 2206 198 10

351 250 405 290 illi
436 257 574 291 autem
605 255 699 291 sunt
730 250 769 290 in
800 263 910 303 paee.

317 309 404 349 ‘¹Et
433 309 464 349 si
503 322 637 350 coram
679 309 912 350 hominibus
953 314 1161 350 tormenta
1204 310 1310 364 passi
1357 315 1465 359 sunt‚
1555 324 1646 364 spes
1689 310 1849 353 illorum
1893 312 2205 356 immortalitate

560 368 678 422 plena
709 373 780 408 est.

316 428 331 451 ⁵
351 426 396 467 In
421 427 560 480 paucis
586 426 735 467 vexati.
760 426 800 466 in
824 426 963 467 multis
987 427 1089 467 bene
1112 427 1398 481 disponentur:
1467 429 1659 482 quoniam
1683 429 1795 470 Deus
1818 430 1997 471 tentavit
2021 444 2099 478 eos,
2165 439 2206 474 et

559 484 716 525 invenit
745 484 831 525 illos
862 485 1004 537 dignos
1034 499 1086 528 se.

316 545 577 597 ⁰Ta1nquam
621 556 763 584 aurum
802 543 843 583 in
884 544 1048 585 fornace
1089 546 1281 599 probavit
1323 545 1422 590 illos.
1519 551 1560 587 et
1601 547 1715 600 quasi
1758 546 1985 588 holocausti
2027 549 2204 590 hostiam

558 602 714 655 aer-epit
744 602 843 646 illos.

348 671 383 701 οι
438 661 478 701 in
530 669 712 714 tempore
753 661 826 702 erit
869 668 1076 715 respectus
1114 663 1287 704 illorum.
1379 664 1392 686 ⁷
1422 662 1675 717 ³Fulgebunt
1714 663 1821 709 iusti,
1901 670 1941 706 et
1990 672 2203 720 tamquam

557 719 742 761 scintillfe
771 720 811 760 in
842 721 1086 763 arundineto
1117 722 1356 763 discurrent.

315 780 330 802 s
347 779 617 820 bIudicabunt
644 779 842 825 nationes,
867 785 908 820 et
931 780 1256 822 dominabuntur
1280 780 1451 834 populis,
1534 788 1575 822 et
1601 782 1789 835 regnabit
1814 782 2016 823 Dominus
2044 783 2203 825 illorum

557 839 596 878 in
627 844 882 892 perpetuum.

317 898 331 921 ⁹
350 897 426 946 Qui
451 898 662 938 confidunt
692 897 732 937 in
754 897 833 941 illo.
860 897 1089 951 intelligent
1112 899 1348 940 veritatem:
1419 905 1461 940 et
1486 898 1623 940 fideles
1640 899 1680 939 in
1704 899 1919 941 dilectione
1947 901 2203 955 acquiescent

556 956 628 996 illi:
715 957 906 1010 quoniam
940 957 1092 998 donum
1124 964 1165 998 et
1194 971 1275 1011 pax
1305 964 1366 999 est
1395 958 1531 999 electis
1562 958 1657 999 eius.

103 1064 269 1124 “fflfljgssfiw
294 1062 328 1083 ¹⁰
347 1060 465 1113 lmpii
495 1068 632 1101 autem
664 1062 887 1102 secundum
919 1075 1008 1116 quae
1037 1062 1334 1116 cogitaverunt,
1365 1063 1662 1117 correptionem
1695 1063 1928 1105 habebunt:
2013 1065 2082 1118 qui
2111 1078 2203 1119 neg-

162 1108 172 1124 ‘
231 1120 251 1129 ”
553 1119 739 1160 lexerunt
769 1120 936 1162 iustum.
969 1126 1010 1161 et.
1039 1135 1063 1162 a
1090 1122 1268 1163 Domino
1298 1128 1561 1163 recesserunt.

293 1180 321 1201 ¹¹
341 1178 594 1231 Sapientiam
628 1179 748 1223 enim.
780 1185 822 1220 et
851 1179 1105 1233 disciplinali]
1137 1181 1205 1235 qui
1249 1180 1400 1225 abiicit,
1442 1181 1583 1222 infelix
1626 1186 1705 1223 est:
1789 1187 1831 1222 et
1859 1195 1991 1223 vacua
2023 1188 2085 1224 est
2114 1196 2203 1237 spes

553 1237 725 1282 illorum.
762 1243 803 1279 et
830 1238 988 1280 labores
1019 1239 1103 1280 sine
1132 1240 1282 1288 fructu,
1367 1246 1408 1281 et
1436 1240 1598 1281 inutilia
1627 1254 1751 1295 opera
1779 1254 1930 1282 eorum.

83 1341 527 1410 fflffioffigffffMulieres
562 1356 701 1384 eorum
753 1343 970 1384 insensatae
1017 1350 1125 1392 sunt,
1208 1350 1249 1385 et
1291 1345 1529 1398 nequissimi
1575 1345 1643 1385 filii
1682 1358 1834 1387 eorum.
1921 1349 1953 1370 ¹³
1982 1346 2203 1387 Maledicta

553 1408 741 1443 ereatura
770 1416 922 1451 eorum,

343 1461 536 1514 quoniam
571 1461 668 1502 felix
703 1467 764 1502 est
788 1461 951 1503 sterilis:
989 1468 1030 1503 et.
1058 1462 1380 1517 incoinquinata,
1459 1477 1550 1517 quae
1578 1463 1752 1504 nescivit
1783 1464 1949 1505 thorum
1973 1459 2018 1505 in¹
2039 1464 2200 1506 delicto.

551 1521 720 1561 habebit
750 1521 931 1562 fructum
960 1521 1001 1561 in
1031 1522 1282 1575 respect-ione
1313 1522 1542 1563 animarum
1573 1528 1828 1563 sanctarum:

289 1580 320 1603 ¹⁴
341 1585 397 1619 cet
430 1580 570 1632 spado,
603 1580 671 1633 qui
703 1593 783 1621 non
817 1586 1009 1634 operatus
1042 1586 1103 1621 est
1133 1594 1206 1634 per
1236 1594 1382 1621 manus
1415 1594 1507 1622 suas
1540 1581 1815 1634 iniquitatem,
1900 1595 1973 1623 nec
2005 1582 2203 1636 cogitavit

551 1639 745 1679 adversus
775 1639 908 1679 Deum
939 1639 1205 1692 nequissima:

342 1697 508 1738 dabitur
535 1698 641 1739 enim
669 1697 723 1738 illi
751 1697 844 1738 fidei
871 1698 1025 1739 donum
1053 1698 1238 1746 electum,
1322 1704 1363 1739 et
1389 1711 1473 1740 sors
1499 1699 1541 1739 in
1568 1698 1721 1752 templo
1749 1699 1825 1739 Dei
1853 1700 2146 1754 acceptissima.

288 1757 319 1780 ¹5
341 1755 549 1797 Bonorum
584 1757 690 1797 enini
724 1756 909 1798 laborum
943 1756 1138 1811 gloriosus
1173 1763 1234 1798 est
1273 1758 1442 1802 fructus,
1531 1763 1571 1799 et
1616 1771 1705 1811 quae
1748 1771 1829 1799 non
1864 1759 2053 1800 concidat
2084 1759 2202 1800 radix

551 1816 771 1870 sapientiae.

289 1876 323 1899 ¹⁶
345 1874 435 1915 Filii
476 1881 613 1916 autem
660 1875 938 1916 adulterorum
985 1875 1024 1916 in
1066 1875 1463 1917 inconsummatione
1508 1881 1638 1920 erunt,
1718 1881 1759 1917 et
1802 1877 1854 1917 ab
1900 1876 2039 1930 iniquo
2083 1877 2201 1918 thoro

551 1948 687 1976 semen
723 1935 1075 1976 exterminabitur.

288 1994 322 2017 ¹⁷
340 1993 396 2033 Et
425 1994 458 2036 si
488 1993 652 2047 quidem
682 1993 812 2047 longae
841 1994 937 2035 vitae
967 2000 1097 2041 erunt,
1130 1994 1171 2035 in
1202 1994 1374 2035 nihilum
1404 1995 1768 2048 computabuntur.
1864 2000 1906 2034 et
1935 1994 2019 2035 sine
2049 1995 2201 2036 honore

552 2053 628 2093 erit
656 2053 878 2094 novissima
907 2058 1093 2094 senectus
1123 2053 1295 2094 illorum.

288 2112 323 2135 ¹⁸
340 2111 395 2152 Et
435 2112 466 2152 si
507 2112 670 2153 celerius
714 2112 895 2153 defuncti
935 2112 1098 2157 fuerint,
1140 2126 1222 2154 non
1256 2113 1470 2153 habebunt
1498 2126 1624 2166 spem„
1702 2126 1776 2153 nec
1812 2112 1854 2153 in
1890 2113 1954 2153 die
1984 2112 2202 2166 agnitionis

551 2171 850 2213 allocutionem.
932 2173 966 2196 ¹⁹
998 2171 1185 2212 Nationis
1209 2171 1316 2212 enim
1345 2171 1496 2224 iniquae
1519 2171 1616 2212 dirae
1646 2177 1743 2213 sunt
1773 2172 2158 2213 consummationes.

288 2229 326 2272 4.
382 2233 394 2254 ¹
426 2230 460 2272 O
493 2243 616 2284 quam
646 2230 817 2284 pulchra
846 2236 906 2271 est
938 2235 1052 2271 casta
1079 2230 1286 2284 generatio
1318 2243 1410 2271 cum
1441 2230 1645 2271 claritate:
1730 2230 1972 2272 immortalis
2003 2236 2064 2272 est
2094 2231 2200 2271 enim

552 2290 747 2331 memoria
773 2289 895 2330 illius:
979 2290 1172 2343 quoniam
1200 2295 1241 2330 et
1269 2289 1379 2343 apud
1405 2290 1540 2330 Deum
1568 2295 1667 2330 nota
1694 2295 1767 2334 est,
1797 2296 1837 2330 et
1866 2291 1976 2343 apud
2003 2290 2199 2331 homines.

310 2350 325 2372 ²
343 2348 648 2402 Cum'praesens
678 2353 750 2393 est,
781 2349 999 2389 imitantur
1026 2348 1156 2389 illam:
1240 2354 1280 2389 et
1309 2348 1543 2389 desiderant
1571 2361 1660 2388 eam
1691 2361 1783 2389 cum
1812 2361 1852 2389 se
1881 2349 2080 2391 eduxerit.

341 2414 383 2449 et
409 2408 448 2448 in
472 2414 717 2462 perpetuum
743 2412 939 2449 coronata
962 2407 1193 2462 triumphat
1268 2407 1670 2461 incoinquinatorum
1695 2407 1965 2448 certaminum
1989 2407 2201 2460 praemium

552 2468 728 2508 vincens.

308 2526 566 2580 ³Multigena
599 2532 738 2567 autem
772 2526 991 2580 impiorum
1023 2525 1246 2567 multitudo
1280 2539 1363 2567 non
1392 2525 1468 2566 erit
1501 2525 1623 2571 utilis,
1712 2530 1753 2565 et
1786 2525 1924 2579 spuria
1958 2524 2203 2566 vitulamina

550 2599 631 2627 non
673 2586 833 2626 dabunt
872 2585 1026 2626 radices
1069 2585 1184 2630 altas,
1280 2598 1354 2625 nec
1394 2584 1539 2626 stabile
1580 2584 1887 2625 firmamentum
1928 2583 2199 2626 collocabunt.

309 2648 323 2670 4
339 2645 416 2685 dEt
438 2645 469 2685 si
493 2646 532 2685 in
556 2645 678 2685 ramis
696 2645 735 2685 in
754 2649 937 2697 tempore
958 2645 1289 2698 germinaverint.
1367 2643 1582 2685 infirmiter
1602 2643 1749 2697 posita,
1775 2657 1800 2684 a
1822 2648 1946 2684 vento
1970 2656 2200 2684 commove-

552 2704 716 2749 buntur,
802 2709 843 2744 et
874 2717 898 2744 a
927 2704 1139 2744 nimietate
1170 2708 1388 2745 ventorum
1419 2703 1748 2744 eradicabuntur.

307 2765 322 2788 ⁵
341 2763 656 2817 Confringentur
671 2762 777 2803 enim
806 2763 908 2803 rami
936 2762 1265 2807 inconsummati,
1349 2767 1391 2803 et
1417 2762 1575 2802 fructus
1602 2761 1763 2802 illorum
1790 2761 1966 2804 inutiles.
1997 2766 2039 2802 et
2067 2761 2199 2802 acerbi

551 2823 600 2863 ad
631 2822 978 2866 manducandum,
1063 2828 1105 2863 et
1134 2822 1185 2863 ad
1215 2821 1386 2862 nihilum
1417 2821 1515 2874 apti.

310 2882 405 2922 ‘³Ex
439 2882 586 2935 iniquis
621 2881 726 2922 enim
762 2881 912 2922 somnis
948 2880 1027 2923 filii.
1060 2881 1129 2934 qui
1167 2886 1402 2923 nascuntur.
1492 2885 1616 2920 testes
1650 2886 1747 2920 sunt
1780 2879 1972 2933 nequitiae
2005 2878 2200 2919 adversus

550 2948 739 2994 parentes
768 2940 807 2980 in
839 2940 1156 2993 interrogatione
1186 2953 1270 2981 sua.

799 3059 837 3097 2.
868 3056 955 3096 Pro
987 3057 1201 3097 omnibus
1232 3058 1276 3096 in
1307 3055 1470 3106 morte,
1499 3055 1538 3105 4,
1558 3055 1702 3094 7—20.

111 3128 257 3187 ⁵²¹1'jl‘ffi“'⁵
315 3130 326 3151 ⁷
353 3129 483 3168 Iustus
515 3136 651 3169 autem
683 3129 713 3169 si
744 3134 874 3169 morte
903 3134 1212 3181 praeoccupatus
1242 3127 1375 3170 fuerit.
1459 3127 1499 3167 in
1529 3125 1731 3178 refrigerio
1762 3125 1848 3166 erit.

93 3184 274 3224 w2nssm.11.2.-.
312 3188 536 3227 ”Senectus
586 3187 690 3227 enim
749 3187 989 3227 venerabilis
1048 3192 1109 3227 est
1169 3200 1248 3227 non
1305 3187 1510 3227 diuturna.
1610 3197 1741 3238 neque
1786 3196 1985 3225 annorum
2030 3196 2198 3225 numero

553 3252 812 3300 computata:

343 3306 429 3344 vani
464 3314 599 3345 autem
632 3314 724 3345 sunt
758 3319 897 3346 sensus
929 3305 1114 3350 hominis,
1203 3308 1217 3328 ²⁴
1248 3312 1286 3345 et
1317 3310 1417 3345 aetas
1447 3302 1668 3343 senectutis
1698 3302 1785 3342 vita
1814 3301 2090 3343 immaculata.

292 3364 528 3404 ¹⁰0Placens
563 3364 646 3403 Deo
687 3366 819 3405 sactus
861 3370 921 3405 est
954 3363 1136 3408 dilectus,
1223 3370 1261 3404 et
1295 3364 1437 3404 vivens
1468 3362 1574 3403 inter
1604 3366 1836 3414 peccatores
1868 3359 2091 3401 translatus
2123 3366 2195 3401 est.

424 3469 440 3501 7
464 3468 532 3501 aMt
558 3468 606 3506 13,
637 3468 687 3500 43.
729 3488 768 3491 ψ
805 3470 826 3502 ὅ
847 3470 879 3500 bl
908 3469 972 3501 (jor
994 3470 1024 3507 ὅ,
1054 3469 1082 3502 ’2.
1125 3488 1165 3491 -
1204 3469 1245 3501 Η
1274 3468 1323 3501 crs
1348 3468 1401 3507 56,
1436 3468 1464 3500 4.
1505 3487 1546 3490 —
1585 3467 1616 3507 4,
1649 3466 1668 3498 4
1691 3465 1747 3497 dlr
1774 3465 1824 3505 17,
1857 3466 1891 3504 ὅς
1926 3464 1977 3498 Mt
2003 3465 2032 3505 ἶ,
2065 3465 2115 3497 2ῖ.
2156 3485 2195 3488 ψ

291 3517 331 3549 10
359 3516 452 3548 'Hbs
481 3518 530 3555 ll7
556 3516 585 3548 Γ).
