2356 3760
109 171 161 211 20,
187 171 331 210 33--21,
357 171 398 203 :25
801 168 946 203 ACTUS
971 167 1315 203 APOSTOLORUM
1902 168 1998 210 1089

108 263 317 311 aedificare,
348 268 389 304 et
416 263 511 304 dare
538 260 807 303 hereditatem
835 260 877 301 in
905 260 1168 302 sanctificatis
1197 259 1396 301 omnibus.
1452 262 1485 284 3³
1513 260 1750 314 Argentum.
1781 266 1822 301 et
1849 257 2194 317 1111111111,,ξλῗξξῑζζζᾞζζῃ

109 327 181 362 aut
206 327 360 362 vestem
384 320 532 362 nullius
556 319 781 372 concupivi,
808 319 912 360 sicut
961 322 993 343 ³⁵⁴
1016 319 1092 373 ipsi
1116 319 1244 360 scitis:
1274 318 1488 372 aquoniam
1512 319 1565 360 ad
1588 332 1646 367 ea,
1674 332 1762 372 quae
1786 320 1881 360 mihi
1905 331 2003 372 opus
2048 327 2081 351 n<
2104 308 2165 365 1331]-

109 386 236 423 erant.
260 385 301 421 et
318 380 392 428 his,
416 378 485 433 qui
503 392 663 419 mecum
683 382 791 426 sunt,
812 377 1150 419 ministraverunt
1168 391 1313 418 manus
1333 377 1432 418 istae.
1480 379 1512 401 3⁵
1533 377 1682 418 Omnia
1702 378 1857 419 ostendi
1879 376 2002 424 vobis,
2063 363 2153 391 ¹'⁰¹¹¹¹'

110 438 303 491 quoniam
336 437 391 479 sic
423 437 666 485 laborantes,
705 440 867 489 oportet
899 436 1098 489 suscipere
1132 436 1323 483 infirmos,
1360 449 1406 476 ac
1438 435 1667 476 meminisse
1700 436 1812 476 verbi
1845 433 2005 477 Domini

111 497 213 546 lesu,
242 496 434 550 quoniam
457 495 542 549 ipse
567 493 689 535 dixit:
716 493 883 535 Beatius
908 498 970 535 est
992 494 1120 547 magis
1145 494 1252 542 dare,
1281 507 1403 547 quam
1429 494 1619 547 accipere.
1672 496 1708 519 3⁶
1732 494 1786 534 Et
1810 508 1899 536 cum
1922 494 2005 534 haec
2041 500 2178 544 011111113115

109 555 288 599 dixisset,
321 553 462 608 positis
493 552 661 607 genibus
692 552 773 593 suis
805 552 938 594 oravit
968 566 1060 593 cum
1092 552 1278 593 omnibus
1310 552 1396 593 illis.
1455 555 1489 577 ³⁷
1521 553 1692 606 Magnus
1723 558 1859 593 autem
1888 552 2004 593 fietus
2026 535 2089 559 vah*
2111 535 2190 558 ‘lm'

108 613 242 654 factus
263 619 325 654 est
345 612 545 654 omnium:
569 616 610 652 et
628 611 942 664 procumbentes
963 623 1083 664 super
1102 610 1250 651 collum
1271 610 1399 660 Pauli,
1424 610 1714 652 osculabantur
1734 624 1837 659 eum,
1884 612 1918 636 ³⁸
1938 609 2006 650 do-

108 671 236 712 lentes
265 671 443 712 maxime
471 670 513 710 in
543 670 679 718 verbo,
713 670 822 723 quod
851 669 1022 718 dixerat,
1056 668 1248 723 quoniam
1279 669 1452 722 amplius
1481 669 1626 711 faciem
1656 669 1739 711 eius
1769 683 1848 711 non
1878 672 2008 710 essent

108 729 245 771 visuri.
277 730 333 770 Et
363 729 621 770 deducebant
651 741 743 769 eum
775 728 827 769 ad
856 741 1016 769 navem.

660 820 725 859 17.
756 819 842 860 lter
871 820 914 859 ln
946 819 1206 870 Ierusalem,
1235 819 1301 869 21,
1321 818 1466 859 17—16.

213 886 277 929 21.
333 888 346 910 1
376 885 476 926 Cum
504 889 642 925 autem
668 883 824 925 factum
850 888 955 925 esset
980 889 1027 924 ut
1052 884 1336 938 navigaremus
1363 883 1559 924 abstracti
1585 884 1636 924 ab
1662 883 1729 933 eis,
1756 889 1864 925 recto
1890 895 2005 924 cursu
2057 888 2164 911 Paulus

110 944 294 985 venimus
316 944 455 991 Coum,
480 948 520 984 et
541 942 726 997 sequenti
748 942 811 983 die
835 943 1039 991 Rhodum,
1063 948 1103 983 et
1124 942 1216 983 inde
1238 943 1444 983 Pataram.
1494 944 1508 966 ²
1529 942 1585 982 Et
1606 955 1697 983 cum
1718 942 2006 983 invenissemus
2066 930 2164 984 3333?

109 1016 256 1044 navem
286 1002 623 1043 transfretantem
652 1001 692 1041 in
720 1001 954 1050 Phoenicen,
986 1001 1249 1042 ascendentes
1278 1001 1574 1054 navigavimus.
1631 1002 1647 1025 3
1675 1000 1775 1041 Cum
1805 998 2009 1054 apparuis-

110 1075 243 1103 semus
274 1065 412 1102 autem
444 1060 589 1114 Cypro,
622 1059 895 1113 relinquentes
927 1073 1015 1100 eam
1048 1060 1099 1100 ad
1131 1059 1348 1105 sinistram,
1382 1059 1665 1112 navigavimus
1696 1058 1737 1099 in
1768 1059 1936 1112 Syriam,
1969 1061 2010 1097 et

110 1120 295 1161 venimus
324 1120 496 1172 Tyrum:
527 1119 583 1159 ibi
611 1118 718 1159 enim
747 1118 863 1159 navis
893 1118 1128 1171 expositura
1157 1124 1244 1159 erat
1273 1131 1385 1159 onus.

213 1181 228 1203 ⁴
256 1177 439 1219 Inventis
466 1183 603 1218 autem
630 1176 847 1230 discipulis,
874 1177 1098 1218 mansimus
1123 1176 1178 1217 ibi
1204 1176 1345 1217 diebus
1371 1181 1545 1229 septem:
1574 1175 1642 1229 qui
1666 1176 1794 1216 Paulo
1820 1175 2007 1216 dicebant
2023 1177 2102 1201 ubist
2118 1177 2200 1236 ἕξω

109 1251 180 1291 per
208 1236 405 1290 Spiritum
434 1249 484 1277 ne
514 1236 748 1277 ascenderet
779 1235 1081 1289 lerosolymam.
1139 1237 1153 1259 ⁵
1183 1235 1239 1275 Et
1268 1234 1438 1288 expletis
1468 1233 1609 1274 diebus
1638 1233 1809 1287 profecti
1838 1234 2006 1281 ibamus,
2040 1219 2183 1273 nss’ssssi'ur.

110 1295 405 1337 deducentibus
430 1308 502 1336 nos
528 1294 714 1335 omnibus
740 1308 831 1335 cum
856 1293 1063 1342 uxoribus,
1090 1298 1131 1334 et
1154 1292 1243 1334 filiis
1268 1306 1395 1346 usque
1420 1293 1527 1333 foras
1553 1292 1781 1333 civitatem:
1808 1297 1847 1333 et
1869 1289 2009 1345 positis

109 1354 278 1408 genibus
297 1354 338 1394 in
358 1353 507 1401 littore,
530 1353 746 1394 oravimus.
798 1354 812 1377 ⁶
832 1352 887 1393 Et
907 1365 998 1393 cum
1019 1351 1343 1392 valefecissemus
1363 1350 1550 1397 invicem,
1572 1350 1824 1391 ascendimus
1844 1362 2007 1390 navem:

111 1413 167 1454 illi
198 1418 337 1454 autem
368 1412 578 1454 redierunt
608 1411 648 1452 in
681 1424 764 1453 sua.

218 1473 231 1495 ⁷
257 1472 338 1512 Nos
360 1484 455 1511 vero
478 1469 739 1523 navigatione
761 1468 925 1521 expleta
946 1482 969 1508 a
991 1469 1097 1521 Tyro
1119 1467 1400 1508 descendimus
1421 1466 1737 1508 ptolemaidam:
1762 1473 1802 1508 et
1823 1465 2008 1508 salutatis
2033 1466 2192 1524 Οῗζῖξξζω

111 1530 318 1576 fratribus,
347 1528 570 1569 mansimus
598 1527 661 1568 die
689 1540 771 1567 una
798 1527 907 1580 apud
934 1526 1033 1567 illos.
1092 1529 1107 1550 ⁸
1134 1526 1225 1566 Alia
1252 1531 1389 1566 autem
1418 1525 1480 1566 die
1508 1525 1691 1578 profecti,
1721 1526 1901 1566 venimus
1929 1524 2009 1565 Cae-
2094 1524 2099 1525 ⁷
2153 1520 2158 1529 '

111 1602 278 1630 saream.
316 1587 371 1628 Et
404 1587 604 1627 intrantes
639 1586 806 1627 domum
841 1585 1018 1638 Philippi
1053 1584 1323 1639 evangelistae,
1378 1584 1467 1637 bqui
1502 1588 1590 1624 erat
1624 1597 1726 1624 unus
1761 1585 1808 1624 de
1841 1588 2008 1637 septem,

111 1647 334 1689 mansimus
364 1646 474 1699 apud
503 1659 607 1686 eum.
667 1646 682 1668 ⁹
713 1644 817 1685 Huic
848 1650 984 1684 autem
1015 1648 1132 1684 erant
1162 1648 1359 1697 quattuor
1388 1642 1477 1683 filiae
1507 1642 1679 1695 virgines
1708 1643 2008 1695 prophetantes

216 1707 251 1730 ¹⁰
274 1705 330 1746 Et
353 1718 445 1745 cum
469 1716 720 1744 moraremur
743 1716 813 1756 per
836 1702 919 1743 dies
945 1702 1113 1756 aliquot,
1140 1701 1375 1755 supervenit
1400 1701 1566 1754 quidam
1591 1714 1615 1741 a
1640 1700 1776 1741 ludaea
1799 1700 2008 1754 propheta,
2024 1701 2205 1760 ”PiAssaJss‘f

111 1764 273 1806 nomine
292 1763 469 1818 Agabus.
518 1764 546 1787 11
570 1763 606 1803 Is
626 1776 718 1803 cum
736 1761 914 1802 venisset
933 1761 984 1801 ad
1002 1774 1086 1809 nos,
1108 1760 1204 1801 tulit
1223 1773 1366 1802 zonam
1385 1759 1519 1800 Pauli:
1540 1764 1582 1800 et
1600 1758 1766 1812 alligans
1785 1759 1858 1799 sibi
1877 1758 2008 1812 pedes,
2028 1743 2199 1798 3233&ssss

112 1828 153 1864 et
176 1836 321 1864 manus
346 1821 468 1862 dixit:
497 1821 593 1861 Haec
618 1820 717 1861 dicit
740 1819 914 1873 Spiritus
939 1824 1122 1860 sanctus:
1149 1819 1303 1868 Virum,
1330 1818 1442 1859 cuius
1467 1823 1529 1859 est
1553 1831 1655 1859 zona
1678 1818 1773 1865 haec,
1799 1817 1853 1857 sic
1878 1816 2011 1870 alliga·
2033 1808 2199 1839 ‘'s‘'phf't'at’

113 1883 217 1923 bunt
239 1881 280 1921 in
306 1879 523 1921 Ierusalem
544 1878 680 1927 ludaei,
703 1883 744 1919 et
766 1879 932 1920 tradent
954 1878 994 1919 in
1018 1891 1162 1919 manus
1184 1877 1391 1919 Gentium.
1439 1879 1470 1901 ¹2
1493 1877 1612 1925 Quod
1635 1890 1726 1917 cum
1750 1875 2009 1921 audissemus,

113 1940 356 1994 rogabamus
371 1952 456 1987 nos,
474 1943 515 1979 et
531 1937 597 1991 qui
614 1937 689 1978 loci
703 1937 808 1978 illius
824 1942 952 1985 erant,
970 1950 1019 1977 ne
1035 1937 1270 1977 ascenderet
1287 1935 1589 1988 lerosolymam.
1634 1937 1665 1959 13
1680 1934 1791 1975 Tunc
1806 1933 2014 1987 respondit

112 1998 276 2046 Paulus,
300 2003 341 2038 et
362 1997 484 2038 dixit:
508 1996 615 2045 Quid
636 1995 768 2036 facitis
790 1995 944 2038 flentes.
968 2001 1009 2035 et
1030 1995 1255 2049 affligentes
1277 2007 1344 2035 cor
1364 1993 1524 2034 meum?
1548 1993 1634 2046 Ego
1655 1992 1761 2033 enim
1783 2005 1864 2033 non
1886 1991 2013 2033 solum

113 2057 278 2111 alligari,
305 2057 375 2097 sed
398 2061 439 2097 et
462 2054 563 2096 mori
586 2054 627 2095 in
654 2054 871 2095 Ierusalem
895 2059 1063 2107 paratus
1087 2067 1176 2094 sum
1200 2058 1367 2106 propter
1390 2065 1537 2093 nomen
1561 2050 1726 2092 Domini
1752 2051 1854 2091 lesu.
1906 2052 1937 2074 14
1960 2050 2015 2090 Et

114 2130 205 2157 cum
235 2115 269 2156 ei
299 2115 467 2156 suadere
495 2127 577 2155 non
605 2127 827 2167 possemus,
860 2112 1099 2166 quievimus,
1131 2112 1329 2153 dicentes:
1359 2110 1526 2151 Domini
1554 2109 1745 2150 voluntas
1775 2109 1857 2150 fiat.

220 2176 248 2198 ¹5
273 2173 374 2215 Post
398 2172 482 2214 dies
508 2177 646 2213 autem
672 2171 770 2213 istos
795 2170 1026 2225 praeparati,
1054 2170 1371 2211 ascendebamus
1396 2169 1437 2209 in
1466 2167 1694 2209 Ierusalem.
1748 2169 1781 2191 ¹⁶
1805 2167 2014 2208 Venerunt
2038 2174 2198 2239 agaffiffia

114 2238 252 2274 autem
275 2237 316 2273 et
337 2245 387 2273 ex
409 2231 614 2285 discipulis
637 2244 661 2271 a
682 2230 863 2271 Caesarea
884 2229 1108 2271 nobiscum.
1133 2229 1381 2270 adducentes
1404 2241 1539 2267 secum
1563 2227 1672 2280 apud
1695 2239 1813 2279 quem
1834 2225 2013 2279 hospita·
2039 2245 2195 2269 Ierusalem

113 2305 248 2333 remur
276 2291 514 2332 Mnasonem
545 2289 750 2343 quendam
779 2288 986 2342 Cyprium,
1018 2287 1235 2341 antiquum
1265 2286 1520 2340 discipulum.
2048 2280 2186 2305 ffl'ffidif‘

355 2396 427 2446 II.
466 2394 792 2460 Captivitas
832 2393 1003 2444 Pauli
1043 2392 1310 2457 apostoli,
1351 2392 1428 2451 21,
1457 2389 1676 2451 17—28,
1703 2389 1777 2440 31.

503 2479 542 2519 1.
572 2476 822 2518 Consilium
854 2476 1000 2516 lacobl
1030 2476 1075 2516 et
1103 2476 1352 2525 seniorum,
1380 2475 1447 2525 21,
1467 2473 1638 2514 17—26.

219 2547 253 2570 17
282 2545 338 2591 Et
366 2557 457 2584 cum
486 2542 736 2583 venissemus
767 2541 1070 2594 lerosolymam,
1100 2540 1273 2581 libenter
1301 2543 1549 2593 exceperunt
1575 2551 1648 2579 nos
1676 2537 1829 2577 fratres.
2069 2539 2173 2563 eamus

219 2605 254 2628 18
289 2602 485 2656 Sequenti
521 2606 659 2642 autem
695 2600 759 2641 die
794 2599 994 2641 introibat
1028 2599 1179 2640 Paulus
1215 2598 1427 2640 nobiscum
1464 2597 1516 2638 ad
1554 2597 1758 2645 Iacobum,
1796 2608 2014 2648 omnesque
2041 2574 2194 2639 elffiiiisfr,

116 2661 272 2704 collecti
302 2666 399 2703 sunt
428 2659 613 2702 seniores.
673 2661 707 2683 ¹⁹
738 2659 847 2707 Quos
878 2672 970 2699 cum
1001 2657 1230 2707 salutasset,
1263 2657 1459 2698 narrabat
1488 2668 1559 2709 per
1588 2653 1753 2707 singula,
1786 2666 1874 2707 quae
1903 2654 2013 2694 Deus
2040 2655 2201 2714 {ssgffissssi’bffi

116 2721 277 2762 fecisset
303 2720 344 2760 in
372 2719 572 2760 Gentibus
600 2731 672 2771 per
698 2716 967 2759 ministerium
996 2716 1133 2770 ipsius.
2041 2709 2043 2713 ’
2065 2709 2192 2749 τως-ηις

220 2781 256 2803 2⁰
282 2779 339 2819 At
366 2778 421 2818 illi
450 2791 543 2819 cum
572 2776 792 2825 audissent,
822 2775 1143 2829 magnificabant
1169 2775 1316 2824 Deum,
1347 2773 1618 2826 dixeruntque
1647 2771 1699 2812 ei:
1729 2769 1846 2811 Vides
1874 2770 2012 2820 frater,
2044 2762 2194 2831 Cgffi'islssffl'm

118 2843 219 2891 quot
237 2836 364 2878 millia
383 2841 479 2878 sunt
497 2835 539 2876 in
561 2834 717 2884 Iudaeis,
742 2834 811 2888 qui
830 2834 1100 2883 crediderunt,
1123 2838 1164 2874 et
1184 2846 1321 2875 omnes
1341 2831 1596 2874 aemulatores
1617 2833 1710 2871 sunt
1728 2827 1833 2882 legis.
1881 2831 1913 2853 '21
1933 2829 2014 2869 Au—
2069 2825 2168 2883 opima

117 2896 281 2937 dierunt
301 2900 439 2937 autem
461 2895 510 2935 de
530 2899 571 2934 te
593 2893 689 2947 quia
709 2892 993 2934 discessionem
1014 2892 1158 2933 doceas
1180 2905 1204 2932 a
1223 2892 1363 2945 Moyse
1384 2903 1534 2940 eorum,
1560 2888 1628 2942 qui
1648 2900 1716 2941 per
1735 2886 1883 2928 Gentes
1905 2892 2012 2936 sunt,
2078 2877 2160 2901 “¹⁹¹⁹

120 2955 367 2996 ludaeorum:
398 2953 534 2994 dicens
562 2965 643 2993 non
672 2952 817 2992 debere
846 2964 912 2993 eos
941 2950 1225 2991 circumcidere
1252 2950 1354 2991 filios
1383 2963 1487 2999 suos,
1518 2960 1648 3001 neque
1676 2946 1895 2987 secundum
1923 2959 2017 2988 con-

119 3012 377 3054 suetudinem
407 3010 574 3064 ingredi.
634 3012 666 3034 22
699 3009 806 3058 Quid
838 3022 930 3062 ergo
963 3008 1047 3050 est?
1081 3008 1223 3062 utique
1256 3013 1419 3062 oportet
1450 3005 1663 3048 convenire
1694 3003 2016 3045 multitudinem:

119 3071 288 3112 audient
312 3070 423 3110 enim·
443 3074 484 3110 te
509 3068 799 3122 supervenisse.
852 3070 884 3092 ²³
910 3067 999 3108 Hoc
1023 3080 1115 3121 ergo
1140 3067 1204 3108 fac
1229 3067 1339 3121 quod
1363 3065 1439 3107 tibi
1463 3065 1651 3107 dicimus:
1677 3063 1778 3103 Sunt
1801 3063 1917 3104 nobis
1942 3062 2018 3103 viri

120 3134 328 3183 quattuor,
358 3133 503 3169 votum
530 3127 728 3168 habentes
756 3139 876 3179 super
902 3138 954 3166 se.
1010 3127 1042 3150 ‘2⁴¹
1071 3125 1144 3167 His
1173 3125 1404 3179 assumptis,
1435 3123 1644 3165 sanctifica
1670 3126 1708 3161 te
1734 3134 1824 3163 cum
1851 3121 1946 3162 illis:
1978 3126 2020 3162 et

120 3187 309 3241 impende
331 3186 373 3227 in
393 3185 469 3227 illis
499 3191 562 3226 cut
583 3186 733 3226 radant
754 3183 908 3237 capita:
933 3189 974 3224 et
995 3183 1123 3225 scient
1146 3197 1284 3226 omnes
1307 3183 1403 3238 quia
1425 3196 1514 3237 quae
1536 3183 1585 3223 de
1608 3186 1646 3222 te
1669 3179 1892 3230 audierunt,
1917 3179 2020 3221 falsa

120 3251 227 3295 sunt,
256 3246 325 3287 sed
351 3243 536 3285 ambulas
562 3248 603 3284 et
627 3243 712 3296 ipse
737 3242 969 3284 custodiens
994 3242 1135 3296 legem.
1188 3245 1220 3267 2⁵
1244 3243 1306 3283 De
1331 3242 1392 3283 his
1419 3246 1569 3290 autem,
1598 3238 1665 3293 qui
1690 3238 1945 3280 crediderunt
1970 3251 2019 3280 ex

119 3304 332 3353 Gentibus,
351 3309 445 3344 dnos
461 3301 692 3355 scripsimus
708 3300 934 3342 iudicantes
950 3306 997 3342 ut
1013 3300 1248 3342 abstineant
1263 3314 1304 3342 se
1319 3301 1370 3342 ab
1386 3299 1515 3349 idolis,
1532 3296 1752 3346 immolato,
1769 3301 1810 3337 et
1825 3296 2020 3352 sanguine

121 3368 163 3404 et
189 3363 400 3410 suffocato,
430 3365 472 3401 et
498 3359 777 3401 fornicatione.

253 3452 306 3494 20,
331 3452 373 3485 34
391 3453 428 3484 ³1
454 3452 519 3485 Cor
542 3452 573 3491 4,
599 3452 655 3492 123
682 3452 701 3484 2
727 3451 813 3485 Thes
837 3452 869 3491 3,
894 3451 925 3486 8.
951 3471 993 3475 ——
1017 3451 1070 3492 21,
1095 3451 1115 3484 8
1133 3449 1223 3494 bSup
1249 3450 1279 3490 6,
1304 3450 1334 3484 5.
1362 3470 1403 3474 —
1427 3450 1469 3484 :24
1490 3449 1574 3482 cNm
1599 3447 1628 3487 6,
1655 3446 1708 3486 18;
1733 3446 1803 3491 Sup
1828 3447 1880 3488 18,
1907 3446 1958 3481 18.
1978 3467 2019 3470 —

121 3500 162 3533 25
185 3499 277 3542 dSup
301 3499 353 3538 15,
377 3499 428 3532 20.
454 3500 505 3532 29.
1252 3524 1255 3527 .

190 3562 218 3586 H
228 3570 242 3587 ο
252 3563 263 3587 t
272 3569 286 3586 z
295 3570 309 3586 e
318 3570 335 3587 n
346 3568 387 3587 au
396 3570 410 3587 0
419 3569 432 3586 1·
440 3581 446 3591 ,
471 3562 598 3592 Vulgata
620 3562 808 3587 Clementina.
1761 3551 1811 3591 69
