2356 3760
153 735 228 759 aqua

123 764 257 790 abluetur

136 1426 163 1449 et
186 1425 248 1453 igne

102 1460 281 1490 probabitur.

142 1957 247 1981 Contra

148 1993 242 2017 hostes

118 2028 271 2053 Ierusalem

127 2190 266 2214 Dominus

92 2226 281 2257 praeliabitur:

124 2783 171 2800 ΓΘΧ
186 2782 270 2805 supr-r

139 2818 253 2835 omnem

144 2848 249 2871 terrani

153 3241 177 3264 ὴ(
184 3242 248 3264 ιεὶῖυῆ

124 3276 276 3301 Ierusalem

131 3312 268 3342 percutiet

297 219 374 259 898
978 213 1252 248 PROPHETIA
1280 213 1531 248 ZACHARIAE
1927 215 1979 255 12,
2005 216 2147 257 11—14‚
2172 216 2215 250 13

296 321 388 349 eum
419 307 589 361 planctu
621 307 735 361 quasi
767 319 888 359 super
917 306 1186 358 unigenitum.
1219 310 1261 347 et
1290 305 1490 347 dolebunt
1520 318 1641 359 super
1670 318 1775 354 eum,
1808 310 1856 347 ut
1885 307 2011 349 doleri
2041 308 2145 350 solet
2173 308 2212 349 in

296 372 427 408 morte
447 366 719 420 primogeniti.
770 367 797 388 ¹¹
824 364 869 404 In
890 364 953 404 die
973 363 1042 404 illa
1061 377 1232 417 magnus
1254 364 1330 405 erit
1349 364 1538 417 planctus
1559 364 1599 405 in
1622 364 1854 413 Ierusalem,
1881 366 2006 407 asicut
2024 366 2215 420 planctus

294 425 602 466 Adadremmon
621 425 660 465 in
681 436 824 475 campo
844 422 1086 475 Mageddon.
1136 424 1167 446 ¹²
1185 422 1240 463 Et
1259 422 1425 476 planget
1443 428 1569 464 terra:
1590 422 1755 464 familiae
1773 428 1813 464 et
1831 423 1997 465 familiae
2014 438 2214 467 seorsum:

294 483 459 525 familiae
493 484 638 525 domus
672 481 810 522 David
844 493 1037 527 seorsum,
1074 486 1115 522 et
1149 481 1335 522 mulieres
1370 495 1509 523 eorum
1544 494 1744 523 seorsum:
1807 484 1839 507 1³
1872 483 2036 524 familiae
2070 484 2215 525 domus

297 543 464 584 Nathan
500 554 691 585 seorsum,
729 545 770 580 et
804 539 990 580 mulieres
1025 553 1163 580 eorum
1199 553 1398 582 seorsum:
1434 539 1599 581 familiae
1632 541 1778 582 domus
1813 540 1911 582 Levi
1946 555 2138 591 seorsum,
2175 547 2218 584 et

295 601 482 642 mulieres
521 613 659 641 eorum
698 611 897 639 seorsum:
937 598 1102 640 familia}
1138 599 1269 640 Semei
1308 612 1501 645 seorsum,
1542 604 1582 640 et
1618 598 1806 639 mulieres
1844 613 1983 641 eorum
2021 613 2214 642 seorsum.

297 662 328 684 ¹⁴
353 660 504 700 Omnes
529 657 693 699 familiae
717 656 892 711 reliquae,
918 657 1084 699 familiae
1108 662 1148 698 et
1171 657 1336 698 familiae
1360 671 1553 706 seorsum,
1580 664 1622 699 et
1644 658 1831 698 mulieres
1856 671 1994 700 eorum
2020 672 2214 702 seorsum.

404 717 466 760 13.
524 719 534 741 ¹
571 716 617 757 In
649 716 713 757 die
744 715 812 756 illa
844 716 919 756 erit
950 716 1040 757 fons
1072 720 1218 769 patens
1250 716 1390 757 domui
1421 715 1570 761 David,
1605 721 1645 757 et
1676 717 1963 758 habitantibus
1997 717 2216 759 Ierusalem

296 777 336 817 in
370 776 623 817 ablutionem
656 775 893 828 peccatoris,
927 780 969 815 et
1000 780 1278 816 menstruatae.
1339 777 1353 799 ²
1389 775 1463 815 bEt
1496 775 1572 815 erit
1603 775 1643 815 in
1676 775 1740 816 die
1770 775 1850 820 illa,
1885 775 1985 817 dicit
2015 776 2217 818 Dominus

294 834 567 875 exercituum:
599 834 845 887 Disperdam
875 833 1043 875 nomina
1072 834 1273 875 idolorum
1305 834 1354 874 de
1385 839 1504 879 terra,
1537 839 1579 874 et
1607 847 1689 875 non
1720 835 2060 875 memorabuntur
2089 834 2215 876 ultra:

295 899 336 934 et
369 893 760 947 pseudoprophetas,
797 897 837 933 et
870 892 1058 946 spiritum
1092 892 1353 933 immundum
1386 892 1569 933 auferam
1603 892 1652 933 de
1685 898 1805 934 terra.
1865 895 1881 917 ³
1913 893 1970 934 Et
2002 894 2089 940 erit,
2125 907 2217 934 cum

295 952 607 1006 prophetaverit
638 951 840 1006 quispiam
871 951 990 997 ultra,
1024 951 1161 992 dicent
1191 951 1224 991 ei
1254 956 1373 1004 pater
1401 951 1497 996 eius,
1530 956 1571 992 et
1600 956 1734 992 mater
1762 952 1857 997 eius,
1891 952 1960 1006 qui
1989 958 2219 1006 genuerunt

295 1024 407 1052 curn:
437 1012 527 1052 Non
553 1011 684 1051 vives:
713 1010 809 1063 quia
833 1010 1091 1051 mendacium
1117 1009 1279 1051 locutus
1304 1023 1344 1050 es
1370 1010 1409 1050 in
1436 1009 1599 1051 nomine
1624 1010 1802 1052 Domini.
1830 1015 1871 1051 et
1896 1011 2101 1065 configent
2125 1024 2218 1052 eum

296 1076 414 1123 pater
438 1070 533 1113 eius
562 1074 602 1110 et
626 1075 759 1111 mater
782 1068 878 1117 eius,
904 1068 1107 1122 genitores
1133 1069 1228 1113 eius,
1256 1082 1347 1109 cum
1374 1068 1696 1122 prophetaverit.
1749 1071 1764 1093 ⁴
1788 1069 1844 1110 Et
1868 1070 1961 1110 erit:
1991 1070 2038 1111 In
2063 1069 2126 1111 die
2150 1069 2220 1110 illa

297 1129 602 1170 confundentur
618 1127 840 1181 prophetae‚
861 1127 1142 1181 unusquisque
1160 1140 1209 1167 ex
1227 1127 1381 1168 visione
1399 1140 1472 1168 sua
1489 1141 1581 1168 cum
1599 1127 1928 1181 prophetaverit:
1947 1141 2021 1169 nec
2038 1128 2219 1182 operien-

296 1193 365 1227 tur
388 1186 510 1240 pallio
536 1187 708 1234 saccino,
736 1190 783 1226 ut
807 1185 1080 1227 mentiantur:
1133 1187 1148 1210 ⁵
1173 1186 1243 1227 sed
1268 1186 1394 1227 dicet:
1422 1186 1514 1227 Non
1539 1199 1629 1227 sum
1654 1187 1868 1240 propheta,
1896 1187 2018 1229 homo
2044 1186 2221 1241 agricola

297 1258 369 1298 ego
394 1259 502 1286 sum:
531 1245 724 1299 quoniam
749 1244 883 1286 Adam
909 1244 1143 1298 exemplum
1167 1257 1303 1286 meum
1329 1245 1381 1285 ab
1406 1244 1683 1286 adolescentia
1705 1258 1808 1287 mea.
1864 1247 1879 1270 ⁶
1903 1245 1958 1287 Et
1982 1246 2142 1287 dicetur
2164 1246 2217 1286 ei:

297 1304 405 1353 Quid
432 1309 529 1345 sunt
556 1304 685 1358 plagae
711 1303 800 1344 istae
825 1303 867 1344 in
894 1303 1028 1345 medio
1056 1317 1255 1345 manuum
1282 1304 1474 1345 tuarum?
1503 1303 1559 1345 Et
1586 1304 1711 1345 dicet:
1742 1304 1816 1346 His
1844 1304 2033 1359 plagatus
2061 1318 2151 1346 sum
2178 1304 2219 1346 in

297 1364 419 1405 domo
448 1376 600 1411 eorum,
633 1363 702 1417 qui
731 1362 958 1416 diligebant
985 1376 1060 1403 me.

408 1424 421 1445 ⁷
450 1422 623 1463 Framea
649 1421 845 1463 suscitare
871 1434 992 1475 super
1018 1427 1225 1475 pastorem
1252 1434 1402 1471 meum,
1432 1426 1473 1463 et
1500 1434 1621 1475 super
1646 1421 1780 1463 virum
1808 1422 2079 1464 cohaerentem
2106 1422 2218 1471 mihi,

298 1480 398 1522 dicit
420 1480 622 1522 Dominus
647 1481 920 1522 exercituum:
953 1486 1137 1534 epercute
1159 1486 1380 1534 pastorem,
1406 1485 1447 1522 et
1471 1481 1756 1534 dispergentur
1776 1494 1890 1524 oves:
1916 1486 1957 1522 et
1980 1486 2220 1523 convertam

297 1553 466 1581 manum
492 1553 626 1580 meam
651 1540 703 1580 ad
726 1539 931 1594 parvulos.
987 1541 1002 1563 ⁸
1026 1540 1083 1580 Et
1107 1544 1226 1581 erunt
1250 1540 1290 1580 in
1316 1539 1426 1581 omni
1451 1545 1570 1589 terra,
1598 1539 1698 1581 dicit
1721 1540 1942 1582 Dominus:
1968 1546 2106 1594 partes
2130 1540 2221 1581 duae

297 1599 336 1639 in
357 1612 403 1639 ea
421 1598 717 1652 dispergentur,
739 1604 780 1639 et
798 1598 1006 1640 deficient:
1027 1604 1068 1639 et
1087 1598 1211 1639 tertia
1228 1611 1321 1652 pars
1340 1598 1593 1653 relinquetur
1610 1598 1651 1639 in
1670 1611 1728 1640 ea.
1778 1601 1793 1624 ⁹
1812 1599 1868 1640 Et
1885 1600 2034 1641 ducam
2054 1599 2219 1640 tertiam

295 1663 456 1711 partem
484 1670 556 1711 per
582 1657 728 1711 ignem,
759 1662 800 1698 et
827 1670 943 1698 uram
972 1670 1038 1698 eos
1066 1657 1172 1698 sicut
1199 1657 1332 1698 uritur
1358 1663 1592 1711 argentum:
1623 1662 1664 1698 et
1690 1657 1874 1712 probabo
1903 1671 1970 1699 eos
1997 1658 2104 1699 sicut
2129 1670 2221 1712 pro·

298 1716 422 1758 batur
448 1729 605 1758 aurum.
636 1716 727 1770 Ipse
754 1716 921 1758 vocabit
947 1729 1096 1758 nornen
1122 1729 1272 1765 meum,
1301 1720 1343 1758 et
1367 1729 1440 1771 ego
1467 1715 1686 1758 exaudiam
1713 1729 1818 1759 eum.
1845 1716 2011 1758 Dicam:
2038 1716 2220 1771 Populus

297 1788 411 1816 meus
441 1788 500 1825 es;
531 1779 573 1816 et
601 1775 687 1829 ipse
717 1775 842 1816 dicet:
874 1774 1077 1817 Dominus
1106 1775 1217 1817 Deus
1247 1788 1374 1817 meus.

781 1882 819 1921 2.
850 1879 1052 1922 Securus
1083 1880 1127 1921 et
1157 1881 1346 1922 sanctus
1377 1880 1476 1931 erit,
1504 1880 1570 1931 14,
1590 1880 1738 1921 1—21.

407 1949 470 1994 14.
526 1953 539 1974 ¹
565 1950 670 1991 Ecce
695 1949 861 1990 venient
886 1950 969 1991 dies
993 1949 1173 1996 Domini,
1200 1955 1242 1990 et
1266 1949 1503 1991 dividentur
1527 1949 1657 2004 spolia
1681 1954 1754 1991 tua
1776 1949 1818 1990 in
1841 1949 1975 1991 medio
2001 1950 2073 1991 tui.
2126 1951 2141 1974 ²
2165 1949 2222 1991 Et

302 2010 554 2063 congregabo
583 2022 722 2051 omnes
749 2009 901 2050 Gentes
929 2009 981 2050 ad
1010 2008 1229 2050 Ierusalem
1257 2009 1297 2050 in
1325 2008 1521 2063 praelium,
1551 2013 1592 2049 et
1619 2008 1804 2063 capietur
1830 2008 1986 2058 civitas,
2016 2014 2056 2050 et
2084 2014 2221 2050 vasta-

300 2069 456 2110 buntur
473 2069 630 2115 domus,
652 2073 692 2109 et
710 2068 897 2109 mulieres
916 2067 1200 2109 violabuntur:
1221 2073 1261 2109 et
1280 2068 1509 2122 egredietur
1525 2068 1661 2109 media
1678 2081 1772 2122 pars
1791 2067 1971 2109 civitatis
1989 2067 2030 2109 in
2049 2068 2221 2122 captivi-

300 2133 442 2176 tatem,
472 2132 511 2168 et
537 2127 738 2181 reliquum
764 2127 905 2181 populi
931 2140 1013 2168 non
1040 2127 1248 2168 auferetur
1273 2140 1322 2168 ex
1348 2127 1460 2168 urbe.

406 2188 421 2210 ³
451 2186 507 2227 Et
536 2186 765 2240 egredietur
792 2186 1006 2235 Dominus,
1040 2191 1081 2227 et
1109 2185 1363 2239 praeliabitur
1392 2191 1535 2227 contra
1564 2186 1716 2227 Gentes
1746 2185 1845 2233 illas,
1878 2186 1984 2226 sicut
2013 2185 2220 2239 praeliatus

301 2251 362 2285 est
386 2246 426 2286 in
451 2246 515 2286 die
539 2244 784 2286 certaminis.
837 2246 852 2268 ‘¹
876 2244 932 2285 Et
956 2245 1129 2285 stabunt
1152 2245 1274 2298 pedes
1299 2244 1383 2285 eius
1407 2244 1447 2285 in
1473 2245 1536 2285 die
1560 2244 1629 2285 illa
1652 2257 1773 2298 super
1795 2245 1979 2286 Montem
2005 2244 2218 2293 olivarum,

301 2304 369 2358 qui
392 2309 454 2344 est
476 2309 620 2346 contra
644 2303 863 2344 Ierusalem
886 2304 939 2344 ad
961 2303 1190 2344 Orientem:
1216 2308 1257 2344 et
1279 2303 1488 2345 scindetur
1508 2303 1625 2344 Mons
1649 2302 1850 2344 olivarum
1874 2316 1923 2344 ex
1945 2303 2081 2345 media
2102 2308 2220 2357 parte

297 2363 358 2404 sui
383 2363 435 2404 ad
459 2363 680 2408 Orientem
707 2367 747 2403 et
771 2363 823 2403 ad
847 2362 1111 2403 Occidentem
1135 2368 1343 2416 praerupto
1366 2362 1510 2416 grandi
1535 2361 1666 2411 valde
1693 2367 1734 2403 et
1757 2362 2016 2416 separabitur
2037 2362 2219 2403 medium

298 2422 449 2463 montis
467 2422 519 2463 ad
534 2421 791 2487 Aquilonem
811 2426 852 2462 et
867 2421 1047 2462 medium
1064 2421 1148 2462 eius
1164 2421 1216 2462 ad
1231 2420 1455 2462 Meridiem.
1499 2421 1514 2445 ⁵
1530 2420 1586 2462 Et
1600 2421 1764 2475 fugietis
1781 2421 1833 2461 ad
1848 2434 1875 2460 v
1879 2420 1998 2462 allem
2013 2421 2219 2462 montium

298 2494 449 2527 eorum
492 2481 686 2535 quoniam
725 2480 995 2534 coniungetur
1032 2479 1148 2521 vallis
1186 2480 1391 2522 montium
1430 2493 1558 2534 usque
1596 2480 1649 2521 ad
1686 2480 1938 2533 proximum:
1979 2484 2021 2520 et
2056 2479 2220 2534 fugietis

301 2540 428 2581 dsicut
456 2540 616 2593 fugistis
647 2553 668 2580 a
698 2539 800 2580 facie
831 2545 1086 2581 terraemotus
1115 2539 1156 2580 in
1186 2539 1329 2580 diebus
1358 2539 1467 2580 Oziae
1495 2539 1598 2592 regis
1629 2538 1751 2580 Iuda:
1783 2543 1824 2579 et
1853 2538 1990 2579 veniet
2018 2539 2220 2580 Dominus

299 2598 410 2639 Deus
429 2612 555 2647 meus,
577 2611 798 2653 omnesque
816 2598 948 2639 sancti
967 2611 1059 2639 cum
1079 2611 1137 2640 eo.
1187 2600 1202 2622 ⁶
1220 2597 1277 2639 Et
1294 2598 1371 2639 erit
1388 2598 1429 2639 in
1448 2597 1512 2639 die
1530 2597 1616 2639 illa:
1638 2598 1731 2639 Non
1750 2598 1827 2639 erit
1842 2597 1925 2647 lux,
1947 2597 2018 2639 sed
2035 2597 2161 2652 frigus
2180 2602 2221 2638 et

298 2657 402 2710 gelu.
456 2659 469 2681 ⁷
492 2657 548 2698 Et
570 2658 645 2698 erit
667 2658 750 2698 dies
773 2670 866 2701 una,
892 2670 982 2711 quae
1003 2662 1103 2699 nota
1124 2662 1187 2698 est
1206 2657 1397 2705 Domino,
1422 2670 1504 2698 non
1527 2657 1610 2698 dies
1633 2669 1765 2710 neque
1786 2669 1887 2698 nox:
1911 2660 1952 2697 et
1973 2656 2014 2697 in
2037 2661 2221 2710 tempore

300 2717 457 2770 vesperi
487 2717 563 2757 erit
591 2716 674 2758 lux,

410 2777 425 2799 ⁸
446 2775 501 2816 Et
521 2776 598 2816 erit
616 2775 657 2816 in
678 2775 741 2816 die
762 2774 848 2816 illa:
870 2774 1058 2816 Exibunt
1078 2788 1196 2829 aquae
1216 2775 1321 2817 vivae
1341 2775 1390 2816 de
1413 2774 1652 2816 Ierusalem:
1674 2774 1855 2815 medium
1876 2787 2015 2814 earum
2037 2774 2090 2815 ad
2109 2786 2221 2814 mare

303 2833 521 2878 Orientale.
554 2839 596 2875 et
623 2834 804 2875 medium
834 2847 973 2875 earum
1004 2835 1056 2874 ad
1085 2847 1196 2874 mare
1225 2834 1511 2875 novissimum:
1542 2834 1584 2874 in
1613 2839 1756 2874 aestate
1786 2837 1827 2874 et
1855 2832 1895 2874 in
1926 2832 2057 2874 hieme
2086 2836 2218 2874 erunt.

303 2893 318 2915 ⁹
348 2892 403 2933 Et
432 2894 507 2934 erit
536 2893 738 2934 Dominus
771 2893 859 2933 Rex
888 2906 1009 2946 super
1038 2906 1201 2934 omnem
1231 2898 1400 2933 terram:
1432 2893 1473 2933 in
1503 2892 1567 2933 die
1596 2891 1665 2933 illa
1694 2892 1770 2933 erit
1798 2891 2000 2933 Dominus
2031 2904 2147 2940 unus,
2180 2896 2222 2931 et

302 2951 377 2990 crit
402 2965 549 2992 nomen
576 2952 660 2992 eius
686 2965 826 2993 unum.
883 2953 917 2975 ¹⁰
942 2951 997 2992 Et
1022 2957 1252 2992 revertetur
1277 2951 1406 2993 omnis
1433 2957 1542 2992 terra
1567 2964 1695 3004 usque
1720 2951 1773 2992 ad
1798 2951 2017 2996 desertum,
2045 2950 2095 2991 de
2120 2949 2221 2991 colle

305 3008 503 3051 Rcrnmon
533 3012 585 3051 ad
611 3011 809 3052 Austrum
839 3009 1077 3051 Ierusalem:
1107 3016 1147 3051 et
1175 3010 1437 3054 exaltabitur,
1467 3015 1508 3051 et
1534 3009 1743 3051 habitabit
1769 3009 1808 3049 in
1835 3008 1923 3051 loco
1950 3022 2023 3050 suo
2051 3021 2075 3049 a
2099 3013 2222 3062 porta

304 3066 515 3109 Beniamin
540 3083 666 3123 usque
688 3070 740 3110 ad
760 3069 894 3111 locum
917 3074 1047 3122 portae
1066 3069 1222 3122 prioris,
1247 3074 1288 3110 et
1309 3082 1437 3123 usque
1459 3069 1511 3110 ad
1532 3074 1696 3122 portam
1718 3067 1978 3121 angulorum:
2002 3072 2043 3108 et
2064 3080 2088 3108 a
2108 3072 2220 3107 turre

307 3125 516 3167 Hananeel
541 3142 668 3182 usque
691 3129 743 3169 ad
768 3127 986 3170 torcularia
1008 3128 1122 3181 regis.
1175 3130 1204 3152 ¹¹
1229 3128 1284 3169 Et
1308 3128 1560 3169 habitabunt
1581 3127 1622 3168 in
1646 3140 1704 3172 ea,
1731 3135 1771 3167 et
1794 3126 2017 3168 anathema
2039 3138 2120 3167 non
2143 3125 2221 3166 erit.

305 3184 497 3237 amplius:
529 3187 596 3226 sed
628 3187 784 3228 sedebit
817 3186 1035 3228 Ierusalem
1065 3200 1217 3228 secura.

413 3246 443 3267 ¹2
468 3244 521 3284 Et
546 3245 628 3285 haec
654 3246 727 3285 erit
752 3245 882 3299 plaga,
911 3259 992 3300 qua
1014 3246 1216 3299 percutiet
1239 3245 1440 3287 Dominus
1465 3258 1604 3286 omnes
1628 3244 1791 3293 Gentes,
1819 3256 1908 3298 quae
1932 3246 2222 3297 pugnaverunt

307 3302 501 3343 adversus
542 3304 776 3344 Ierusalem:
817 3305 1015 3345 Tabescet
1052 3318 1143 3345 caro
1182 3304 1499 3358 uniuscuiusque
1536 3303 1684 3344 stantis
1721 3315 1842 3356 super
1876 3302 1998 3356 pedes
2035 3314 2140 3350 suos,
2180 3306 2222 3342 et

306 3361 409 3401 oculi
432 3361 514 3402 eius
537 3362 828 3403 contabescent
848 3363 888 3404 in
910 3363 1179 3404 foraminibus
1200 3362 1293 3407 suis,
1318 3368 1359 3403 et
1378 3362 1518 3416 lingua
1538 3375 1677 3403 eorum
1700 3361 1962 3403 contabescet
1983 3359 2023 3400 in
2046 3373 2112 3402 ore
2133 3372 2217 3401 suo.

309 3421 338 3444 ¹³
358 3420 404 3460 In
423 3420 485 3461 die
504 3420 571 3461 illa
589 3421 661 3461 erit
683 3421 884 3462 tumultus
901 3421 1069 3464 Domini
1085 3435 1257 3476 magnus
1275 3422 1315 3462 in
1333 3422 1406 3462 eis:
1426 3427 1467 3462 et
1484 3421 1765 3474 apprehendet
1782 3420 1844 3461 vir
1859 3432 2027 3460 manum
2044 3418 2219 3473 proximi

439 3548 479 3581 11
501 3548 538 3580 ²2
561 3547 624 3580 I'ar
643 3548 695 3587 35,
716 3548 767 3581 22.
794 3569 834 3571 μ
862 3549 912 3589 13,
944 3550 963 3581 2
987 3550 1056 3582 bEz
1080 3549 1133 3587 30,
1161 3549 1211 3582 13.
1239 3569 1278 3572 fl
1306 3549 1326 3581 7
1349 3549 1415 3582 th
1435 3550 1487 3589 26,
1507 3550 1564 3588 313
1592 3548 1645 3582 Mc
1670 3549 1722 3588 14,
1747 3548 1799 3581 27.
1826 3567 1866 3571 —
1893 3547 1944 3587 14,
1978 3547 1998 3580 5
2022 3547 2108 3579 dAm
2134 3547 2163 3584 1,
2190 3546 2219 3578 1.
