2356 3760
114 95 144 135 3,
171 95 287 135 24-3,
313 96 354 128 47
956 96 1170 130 IEREMIAE
1940 110 2013 152 781

994 195 1136 228 HETH.

113 249 146 272 2⁴
164 247 262 287 Pars
292 260 381 288 mea
410 247 621 295 Dominus,
653 247 757 288 dixit
787 246 924 287 anima
952 261 1060 288 mea:
1129 254 1345 303 propterea
1373 253 1598 305 expectabo
1629 267 1732 298 eum.

995 322 1131 355 TETH.

113 377 145 399 ‘2⁵
166 375 304 417 Bonus
333 380 395 416 est
422 374 622 416 Dominus
651 373 909 427 sperantibus
926 374 968 414 in
985 388 1089 421 eum,
1131 376 1276 417 animae
1306 381 1502 431 quaerenti
1530 381 1654 424 illum.

993 449 1130 483 TETH.

112 506 148 528 2⁶
166 504 326 545 Bonum
356 507 417 544 est
445 501 667 557 praestolari
698 515 789 543 cum
819 502 978 545 silentio
1130 504 1307 546 salutare
1337 507 1423 548 Dei.

994 572 1130 606 TETH.

111 628 146 651 2⁷
165 627 326 667 Bonum
355 630 417 666 est
446 626 543 673 viro,
575 638 667 665 cum
696 625 924 678 portaverit
1129 627 1269 681 iugum
1299 628 1350 669 ab
1381 629 1654 673 adolescentia
1681 646 1764 676 sua.

1015 695 1109 730 IOD.

110 751 145 773 ‘2⁸
161 748 327 790 Sedebit
357 748 570 793 solitarius,
603 753 644 788 et
672 748 844 790 tacebit:
1130 750 1226 804 quia
1253 750 1409 792 levavit
1438 765 1558 807 super
1586 767 1638 796 se.

1014 818 1107 853 IOD.

109 874 144 896 ’2⁹
161 872 292 913 Ponet
320 871 361 911 in
390 870 555 924 pulvere
586 884 628 912 os
658 884 789 920 suum,
1129 873 1160 914 si
1189 874 1294 915 forte
1324 874 1376 915 sit
1406 888 1507 929 spes.

1013 941 1106 976 IOD.

108 996 145 1020 3⁰
161 994 288 1036 Dabit
317 993 560 1048 percutienti
590 1007 630 1035 se
659 994 880 1039 maxillam,
1128 997 1382 1038 saturabitur
1410 999 1648 1052 opprobriis.

992 1065 1127 1099 CAPH.

108 1120 139 1142 ³³1
161 1117 266 1167 Quia
294 1130 375 1158 non
403 1116 570 1170 repellet
598 1117 639 1157 in
669 1118 962 1171 sempiternum
1127 1119 1339 1161 Dominus.

992 1187 1127 1222 CAPH.

107 1243 139 1266 ³²
160 1240 265 1290 Quia
293 1239 325 1281 si
355 1240 513 1285 abiecit,
546 1245 587 1281 et
615 1241 872 1282 miserebitur
1126 1243 1350 1283 secundum
1380 1242 1687 1286 multitudinem
1722 1246 2011 1289 misericordia-

1282 1314 1373 1341 rum
1403 1315 1579 1344 suarum.

992 1363 1126 1397 CAPH.

99 1420 138 1451 -33
161 1418 251 1458 Non
281 1416 388 1457 enim
417 1416 650 1457 humiliavit
679 1429 728 1456 ex
757 1417 876 1458 corde
906 1430 989 1458 suo.
1127 1422 1167 1458 et
1197 1417 1345 1459 abiecit
1374 1418 1475 1460 filios
1505 1419 1729 1469 hominum,

972 1491 1147 1525 LAMED.

106 1549 138 1571 34
159 1546 217 1588 Ut
246 1550 473 1588 contereret
501 1545 576 1586 sub
606 1544 777 1598 pedibus
807 1545 887 1586 suis
1128 1559 1266 1587 omnes
1296 1546 1455 1589 vinctos
1486 1552 1612 1595 terrae,

972 1620 1146 1654 LAMED.

105 1677 137 1700 35
159 1675 216 1717 Ut
245 1674 466 1716 declinaret
495 1673 690 1715 iudicium
720 1673 794 1714 viri
1127 1675 1168 1715 in
1197 1680 1418 1729 conspectu
1448 1676 1586 1718 vultus
1616 1677 1823 1721 Altissimi.

972 1743 1147 1778 LAMED.

105 1801 141 1824 3⁶
158 1799 216 1840 Ut
244 1802 495 1852 perverteret
524 1797 730 1839 hominem
760 1797 800 1838 in
829 1797 976 1839 iudicio
1007 1811 1091 1842 suo,
1126 1798 1326 1839 Dominus
1356 1798 1571 1853 ignoravit.

1000 1872 1117 1906 MEM.

105 1930 138 1953 ³⁷
161 1927 279 1977 aQuis
309 1932 370 1968 est
398 1927 486 1971 iste,
519 1927 587 1980 qui
617 1926 723 1967 dixit
751 1931 799 1967 ut
828 1926 952 1971 fieret,
1124 1927 1301 1968 Domino
1331 1940 1412 1968 non
1442 1928 1632 1969 iubente?

1000 1995 1116 2029 MEM.

105 2053 140 2076 38
158 2051 222 2091 Ex
251 2063 318 2092 ore
346 2049 544 2091 Altissimi
573 2062 654 2091 non
685 2049 941 2103 egredientur
1126 2062 1199 2090 nec
1228 2049 1338 2090 mala
1365 2063 1438 2091 nec
1468 2050 1599 2092 bona?

1001 2118 1117 2151 MEM.

105 2176 140 2199 3⁹
158 2174 266 2224 Quid
293 2172 568 2214 murmuravit
596 2172 718 2213 homo
748 2171 902 2217 vivens,
1127 2172 1189 2213 vir
1216 2184 1288 2226 pro
1318 2173 1496 2226 peccatis
1525 2173 1631 2214 suis?

1001 2292 1115 2326 NUN.

106 2351 141 2374 ⁴⁰
157 2350 393 2391 Scrutemur
421 2349 507 2388 vias
536 2352 708 2395 nostras,
740 2351 781 2387 et
811 2359 1051 2400 quaeramus,
1124 2351 1164 2387 et
1192 2351 1446 2387 revertamur
1476 2348 1527 2388 ad
1556 2348 1791 2390 Dominum.
2046 2352 2187 2381 1>0⁹¹¹it⁹¹¹³

2064 2386 2167 2411 multa-

1000 2415 1113 2449 NUN.
2060 2422 2169 2447 tionem

105 2475 136 2496 ⁴1
157 2472 357 2513 Levemus
387 2471 509 2512 corda
537 2475 678 2511 nostra
706 2483 798 2511 cum
827 2470 1015 2511 manibus
1125 2470 1176 2510 ad
1204 2470 1429 2511 Dominum
1458 2470 1498 2511 in
1528 2471 1655 2513 caelos.
2051 2457 2176 2522 ὓζέἶῗῖξῖῃ

1000 2539 1114 2573 NUN.

105 2597 137 2619 ⁴2
159 2595 241 2636 Nos
259 2594 396 2648 inique
414 2594 579 2647 egimus,
599 2598 640 2634 et
658 2593 710 2634 ad
726 2593 979 2634 iracundiam
996 2605 1087 2646 pro-

262 2653 518 2695 vocavimus:
1125 2651 1272 2693 idcirco
1303 2656 1349 2693 tu
1378 2651 1636 2693 inexorabilis
1666 2664 1717 2693 es.

957 2715 1157 2750 SAMECH.

106 2773 139 2796 ⁴³
158 2770 364 2824 Operuisti
393 2770 434 2811 in
462 2770 608 2819 furore,
641 2775 681 2810 et
709 2769 942 2823 percussisti
971 2782 1062 2810 nos:
1126 2769 1319 2814 occidisti,
1352 2782 1425 2810 nec
1454 2768 1679 2822 pepercisti.

956 2843 1156 2878 SAMECH.

106 2901 138 2923 44
159 2898 396 2952 Opposuisti
425 2898 576 2939 nubem
605 2897 693 2945 tibi,
1125 2911 1175 2938 ne
1204 2902 1387 2939 transeat
1417 2897 1559 2938 oratio.

956 2972 1156 3006 SAMECH.

106 3029 137 3051 4⁵
158 3026 500 3070 Eradicationem,
532 3030 573 3066 et
602 3025 871 3066 abiectionem
900 3026 1072 3079 posuisti

261 3098 326 3126 me
343 3096 346 3099 ·
1124 3085 1164 3125 in
1194 3084 1325 3124 medio
1356 3082 1611 3137 populorum.

1003 3147 1111 3181 PHE.

106 3204 142 3226 4⁶
158 3202 418 3256 Aperuerunt
446 3213 566 3254 super
593 3213 666 3242 nos
696 3214 738 3241 os
767 3214 886 3241 suum
1125 3213 1263 3242 omnes
1292 3200 1455 3241 inimici.

1003 3269 1110 3303 PHE.

106 3322 140 3349 ²¹⁷
158 3324 361 3373 Formido,
393 3330 434 3365 et
461 3322 630 3377 laqueus
659 3322 772 3363 facta
799 3327 861 3363 est
889 3323 1004 3364 nobis
1124 3322 1376 3369 vaticinatio,
1408 3326 1450 3363 et
1478 3321 1681 3364 contritio.

238 3425 268 3468 3,
294 3426 335 3460 37
360 3402 451 3460 aAm*
469 3428 499 3467 3,
525 3427 555 3460 6.
