2356 3760
122 114 176 154 33
203 113 322 153 5-33,
349 114 390 146 29
935 113 1212 148 EZECHIELIS
1941 124 2018 166 819

121 207 204 247 eius
226 207 313 248 erit.
362 209 377 231 ⁵
399 207 552 248 Sonum
574 206 755 247 buccinae
775 205 946 251 audivit,
971 212 1012 247 et
1032 220 1113 248 non
1135 220 1175 248 se
1197 209 1442 257 observavit,
1467 211 1628 263 sanguis
1650 211 1732 253 eius
1754 215 1793 255 in
1814 216 1899 269 ipso
1922 216 2015 258 erit:

120 265 151 305 si
169 271 306 305 autem
324 279 364 306 se
381 265 630 309 custodierit,
650 264 829 305 animam
846 277 961 305 suam
979 265 1167 307 salvabit.
1216 268 1231 291 ⁶
1248 267 1367 315 Quod
1382 267 1414 308 si
1431 268 1661 321 speculator
1676 271 1822 313 viderit
1838 274 2017 327 gladium

119 323 362 368 venientem,
395 329 435 364 et
463 336 545 364 non
573 321 798 363 insonuerit
827 322 1016 363 buccina:
1047 329 1089 364 et
1117 325 1291 378 populus
1321 338 1361 366 se
1390 339 1472 367 non
1502 327 1750 377 custodierit,
1782 333 2018 386 veneritque

119 381 290 435 gladius,
311 387 351 423 et
369 381 509 423 tulerit
526 381 575 421 de
592 380 646 420 eis
665 380 863 421 animam:
882 381 946 422 ille
965 382 1129 435 quidem
1146 382 1187 423 in
1205 383 1421 436 iniquitate
1439 398 1513 425 sua
1529 390 1672 439 captus
1691 393 1762 432 est.
1783 390 2018 442 sanguinem

119 445 257 481 autem
287 440 370 480 eius
400 440 449 480 de
477 452 601 479 manu
630 438 894 491 speculatoris
923 440 1139 493 requiram.
1199 443 1212 464 ⁷
1247 441 1321 482 aEt
1350 447 1395 482 tu
1425 442 1479 483 fili
1508 443 1693 494 hominis,
1725 447 2019 500 speculatorem

118 499 212 539 dedi
237 504 277 539 te
302 498 441 539 domui
468 496 608 538 Israel:
637 496 804 538 audiens
830 510 922 551 ergo
948 511 998 539 ex
1023 511 1090 539 ore
1115 512 1204 540 meo
1230 512 1468 549 sermonem,
1497 503 1761 545 annunciabis
1788 505 1842 545 eis
1868 519 1917 545 ex
1941 519 2017 547 me.

120 558 135 581 8
153 557 193 598 Si
210 570 274 597 me
292 557 451 597 dicente
468 555 521 596 ad
537 555 727 608 impium:
749 556 889 609 Iinpie,
909 562 1041 597 morte
1058 557 1256 598 morieris:
1276 571 1357 599 non
1375 559 1496 599 fueris
1514 559 1674 602 locutus
1692 568 1739 603 ut
1757 576 1796 603 se
1815 564 2021 605 custodiat

116 615 265 668 impius
295 628 319 655 a
346 615 414 655 via
441 627 530 655 sua:
560 613 645 666 ipse
673 613 821 667 impius
850 614 891 655 in
918 615 1137 668 iniquitate
1166 629 1240 656 sua
1267 617 1473 662 morietur,
1504 619 1741 671 sanguinem
1770 626 1908 663 autem
1937 622 2020 663 eius

116 673 166 714 de
189 686 314 713 manu
340 678 413 713 tua
434 671 650 725 requiram.
705 674 721 696 ⁹
744 673 785 713 Si
809 678 948 714 autem
973 674 1249 715 annunciante
1273 680 1313 715 te
1338 675 1390 715 ad
1413 675 1584 728 impium
1608 683 1655 718 ut
1679 691 1703 718 a
1726 679 1799 719 viis
1824 680 1903 720 suis
1928 694 2021 721 con-

115 736 314 776 vertatur,
340 744 422 771 non
444 730 567 771 fuerit
591 743 808 772 conversus
834 744 858 772 a
880 732 948 772 via
970 745 1061 773 sua:
1086 733 1171 786 ipse
1194 733 1235 773 in
1258 733 1476 786 iniquitate
1500 747 1573 774 sua
1596 736 1807 777 morietur:
1833 751 1949 791 porro
1974 744 2019 780 tu

116 790 296 830 animam
326 795 441 830 tuam
468 788 661 830 liberasti.

222 861 257 884 1⁰
273 860 332 899 Tu
348 872 440 912 ergo
456 858 513 898 fili
527 858 702 900 hominis
719 859 782 900 dic
799 860 851 900 ad
867 860 1035 901 domum
1053 860 1193 901 Israel:
1212 861 1275 902 Sic
1291 861 1416 902 locuti
1432 862 1539 909 estis,
1558 862 1755 904 dicentes:
1776 864 2018 918 Iniquitates
2052 867 2195 926 Idompmd

115 923 274 963 nostrae,
309 922 349 958 et
379 922 549 971 peccata
578 923 719 958 nostra
749 931 869 972 super
899 932 971 959 nos
1003 924 1110 965 sunt,
1144 924 1184 960 et
1214 919 1255 960 in
1286 919 1381 973 ipsis
1412 933 1484 961 nos
1516 921 1780 962 tabescimus:
1815 924 2017 976 quomodo
2029 909 2227 976 ροξιῑιῗᾷῃὲωη

115 989 207 1030 ergo
227 976 363 1017 vivere
381 975 630 1029 poterimus?
676 978 707 1000 11
730 977 826 1017 bDic
845 977 897 1018 ad
916 990 1000 1018 eos:
1021 978 1124 1019 Vivo
1145 991 1228 1031 ego,
1250 978 1349 1019 dicit
1366 979 1566 1019 Dominus
1585 979 1713 1020 Deus:
1735 980 1826 1022 nolo
1845 987 2019 1023 mortem
2066 973 2181 1000 ΨΜ

113 1034 239 1088 impii,
270 1035 339 1075 sed
367 1039 414 1075 ut
442 1038 708 1075 convertatur
734 1035 883 1089 impius
912 1049 935 1076 a
963 1036 1031 1077 via
1058 1049 1141 1085 sua,
1173 1042 1214 1077 et
1242 1036 1369 1078 vivat.
1401 1037 1705 1088 Convertimini,
1737 1040 2021 1080 convertimini

115 1105 139 1134 a
165 1093 240 1133 viis
268 1092 413 1134 vestris
440 1093 642 1147 pessimis:
672 1098 711 1134 et
742 1107 866 1147 quare
893 1094 1120 1135 moriemini
1148 1095 1293 1136 domus
1323 1095 1470 1136 Israel?

219 1164 250 1187 ¹2
280 1163 339 1203 Tu
368 1162 507 1216 itaque
536 1162 592 1203 fili
620 1163 794 1204 hominis
823 1163 886 1204 dic
915 1164 968 1205 ad
996 1164 1097 1206 filios
1126 1164 1265 1218 populi
1294 1165 1373 1205 tui:
1406 1165 1570 1206 Iustitia
1596 1166 1692 1207 iusti
1721 1180 1802 1208 non
1830 1167 2019 1209 liberabit
2047 1167 2202 1197 (11112ῑυῖ11

2031 1202 2217 1231 praevarican-

113 1233 206 1262 eum
228 1221 269 1262 in
293 1234 550 1275 quacumque
573 1221 636 1262 die
658 1222 906 1276 peccaverit:
931 1228 971 1263 et
992 1223 1181 1276 impietas
1203 1222 1317 1276 impii
1339 1236 1420 1263 non
1442 1224 1605 1264 nocebit
1627 1224 1673 1273 ei,
1697 1224 1738 1265 in
1762 1238 2018 1280 quacumque
2034 1238 2078 1262 tes
2093 1237 2213 1262 morien-

113 1279 177 1320 die
202 1293 420 1321 conversus
444 1280 568 1321 fuerit
593 1281 643 1321 ab
668 1280 881 1334 impietate
906 1294 996 1321 sua:
1024 1286 1064 1322 et
1088 1281 1219 1321 iustus
1244 1294 1324 1322 non
1349 1281 1501 1334 poterit
1525 1282 1661 1323 vivere
1685 1282 1726 1323 in
1751 1283 1909 1325 iustitia
1932 1298 2015 1328 sua.
2039 1272 2207 1332 ''ugassgrssssc'

112 1337 154 1378 in
183 1352 440 1392 quacumque
469 1339 532 1379 die
560 1339 801 1392 peccaverit.
859 1341 890 1363 13
918 1339 1056 1379 Etiam
1084 1339 1116 1379 si
1145 1339 1282 1379 dixero
1311 1339 1417 1380 iusto
1448 1340 1556 1392 quod
1585 1340 1673 1380 vita
1699 1341 1827 1390 vivat,
1858 1347 1898 1383 et
1926 1356 2018 1383 con-
2037 1342 2211 1401 Ρῆξζξῗξξξθς

112 1396 208 1437 fisus
238 1397 279 1437 in
310 1397 468 1438 iustitia
498 1410 571 1437 sua
600 1397 741 1437 fecerit
770 1397 1051 1450 iniquitatem:
1084 1410 1223 1438 omnes
1253 1397 1420 1438 iustitiae
1450 1398 1533 1438 eius
1565 1398 1758 1440 oblivioni
1790 1401 2015 1448 tradentur,
2131 1400 2135 1401 ⁷
2178 1396 2184 1402 ’

112 1460 154 1495 et
172 1455 214 1495 in
233 1455 453 1508 iniquitate
473 1467 557 1503 sua,
581 1467 704 1508 quam
725 1460 917 1508 operatus
937 1460 1009 1503 est,
1031 1456 1071 1495 in
1091 1455 1179 1509 ipsa
1197 1456 1404 1497 morietur.
1453 1458 1484 1480 14
1503 1456 1544 1497 Si
1564 1462 1702 1497 autem
1722 1458 1859 1499 dixero
1879 1458 2023 1512 impio:

112 1513 245 1554 Morte
260 1513 460 1554 morieris:
478 1518 518 1554 et
536 1513 661 1566 egerit
675 1513 963 1566 poenitentiam
981 1527 1005 1554 a
1019 1520 1187 1567 peccato
1204 1527 1288 1557 suo.
1306 1514 1527 1568 feceritque
1542 1514 1737 1556 iudicium
1755 1521 1795 1557 et
1810 1516 2022 1567 iustitiam,

114 1573 146 1596 ¹⁵
169 1577 210 1612 et
232 1571 378 1626 pignus
401 1571 627 1612 restituerit
649 1571 713 1612 ille
735 1572 897 1626 impius,
922 1572 1190 1626 rapinamque
1213 1573 1446 1621 reddiderit,
1471 1573 1512 1613 in
1534 1574 1741 1615 mandatis
1764 1574 1860 1615 vitae
1883 1576 2025 1616 ambu-

110 1629 269 1679 laverit,
303 1644 376 1671 nec
406 1630 547 1671 fecerit
579 1629 804 1684 quidquam
835 1630 1051 1671 iniustum:
1084 1631 1173 1671 vita
1203 1631 1327 1679 vivet,
1361 1637 1402 1672 et
1432 1645 1513 1673 non
1544 1632 1750 1674 morietur.
1810 1635 1845 1658 1⁶
1875 1633 2025 1674 Omnia

109 1694 282 1742 peccata
314 1689 410 1738 eius,
448 1702 538 1743 quae
570 1689 769 1742 peccavit.
806 1702 887 1730 non
921 1689 1240 1743 imputabuntur
1273 1690 1326 1731 ei:
1360 1690 1568 1738 iudicium,
1604 1695 1645 1731 et
1678 1691 1878 1732 iustitiam
1910 1692 2018 1736 fecit,

111 1747 200 1788 w'ta
227 1747 352 1789 vivet.

216 1818 250 1841 ¹⁷
275 1817 332 1858 Et
355 1817 548 1858 dixerunt
572 1816 642 1857 filii
665 1816 807 1870 populi
831 1817 910 1857 tui:
938 1817 1029 1858 Non
1054 1823 1115 1858 est
1139 1817 1244 1871 aequi
1267 1818 1456 1871 ponderis
1482 1818 1549 1858 via
1572 1818 1749 1868 Domini,
1777 1824 1817 1860 et
1841 1820 2020 1873 ipsorum
2032 1817 2228 1882 ssffiffglgfflf

110 1875 180 1916 via
199 1875 353 1916 iniusta
374 1881 446 1917 est.
497 1876 533 1900 ¹⁸
555 1875 656 1916 Cum
679 1875 786 1915 enim
808 1876 1016 1917 recesserit
1037 1876 1168 1917 iustus
1192 1889 1216 1916 a
1236 1876 1395 1917 iustitia
1416 1889 1500 1925 sua,
1524 1877 1745 1930 feceritque
1767 1877 2017 1931 iniquitates,
2035 1922 2039 1926 ,
2086 1894 2156 1927 flua,

110 1934 307 1975 morietur
327 1933 369 1974 in
390 1934 456 1975 eis.
508 1935 542 1958 ¹⁹
564 1934 619 1974 Et
641 1947 733 1974 cum
754 1934 962 1975 recesserit
982 1935 1131 1988 impius
1154 1935 1204 1975 ab
1227 1935 1439 1988 impietate
1461 1949 1545 1984 sua,
1569 1936 1790 1989 feceritque
1811 1936 2017 1985 iudicium,
2033 1922 2217 1947 ¹¹¹d¹⁰³¹³¹t¹¹‘'

111 1997 152 2033 et
171 1992 385 2041 iustitiam,
409 1992 524 2033 vivet
544 1992 585 2033 in
606 1992 673 2034 eis.
723 1994 760 2017 ²⁰
788 1992 859 2033 CEt
881 1993 1032 2034 dicitis:
1058 1994 1149 2035 Non
1171 1998 1232 2034 est
1253 1998 1365 2034 recta
1385 1993 1453 2034 via
1473 1994 1651 2036 Domini.
1676 1994 2022 2048 Unumquemque

109 2050 228 2091 iuxta
256 2051 343 2091 vias
373 2064 466 2092 suas
495 2051 685 2092 iudicabo
715 2051 764 2092 de
795 2052 922 2100 vobis,
956 2052 1101 2093 domus
1133 2052 1268 2093 Israel.

406 2173 446 2212 2.
477 2171 736 2223 castigatio
766 2171 1151 2223 impoenitentium
1182 2172 1458 2223 relictorum,
1486 2174 1553 2224 33,
1571 2173 1741 2214 21-29.

2065 2253 2187 2278 Civitate

2069 2289 2181 2313 vastata

215 2255 246 2278 21
268 2253 324 2294 Et
344 2253 502 2294 factum
524 2258 586 2294 est
606 2253 648 2294 in
669 2254 910 2295 duodecimo
933 2266 1052 2302 anno,
1076 2254 1118 2294 in
1140 2254 1295 2295 decimo
1318 2267 1467 2303 mense,
1491 2254 1532 2295 in
1556 2255 1701 2308 quinta
1720 2255 1868 2295 mensis
1891 2260 2021 2296 trans—

109 2311 363 2365 migrationis
395 2316 556 2360 nostrae,
591 2312 706 2353 venit
738 2312 791 2353 ad
821 2324 886 2352 me
920 2312 989 2365 qui
1020 2312 1183 2365 fugerat
1214 2312 1263 2352 de
1298 2312 1529 2360 Ierusalem,
1565 2313 1718 2353 dicens:
1754 2313 1929 2354 Vastata
1960 2319 2022 2354 est

109 2370 267 2411 civitas.
325 2371 357 2394 22
385 2370 530 2411 Manus
561 2375 700 2411 autem
728 2370 895 2412 Domini
923 2371 1036 2411 facta
1062 2371 1199 2411 fuerat
1227 2371 1279 2411 ad
1308 2384 1372 2411 me
1401 2383 1579 2424 vespere,
1612 2375 1835 2424 antequam
1864 2371 2021 2412 veniret

110 2429 179 2483 qui
206 2429 385 2482 fugerat:
416 2429 656 2482 aperuitque
685 2442 727 2470 os
755 2442 892 2470 meum
921 2429 1048 2470 donec
1077 2429 1234 2470 veniret
1263 2429 1314 2470 ad
1341 2442 1406 2469 me
1434 2442 1564 2472 mane.
1596 2434 1637 2470 et
1665 2434 1805 2482 aperto
1835 2442 1900 2470 ore
1928 2443 2017 2471 meo

108 2500 190 2529 non
219 2487 309 2528 silui
339 2487 524 2541 amplius.

2069 2553 2194 2578 abitato-

214 2559 246 2582 23
268 2556 324 2598 Et
344 2557 501 2598 factum
525 2562 586 2598 est
608 2557 779 2598 verbum
801 2557 968 2598 Domini
991 2557 1043 2598 ad
1064 2570 1140 2606 me,
1165 2557 1320 2598 dicens:
1371 2558 1403 2581 ²4
1424 2557 1500 2597 Fili
1522 2557 1709 2606 hominis,
1735 2557 1803 2611 qui
1824 2557 2017 2598 habitant
2049 2553 2066 2577 ¹¹
2083 2588 2162 2612 „bus

108 2615 150 2656 in
163 2615 335 2656 ruinosis
346 2615 408 2656 his
420 2628 540 2669 super
550 2615 722 2657 humum
736 2616 871 2665 Israel,
884 2615 1098 2670 loquentes
1113 2616 1247 2657 aiunt:
1266 2616 1380 2657 Unus
1395 2620 1483 2657 erat
1496 2616 1718 2664 Abraham,
1736 2620 1776 2656 et
1790 2615 2017 2656 hereditate
2032 2623 2213 2663 ‚ruinosofum

108 2674 290 2727 possedit
320 2678 489 2715 terram:
522 2687 595 2716 nos
627 2679 765 2716 autem
796 2674 916 2715 multi
947 2687 1098 2723 sumus,
1131 2675 1248 2716 nobis
1279 2675 1380 2715 data
1409 2679 1470 2715 est
1501 2680 1610 2715 terra
1638 2674 1679 2714 in
1709 2674 2014 2727 possessionem.
2032 2659 2214 2718 ¹m¹iffi¹ssffl

108 2734 141 2757 ²⁵
170 2732 325 2774 Idcirco
354 2732 461 2773 dices
490 2733 542 2774 ad
570 2746 654 2774 eos:
686 2733 784 2774 Haec
812 2733 913 2774 dicit
938 2733 1139 2774 Dominus
1167 2733 1296 2774 Deus:
1327 2733 1405 2781 Qui
1432 2733 1473 2773 in
1501 2733 1695 2786 sanguine
1724 2732 1947 2781 comeditis,
1978 2737 2020 2773 et

109 2790 245 2832 oculos
277 2796 434 2832 vestros
465 2791 611 2832 levatis
645 2792 697 2833 ad
728 2792 1010 2833 immunditias
1043 2796 1212 2841 vestras,
1247 2796 1289 2832 et
1320 2791 1557 2844 sanguinem
1589 2790 1779 2831 funditis:
1813 2790 2014 2844 numquid

108 2854 260 2890 terram
285 2849 512 2891 hereditate
538 2850 822 2904 possidebitis?
876 2852 912 2875 2⁶
937 2850 1117 2892 stetistis
1144 2850 1185 2890 in
1211 2849 1353 2904 gladiis
1381 2850 1537 2898 vestris,
1565 2849 1716 2890 fecistis
1744 2849 2014 2890 abominatio-

108 2920 190 2957 nes,
215 2912 257 2948 et
279 2908 558 2962 unusquisque
580 2922 749 2950 uxorem
771 2909 947 2963 proximi
970 2909 1031 2949 sui
1054 2908 1217 2962 polluit:
1242 2914 1284 2949 et
1306 2914 1457 2949 terram
1480 2908 1706 2948 hereditate
1729 2907 2014 2961 possidebitis?

213 2979 246 3001 2⁷
274 2977 374 3018 Haec
400 2977 507 3019 dices
533 2979 586 3019 ad
611 2992 696 3020 eos:
723 2979 788 3020 Sic
813 2979 913 3020 dicit
937 2979 1139 3020 Dominus
1164 2979 1293 3019 Deus:
1321 2978 1423 3018 Vivo
1451 2990 1534 3030 ego,
1564 2976 1660 3029 quia
1686 2975 1754 3029 qui
1778 2976 1819 3016 in
1845 2976 2016 3017 ruinosis
2043 2975 2203 3035 133ss{{‡{¹3‡‚

107 3035 312 3085 habitant,
342 3035 478 3089 gladio
505 3037 672 3078 cadent:
701 3042 743 3078 et
771 3037 840 3091 qui
865 3037 907 3078 in
935 3050 1029 3091 agro
1058 3042 1130 3086 est,
1160 3037 1299 3078 bestiis
1327 3036 1514 3077 tradetur
1540 3035 1593 3075 ad
1620 3035 1920 3075 devorandum:
1950 3035 2018 3088 qui

108 3099 248 3135 autem
271 3094 313 3135 in
336 3092 545 3148 praesidiis,
571 3100 613 3136 et
635 3095 836 3149 speluncis
860 3101 968 3145 sunt,
994 3100 1109 3150 peste
1131 3095 1368 3136 morientur.
1420 3095 1456 3118 2⁸
1479 3093 1535 3134 Et
1558 3093 1665 3134 dabo
1689 3098 1841 3133 terram
1864 3093 1905 3133 in
1930 3092 2020 3133 soli-

107 3152 308 3201 tudinem,
332 3157 374 3194 et
392 3152 435 3193 in
456 3153 675 3202 desertum,
698 3158 740 3195 et
760 3154 921 3196 deficiet
941 3155 1117 3208 superba
1136 3153 1336 3195 fortitudo
1358 3152 1460 3193 eius:
1484 3157 1525 3192 et
1545 3150 1840 3193 desolabuntur
1859 3156 2018 3192 montes

109 3210 245 3260 Israel,
277 3224 323 3252 eo
354 3211 464 3264 quod
491 3211 626 3253 nullus
654 3212 707 3253 sit
736 3212 805 3266 qui
832 3225 904 3266 per
931 3226 997 3254 eos
1026 3217 1220 3254 transeat.
1277 3212 1313 3235 2⁹
1340 3210 1396 3251 Et
1424 3210 1553 3251 scient
1581 3210 1678 3264 quia
1705 3222 1776 3263 ego
1804 3209 2016 3255 Dominus,

108 3282 204 3310 cum
225 3270 372 3318 dedero
396 3275 546 3310 terram
567 3282 707 3312 eorum
728 3270 967 3315 desolatam.
992 3276 1033 3312 et
1054 3271 1256 3312 desertam
1277 3273 1445 3323 propter
1464 3268 1673 3309 universas
1695 3267 2018 3309 abominationes

110 3340 215 3376 suas,
249 3341 350 3381 quas
380 3328 537 3382 operati
566 3333 674 3370 sunt.

257 3429 310 3473 33,
334 3432 353 3464 7
377 3431 467 3476 aSup
490 3432 521 3472 3,
547 3432 598 3465 17.
624 3452 666 3455 ——
690 3433 730 3466 11
756 3432 846 3477 bSup
871 3433 923 3473 18,
947 3433 999 3466 23.
1026 3452 1068 3456 —-
1091 3431 1134 3465 20
1161 3431 1247 3475 cSup
1273 3431 1324 3471 18,
1348 3431 1401 3464 25.
1792 3484 1812 3506 *

1737 3485 1786 3525 52
