2356 3760
508 472 970 558 LIBER
1053 472 1961 563 SAPIENTIAE.

968 693 1186 746 PARS
1228 693 1510 748 PRIOR.

613 782 954 835 Tractatio
993 782 1481 848 philosophica,
1520 784 1563 848 1,
1591 784 1749 848 1-9,
1777 783 1863 838 19.

1172 877 1266 894 -ο-«ον

443 932 483 982 Ι.
522 932 896 983 Conditiones
937 932 1239 997 sapientiae
1280 933 1667 997 acquirenda.
1710 937 1747 997 l,
1779 935 1921 996 1—2,
1949 934 2032 985 25.

864 1023 901 1062 1.
934 1021 1143 1063 Studium
1173 1023 1372 1076 pietatis,
1401 1024 1441 1074 1,
1460 1025 1611 1065 1—16.

87 1094 260 1155 &gjffissffffi
280 1094 316 1138 1.
374 1097 384 1118 ¹
416 1094 580 1147 Diligite
615 1094 845 1139 aiustitiam,
880 1095 948 1148 qui
978 1094 1166 1135 iudicatis
1198 1100 1358 1136 terram.
1443 1096 1601 1137 Sentite
1631 1097 1680 1137 de
1710 1096 1887 1138 Domino
1919 1097 1958 1137 in
1989 1096 2186 1141 bonitate,

217 1149 223 1159 '
541 1159 580 1193 et
611 1153 650 1193 in
681 1153 942 1206 simplicitate
972 1153 1101 1195 cordis
1133 1154 1301 1207 quaerite
1330 1153 1461 1195 illum:

297 1213 313 1236 ²
330 1212 543 1266 bquoniam
561 1212 769 1253 invenitur
789 1213 840 1254 ab
860 1212 933 1262 his,
955 1213 1120 1266 quinon
1141 1218 1307 1254 tentant
1327 1213 1459 1254 illum:
1535 1219 1707 1268 apparet
1727 1220 1866 1255 autem
1888 1214 1953 1259 eis,
1979 1214 2047 1268 qui
2068 1214 2189 1254 fidem

540 1271 696 1311 habent
724 1271 765 1311 in
795 1271 926 1312 illum:

297 1332 527 1384 ³perversae
561 1330 667 1371 enim
703 1330 970 1384 cogitationes
1004 1336 1197 1384 separant
1231 1344 1255 1372 a
1286 1332 1392 1372 Deo:
1481 1333 1658 1385 probata
1691 1338 1831 1373 autem
1859 1331 1990 1372 virtus
2025 1331 2189 1384 corripit

540 1389 787 1443 insipientes.

297 1448 524 1502 4quoniam
562 1449 602 1489 in
640 1448 883 1490 malevolam
925 1449 1104 1490 animam
1146 1462 1227 1491 non
1268 1449 1455 1492 introibit
1495 1450 1707 1504 sapientia,
1792 1463 1866 1491 neo
1902 1448 2109 1491 habitabit
2150 1449 2189 1489 in

540 1520 705 1561 corpore
735 1508 899 1549 subdito
930 1508 1118 1561 peccatis.

296 1568 312 1590 ⁵
329 1566 504 1620 Spiritus
522 1567 629 1608 enim
654 1572 819 1608 sanetus
838 1566 1059 1620 disciplinae
1080 1567 1246 1620 effugiet
1266 1567 1420 1613 fiotum,
1500 1574 1541 1608 et
1565 1568 1723 1608 auferet
1745 1581 1785 1609 se
1810 1582 1834 1608 a
1857 1567 2186 1621 cogitationibus.

541 1639 631 1679 quae
659 1631 754 1666 sunt
785 1626 868 1666 sine
898 1625 1119 1668 intellectu,
1205 1631 1245 1666 et
1275 1626 1514 1680 corripietur
1543 1640 1567 1667 a
1595 1627 1907 1680 superveniente
1936 1626 2166 1680 iniquitate.

116 1735 226 1796 {ffitjffl
298 1733 313 1755 ‘⁵
332 1731 555 1784 cBenignus
577 1736 638 1771 est
659 1730 766 1771 enim
783 1730 949 1784 spiritus
970 1731 1191 1784 sapientiae,
1268 1736 1309 1772 et
1330 1745 1411 1773 non
1432 1731 1623 1773 liberabit
1640 1731 1883 1773 maledicum
1906 1745 1930 1772 a
1950 1731 2066 1772 labiis
2088 1731 2186 1771 suis:

156 1779 172 1802 g
220 1791 226 1801 '
332 1790 546 1844 dquoniam
574 1803 717 1831 renum
744 1789 847 1830 illius
876 1789 990 1831 testis
1011 1795 1073 1830 est
1093 1790 1215 1837 Deus,
1298 1796 1339 1831 et
1365 1790 1495 1832 cordis
1516 1790 1620 1832 illius
1639 1796 1843 1832 scrutator
1865 1796 1926 1831 est
1947 1803 2078 1837 verus,
2148 1797 2187 1830 et

539 1849 686 1903 linguae
715 1849 799 1890 eius
829 1849 1002 1890 auditor.

298 1910 311 1932 ⁷
331 1909 552 1958 eQuoniam
585 1909 750 1962 spiritus
782 1908 949 1949 Domini
981 1908 1155 1961 replevit
1187 1909 1325 1950 orbem
1359 1914 1578 1950 terrarum:
1666 1914 1708 1950 et
1738 1909 1826 1955 hoo,
1863 1909 1973 1962 quod
2006 1908 2189 1949 continet

540 1968 687 2013 omnia,
720 1967 931 2008 scientiam
961 1967 1087 2008 habet
1116 1968 1238 2009 voois.

298 2027 503 2081 ¹³Propter
546 2027 623 2068 hoe
671 2027 739 2080 qui
780 2026 963 2080 loquitur
1005 2026 1156 2080 iniqua,
1201 2040 1283 2068 non
1328 2032 1465 2081 potest
1503 2027 1640 2075 latere,
1724 2040 1796 2068 nec
1833 2026 2037 2080 praeteriet
2075 2024 2188 2066 illum

541 2086 759 2139 corripiens
790 2086 997 2127 iudicium.

299 2147 314 2170 9
334 2144 380 2185 In
402 2145 718 2198 cogitationibus
742 2145 849 2185 enim
875 2144 989 2198 impii
1010 2145 1274 2198 interrogatio
1302 2145 1394 2185 erit:
1476 2159 1708 2187 sermonum
1735 2150 1874 2186 autem
1900 2144 2004 2185 illius
2032 2143 2188 2185 auditio

541 2205 592 2245 ad
621 2204 754 2245 Deum
785 2204 933 2248 veniet.
1019 2204 1070 2245 ad
1100 2204 1396 2257 eorreptionem
1425 2204 1693 2257 iniquitatum
1723 2204 1838 2246 illius.

279 2265 313 2287 ¹⁰
330 2263 533 2312 Quoniam
553 2263 659 2303 auris
678 2263 750 2303 zeli
769 2263 885 2304 audit
903 2263 1051 2307 omnia,
1125 2268 1164 2303 et
1184 2262 1386 2303 tumultus
1405 2263 1777 2304 murmurationum
1800 2276 1881 2305 non
1901 2262 2185 2304 abscondetur.

280 2325 309 2346 ¹¹
331 2322 543 2363 Custodite
564 2335 656 2376 ergo
678 2335 749 2363 vos
771 2335 795 2362 a
814 2322 1148 2365 murmuratione.
1174 2335 1263 2375 quae
1283 2321 1382 2362 nihil
1401 2323 1580 2375 prodest.
1656 2327 1696 2362 et
1717 2336 1741 2363 a
1761 2321 2013 2363 detractione
2034 2320 2188 2374 parcite

540 2381 697 2435 linguae.

331 2441 524 2494 quoniam
554 2453 683 2481 sermo
715 2441 908 2482 obscurus
944 2440 985 2480 in
1026 2453 1202 2481 vacuum
1242 2453 1324 2481 non
1363 2440 1456 2481 ibit:
1552 2453 1594 2481 os
1634 2445 1785 2489 autem,
1828 2440 1938 2493 quod
1976 2438 2186 2482 mentitur.

542 2499 688 2541 occidit
719 2500 911 2540 animam.

113 2608 230 2667 gafriffi
282 2607 310 2629 ¹²
333 2604 467 2646 Nolite
502 2604 629 2645 zelare
663 2610 837 2645 mortem
863 2605 904 2645 in
925 2617 1055 2645 errore
1081 2605 1177 2646 vitae
1202 2609 1357 2649 vestrae,
1447 2617 1578 2658 neque
1604 2602 1824 2658 acquiratis
1853 2603 2123 2657 perditionem
2148 2603 2187 2643 in

105 2649 241 2703 stimma
543 2663 730 2717 operibus
760 2676 957 2704 manuum
987 2669 1228 2705 vestrarum.

147 2717 186 2737 ‘³³'
282 2725 311 2747 ¹³
336 2723 550 2772 ¹‘Quoniam
576 2723 687 2763 Deus
713 2728 887 2764 mortem
913 2736 995 2764 non
1020 2723 1127 2767 feeit,
1209 2736 1281 2763 nec
1307 2722 1470 2763 laetatur
1495 2723 1535 2763 in
1561 2722 1787 2775 perditione
1813 2722 2013 2763 vivorum.

279 2782 489 2823 ¹4Creavit
523 2782 641 2824 enim.
676 2787 722 2822 ut
755 2788 887 2822 essent
921 2782 1074 2823 omnia:
1172 2788 1213 2822 et
1244 2781 1444 2822 sanabiles
1476 2781 1573 2822 feeit
1609 2781 1795 2823 nationes
1828 2780 1935 2822 orbis
1967 2786 2185 2821 terrarum:

332 2846 370 2881 et
394 2855 473 2881 non
499 2847 559 2881 est
584 2841 625 2881 in
651 2840 725 2881 illis
751 2841 1097 2882 medicamentum
1130 2840 1370 2883 exterminii,
1457 2854 1530 2882 nec
1560 2840 1781 2881 inferorum
1808 2853 1977 2893 regnum
2002 2839 2043 2879 in
2065 2844 2184 2880 terra.

279 2901 309 2923 ¹⁵
333 2900 491 2940 lustitia
525 2900 631 2940 enim
664 2907 862 2953 perpetua
896 2905 968 2942 est.
1004 2906 1043 2940 et
1076 2899 1328 2941 immortalis

279 2960 312 2982 ¹⁶
332 2958 450 3011 impii
471 2966 607 3000 autem
628 2959 817 2999 manibus
837 2965 877 3000 et
896 2959 1028 3000 verbis
1049 2959 1318 3000 accersierunt
1338 2958 1465 2999 illam:
1540 2964 1579 2999 et
1599 2958 1849 2999 aestimantes
1867 2957 1977 2998 illam
1998 2957 2183 2998 amicam.

540 3018 810 3062 defluxerunt,

331 3082 371 3116 et
399 3077 633 3129 sponsiones
651 3083 874 3131 posuerunt
898 3078 949 3118 ad
978 3077 1105 3118 illam:
1183 3077 1374 3130 quoniam
1402 3077 1511 3130 (ligni
1537 3082 1634 3117 sunt
1654 3076 1722 3130 qui
1751 3075 1833 3117 sint
1855 3090 1905 3117 ex
1931 3080 2049 3129 parte
2069 3074 2185 3115 illius.

853 3194 891 3233 2.
922 3193 1087 3233 vitatio
1118 3193 1379 3244 impietatis,
1408 3192 1611 3242 2,1—25.

97 3263 253 3322 {Kll'ssldssssfi
281 3262 317 3304 2.
375 3264 384 3285 ¹
419 3262 620 3303 Dixernnt
655 3264 759 3303 enim
793 3264 1019 3317 cogitantes
1051 3264 1160 3316 apud
1194 3277 1234 3303 se
1267 3277 1345 3303 non
1381 3268 1504 3303 recte:
1595 3263 1832 3317 “Exiguum
1867 3267 1909 3303 et
1940 3276 2031 3303 eum
2065 3262 2185 3303 taedio

146 3337 204 3358 tvm
545 3329 600 3361 est
637 3330 796 3375 tempus
823 3323 920 3364 vitm
948 3329 1107 3364 nostrae,

104 3373 247 3396 tit-flurin:

335 3387 372 3420 et
392 3386 543 3420 nonest
563 3381 809 3428 refrigerium
827 3382 865 3422 in
881 3382 958 3422 fine
978 3381 1163 3424 hominis,
1210 3389 1249 3421 et
1267 3395 1346 3421 non
1361 3387 1419 3422 est
1436 3382 1504 3435 qui
1522 3381 1683 3431 agnitus
1697 3381 1749 3421 sit
1764 3393 1946 3421 reversus
1961 3381 2012 3421 ab
2029 3380 2183 3420 inferis:

415 3474 443 3512 ι,
473 3475 486 3506 1
510 3474 545 3505 ai
572 3473 622 3515 ag
642 3474 672 3506 3.
695 3474 728 3507 so:
756 3474 785 3506 is
805 3475 858 3507 5⁴5.
884 3477 907 3507 1.
984 3475 1002 3507 2
1028 3476 1066 3507 be
1092 3475 1153 3507 Par
1175 3475 1225 3508 15.
1248 3476 1275 3507 2.
1312 3478 1369 3508 41·
1394 3474 1472 3507 emal
1493 3474 1524 3513 5,
1546 3475 1595 3507 2⁴2.
1670 3473 1959 3513 dlr17,10.ff7
1979 3473 2030 3506 eis
2051 3473 2080 3514 6,
2096 3473 2125 3506 3.
2144 3494 2180 3496 -

282 3520 323 3553 13
356 3520 415 3553 fnz
444 3520 494 3561 is,
522 3520 579 3560 3:23
607 3520 659 3553 32
693 3523 738 3553 11.
785 3542 806 3543 j
833 3522 863 3561 2,
890 3524 904 3555 1
935 3522 1014 3554 aion
1044 3523 1072 3561 ῑ,
1102 3524 1135 3562 1;
1165 3523 1216 3562 14,
1245 3525 1272 3555 1.
