2356 3760
112 90 165 129 18,
190 88 331 129 13-19,
356 88 397 121 27
872 88 1252 121 PROYERBIORUM
1922 95 1997 137 579

115 186 146 209 ¹3
167 182 265 232 aQui
287 181 398 236 prius
422 182 639 235 respondet
664 194 787 234 quam
812 179 964 227 audiat,
1043 179 1215 220 stultum
1242 194 1282 222 se
1307 195 1389 222 esse
1414 182 1677 225 demonstrat.
1705 192 1743 226 et
1768 187 1998 228 confusione

375 240 554 294 dignum.

116 303 145 325 ¹¹
166 299 340 354 Spiritus
375 299 451 340 viri
493 303 698 339 sustentat
732 296 1052 337 imbecillitatem
1089 310 1222 337 suam:
1311 298 1497 351 spiritum
1534 312 1626 340 vero
1664 300 1715 340 ad
1749 301 1998 343 irascendum

376 357 535 398 facilem
566 356 654 409 quis
682 355 833 408 poterit
863 355 1082 395 sustinere?
1713 406 1715 408 q

115 420 146 442 ¹⁵
167 418 243 459 Cor
278 417 454 471 prudens
490 414 714 468 possidebit
761 413 990 454 scientiam:
1081 419 1120 455 et
1158 415 1263 455 auris
1300 416 1544 468 sapientium
1583 417 1725 469 quaerit
1762 418 1999 459 doctrinam.

117 479 150 502 ¹⁶
167 477 332 518 Donum
361 472 535 515 hominis
571 472 720 513 dilatat
749 472 858 512 viam
888 472 982 517 eius,
1067 477 1108 513 et
1137 479 1231 513 ante
1260 474 1458 527 principes
1488 474 1665 527 spatium
1695 475 1729 515 ei
1757 476 1865 517 facit.

117 536 318 579 1711131113,
347 532 455 586 prior
481 536 542 573 est
569 536 780 572 accusator
805 531 884 572 sui:
965 531 1079 571 venit
1106 531 1257 571 amicus
1285 532 1379 574 eius.
1409 537 1449 572 et
1475 532 1737 586 investigabit
1763 546 1866 575 eum.

117 596 151 619 ¹²³
168 590 517 635 Contradictiones
546 589 776 643 comprimit
806 603 900 635 sors,
985 595 1026 631 et
1054 590 1160 630 inter
1187 595 1375 643 potentes
1406 604 1565 643 quoque
1595 591 1801 633 diiudicat.

116 655 151 676 ¹⁹
167 652 321 694 Frater,
356 650 425 704 qui
456 649 676 690 adiuvatur
706 662 730 689 a
759 649 895 696 fratre,
941 649 1055 702 quasi
1086 648 1229 689 civita-s
1260 649 1393 688 firma:
1479 655 1519 689 et
1550 649 1697 690 iudicia
1728 651 1840 703 quasi
1871 656 2005 691 vectes

377 708 551 749 urbium.

116 771 152 793 2⁰
168 769 230 810 De
251 769 387 809 fructu
410 766 488 808 oris
510 766 587 806 viri
607 766 829 820 replebitur
852 772 994 807 venter
1016 766 1117 807 eius:
1194 771 1236 807 et
1256 766 1462 820 genimina
1481 765 1682 807 labiorum
1704 766 1827 819 ipsius
1851 773 2006 807 satura-

377 826 483 866 bunt
511 838 615 866 eum.

117 889 148 911 ²¹
169 886 287 934 Mors,
317 890 358 926 et
383 884 472 924 m‘ta
496 884 537 924 in
563 897 688 925 manu
713 884 877 938 linguae:
960 884 1028 937 qui
1054 884 1228 938 diligunt
1254 897 1356 931 eam,
1385 884 1599 924 comedent
1624 884 1780 924 fructus
1807 883 1901 924 eius.

117 947 148 970 11
169 944 247 993 Qui
261 943 418 985 invenit
432 942 641 983 mulierem
659 943 821 986 bonam.
841 943 997 983 invenit
1012 944 1183 984 bonum:
1241 948 1282 984 et
1295 942 1455 983 hauriet
1469 942 1766 983 iucunditatem
1782 955 1806 983 a
1819 942 2006 983 Domino.

170 1003 247 1052 Qui
273 1002 438 1056 expellit
466 1001 675 1042 mulierem
701 1003 862 1049 bonam,
903 1001 1068 1055 expellit
1098 1002 1269 1043 bonum:
1351 1001 1419 1055 qui
1456 1006 1593 1042 autem
1619 1006 1731 1042 tenet
1768 1000 2006 1049 adulteram,

378 1060 528 1101 stultus
557 1067 617 1102 est
647 1066 688 1101 et
715 1061 875 1114 impius.

117 1124 149 1146 ²³
169 1122 270 1163 Cum
299 1119 646 1161 obsecrationibus
674 1119 864 1173 loquetur
892 1133 1062 1174 pauper:
1146 1125 1187 1161 et
1216 1120 1327 1161 dives
1357 1118 1548 1160 effabitur
1576 1119 1712 1172 rigide.

117 1182 149 1204 ‘2⁴
169 1179 240 1221 Vir
268 1179 453 1221 amabilis
482 1179 534 1220 ad
563 1178 812 1227 societatem,
896 1179 1024 1232 magis
1053 1178 1205 1220 amicus
1235 1178 1320 1223 erit,
1354 1190 1477 1231 quam
1506 1178 1642 1218 frater.

118 1297 180 1341 19.
237 1300 250 1322 1
274 1297 415 1338 Melior
439 1302 499 1337 est
523 1310 689 1350 pauper,
716 1297 784 1350 qui
810 1297 993 1337 ambulat
1018 1297 1059 1336 in
1084 1296 1343 1349 simplicitate
1368 1307 1452 1338 sua,
1534 1307 1656 1347 quam
1682 1294 1793 1335 dives
1817 1299 2010 1347 torquens
2034 1295 2195 1356 Apygiiffffl

377 1355 487 1397 labia
515 1368 599 1401 sua,
631 1361 672 1396 et
699 1356 902 1408 insipiens.
2149 1349 2154 1355 “

138 1418 153 1440 ²
172 1416 208 1456 ῙῙ
214 1415 253 1456 bi
269 1428 351 1456 non
368 1420 429 1455 est
447 1414 615 1454 scientia
632 1414 788 1457 animoe.
804 1427 884 1454 non
903 1419 964 1453 est
981 1413 1152 1454 bonum:
1210 1419 1251 1453 et
1270 1412 1338 1466 qui
1354 1412 1526 1452 festinus
1544 1417 1603 1452 est
1621 1411 1803 1465 pedibus.
1820 1411 2010 1452 offendet.

140 1476 156 1499 3
174 1473 361 1515 Stultitia
386 1472 560 1513 hominis
589 1471 830 1525 supplantat
846 1485 1003 1525 gressus
1032 1472 1133 1512 eius:
1208 1477 1249 1512 et
1276 1476 1419 1512 contra
1445 1472 1577 1511 Deum
1606 1471 1737 1511 fervet
1764 1470 1897 1511 animo
1926 1482 2010 1511 suo.

138 1535 151 1556 1
169 1531 335 1573 Dixdtiae
351 1531 510 1572 addunt
523 1531 672 1571 amicos
689 1531 900 1584 plurimos:
959 1544 983 1571 a
997 1543 1174 1584 paupere
1191 1538 1328 1571 autem
1345 1535 1386 1570 et
1400 1529 1453 1574 111,
1470 1543 1569 1583 quos
1585 1529 1741 1576 habuit,
1760 1534 2010 1582 separantur.

137 1594 152 1616 5
173 1590 323 1631 bTestis
348 1589 473 1630 falsus
497 1603 579 1631 non
604 1590 678 1630 erit
703 1590 948 1643 impunitus:
1027 1595 1068 1630 et
1094 1590 1162 1643 qui
1186 1589 1400 1630 mendacia
1421 1588 1613 1642 loquitur,
1641 1601 1722 1629 non
1746 1587 1921 1640 effugiet.

138 1652 152 1674 ⁶
169 1649 289 1690 Multi
318 1649 458 1690 colunt
485 1662 700 1702 personam
729 1649 920 1702 potentis.
1005 1654 1047 1689 et
1075 1648 1194 1689 amici
1222 1653 1318 1689 sunt
1347 1648 1455 1689 dona
1484 1646 1710 1688 tribuentis.

138 1711 151 1732 ⁷
170 1710 332 1750 Fmtres
347 1707 521 1749 hominis
537 1707 726 1761 pauperis
740 1708 914 1749 oderunt
930 1721 1041 1748 eum:
1098 1708 1261 1761 insuper
1276 1712 1318 1748 et
1334 1706 1451 1747 amici
1467 1705 1607 1760 procul
1622 1710 1870 1746 recesserunt
1884 1705 1934 1746 ab
1950 1717 2009 1746 eo.

171 1768 249 1817 Qui
277 1772 442 1808 tantum
471 1767 598 1807 verba
626 1772 817 1815 sectatur,
849 1766 947 1807 nihil
976 1767 1162 1807 habebit:

137 1828 153 1851 s
172 1827 241 1881 qui
273 1832 411 1868 autem
443 1839 648 1880 possessor
679 1831 741 1867 est
772 1826 931 1875 mentis,
967 1825 1097 1879 diligit
1130 1825 1308 1866 animam
1341 1837 1468 1874 suam,
1547 1829 1588 1865 et
1620 1828 1755 1864 custos
1786 1822 2013 1876 prudentiae

378 1885 560 1926 inveniet
588 1885 707 1926 bona.

137 1944 312 1985 ⁹Falsus
341 1944 456 1985 testis
485 1957 567 1984 non
596 1943 672 1984 erit
700 1944 944 1997 impunitus:
1028 1949 1069 1984 et
1098 1943 1166 1997 qui
1194 1943 1374 1997 loquitur
1402 1941 1625 1990 mendacia,
1656 1940 1814 1995 peribit.

120 2006 154 2027 ¹⁰
172 2004 263 2045 Non
292 2003 437 2044 decent
465 2002 639 2043 stultum
668 2002 836 2044 deliciae:
920 2016 992 2043 nec
1021 2015 1183 2043 servum
1212 2002 1411 2043 dominari
1439 2000 1700 2055 principibus.

118 2064 149 2086 11
169 2062 369 2103 Doctrina
396 2061 471 2101 viri
499 2074 570 2114 per
596 2062 840 2115 patientiam
869 2062 1067 2102 noscitur:
1153 2066 1194 2102 et
1221 2061 1347 2114 gloria
1375 2060 1458 2100 eius
1486 2064 1548 2100 est
1574 2059 1715 2112 iniqua
1740 2057 2010 2112 praetergredi.

119 2123 149 2145 ¹²
169 2120 283 2162 Sicut
322 2120 509 2161 fremitus
548 2120 686 2164 1001113,
730 2120 790 2161 ita
830 2126 871 2161 et
911 2120 1012 2174 regis
1052 2120 1129 2160 ira:
1225 2124 1266 2160 et
1306 2119 1410 2160 sicut
1450 2132 1514 2160 ros
1555 2130 1676 2171 super
1722 2117 1902 2165 herbam,
1955 2116 2015 2157 ita

380 2184 421 2220 et
449 2179 633 2220 hilaritas
662 2179 758 2221 eius.

119 2241 150 2264 ¹3
169 2238 295 2280 Dolor
329 2238 468 2293 patris,
506 2238 611 2279 filius
646 2238 815 2279 stultus:
905 2243 946 2279 et
980 2243 1092 2279 tecta
1135 2237 1281 2291 iugiter
1321 2236 1601 2291 perstillantia,
1648 2235 1824 2289 litigiosa
1857 2234 2010 2276 mulier.

118 2300 149 2322 ¹⁴
169 2298 338 2346 Domus,
361 2302 402 2338 et
420 2297 574 2338 divitiae
593 2298 745 2339 dantur
763 2311 788 2338 a
804 2298 1061 2352 parentibus:
1129 2310 1154 2337 a
1170 2296 1347 2338 Domino
1368 2302 1505 2336 autem
1524 2294 1683 2349 proprie
1702 2307 1805 2335 uxor
1821 2294 2010 2347 prudens.

118 2359 149 2381 ¹5
168 2357 339 2410 Pigredo
369 2356 559 2398 immittit
587 2370 784 2411 soporem,
869 2362 910 2397 et
939 2356 1076 2397 anima
1104 2355 1301 2397 dissoluta
1329 2354 1487 2396 esuriet.

118 2417 152 2439 ¹⁶
170 2415 249 2465 Qui
280 2415 460 2457 custodit
490 2416 747 2465 mandatum,
794 2415 974 2457 custodit
1006 2415 1185 2456 animam
1216 2427 1350 2455 suam:
1438 2413 1506 2467 qui
1539 2420 1676 2453 autem
1708 2411 1872 2465 negligit
1903 2410 2013 2450 viam

379 2487 507 2524 suam,
538 2474 864 2517 mortificabitur.

119 2535 151 2558 ¹⁷
169 2533 413 2576 Foeneratur
435 2533 612 2575 Domino
639 2533 707 2588 qui
730 2534 944 2575 miseretur
966 2533 1174 2588 pauperis:
1252 2537 1293 2573 et
1317 2531 1636 2573 vicissitudinem
1661 2542 1775 2571 suam
1798 2528 1941 2569 reddet
1964 2526 2011 2569 ei.

119 2595 154 2617 ¹⁸
170 2592 299 2634 Erudi
323 2592 452 2633 fflium
477 2597 609 2641 tuum,
637 2606 686 2634 ne
712 2593 916 2647 desperes:
997 2593 1049 2634 ad
1074 2591 1398 2634 interfectionem
1426 2595 1563 2631 autem
1590 2589 1673 2630 eius
1702 2601 1752 2629 ne
1776 2600 1904 2642 ponas
1930 2585 2013 2627 ani-

378 2664 489 2692 mam
518 2658 646 2693 tuam.

118 2713 152 2735 19
170 2711 248 2760 Qui
274 2710 492 2765 impatiens
520 2716 592 2759 est,
622 2711 839 2752 sustinebit
867 2711 1083 2752 damnum:
1164 2715 1205 2751 et
1232 2723 1325 2750 011111
1351 2708 1542 2762 rapuerit,
1573 2706 1682 2748 aliud
1709 2709 1897 2759 apponet.

117 2772 153 2794 ²⁰
169 2769 277 2811 Audi
303 2769 526 2819 consilium,
555 2775 597 2811 et
622 2770 778 2824 suscipe
804 2770 1071 2823 disciplinam.
1151 2774 1199 2810 ut
1224 2768 1276 2810 sis
1302 2768 1460 2822 sapiens
1486 2767 1526 2807 in
1553 2764 1779 2807 novissimis
1806 2763 1897 2804 tuis.

117 2831 149 2853 11
168 2828 309 2870 Multae
335 2828 600 2883 cogitationes
626 2829 668 2870 in
693 2829 812 2870 corde
838 2829 932 2870 viri:
1011 2828 1202 2870 voluntas
1229 2832 1366 2868 autem
1392 2825 1557 2867 Domini
1582 2822 1848 2878 permanebit.

117 2889 149 2912 ’11
171 2887 305 2929 Homo
332 2887 516 2941 indigens
541 2888 766 2929 misericors
793 2893 872 2929 est:
953 2893 994 2929 et
1020 2887 1160 2928 melior
1186 2893 1247 2928 est
1273 2898 1428 2940 pauper
1454 2897 1577 2938 quam
1604 2883 1665 2923 vir
1690 2881 1878 2922 mendax.

117 2948 149 2971 ‘23
170 2946 306 2988 Timor
330 2946 497 2988 Domini
523 2947 575 2988 ad
601 2947 749 2988 vitam:
830 2954 871 2988 et
895 2946 936 2987 in
961 2946 1215 3000 plenitudine
1240 2943 1569 2989 commorabitur,
1598 2942 1752 2994 absque
1777 2939 2011 2980 visitatione

378 3005 565 3059 pessima.

117 3066 149 3088 ²4
168 3064 396 3106 Abscondit
425 3064 538 3118 piger
567 3078 736 3106 manum
768 3078 883 3106 suam
915 3065 990 3106 sub
1023 3064 1178 3113 ascella,
1265 3076 1337 3103 nec
1369 3061 1420 3102 ad
1452 3074 1494 3102 os
1526 3073 1644 3100 suum
1676 3057 1855 3112 applicat
1886 3070 1987 3098 eam.

117 3125 148 3147 25
168 3123 404 3164 CPestilente
432 3123 635 3177 flagellato
664 3123 815 3165 stultus
843 3123 1064 3178 sapientior
1092 3123 1185 3164 erit:
1280 3121 1312 3162 si
1341 3125 1478 3161 autem
1507 3117 1743 3172 corripueris
1772 3116 2010 3170 sapientem,

377 3181 576 3236 intelliget
604 3182 871 3236 disciplinam.

116 3242 151 3264 '²⁶
169 3240 247 3290 Qui
275 3241 421 3295 affligit
447 3246 620 3295 patrem,
652 3246 693 3282 et
720 3242 838 3295 fugat
865 3247 1052 3288 matrem,
1134 3238 1424 3294 ignominiosus
1453 3241 1514 3278 est
1542 3241 1584 3277 et
1611 3235 1761 3276 infelix.

116 3300 150 3324 2⁷
169 3299 261 3341 Non
290 3313 417 3341 cesses
445 3299 501 3341 fili
530 3300 670 3341 audire
699 3300 940 3350 doctrinam,
1023 3313 1096 3340 nec
1124 3299 1280 3352 ignores
1309 3309 1511 3337 sermones
1540 3294 1728 3336 scientiae.

248 3426 301 3468 18,
326 3427 368 3460 13
396 3426 467 3460 aSir
495 3429 548 3467 11,
576 3426 605 3461 8.
634 3447 675 3451 -
701 3427 753 3469 19,
778 3427 798 3461 5
826 3426 902 3460 bDn
927 3426 980 3467 13,
1009 3425 1061 3460 61.
1087 3445 1129 3450 —-
1153 3425 1195 3458 25
1224 3423 1296 3457 ο1111
1319 3424 1372 3463 21,
1397 3424 1449 3456 11.

1726 3478 1801 3517 37*
