2356 3760
146 116 198 150 44.
225 117 365 156 2Ῑ-4ἶ),
392 117 432 150 19
1032 118 1166 152 ISAIAE
1960 132 2032 172 707

198 210 276 258 Qui
295 210 384 251 dico
406 210 642 251 Ierusalem:
664 210 944 254 Habitaberis:
1017 219 1056 252 et
1077 212 1312 254 civitatibus
1334 215 1453 255 Iuda:
1474 216 1796 266 AEdificabimini,
1819 230 1857 263 et
1877 224 2034 265 deserta

407 269 489 310 eius
519 269 735 310 suscitabo.

145 328 179 350 '2⁷
198 326 275 374 Qui
306 327 393 368 dico
424 327 645 380 profundo:
675 326 878 369 Desolare.
963 334 1001 367 et
1031 328 1197 370 flumina
1228 336 1299 371 tua
1329 333 1554 374 arefaciam.

146 386 180 408 ²⁸
198 385 275 433 Qui
302 386 390 427 dico
417 386 539 439 Cyro:
568 386 713 426 Pastor
737 397 850 425 meus
877 398 928 428 es,
1010 392 1049 426 et
1076 400 1236 428 omnem
1263 389 1516 431 voluntatem
1544 405 1675 433 meam
1702 394 1929 447 complebis.

199 444 275 492 Qui
304 444 392 485 dico
423 443 659 484 Ierusalem:
689 443 984 489 AEdificaberis:
1067 450 1106 485 et
1135 446 1305 499 templo:
1336 448 1596 491 Fundaberis.

145 547 209 591 45.
266 551 278 572 1
311 548 408 589 Haec
439 548 537 589 dicit
567 547 766 588 Dominus
798 547 947 590 christo
978 562 1067 590 meo
1099 549 1214 602 Cyro.
1301 551 1410 591 cuius
1443 554 1688 605 apprehendi
1719 556 1939 600 dexteram.
2058 561 2215 599 ³.D*‘¹¹¹1¹¹0

197 612 243 647 ut
272 606 484 647 subiiciam
514 612 608 646 ante
636 605 781 645 faciem
811 606 893 646 eius
923 607 1084 649 Gentes
1169 613 1208 648 et
1238 609 1355 649 dorsa
1384 623 1522 663 regum
1552 618 1719 659 vertam,
2057 599 2219 657 mifirfw'

197 670 237 706 01
267 666 445 718 aperiam
475 677 610 705 coram
640 677 685 705 eo
715 664 868 709 ianuas.
953 673 992 706 et
1021 672 1149 719 porta)
1178 680 1257 707 non
1288 667 1537 709 claudentur.

161 724 176 746 '³
196 724 282 777 Ego
313 730 408 764 ante
438 728 477 763 te
506 723 591 764 ibo:
675 728 715 763 et
743 723 934 776 gloriosos
964 730 1080 765 terrae
1107 724 1348 766 humiliabo:

196 787 334 835 portas
364 795 484 823 aereas
515 789 734 830 conteram,
819 788 859 822 et
888 788 1022 823 vectes
1052 784 1198 825 ferreos
1229 784 1490 835 confringam.

161 842 176 863 ²³
196 842 252 882 Et
280 841 386 881 dabo
416 840 492 881 tibi
521 840 731 881 thesauros
762 841 1032 885 absconditos,
1117 848 1155 882 et
1186 855 1334 882 arcana
1362 836 1624 884 secretorum:

196 906 243 940 ut
271 899 371 940 scias
403 899 496 952 quia
526 912 597 952 ego
627 898 838 947 Dominus,
872 900 940 953 qui
969 913 1068 941 voco
1099 914 1246 941 nomen
1275 906 1405 946 11111111,
1488 903 1597 943 Deus
1629 903 1760 944 Israel.

160 958 175 980 ⁴
195 958 367 1011 Propter
395 970 557 998 servum
585 971 722 998 meum
754 958 887 1002 Iacob,
972 964 1011 998 et
1043 959 1165 999 Israel
1194 959 1365 1000 electum
1396 974 1542 1005 meum,

196 1022 237 1057 et
265 1016 410 1057 vocaw'
440 1022 479 1057 te
508 1016 670 1057 nomine
701 1022 790 1057 tuo:
875 1017 1092 1058 assimilavi
1122 1023 1173 1063 10,
1205 1022 1246 1058 01
1274 1031 1354 1059 11011
1385 1019 1608 1072 cognovisti
1637 1033 1711 1061 me.

159 1075 174 1097 ⁵
195 1075 280 1129 Ego
304 1075 516 1118 Dominus.
543 1081 582 1115 et
606 1088 687 1116 non
712 1081 770 1116 est
796 1075 986 1129 amplius:
1012 1083 1127 1116 extra
1150 1089 1213 1116 me
1237 1090 1317 1117 non
1342 1084 1401 1117 est
1424 1078 1552 1118 Deus:
1631 1079 1783 1119 accinxi
1814 1086 1864 1124 te.
1891 1086 1931 1121 et
1954 1095 2033 1121 non

404 1134 629 1187 cognovisti
658 1147 739 1174 me:

160 1192 174 1214 '³
195 1192 253 1234 Ut
281 1193 411 1233 sciant
440 1193 492 1237 111,
526 1192 594 1246 qui
624 1193 675 1233 ab
705 1198 795 1234 ortu
826 1193 929 1236 solis.
1014 1198 1053 1233 et
1085 1193 1152 1246 qui
1182 1194 1232 1233 ab
1263 1194 1480 1236 occidente.

196 1251 388 1305 quoniam
418 1251 570 1304 absque
599 1264 662 1291 me
691 1264 772 1292 non
801 1256 878 1292 est:
962 1252 1047 1305 Ego
1076 1251 1287 1294 Dominus.
1319 1258 1358 1291 et
1387 1265 1468 1292 non
1497 1258 1556 1293 est
1586 1253 1696 1296 alter.

159 1310 373 1351 τ1011113115
402 1309 546 1354 lucem.
579 1314 619 1350 et
650 1323 788 1350 creans
819 1310 1018 1353 tenebras.
1103 1310 1253 1350 faciens
1283 1322 1437 1363 pacem.
1471 1316 1510 1350 et
1541 1323 1677 1351 creans
1708 1312 1878 1352 malum:

194 1382 265 1422 ego
292 1368 493 1410 Dominus
573 1368 723 1408 faciens
753 1368 889 1409 omnia
915 1368 1010 1408 haec.

158 1484 173 1497 0
194 1475 346 1514 Rorate
374 1473 457 1514 caeli
483 1473 666 1525 desuper,
748 1478 787 1512 et
815 1473 941 1512 nubes
968 1471 1113 1525 pluant
1140 1472 1311 1512 iustum:
2058 1472 2216 1531 5‘1233131110

193 1532 399 1586 aperiatur
427 1537 545 1580 terra,
630 1537 670 1571 et
698 1530 896 1584 germinet
925 1530 1188 1571 salvatorem:
2120 1524 2125 1531 ⁴
2157 1527 2174 1534 ”

193 1597 233 1632 et
260 1590 419 1632 iustitia
447 1590 601 1631 oriatur
629 1589 766 1630 simul:
850 1602 921 1642 ego
950 1589 1150 1630 Dominus
1180 1589 1312 1629 creavi
1342 1603 1444 1630 eum.

157 1699 171 1719 ³
192 1695 261 1736 Vae
291 1695 360 1749 qui
389 1693 631 1736 contradicit
661 1694 791 1735 fictori
821 1707 904 1738 suo,
989 1700 1096 1734 testa.
1125 1695 1173 1734 de
1203 1694 1337 1735 samiis
1368 1700 1500 1735 terrae:
2052 1697 2223 1761 n‘.³?0¹}{,³s'y⁴1'{}.

196 1753 416 1807 anumquid
433 1753 539 1794 dicet
555 1752 689 1793 lutum
708 1752 828 1805 figulo
847 1766 937 1793 suo:
958 1753 1064 1801 Quid
1081 1753 1190 1795 facis.
1263 1758 1303 1793 01
1321 1766 1421 1806 opus
1439 1759 1556 1793 tuum
1575 1755 1726 1806 absque
1743 1753 1929 1794 manibus
1947 1754 2030 1795 est?
2052 1749 2204 1792 immittet,

140 1815 175 1837 ¹⁰
192 1813 261 1853 Vae
291 1812 359 1866 qui
389 1812 486 1853 dicit
515 1811 641 1865 patri:
674 1811 780 1860 Quid
808 1811 998 1864 generas?
1083 1817 1122 1852 et
1151 1811 1324 1852 mulieri:
1357 1811 1463 1860 Quid
1492 1811 1691 1864 parturis?

140 1874 171 1896 11
193 1871 290 1913 Haec
319 1871 416 1912 dicit
445 1871 646 1911 Dominus
729 1877 893 1910 sanctus
929 1870 1047 1911 151301
1076 1869 1225 1924 plastes
1256 1870 1356 1910 eius:

191 1930 375 1971 Ventura
403 1930 650 1982 interrogate
681 1943 757 1972 me.
791 1942 910 1982 super
940 1929 1040 1969 filios
1071 1942 1192 1972 meos.
1278 1935 1317 1969 et
1349 1942 1467 1982 super
1498 1942 1597 1981 opus
1627 1941 1823 1969 manuum
1853 1942 2033 1970 mearum

399 1989 594 2029 mandate
624 1988 732 2029 mihi.

140 2050 170 2072 ¹²
191 2048 276 2102 Ego
306 2047 381 2088 feci
411 2053 573 2091 terram,
657 2052 698 2088 et
727 2047 932 2088 hominem
962 2059 1082 2100 super
1110 2060 1199 2087 eam
1229 2046 1361 2086 creavi
1391 2059 1480 2099 ego:

190 2120 335 2147 manus
364 2119 464 2147 rneae
494 2106 757 2147 tetenderunt
787 2105 913 2153 caelos,
998 2111 1038 2145 et
1068 2105 1177 2146 omni
1205 2104 1359 2145 militiae
1388 2118 1525 2145 eorum
1555 2104 1759 2145 mandavi.

139 2168 170 2190 ¹3
189 2165 276 2219 Ego
306 2165 500 2206 suscitavi
530 2178 621 2205 eum
652 2165 704 2205 ad
733 2164 944 2209 iustitiam.
1029 2170 1068 2204 et
1099 2177 1236 2205 01111105
1267 2163 1352 2204 vias
1382 2163 1465 2203 eius
1495 2162 1682 2216 dirigam:

189 2224 273 2278 ipse
301 2224 519 2265 aedificabit
547 2223 757 2264 civitatem
785 2236 930 2267 meam.
1014 2228 1055 2263 et
1082 2222 1367 2275 captivitatem
1395 2235 1527 2262 meam
1556 2221 1748 2262 dimittet.

189 2296 271 2324 non
298 2282 340 2323 in
366 2282 510 2336 pretio,
540 2295 671 2335 neque
699 2282 740 2322 in
768 2281 1015 2324 muneribus,
1098 2281 1196 2321 dicit
1223 2280 1422 2321 Dominus
1451 2281 1560 2320 Deus
1589 2280 1850 2321 exercituum.

138 2390 169 2412 ¹4
190 2388 288 2428 Haec
317 2387 415 2428 dicit
443 2387 662 2428 Dominus:
746 2386 880 2427 Labor
908 2385 1087 2439 AEgypti,
1119 2391 1159 2425 et
1189 2384 1409 2438 negotiatio
1440 2383 1666 2435 Δ31131111011110,
2077 2388 2196 2441 (iggffiff

190 2452 231 2487 et
257 2446 422 2487 Sabain]
451 2445 526 2486 viri
553 2445 743 2486 sublimes
824 2444 876 2485 ad
903 2449 943 2484 te
971 2443 1216 2492 transibunt,
1247 2448 1287 2484 et
1315 2442 1374 2483 tui
1402 2448 1537 2483 erunt:
2084 2451 2187 2497 <impeti

189 2505 289 2546 Post
315 2510 353 2545 te
379 2504 663 2546 ambulabunt.
691 2503 818 2544 vincti
842 2502 1010 2543 manicis
1035 2507 1221 2556 pergent:
1300 2506 1341 2542 et
1366 2506 1405 2541 te
1431 2501 1672 2545 adorabunt,
1700 2505 1821 2550 teque
1846 2499 2031 2552 depreca-
2054 2490 2217 2516 “gno'ffl't'

399 2564 570 2604 buntur:

190 2623 369 2669 Tantum
397 2622 439 2662 in
468 2628 508 2663 te
538 2627 599 2662 est
626 2622 749 2664 Deus,
833 2625 872 2661 et
902 2633 983 2661 non
1013 2625 1073 2660 est
1103 2620 1255 2673 absque
1285 2625 1325 2660 10
1353 2619 1474 2659 Deus.

139 2683 169 2705 ¹5
189 2681 291 2722 Vere
321 2686 366 2721 tu
396 2694 436 2721 es
464 2681 575 2722 Deus
606 2680 880 2727 absconditus
964 2679 1074 2719 Deus
1105 2678 1228 2718 Israel
1257 2677 1446 2718 salvator.

139 2741 173 2764 ¹⁶
190 2739 355 2781 Confusi
375 2745 483 2786 511111,
506 2744 547 2780 01
567 2739 815 2780 erubuerunt
837 2751 994 2779 omnes:
1068 2736 1187 2777 simul
1208 2736 1394 2777 abierunt
1415 2735 1455 2775 in
1476 2734 1751 2775 confusionem
1770 2732 2031 2773 fabricatores

398 2811 588 2840 errorum.

138 2858 171 2881 1⁷
191 2856 315 2897 Israel
343 2856 525 2898 salvatus
555 2861 617 2898 051
644 2857 685 2897 111
713 2856 890 2897 Domino
972 2854 1102 2895 salute
1131 2860 1300 2894 aeterna:

189 2928 271 2956 non
300 2915 616 2960 confundemini,
649 2921 688 2956 et
718 2928 799 2956 non
829 2913 1070 2955 erubescetis
1152 2925 1280 2965 usque
1308 2912 1349 2952 in
1378 2909 1566 2951 saeculum
1596 2907 1739 2949 saeculi.

137 3010 172 3033 1⁸
189 3009 294 3058 Quia
321 3008 407 3048 haec
436 3008 534 3049 dicit
562 3008 762 3049 Dominus
793 3020 930 3048 creans
961 3006 1087 3051 caelos,
1171 3006 1254 3059 ipse
1283 3005 1392 3044 Deus

187 3067 368 3108 formans
398 3072 560 3111 terram,
592 3071 634 3107 et
660 3067 811 3108 faciens
841 3079 942 3109 eam.
1026 3064 1110 3118 ipse
1139 3064 1289 3117 plastes
1318 3062 1419 3102 eius:

188 3139 271 3167 non
298 3125 340 3166 in
368 3138 523 3165 vanum
553 3126 706 3166 creavit
735 3139 842 3166 eam:
926 3129 973 3165 111-
1000 3123 1266 3164 habitaretur.
1298 3119 1491 3161 formaw‘t
1520 3131 1620 3159 eam.

189 3197 260 3238 ego
289 3183 502 3231 Dominus,
587 3189 627 3224 et
655 3197 737 3225 non
766 3189 827 3225 est
856 3183 968 3224 alius.

137 3244 172 3267 1⁹
190 3243 282 3284 Non
310 3243 351 3283 in
381 3242 620 3283 abscondito
648 3242 808 3283 locutus
838 3255 928 3283 sum
1008 3240 1049 3281 in
1077 3240 1164 3281 loco
1194 3245 1310 3280 terrae
1338 3236 1568 3277 tenebroso:

189 3314 271 3343 non
299 3301 384 3342 dixi
412 3301 554 3342 semini
585 3301 726 3342 Iacob:
809 3301 977 3341 Frustra
1008 3298 1173 3353 quaerite
1202 3310 1276 3337 me.

189 3372 260 3413 ego
289 3360 490 3401 Dominus
518 3359 687 3413 loquens
716 3359 928 3403 iustitiam,
1013 3355 1262 3398 annuncians
1291 3358 1412 3394 recta.

271 3452 325 3494 45,
349 3452 369 3485 9
394 3452 448 3485 alr
472 3453 523 3493 18,
549 3453 584 3492 63
611 3452 701 3485 Rom
725 3453 756 3492 9,
781 3452 833 3486 20.
1744 3495 1821 3537 45*
