2356 3760
95 554 133 577 D»
156 552 271 578 seniori-

133 590 183 612 bus
205 588 232 612 et

102 623 262 648 iunioribus

100 659 261 689 diligendis,

105 705 140 729 de
163 705 257 729 viduis

94 741 131 765 ab
149 740 268 765 eceli-sia

98 778 264 801 sustentan-

154 812 206 839 dis„

109 1020 145 1044 ad
168 1020 249 1044 mini-

120 1056 239 1079 sterium

111 1091 247 1119 eligendis·

87 1202 102 1220 8
116 1195 273 1219 ministerio

110 1230 248 1255 aiu-endis,

93 1668 126 1693 de
149 1669 265 1698 presby-

145 1705 212 1728 teris

97 1743 260 1763 sustentan-

101 1776 142 1799 dis
165 1779 191 1798 vt
215 1776 254 1799 iu—

109 1811 246 1840 ‹lic-audis,

99 2078 132 2101 (κΔ
162 2079 257 2103 vandi-

138 2114 215 2138 datis

102 2149 253 2176 diligenti-r

95 2186 260 2215 1³1‘(iijissldi>,

291 108 391 149 1156
963 103 1187 137 EPISTOLA
1214 101 1354 136 ΒΕΑΤΙ
1382 102 1521 137 PAULr
1955 105 1987 145 4,
2012 105 2132 145 14-5‚
2158 104 2200 138 10

291 196 578 245 exhortationi,
604 202 648 238 et
672 197 878 238 doctrinm.
935 198 965 220 ¹⁴
992 195 1084 237 Noli
1110 195 1308 249 negligere
1333 195 1521 248 gratiam,
1550 208 1640 249 quae
1664 195 1705 236 in
1731 200 1772 237 te
1797 200 1870 246 est,
1899 210 1989 251 quae
2013 199 2115 240 data
2139 202 2201 240 est

293 258 364 300 tibi
401 269 470 309 per
504 255 774 310 prophetiam,
813 268 903 295 cuin
940 254 1200 307 impositione
1235 266 1432 295 manuum
1468 254 1722 308 presbyterii.
1787 257 1818 280 ¹⁵
1854 255 1952 297 Haec
1986 257 2197 306 meditare,

291 317 329 356 in
351 315 411 356 his
431 320 537 356 esto:
560 321 606 356 ut
626 314 832 368 profectus
854 317 949 354 tuus
970 312 1211 353 manifestus
1232 312 1286 354 sit
1306 313 1505 355 omnibus.
1557 316 1591 338 ¹⁶
1610 313 1791 355 Attende
1811 313 1899 363 tibi,
1922 320 1964 356 et
1983 315 2197 357 doctrinae:

291 375 398 415 insta
422 373 463 414 in
490 373 578 414 illis.
611 373 697 414 Hoc
724 372 830 413 enim
858 371 1021 420 faciens,
1050 378 1092 412 et
1118 371 1294 425 teipsum
1321 372 1481 413 salvum
1508 372 1642 421 facies,
1672 378 1714 414 et
1739 385 1818 422 θοε,
1848 373 1917 427 qui
1944 379 1984 415 te
2010 374 2197 416 audiunt.

539 478 577 517 2.
608 475 842 526 Praecepta
872 475 927 516 de
957 473 1170 515 fidelibus
1200 475 1436 516 variorum
1467 477 1687 528 statuum,
1715 476 1755 528 5,
1775 477 1895 528 1—6,
1914 478 1954 518 2.

391 548 428 590 5.
486 549 496 571 1
526 544 731 586 seniorem
762 557 812 585 ne
842 544 1126 599 increpaveris,
1159 546 1229 587 sed
1260 547 1428 588 obsecra
1456 550 1504 587 ut
1532 552 1711 599 patrem:
1744 545 1922 597 iuvenes,
1955 552 2003 589 ut
2031 547 2197 590 fratres:

286 608 300 631 2
332 619 444 650 anus.
479 612 523 645 ut
554 609 722 644 matres:
755 603 1003 653 iuvenculas,
1037 610 1084 646 ut
1113 618 1268 646 sorores
1300 604 1340 645 in
1373 604 1483 646 omni
1514 604 1724 647 castitate:

391 668 406 688 ³¹
427 663 576 703 Viduas
595 663 762 712 honora,
785 675 874 716 quae
893 676 985 704 vere
1004 663 1138 704 viduae
1155 669 1263 705 sunt.
1310 665 1326 688 4
1342 663 1384 705 Si
1403 677 1485 718 qua
1502 669 1641 704 autem
1660 664 1786 705 vidua
1803 663 1918 714 filios,
1938 670 2013 707 aut
2029 671 2200 720 nepotes

289 724 430 764 habet:
456 722 587 763 discat
610 721 785 774 primum
811 722 978 763 domum
1004 735 1119 763 suam
1143 735 1290 776 regere,
1317 727 1359 764 et
1380 727 1569 764 mutuam
1595 722 1724 764 vicem
1747 723 1915 764 reddere
1938 724 2197 777 parentibus:

289 783 363 823 hoe-
383 782 488 822 enim
509 786 721 833 acceptum
742 786 803 821 θεῖ
822 794 958 822 coram
978 781 1077 822 Deo.
1125 783 1140 805 ⁵
1159 781 1258 830 Quae
1278 786 1416 822 autem
1436 794 1530 822 vere
1549 781 1675 822 vidua
1693 788 1765 832 est,
1787 787 1828 824 et
1847 782 2043 833 desolata,
2065 790 2201 837 speret

286 841 325 881 in
356 841 499 883 Deum.
531 845 571 880 et
599 838 726 880 instet
755 839 1117 890 obsecrationibus,
1149 845 1190 881 et
1218 840 1472 882 orationibus
1502 845 1621 882 nocte
1650 854 1696 881 ac
1725 841 1799 882 die.
1861 843 1875 865 ⁶
1905 842 2010 883 Nam
2041 855 2132 896 quae
2158 842 2200 883 in

285 899 436 941 deliciis
464 904 536 943 est,
567 897 709 939 vivens
737 904 902 940 mortua
929 904 1002 940 est.
1062 901 1075 923 ⁷
1105 899 1160 940 Et
1187 899 1263 941 hoc
1291 899 1463 953 praecipe
1492 905 1538 941 ut
1565 899 1934 953 irreprehensibiles
1963 900 2057 942 sint.
2117 903 2132 925 ⁸
2158 901 2201 943 Si

286 959 374 1012 quis
405 963 542 998 autem
573 970 751 1006 suorum,
785 962 826 998 et
854 957 1033 999 maxime
1064 958 1382 1000 domesticorum
1414 971 1552 999 curam
1583 971 1664 999 non
1696 959 1832 1007 habet,
1864 958 1987 1001 fidem
2017 960 2197 1013 negavit,

286 1024 326 1058 et
348 1022 408 1057 est
429 1015 581 1056 infideli
603 1016 790 1057 deterior.
843 1018 859 1040 ⁹
881 1016 1016 1058 Vidua
1037 1016 1210 1071 eligatur
1231 1030 1313 1059 non
1335 1017 1469 1058 minus
1492 1017 1706 1071 sexaginta
1727 1030 1940 1067 annorum,
1966 1032 2056 1072 quae
2076 1019 2201 1061 fuerit

287 1076 403 1116 unius
436 1075 509 1115 viri
541 1088 654 1123 uxor,
715 1077 750 1099 ¹⁰
779 1075 819 1115 in
852 1075 1041 1129 operibus
1073 1076 1189 1118 bonis
1220 1076 1503 1118 testimonium
1534 1076 1701 1126 habens,
1734 1076 1767 1117 si
1796 1076 1899 1119 filios
1931 1077 2135 1127 educavit,
2168 1078 2201 1120 si

282 1134 459 1187 hospitio
489 1134 652 1187 recepit,
686 1133 718 1175 si
748 1139 985 1176 sanctorum
1015 1135 1138 1188 pedes
1167 1135 1282 1185 lavit,
1315 1135 1347 1177 si
1378 1135 1688 1177 tribulationem
1718 1135 1973 1189 patientibus
2004 1136 2200 1178 submini-

285 1193 444 1239 stravit,
484 1193 515 1234 si
552 1206 670 1234 omne
707 1206 807 1247 opus
845 1194 997 1235 bonum
1034 1194 1254 1235 subsecuta
1288 1200 1360 1236 est.
1424 1196 1455 1219 11
1491 1193 1843 1236 Adolescentiores
1878 1200 2017 1236 autem
2054 1195 2200 1237 viduas

285 1252 442 1293 devita:
470 1252 571 1293 Cum
596 1252 703 1293 enim
728 1251 946 1294 luxuriatae
970 1252 1122 1294 fuerint
1146 1253 1186 1293 in
1212 1253 1384 1302 Christo,
1411 1254 1563 1295 nubere
1589 1253 1753 1295 volunt:
1806 1255 1837 1278 ¹2
1862 1254 2061 1295 habentes
2085 1255 2199 1295 dam-

283 1311 505 1361 nationem,
535 1311 631 1365 quia
654 1310 830 1365 primam
855 1312 977 1352 fidem
1002 1312 1161 1353 irritam
1186 1312 1382 1354 fecerunt.
1438 1315 1468 1337 13
1494 1311 1614 1354 simul
1639 1317 1778 1354 autem
1803 1317 1845 1354 et
1870 1312 2011 1354 otiosae
2036 1312 2201 1354 discunt

281 1370 448 1411 circuire
474 1371 635 1412 domos:
663 1383 744 1412 non
771 1370 903 1411 solum
930 1370 1081 1420 otiosae,
1109 1371 1179 1412 sed
1205 1376 1246 1412 et
1271 1372 1463 1421 verbosae,
1492 1376 1533 1412 et
1558 1371 1736 1421 curiosae,
1763 1371 1977 1425 loquentes
2003 1385 2094 1425 quae
2116 1385 2199 1413 non

282 1435 458 1483 oportet.
512 1431 543 1453 ¹⁴
566 1429 669 1471 Volo
693 1443 785 1483 ergo
808 1429 983 1471 iuniores
1007 1431 1170 1477 nubere,
1196 1430 1298 1471 filios
1322 1443 1544 1484 procreare,
1569 1430 1900 1472 matresfamilias
1924 1444 2020 1480 esse,
2045 1430 2199 1472 nullam

282 1488 534 1530 occasionem
573 1488 668 1529 dare
706 1488 939 1529 adversario
976 1488 1183 1529 maledieti
1219 1488 1363 1542 gratia.
1431 1491 1460 1513 ¹⁵
1500 1489 1587 1529 Iam
1625 1488 1731 1529 enim
1770 1489 1957 1542 quaedam
1995 1502 2201 1531 conversae

282 1552 379 1588 sunt
394 1553 502 1588 retro
519 1552 720 1588 satanam.
767 1548 801 1571 ¹⁶
816 1546 858 1588 Si
875 1546 964 1600 quis
980 1546 1108 1588 fidens
1125 1547 1252 1588 habet
1267 1547 1425 1596 viduas,
1444 1546 1729 1588 subministret
1743 1547 1833 1597 illis,
1852 1552 1894 1589 et
1908 1561 1991 1589 non
2007 1553 2202 1602 gravetur

283 1606 482 1647 Ecclesia:
512 1611 559 1647 ut
586 1605 645 1655 iis,
678 1619 768 1659 quae
796 1619 889 1646 vere
918 1605 1053 1646 viduae
1080 1610 1188 1655 sunt,
1219 1605 1409 1647 sufficiat.

389 1667 422 1689 ¹⁷
449 1664 528 1714 Qui
554 1665 655 1706 bene
680 1669 864 1718 praesunt
887 1664 1127 1718 presbyteri,
1156 1664 1308 1718 duplici
1333 1665 1486 1706 honore
1512 1664 1623 1718 digni
1648 1665 1897 1706 habeantur:
1925 1664 2104 1705 maxime
2130 1664 2200 1718 qui

283 1724 474 1765 laborant
503 1723 544 1764 in
575 1724 700 1765 verbo
731 1728 772 1765 et
801 1723 1000 1765 doctrina.
1060 1725 1095 1748 ¹⁸
1125 1723 1237 1765 Dicit
1267 1723 1374 1765 enim
1404 1723 1632 1777 Scriptura:
1671 1724 1782 1765 aNon
1814 1723 1998 1776 alligabis
2031 1736 2073 1764 os
2104 1722 2199 1764 bovi

284 1782 507 1824 trituranti.
548 1782 621 1824 Et:
665 1782 842 1837 bDignus
879 1788 941 1824 est
980 1782 1186 1837 operarius
1223 1783 1407 1824 mercede
1445 1796 1529 1823 sua.
1597 1784 1631 1806 19
1668 1782 1876 1823 Adversus
1913 1782 2199 1835 presbyterum

282 1842 584 1883 accusationem
604 1841 687 1883 noli
706 1842 893 1895 recipere,
915 1841 992 1883 nisi
1011 1842 1086 1883 sub
1106 1842 1266 1884 duobus
1286 1847 1359 1883 aut
1379 1841 1510 1883 tribus
1530 1841 1716 1882 testibus.
1765 1842 1802 1865 ²⁰
1819 1840 2041 1882 Peccantes
2062 1853 2198 1881 coram

283 1901 471 1942 omnibus
502 1914 642 1955 argue:
675 1906 721 1942 ut
751 1907 791 1942 et
822 1901 943 1943 ceteri
974 1901 1164 1943 timorem
1194 1901 1387 1942 habeant.
1446 1902 1477 1925 2¹
1510 1900 1653 1942 Testor
1682 1912 1818 1941 coram
1848 1899 1936 1941 Deo
1967 1905 2008 1940 θῖ
2038 1898 2199 1941 Christo

284 1960 386 2009 Iesu,
417 1967 457 2001 et
485 1959 621 2001 electis
649 1959 813 2014 angelis,
845 1966 891 2002 ut
917 1961 1002 2001 haec
1030 1959 1236 2002 custodias
1263 1959 1348 2001 sine
1375 1959 1621 2013 praeiudicio,
1650 1958 1751 1999 nihil
1778 1958 1930 1999 faciens
1956 1958 1998 1998 in
2026 1958 2197 1999 alteram

282 2024 441 2072 partem
472 2018 725 2061 declinando.

387 2080 418 2102 2²
458 2078 604 2119 Manus
644 2077 725 2119 cito
764 2077 917 2118 nemini
956 2078 1207 2131 imposueris,
1250 2091 1381 2131 neque
1421 2076 1786 2118 communicaveris
1826 2075 2004 2129 peccatis
2044 2075 2196 2117 alienis.

283 2136 473 2190 Teipsum
508 2141 666 2177 castum
700 2136 871 2178 custodi.
933 2138 965 2160 ‘²³
999 2136 1093 2177 Noli
1126 2136 1259 2177 adhuc
1292 2149 1443 2189 aquam
1477 2135 1625 2182 bibere,
1660 2135 1730 2176 sed
1762 2134 1925 2177 modico
1956 2134 2052 2177 vino
2085 2140 2199 2176 utere

282 2201 451 2249 propter
469 2195 727 2237 stomachum
748 2201 878 2245 tuum,
901 2201 941 2236 et
960 2195 1193 2248 frequentes
1214 2200 1305 2236 tuas
1325 2194 1597 2235 infirmitates.
1645 2196 1677 2218 ²¹
1697 2194 1965 2242 Quorundam
1985 2193 2197 2236 hominum

282 2261 451 2307 peccata
470 2254 689 2295 manifesta
708 2260 815 2303 sunt,
838 2253 1110 2307 praecedentia
1129 2254 1180 2295 ad
1200 2252 1414 2294 iudicium:
1437 2254 1636 2307 quosdam
1656 2258 1795 2294 autem
1816 2258 1857 2293 θῖ
1876 2253 2194 2305 subsequuntur.

279 2316 311 2338 25
339 2313 533 2354 Similiter
559 2320 599 2355 et
628 2314 739 2354 facta
768 2314 875 2355 bona
902 2313 1122 2354 manifesta
1149 2318 1263 2354 sunt:
1294 2317 1335 2353 et
1363 2325 1453 2366 quae
1481 2312 1599 2353 aliter
1625 2325 1665 2353 se
1692 2312 1860 2354 habent.
1891 2310 2088 2352 abscondi
2115 2324 2197 2352 non

282 2378 466 2425 possunt.

386 2432 423 2474 6.
482 2434 490 2455 ¹
523 2431 779 2485 Quicumque
816 2436 913 2472 sunt
949 2431 1023 2472 sub
1061 2430 1154 2485 iugo
1191 2429 1308 2480 servi,
1362 2430 1550 2471 dominos
1587 2443 1680 2471 suos
1719 2428 1828 2471 omni
1865 2429 2018 2470 honore
2055 2428 2198 2482 dignos

283 2490 543 2540 arbitrentur,
580 2504 629 2531 ne
662 2504 811 2532 nomen
846 2489 1013 2531 Domini
1047 2495 1088 2530 ct
1122 2489 1310 2531 doctrina
1345 2488 1661 2543 blasphemetur.
1725 2490 1738 2512 '2
1773 2487 1852 2536 Qui
1887 2492 2025 2528 autem
2060 2486 2198 2528 fideles

281 2548 433 2589 habent
468 2549 667 2597 dominos,
704 2562 785 2590 non
822 2554 1103 2598 contemnant,
1141 2548 1237 2602 quia
1271 2549 1416 2589 fratres
1452 2553 1566 2589 sunt:
1603 2547 1672 2589 sed
1707 2546 1835 2601 magis
1870 2545 2064 2596 serviant,
2103 2545 2200 2600 quia

284 2607 417 2648 fideles
447 2613 542 2649 sunt
571 2614 611 2649 et
640 2607 788 2657 dilecti,
821 2608 889 2662 qui
920 2607 1102 2649 beneficii
1132 2607 1350 2661 participes
1380 2612 1487 2648 sunt.
1521 2606 1618 2648 Haec
1647 2607 1758 2655 doce,
1790 2611 1831 2647 θῖ
1860 2605 2089 2647 exhortare.

723 2713 761 2752 3.
791 2711 1026 2763 Praecepta
1057 2712 1112 2752 de
1142 2712 1244 2762 ipso
1275 2710 1530 2761 Timotheo,
1559 2710 1598 2760 6,
1618 2710 1765 2750 3—16.

387 2784 401 2805 ²³
427 2782 467 2821 Si
496 2782 584 2836 quis
611 2782 728 2823 aliter
754 2783 885 2831 docet,
915 2788 956 2823 et
983 2796 1063 2823 non
1092 2781 1313 2836 acquiescit
1340 2781 1448 2823 sanis
1475 2780 1729 2822 sermonibus
1756 2780 1923 2822 Domini
1950 2779 2079 2821 nostri
2108 2778 2197 2820 Iesu

181 2823 204 2874 ιιι
232 2860 255 2874 ιιι
287 2839 443 2882 (Ἰπίεῖί,
471 2846 511 2880 et
536 2841 581 2885 ei,
610 2854 700 2894 quae
725 2842 947 2882 secundum
975 2841 1168 2895 pietatem
1197 2846 1269 2890 est,
1297 2840 1511 2881 doctrinae:
1564 2842 1579 2865 4
1604 2840 1802 2892 superbus
1828 2844 1901 2888 est,
1928 2837 2029 2879 nihil
2055 2837 2195 2887 sciens,

151 2891 241 2945 ἶῆἶῖζ,’,’,,
286 2897 352 2935 sed
383 2898 575 2942 languens
604 2900 706 2940 circa
739 2900 994 2953 quaestiones,
1026 2905 1065 2941 et
1094 2913 1251 2953 pugnas
1282 2900 1518 2941 verborum:
1549 2913 1597 2939 ex
1628 2898 1774 2952 quibus
1805 2897 1993 2938 oriuntur
2020 2896 2195 2945 invidiae,

156 2965 255 3018 ,¹523
287 2957 577 3007 contentiones,
618 2959 888 3011 blasphemia»,
927 2958 1174 3012 suspiciones
1210 2958 1338 3008 malae,
1401 2960 1416 2982 5
1452 2957 1776 2999 conflictationes
1812 2955 2025 2998 hominum
2061 2960 2197 2996 mente

286 3022 580 3067 corruptorum.
610 3023 648 3057 et
678 3018 744 3070 qui
773 3018 946 3058 veritate
974 3017 1125 3070 privati
1152 3024 1259 3063 sunt,
1288 3016 1614 3058 existimantium
1643 3021 1844 3069 quaestum
1871 3028 1956 3056 esse
1982 3014 2192 3068 pietatem.

288 3074 301 3095 ὃ
335 3073 405 3113 Est
440 3081 575 3113 autent
610 3081 787 3127 quaestus
820 3090 990 3124 magnus
1023 3076 1152 3129 pietas
1185 3090 1275 3116 cum
1308 3075 1564 3116 sufficientia.
1628 3077 1641 3098 ⁷
1682 3074 1809 3115 <Nihil
1841 3073 1947 3115 enim
1979 3072 2193 3114 intulimus

287 3131 322 3170 in
356 3132 459 3172 hune
490 3133 704 3172 mundum:
737 3135 845 3175 haud
874 3135 1043 3176 dubium
1075 3135 1183 3189 quod
1212 3148 1284 3175 nee
1314 3135 1470 3176 auferre
1501 3134 1598 3188 quid
1626 3146 1855 3187 possumus.
1915 3134 1930 3155 Β
1961 3132 2194 3172 dHabentes

288 3197 422 3229 autem
450 3190 654 3231 alimenta.
681 3199 719 3231 et
744 3193 890 3245 quibus
914 3200 1111 3247 tegamur,
1137 3193 1197 3234 his
1221 3194 1403 3234 contenti
1429 3193 1564 3234 simus.
1619 3195 1634 3217 ⁹
1658 3193 1761 3233 Nam
1787 3191 1856 3245 qui
1880 3191 2026 3232 volunt
2048 3189 2197 3230 divites

287 3248 381 3291 fieri,
416 3248 597 3290 incidunt
628 3249 665 3289 in
699 3252 981 3301 tentationem,
1013 3258 1053 3293 et
1082 3252 1120 3292 in
1150 3252 1339 3306 laqueum
1371 3252 1535 3301 diaboli,
1567 3257 1607 3292 et
1636 3249 1835 3291 desideria
1861 3249 1993 3290 multa
2020 3248 2194 3298 inutilia,

287 3313 326 3347 et
359 3308 514 3355 nociva,
551 3321 640 3361 quae
671 3316 859 3359 mergunt
892 3311 1074 3351 homines
1107 3311 1143 3351 in
1178 3310 1403 3359 interitum,
1437 3318 1478 3352 et
1509 3310 1792 3364 perditionem.
1855 3311 1890 3332 ¹⁰
1922 3307 2056 3348 Radix
2088 3306 2195 3348 enim

286 3445 305 3478 8
330 3445 365 3477 dl
418 3399 462 3470 33,—
476 3398 599 3475 ]‹&)‘³¹I)t
623 3400 674 3437 23,
699 3400 732 3438 4;
764 3402 774 3432 l
805 3402 867 3433 ('‹›r
891 3405 922 3441 ί),
948 3405 977 3436 8.
1006 3423 1045 3426 ἡ
1072 3403 1141 3435 bnt
1168 3404 1220 3443 10,
1246 3403 1302 3442 1ος
1330 3402 1374 3435 Lc
1402 3402 1452 3442 10,
1479 3402 1508 3436 7.
1535 3422 1576 3426 —
1601 3403 1631 3444 6,
1657 3403 1677 3436 7
1697 3401 1776 3435 cIob
1802 3402 1832 3441 1,
1858 3400 1915 3440 21;
1942 3399 2003 3433 Ecl
2027 3399 2059 3439 5,
2084 3399 2136 3433 14.
2155 3419 2196 3423 —

369 3447 395 3477 'r
423 3450 474 3477 ζα.
507 3448 558 3478 23.
