2356 3760
130 103 182 140 13,
208 102 240 134 r>
276 101 328 139 14,
353 100 395 132 20
895 96 1277 129 PROVERBloRUM
1942 104 2017 144 575

151 194 166 216 ⁶
186 192 350 233 lustitia
385 191 565 232 custodit
600 188 826 230 innocentis
863 190 990 229 viam:
1081 189 1268 241 impietas
1306 196 1442 230 antem
1480 198 1731 243 peccatorem
1768 195 2016 246 supplantat.

152 253 164 274 ⁷
184 251 260 292 Est
280 250 395 304 quasi
413 250 526 291 dives
545 262 637 289 cum
656 246 755 288 nihil
773 247 943 288 habeat:
1000 252 1041 287 et
1059 253 1121 287 est
1140 248 1255 300 quasi
1272 261 1437 301 pauper,
1459 261 1551 288 cum
1570 248 1610 288 in
1629 248 1766 289 inultis
1786 252 1935 292 divitiis
1954 253 2016 294 sit.

152 309 430 362 ⁸Redemptio
465 308 610 348 animae
643 305 730 348 viri.
767 305 920 347 divitiae
955 319 1053 346 suae:
1139 306 1207 358 qui
1241 312 1378 347 autern
1412 319 1566 359 pauper
1600 312 1670 355 est,
1708 307 2019 360 increpationem

394 380 475 408 non
504 365 689 405 sustinet.

150 429 165 451 ⁹
185 427 276 468 Lux
305 426 504 467 iustorum
532 422 731 464 laetificat:
814 423 979 464 lucerna
1007 428 1144 463 autem
1173 422 1389 475 impiorum
1419 424 1689 476 extinguetur.

134 487 170 509 ¹⁰
190 485 302 526 Inter
335 483 528 537 superbos
569 493 727 534 semper
758 481 887 535 iurgia
919 486 1033 522 sunt:
1122 481 1191 534 qui
1224 486 1361 521 autem
1395 488 1520 534 agunt
1554 482 1690 522 onmia
1723 495 1814 522 cum
1848 482 2022 530 consilio,

397 546 593 595 reguntur
620 539 832 592 sapientia.

135 604 166 626 ¹¹
185 600 429 643 Substantia
455 599 651 640 festinata
677 598 901 640 minuetur:
985 611 1074 652 quae
1102 603 1240 639 autem
1268 597 1467 650 paulatini
1496 598 1695 646 colligitur
1726 611 1861 647 manu,
1892 597 2027 638 inulti-

397 657 626 712 plicabitur.

136 721 167 743 12
187 719 298 772 Spes,
331 731 421 771 quae
450 716 647 764 differtur,
680 716 826 769 affligit
855 717 1052 757 animam:
1135 715 1289 769 lignum
1319 714 1415 755 vitae
1445 714 1685 755 desiderium
1716 715 1891 756 veniens.

137 780 169 802 1³
189 777 268 826 Qui
288 775 468 818 detrahit
487 774 607 815 alicui
624 774 691 818 rei,
714 774 798 828 ipse
818 788 858 815 se
878 775 918 815 in
938 775 1123 815 futurum
1143 773 1315 826 obligat:
1385 772 1453 826 qui
1473 778 1611 813 autem
1630 773 1749 813 timet
1768 779 2026 825 praeceptum,

400 835 441 875 in
470 846 568 887 pace
597 834 837 875 versabitur.

190 895 347 935 Animae
365 893 513 934 dolosae
537 899 674 933 errant
699 892 952 946 inpeccatis:
1010 892 1105 933 iusti
1131 898 1269 932 autem
1286 890 1561 931 misericordes
1587 895 1693 939 sunt,
1715 896 1754 930 et
1775 890 2028 930 miserantur.

139 956 169 978 ¹⁴
190 954 275 994 Lex
303 951 496 1006 sapientis
525 951 615 992 fons
645 951 752 1000 vitae‚
836 958 883 992 ut
912 951 1086 992 declinet
1114 963 1139 991 a
1166 950 1283 990 ruina
1310 949 1463 991 mortis.

140 1015 170 1037 ¹⁵
191 1012 390 1053 Doctrina
418 1011 527 1051 bona
555 1010 671 1051 dabit
699 1010 892 1063 gratiani:
976 1010 1015 1050 in
1045 1010 1186 1051 itinere
1217 1014 1546 1061 contemptorum
1575 1020 1737 1060 vorago.

140 1074 174 1095 ¹⁶
191 1071 366 1112 Astutus
399 1069 537 1111 omnia
568 1069 653 1121 agit
691 1082 784 1110 cum
816 1069 1000 1110 consilio:
1088 1068 1157 1122 qui
1189 1073 1326 1108 autem
1358 1068 1498 1108 fatuus
1531 1073 1602 1115 est,
1638 1066 1767 1119 aperit
1799 1065 2030 1105 stultitiam.

140 1132 173 1154 ¹⁷
194 1129 374 1171 Nuncius
403 1127 518 1181 impii
547 1128 667 1168 cadet
695 1128 735 1168 in
765 1128 938 1169 malum:
1020 1128 1179 1181 legatus
1209 1131 1347 1167 autem
1376 1125 1515 1172 fidelis,
1549 1125 1713 1165 sanitas.

142 1191 175 1212 ¹²⁴
193 1189 375 1242 Egestas,
396 1192 437 1228 et
455 1187 677 1240 ignominia
694 1187 739 1236 ei,
761 1187 829 1240 qui
848 1187 996 1228 deserit
1014 1186 1285 1239 disciplinam:
1355 1184 1424 1238 qui
1442 1189 1579 1224 autem
1599 1182 1817 1236 acquiescit
1835 1180 2031 1235 arguenti,

402 1245 705 1299 glorificabitur.

143 1309 176 1331 ¹⁹
193 1305 449 1347 Desiderium
469 1304 501 1344 si
520 1304 783 1358 compleatur,
807 1305 983 1345 delectat
1003 1304 1200 1344 animani:
1275 1303 1533 1343 detestantur
1552 1300 1664 1341 stulti
1687 1313 1764 1348 eos,
1788 1299 1856 1352 qui
1874 1298 2036 1352 fugiunt

405 1363 527 1404 mala.

142 1426 178 1448 2⁰
195 1424 273 1473 Qui
295 1437 386 1463 cum
408 1422 660 1476 sapientibus
682 1421 877 1475 graditur.
901 1421 1060 1474 sapiens
1082 1420 1175 1461 erit:
1252 1419 1405 1459 amicus
1427 1418 1645 1459 stultorum
1668 1416 1806 1457 similis
1828 1415 2036 1456 efficietur.

143 1485 174 1507 ²¹
192 1483 430 1523 Peccatores
458 1481 715 1535 persequitur
743 1480 915 1521 malum:
999 1485 1039 1520 et
1069 1479 1184 1519 iustis
1212 1478 1490 1519 retribuentur
1519 1477 1636 1518 bona.

144 1544 175 1565 ²2
198 1542 335 1581 Bonus
360 1540 553 1593 relinquit
577 1540 743 1579 heredes
768 1539 881 1588 filios,
910 1545 949 1579 et
976 1544 1162 1591 nepotes:
1242 1542 1283 1578 et
1308 1536 1537 1577 custoditur
1562 1535 1667 1576 iusto
1694 1533 1926 1575 substantia
1948 1544 2039 1585 pec·

407 1599 565 1640 catoris.

144 1663 176 1683 2³
194 1658 312 1700 Multi
342 1658 420 1699 cibi
449 1658 490 1698 in
520 1658 734 1698 novalibus
766 1663 948 1711 patruni:
1033 1661 1073 1696 ct
1103 1655 1189 1696 aliis
1219 1659 1515 1708 congregantur
1545 1654 1697 1706 absque
1727 1651 1885 1692 iudicio.

146 1721 177 1742 ²⁴¹
196 1718 274 1767 Qui
298 1717 429 1771 parcit
454 1716 588 1769 xirgae,
620 1717 707 1758 odit
732 1716 859 1757 filium
885 1729 1022 1757 suurn:
1103 1714 1172 1768 qui
1198 1719 1336 1754 autem
1362 1712 1492 1765 diligit
1517 1711 1641 1759 illum,
1669 1711 1870 1751 instanter
1894 1708 2038 1749 erudit.

146 1779 178 1800 ‘³⁵
201 1777 338 1817 Iustus
360 1776 548 1824 comedit,
573 1782 614 1817 et
634 1776 762 1828 replet
784 1775 961 1816 animani
985 1787 1119 1815 suam:
1192 1778 1334 1813 venter
1355 1777 1491 1812 autem
1514 1770 1731 1823 impiorum
1752 1766 2038 1809 insaturabilis.

148 1895 210 1938 14.
267 1897 279 1919 ¹
297 1895 465 1948 Sapiens
481 1894 624 1935 mulier
640 1894 814 1935 zedificat
831 1894 997 1934 domum
1016 1905 1150 1933 suam:
1222 1891 1411 1944 insipiens
1428 1895 1659 1930 extructam
1677 1899 1837 1941 quoquc
1854 1884 2041 1926 manibus
2065 1885 2226 1946 Ανξξζξξωῑ

409 1954 601 1996 destruet.

168 2016 183 2037 2
199 2012 445 2053 aAinbulans
458 2018 568 2053 recto
581 2013 735 2061 itinere.
751 2016 792 2053 et
806 2011 953 2053 timens
964 2011 1108 2058 Deum,
1167 2009 1387 2062 despicitur
1401 2008 1452 2048 ab
1463 2020 1520 2050 eo.
1534 2006 1603 2060 qui
1616 2005 1758 2046 infami
1771 2003 1955 2057 graditur
1962 2002 2039 2042 via.

168 2076 184 2096 ³
204 2072 249 2112 111
281 2084 347 2112 ore
377 2070 493 2112 stulti
524 2071 638 2125 virga
667 2070 882 2125 superbiae:
966 2069 1075 2109 labia
1104 2073 1243 2108 autem
1274 2066 1519 2120 sapientium
1550 2064 1787 2106 custodiunt
1817 2075 1894 2103 eos,

169 2133 182 2154 1
206 2130 283 2171 Ubi
302 2143 383 2171 non
404 2135 500 2170 sunt
521 2131 657 2179 boves,
679 2143 856 2184 praesepe
877 2141 1052 2169 vacuum
1074 2133 1153 2167 est:
1210 2126 1279 2167 ubi
1301 2131 1438 2166 autem
1458 2124 1642 2177 plurimae
1661 2128 1826 2174 segetes.
1843 2121 1899 2161 ibi
1918 2119 2045 2160 mani-

411 2190 517 2230 festa
545 2195 606 2230 est
634 2189 833 2230 fortitudo
864 2187 991 2229 bovis

169 2251 184 2273 5
203 2248 332 2290 Testis
362 2248 489 2289 fidelis
518 2262 600 2289 non
629 2248 844 2289 mentitur:
928 2248 1083 2300 profert
1112 2251 1250 2285 autem
1279 2243 1535 2284 mendacium
1567 2241 1728 2282 dolosus
1757 2239 1884 2280 testis.

170 2310 185 2331 ⁶
203 2308 356 2357 Quaerit
386 2307 538 2348 derisor
567 2307 822 2361 sapientiam,
855 2311 896 2346 et
927 2319 1009 2346 non
1039 2303 1212 2345 invenit:
1299 2302 1484 2343 doctrina
1514 2299 1776 2354 prudentium
1806 2296 1944 2338 facilis.

170 2368 184 2390 ⁷
202 2367 316 2407 Vade
345 2372 489 2408 contra
516 2366 649 2407 virum
679 2366 864 2413 stultum,
949 2369 990 2405 et
1018 2363 1146 2404 nescit
1173 2362 1282 2403 labia
1310 2360 1547 2415 prudentiae.

171 2430 186 2449 ὅ
203 2426 414 2479 Sapientia
440 2425 575 2467 callidi
593 2430 654 2466 est
676 2424 897 2477 intelligere
926 2423 1035 2463 viani
1063 2435 1197 2463 suam:
1280 2426 1321 2461 et
1347 2418 1623 2473 imprudentia
1650 2415 1868 2457 stultorum
1896 2425 2042 2454 errans.

175 2484 367 2526 ³Stultus
395 2483 539 2525 illudet
567 2490 794 2538 peccatum,
879 2489 919 2523 et
948 2482 1054 2523 inter
1081 2481 1208 2522 iustos
1237 2479 1464 2520 morabitur
1491 2477 1633 2531 gratia.

152 2544 280 2585 10sjor
313 2544 422 2598 quod
454 2543 571 2584 11οὴ1-
603 2542 918 2584 amaritudinem
952 2541 1097 2581 animae
1128 2552 1220 2581 suae.
1308 2538 1348 2578 in
1380 2536 1527 2591 gaudio
1566 2535 1648 2575 eius
1691 2546 1772 2574 non
1814 2530 2047 2571 miscebitur

414 2608 643 2644 extraneus.

152 2665 183 2686 ¹¹
203 2664 361 2704 Domus
390 2661 608 2715 impiorum
637 2660 855 2702 delebitur:
941 2658 1205 2701 tabernacula
1232 2670 1327 2698 vero
1356 2656 1556 2696 iustorum
1585 2650 1882 2706 germinabunt.

153 2723 184 2746 ¹2
204 2721 280 2762 Est
298 2721 377 2769 via,
401 2734 490 2774 quae
508 2721 672 2762 videtur
690 2719 845 2761 homini
862 2719 988 2760 iusta:
1062 2716 1284 2758 novissima
1302 2720 1440 2756 autern
1460 2713 1543 2753 eius
1562 2711 1770 2752 deducunt.
1789 2707 1841 2748 ad
1859 2711 2044 2746 mortem.

154 2783 185 2804 ¹³
207 2781 326 2821 Risus
355 2780 492 2821 dolore
520 2779 767 2827 miscebitur,
852 2783 893 2819 et
922 2783 1106 2818 extrema
1132 2774 1270 2829 gaudii
1298 2774 1431 2814 luctus
1461 2776 1645 2824 occupat.

154 2841 185 2863 ¹⁴
206 2839 289 2880 Viis
318 2839 399 2880 suis
427 2839 650 2892 replebitur
678 2837 841 2886 stultus,
925 2842 966 2877 et
995 2848 1114 2889 super
1143 2848 1235 2875 eum
1265 2833 1340 2874 erit
1368 2831 1430 2872 vir
1460 2831 1599 2871 bonus.

154 2900 184 2922 ¹⁴⁷³
208 2898 406 2939 Innocens
435 2898 564 2939 credit
593 2897 704 2938 omni
732 2896 875 2937 verbo:
960 2899 1122 2935 astutus
1152 2892 1381 2934 considerat
1408 2902 1565 2943 gressus
1594 2900 1697 2927 suos.

205 2957 305 2999 Filio
326 2956 464 2998 doloso
494 2956 594 2997 nihil
623 2956 699 2997 erit
730 2955 844 2996 boni:
941 2966 1055 2995 servo
1103 2958 1241 2993 autem
1271 2948 1444 3003 sapienti
1484 2945 1661 3000 prosperi
1701 2948 1820 2984 erunt
1850 2946 1974 2982 act-us
2009 2944 2050 2980 et

415 3015 610 3069 dirigetur
638 3015 706 3055 via
734 3014 829 3055 eius.

155 3079 189 3100 ¹⁶
205 3076 374 3129 Sapiens
403 3074 534 3123 timet,
572 3079 614 3114 et
642 3073 820 3114 declinat
849 3085 873 3113 a
900 3072 1027 3112 malo:
1111 3070 1261 3111 stultus
1290 3066 1477 3113 transilit,
1509 3070 1550 3105 et
1578 3061 1757 3104 confidit.

154 3137 187 3158 ¹⁷
208 3134 431 3189 Impatiens
461 3132 698 3187 operabitur
725 3131 963 3173 stultitiam:
1047 3135 1087 3170 et
1117 3129 1179 3169 vir
1207 3132 1394 3168 versutus
1423 3123 1584 3165 odiosus
1614 3127 1686 3162 est..

155 3196 189 3219 ¹⁸
206 3193 480 3235 Possidebunt
508 3191 669 3246 parvuli
698 3190 929 3238 stultitiam,
1015 3194 1055 3230 et
1084 3186 1362 3241 expectabunt
1391 3182 1517 3224 astuti
1546 3179 1768 3222 scientiam.

156 3255 188 3276 ¹⁵³
209 3253 407 3293 [acebunt
434 3250 533 3292 mali
561 3255 657 3291 ante
686 3250 832 3291 bonos:
916 3254 956 3289 et
984 3247 1099 3301 impii
1128 3251 1223 3287 ante
1251 3249 1390 3298 portas
1419 3242 1630 3282 iustorum.
1829 3294 1835 3301 ἡ

154 3314 190 3335 2⁰
206 3311 345 3352 Etiam
373 3310 559 3364 proximo
589 3322 660 3349 suo
691 3321 846 3359 pauper
875 3307 1036 3348 odiosus
1066 3305 1160 3346 elit:
1244 3302 1361 3343 amici
1391 3313 1484 3341 vero
1516 3298 1691 3339 divitum
1720 3295 1849 3336 multi.

289 3437 340 3478 14,
364 3437 385 3469 :2
415 3437 490 3470 2101)
517 3437 569 3476 12,
594 3437 623 3469 4.
