2356 3760
281 154 358 195 998
1083 148 1242 182 ΕΥΑΝΗ
1254 148 1325 182 ELl
1336 148 1398 181 [M
1912 150 1964 183 11.
1991 148 2132 189 27—12,
2155 148 2198 181 26

557 245 595 284 4.
625 242 691 283 De
720 242 951 294 potestate
982 241 1082 281 lesu
1112 242 1156 282 et
1187 241 1418 292 baptismo
1450 241 1645 291 loannis,
1674 241 1740 290 11,
1759 241 1932 282 27—33.

77 318 206 364 rum-sit
222 324 270 365 130-
388 314 422 337 “2⁷
447 313 502 353 Et
527 312 692 352 veniunt
722 324 857 351 rursus
888 309 1187 364 lerosolymam.
1215 311 1268 350 Et
1294 324 1385 351 eum
1410 308 1640 351 ambularet
1663 309 1703 350 in
1729 309 1894 363 templo,
1921 312 2122 352 accedunt
2145 311 2196 352 ad

82 354 373 413 ΐυδῐῖιδΙ”’“1“ε’11111
400 372 548 412 ε11111111ἰ
574 371 816 413 sacerdotes.
845 375 885 409 et
910 369 1070 414 Scribze.
1099 374 1138 409 et
1164 368 1357 409 seniores:
1411 371 1446 393 2⁸
1471 374 1511 409 et
1537 368 1679 409 dicunt
1705 369 1757 409 ei:
1789 370 1857 409 alu
1884 382 1965 422 qua
1990 374 2197 422 potestate

282 431 367 471 lucc
391 430 516 471 facis?
544 436 582 470 et
611 429 698 482 quis
725 428 838 468 dedit
864 427 937 468 tibi
964 428 1069 468 hanc
1096 433 1345 481 potestatem
1373 432 1418 467 ut
1445 427 1521 467 ista
1548 426 1698 468 facias?

85 490 263 549 ¹;J,¹=df;i[¹¹¹¹l¹f¹‘
387 492 423 513 '2⁹
456 490 565 529 lesus
597 493 734 527 antem
769 486 1026 539 respondens,
1061 486 1118 526 ait
1149 485 1243 526 illis:
1280 486 1544 537 lnterrogabo
1576 499 1647 525 vos
1678 491 1719 526 et
1749 500 1821 540 ego
1853 500 1979 527 unum
2011 487 2194 532 verbum,

113 532 258 587 timinllss‘*
282 555 321 589 et
350 548 592 601 respondete
622 545 738 585 mihi:
770 550 809 585 et
839 545 971 585 dicam
1003 545 1118 585 vobis
1149 545 1186 585 in
1218 558 1298 598 qua
1326 550 1533 598 potestate
1563 545 1646 585 haec
1676 545 1835 586 faciam.
1893 548 1929 569 ²³0
1959 545 2196 598 Baptismus

283 607 458 648 Ioannis.
492 606 541 646 de
573 603 667 645 eaelo
699 610 798 648 erat,
833 617 884 644 an
916 617 965 643 ex
998 603 1254 645 hominibus?
1291 604 1550 656 Respondete
1583 603 1692 644 mihi.

89 664 260 728 wllffjjffiiw
386 667 414 688 ³³¹
433 665 486 704 At
505 662 560 703 illi
575 663 814 713 cogitabant
832 676 980 706 seeum,
997 662 1195 703 dicentes:
1215 662 1256 703 Si
1270 662 1503 706 dixerimus,
1523 662 1584 702 De
1599 660 1706 706 cado,
1722 662 1841 709 dicet,
1859 663 1993 711 Quare
2008 676 2101 715 ergo
2116 675 2194 704 non

118 719 230 761 mum.
283 723 510 763 credidistis
528 722 587 763 ei?
628 725 659 746 ²³²
678 722 719 761 Si
742 721 975 766 dixerimus,
997 722 1060 761 Ex
1081 721 1324 765 hominihus,
1347 721 1539 761 timemus
1558 719 1769 774 populum.
1791 735 1930 762 omnes
1948 721 2055 761 enim
2074 722 2196 761 habe-

281 782 382 822 bant
411 783 603 822 loannem
629 780 722 834 quia
743 794 834 820 vere
854 781 1052 833 propheta
1075 785 1191 821 esset.
1233 782 1266 804 ³³
1285 780 1339 820 Et
1363 780 1653 832 respondentes
1673 779 1815 820 dicunt
1837 780 1945 820 lesu:
1972 779 2194 822 Nescimus.

74 845 165 868 ¹¹¹'‘¹¹¹⁰
186 838 265 862 ¹⁰⁵⁸*
388 841 441 880 Et
461 840 709 893 respondens
736 840 842 879 lesus
862 839 918 879 ait
939 837 1032 878 illis:
1056 839 1196 892 Neque
1215 852 1287 889 ego
1306 838 1396 879 dico
1412 838 1528 879 vohis
1548 837 1587 878 in
1608 852 1689 891 qua·
1706 844 1913 891 potestate
1931 839 2016 879 haec
2033 838 2195 880 faciam.

92 873 255 903 respondet.

505 944 543 985 5.
574 943 799 984 Parabola
828 943 1138 994 agricolarum
1168 942 1396 983 malorum
1426 942 1715 994 proponitur,
1744 943 1811 994 12,
1829 944 1975 984 1—12.

83 1011 266 1077 ἳζζρζζξζῗίζῇιῗ*
391 1014 450 1057 12.
506 1017 516 1038 1
548 1014 602 1054 Et
628 1013 753 1066 coepit
778 1011 853 1053 illis
878 1012 918 1053 in
944 1011 1148 1066 parabolis
1172 1011 1302 1066 loqui:
1333 1013 1525 1053 bVineam
1550 1012 1777 1067 pastinavit
1802 1014 1936 1059 homo,
1963 1019 2005 1055 et
2028 1013 2197 1055 circum-

253 1067 256 1071 *
281 1074 394 1114 dedit
419 1087 569 1126 sepem,
597 1079 637 1113 et
662 1072 767 1113 fodit
792 1070 938 1117 lacum,
967 1077 1007 1112 et
1032 1072 1252 1113 aedificavit
1278 1071 1434 1121 turrim,
1462 1077 1501 1113 et
1527 1070 1680 1113 locavit
1704 1085 1794 1113 eam
1820 1071 2015 1126 agricolis,
2043 1077 2084 1113 et
2109 1085 2196 1125 per-

280 1146 369 1183 egre
395 1132 602 1185 profectus
628 1136 700 1172 est.
754 1133 769 1154 '2
794 1131 848 1171 Et
875 1130 985 1171 misit
1011 1131 1063 1171 ad
1089 1129 1284 1185 agricolas
1310 1130 1349 1171 in
1376 1136 1559 1184 tempore
1584 1144 1747 1171 servum
1773 1137 1821 1172 ut
1845 1132 1896 1172 ab
1923 1129 2106 1186 agricolis
2133 1144 2196 1171 ae-

279 1191 431 1244 ciperet
449 1191 498 1231 de
516 1191 653 1231 fructu
672 1189 811 1230 vinefe.
857 1192 873 1214 3
892 1189 969 1238 Qui
988 1190 1288 1243 apprehensum
1307 1203 1399 1231 eum
1418 1189 1664 1237 ceciderunt,
1685 1195 1726 1231 et
1743 1190 1986 1231 dimiserunt
2003 1203 2194 1231 vacuum.

278 1252 293 1275 1
317 1250 373 1290 Et
396 1249 545 1290 iterum
570 1249 679 1290 misit
705 1249 757 1289 ad
782 1247 868 1290 illos
894 1247 1019 1289 alium
1043 1262 1225 1289 servum:
1252 1254 1293 1289 et.
1316 1247 1429 1289 illum
1455 1248 1495 1289 in
1520 1248 1654 1302 capite
1679 1247 2012 1294 vulneraverunt.
2038 1253 2079 1289 et
2104 1262 2197 1290 con-

279 1307 456 1350 tumeliis
482 1309 717 1349 affecerunt.
771 1310 785 1332 5
809 1307 864 1348 Et
887 1320 1048 1348 rursum
1072 1306 1197 1348 alium
1222 1307 1345 1353 misit,
1371 1312 1413 1348 et
1436 1306 1549 1348 illum
1575 1307 1829 1349 occiderunt:
1855 1313 1896 1349 et
1919 1306 2052 1361 plures
2077 1306 2194 1349 alios:

281 1368 479 1421 quosdam
516 1368 728 1411 caedentes,
767 1364 865 1408 alios
901 1380 996 1407 vero
1032 1366 1274 1408 occidentes.
1356 1369 1371 1391 ⁶
1405 1366 1551 1408 Adhuc
1586 1380 1679 1420 ergo
1715 1381 1841 1407 unum
1877 1367 2032 1408 habens
2068 1365 2196 1408 filium

279 1426 580 1467 charissimum:
609 1431 650 1466 et
675 1424 788 1466 illum
814 1425 926 1466 misit
952 1426 1004 1466 ad
1029 1438 1095 1467 eos
1122 1426 1402 1473 novissimum,
1432 1425 1587 1466 dicens:
1617 1425 1721 1474 Quia
1746 1426 2043 1466 reverebuntur
2068 1423 2196 1466 filium

278 1499 427 1527 meum.
490 1487 503 1508 ⁷
535 1483 676 1526 Coloni
707 1490 845 1525 autem
878 1484 1071 1525 dixerunt
1102 1485 1154 1525 ad
1184 1484 1378 1525 invicem:
1413 1484 1490 1525 Hic
1521 1489 1583 1525 est
1613 1485 1745 1525 heres:
1780 1485 1928 1530 venite,
1962 1484 2195 1526 occidamus

279 1558 390 1585 eum:
416 1550 457 1584 et
482 1550 621 1585 nostra
645 1543 720 1584 erit
744 1543 960 1584 hereditas.
1017 1545 1031 1567 ὃ
1056 1543 1110 1583 Et
1135 1543 1488 1597 apprehendentes
1513 1557 1617 1588 eum,
1645 1543 1900 1584 occiderunt:
1926 1549 1967 1584 et
1991 1543 2195 1584 eiecerunt

278 1609 395 1644 extra
424 1603 597 1644 vineam.
656 1604 672 1626 ⁹
701 1602 807 1650 Quid
835 1615 927 1656 ergo
954 1601 1078 1642 faciet
1104 1601 1306 1643 Dominus
1335 1602 1487 1643 vineae?
1517 1601 1675 1647 Veniet,
1705 1608 1746 1643 et
1773 1603 1917 1655 perdet
1944 1600 2126 1644 colonos:
2155 1608 2195 1642 et

278 1662 395 1703 dabit
425 1661 586 1702 vineam
618 1660 717 1702 aliis.
776 1663 812 1684 ¹⁰
843 1661 925 1702 Nec
954 1660 1199 1714 scripturam
1230 1661 1335 1702 hanc
1364 1659 1535 1715 legistis:

337 1721 563 1774 eLapidem.
597 1733 718 1773 quem
748 1720 1073 1773 reprobaverunt
1101 1719 1362 1767 aedificantes,
1464 1720 1528 1761 hic
1557 1720 1692 1760 factus
1722 1725 1782 1761 est
1812 1719 1853 1761 in
1883 1726 2009 1774 caput
2038 1717 2193 1774 anguli:

276 1781 309 1804 11
329 1779 365 1820 A
393 1779 571 1821 Domino
601 1780 758 1820 factum
789 1785 850 1820 est
879 1778 1001 1825 istud,
1087 1784 1128 1820 et
1157 1784 1219 1820 est
1248 1777 1432 1820 mirabile
1461 1778 1501 1819 in
1533 1777 1657 1820 oculis
1687 1779 1860 1820 nostris?

382 1841 414 1863 12
435 1839 489 1879 Et
511 1839 749 1892 quaerebant
769 1852 860 1879 eum
882 1843 1037 1878 tenere:
1062 1843 1103 1878 et
1124 1838 1351 1879 timuerunt
1371 1838 1548 1880 turbam.
1572 1843 1851 1891 cognoverunt
1872 1838 1979 1878 enim
2001 1837 2194 1891 quoniam

277 1898 329 1939 ad
359 1911 425 1939 eos
455 1896 694 1951 parabolam
724 1897 829 1938 hanc
859 1896 1019 1938 dixerit.
1052 1897 1108 1937 Et
1136 1895 1277 1939 relicto
1307 1911 1352 1939 eo
1384 1897 1584 1938 abierunt.

689 2001 727 2042 6.
758 2001 822 2042 De
851 2000 1024 2042 tributo
1055 2000 1231 2042 Caesari
1261 2001 1522 2052 pendendo,
1549 2002 1616 2052 12,
1634 2002 1809 2042 13-17.

120 2075 226 2100 ¹30¹0⁸³
384 2075 416 2097 ¹³
440 2073 517 2114 dEt
539 2073 714 2113 mittunt
737 2073 789 2113 ad
811 2086 904 2112 eum
929 2073 1128 2126 quosdam
1151 2085 1200 2112 ex
1221 2071 1447 2117 Pharisaeis,
1473 2077 1514 2113 et
1538 2071 1793 2118 Herodianis‚
1818 2076 1865 2112 ut
1887 2084 1979 2113 cum
2002 2077 2195 2126 caperent

69 2114 259 2142 nm'ffl'gath'
277 2132 318 2173 in
342 2132 478 2173 verbo.
530 2133 562 2156 ¹⁴
587 2131 663 2180 Qui
686 2131 896 2172 venientes
920 2131 1063 2172 dicunt
1085 2131 1138 2171 ei:
1162 2131 1368 2185 Magister,
1393 2131 1541 2172 seimus
1566 2130 1661 2185 quia
1684 2144 1809 2171 verax
1832 2144 1884 2179 es,
1910 2135 1950 2171 et
1973 2144 2054 2172 non
2077 2144 2193 2172 curas

278 2204 546 2244 quemquam:
576 2203 649 2230 nec
677 2190 782 2230 enim
812 2189 924 2230 vides
952 2189 992 2230 in
1020 2189 1165 2230 faciem
1193 2189 1418 2233 hominum.
1448 2190 1518 2230 scd
1545 2190 1585 2230 in
1614 2189 1789 2231 verita-te
1817 2189 1927 2230 viam
1955 2189 2032 2231 Dei
2058 2190 2190 2232 doces,

275 2248 369 2290 licet
400 2249 487 2290 dari
517 2249 719 2290 tributum
750 2248 907 2293 Caesari,
941 2262 992 2289 an
1022 2261 1104 2289 non
1133 2248 1347 2289 dabimus?

92 2308 238 2373 wjsfgffssm
382 2310 413 2332 ¹⁵
431 2308 509 2357 Qui
523 2308 651 2349 sciens
668 2307 891 2348 versutiam
908 2305 1080 2353 illorum,
1100 2307 1158 2347 ait
1173 2305 1268 2347 illis:
1288 2306 1394 2356 Quid
1410 2320 1474 2347 me
1490 2307 1687 2348 tenta-tis?
1705 2307 1847 2348 afferte
1864 2307 1962 2347 mihi
1978 2307 2191 2348 denarium

243 2363 247 2367 ’
276 2373 322 2407 ut
344 2367 519 2408 videam.
571 2369 606 2391 ¹⁶
628 2367 684 2407 At
706 2365 762 2406 illi
785 2364 1015 2407 attulerunt
1038 2366 1084 2408 ei.
1110 2366 1165 2407 Et
1188 2366 1246 2407 ait
1267 2364 1363 2407 illis:
1387 2366 1508 2407 Cuius
1531 2371 1592 2407 est
1614 2367 1748 2420 imago
1770 2366 1867 2412 hrec,
1892 2371 1933 2407 et
1955 2366 2190 2420 inscriptio?

272 2426 427 2467 Dicunt
458 2426 510 2466 ei:
542 2425 720 2467 s'aesaris.
780 2427 813 2449 ¹⁷
845 2426 1112 2478 Respondens
1143 2431 1283 2466 autem
1315 2425 1426 2465 Iesus
1457 2424 1562 2466 dixit
1591 2423 1686 2465 illis:
1724 2425 1919 2466 eReddite
1949 2424 2073 2479 igitur
2103 2438 2193 2478 quae

272 2490 368 2526 sunt
396 2484 574 2531 Caesaris,
604 2484 768 2525 Caesari:
798 2489 838 2525 et
866 2497 956 2539 quae
982 2490 1078 2525 sunt
1105 2484 1193 2531 Dei,
1222 2485 1322 2526 Deo.
1352 2484 1408 2525 Et
1434 2483 1693 2525 mirabantur
1719 2497 1840 2537 super
1865 2497 1924 2525 eo.

676 2589 715 2629 7.
746 2588 811 2628 De
841 2588 1181 2628 resurrectione
1211 2588 1516 2639 mortuorum,
1542 2589 1610 2639 12,
1628 2589 1801 2629 18—27.

101 2662 205 2685 “fl-<¹¹¹³
227 2668 243 2684 ³
383 2661 417 2683 1⁸
459 2659 528 2700 ¹*Et
559 2664 761 2700 venerunt
793 2659 845 2700 ad
876 2672 969 2700 eum
1000 2659 1226 2708 Sadducaei,
1262 2659 1331 2712 qui
1362 2659 1505 2700 dicunt
1536 2658 1871 2700 resurrectionem
1903 2671 1984 2699 non
2015 2671 2118 2699 esse:
2151 2664 2191 2700 et

79 2696 261 2762 ,Tfljlsslsssssffi‘ffi
277 2718 586 2772 interrogabant
609 2731 702 2758 eum
725 2718 924 2758 dieentes:
976 2719 1010 2742 ¹⁹
1031 2717 1237 2771 Magister.
1261 2718 1422 2771 Moyses
1445 2717 1561 2759 nobis
1584 2718 1756 2771 scripsit„
1785 2722 1851 2758 gut
1874 2716 1907 2758 si
1929 2717 2041 2758 cuius
2063 2718 2191 2759 frater

276 2782 462 2819 mortuus
493 2777 628 2822 fuerit,
662 2782 703 2818 et
733 2776 931 2818 dimiserit
962 2790 1143 2824 uxorem,
1177 2782 1217 2817 et
1248 2775 1349 2818 filios
1381 2790 1461 2818 non
1492 2775 1712 2830 reliquerit,
1746 2776 1920 2830 accipiat
1950 2776 2077 2817 frater
2106 2776 2190 2817 eius

276 2849 444 2877 uxorem
475 2835 612 2889 ipsius,
646 2841 687 2876 et
716 2835 931 2877 resuscitet
960 2849 1097 2876 semen
1127 2835 1244 2876 fratri
1276 2849 1360 2877 suo.
1420 2837 1456 2860 2⁰
1484 2836 1651 2889 Septem
1682 2848 1774 2889 ergo
1805 2835 1950 2876 fratres
1982 2840 2117 2876 erant:
2150 2841 2190 2876 et

276 2895 429 2948 primus
454 2894 611 2948 accepit
634 2908 814 2939 uxorem.
840 2900 881 2935 et
902 2899 1089 2936 mortuus
1112 2900 1173 2935 est
1196 2908 1276 2935 non
1298 2892 1439 2935 relicto
1462 2894 1625 2936 semine.
1676 2897 1707 2919 ‘2¹
1731 2894 1785 2935 Et
1808 2894 2009 2936 secundus
2033 2893 2189 2947 accepit

276 2967 377 2998 eam,
397 2959 436 2994 et
454 2960 641 2994 mortuus
659 2959 738 2994 est:
757 2959 797 2994 et
815 2967 887 2994 nec
904 2952 979 2994 iste
996 2951 1160 3007 reliquit
1177 2966 1326 2995 semen.
1346 2953 1401 2994 Et
1418 2953 1564 2994 tertius
1581 2951 1776 2995 similiter.
1822 2954 1854 2977 22
1870 2952 1926 2993 Et
1943 2958 2189 3007 acceperunt

276 3026 365 3053 cam
393 3010 577 3052 similiter
603 3017 779 3066 septem:
807 3017 848 3053 et
874 3026 955 3053 non
981 3009 1233 3065 reliquerunt
1260 3025 1408 3053 semen.
1439 3012 1670 3053 Novissima
1697 3011 1880 3052 omnium
1906 3012 2103 3052 defuncta·
2128 3017 2188 3052 est

276 3076 317 3111 et
347 3069 501 3112 mulier.
562 3073 594 3095 23
628 3071 674 3111 111
706 3070 998 3112 resurrectione
1030 3084 1122 3124 ergo
1155 3084 1246 3112 cum
1279 3070 1583 3113 resurrexerint.
1633 3070 1746 3111 cuius
1777 3071 1828 3112 de
1858 3069 1919 3111 his
1951 3070 2028 3111 erit
2060 3070 2186 3112 uxor?

277 3135 432 3182 septem
464 3130 570 3170 enim
601 3130 835 3171 habuerunt
864 3143 954 3170 eam
987 3142 1165 3171 uxorem.

108 3191 229 3251 dffjsslssn
382 3190 413 3212 ²¹
436 3187 490 3228 Et
521 3189 767 3241 respondens
800 3188 922 3237 Iesus,
956 3188 1012 3229 ait
1043 3186 1137 3228 illis:
1172 3189 1318 3229 Nonne
1347 3187 1437 3229 ideo
1460 3187 1617 3232 erratis,
1642 3201 1723 3229 non
1746 3188 1918 3229 scientes
1940 3187 2184 3241 Scripturas,

141 3247 143 3249 ’
230 3243 240 3250 ”
278 3259 408 3299 neque
438 3247 637 3288 virtutem
666 3247 767 3287 Dei?
820 3249 854 3272 25
877 3248 979 3288 Cum
1002 3247 1108 3288 enim
1132 3260 1153 3287 a
1176 3246 1348 3287 mortuis
1379 3246 1683 3292 resurrexerint,
1708 3260 1839 3300 neque
1861 3247 2030 3291 nubent.
2054 3259 2186 3301 neque

279 3305 496 3348 nubentur,
534 3306 602 3347 sed
637 3311 734 3346 sunt
766 3306 871 3347 sieut
900 3304 1031 3356 angeli
1058 3305 1098 3346 in
1129 3304 1244 3346 caelis.
1301 3306 1337 3329 '2⁶
1364 3305 1426 3345 De
1454 3305 1625 3347 mortuis
1655 3312 1792 3346 autem
1823 3305 1932 3358 quod
1960 3311 2184 3359 resurgant.

411 3398 452 3430 215*
471 3397 535 3429 ³Le
559 3398 610 3434 20,
635 3399 663 3431 2.
690 3419 727 3421 —
750 3398 800 3439 12,
826 3400 842 3431 1
869 3398 922 3431 bls
945 3399 975 3437 Γ),
1004 3400 1034 3433 1:
1063 3398 1096 3430 lr
1117 3399 1147 3435 2,
1171 3399 1227 3434 21:
1252 3398 1303 3431 Mt
1326 3398 1378 3432 21.
1401 3398 1458 3433 33:
1484 3398 1528 3431 Le
1552 3398 1604 3432 20,
1629 3398 1659 3431 9.
1682 3419 1723 3421 ἡ
1747 3399 1785 3431 ll!
1807 3398 1866 3430 cPs
1892 3398 1966 3437 117,
1992 3398 2048 3435 22:
2077 3398 2108 3431 Is
2133 3398 2186 3433 28.

278 3442 335 3483 16;
362 3443 413 3476 Mt
435 3444 487 3476 21.
511 3444 567 3477 42:
602 3445 667 3477 Act
690 3445 719 3483 4,
745 3447 799 3479 11:
837 3445 922 3477 Hom
946 3445 976 3480 9,
999 3446 1056 3480 33:
1092 3446 1103 3477 1
1133 3445 1194 3478 Ptr
1215 3446 1245 3478 2.
1269 3446 1298 3478 7.
1325 3466 1366 3468 —
1391 3445 1433 3478 13
1453 3445 1525 3477 (¹)st
1548 3446 1600 3485 22,
1625 3445 1680 3485 15;
1718 3444 1763 3478 Lc
1788 3445 1840 3483 20,
1866 3444 1917 3477 20.
1946 3465 1985 3468 ἡ
2010 3446 2052 3478 15'
2079 3444 2185 3477 oRom

279 3491 331 3530 13,
359 3491 387 3524 7.
416 3511 456 3514 ἡ*
481 3492 522 3524 18
556 3491 618 3523 {Mt
645 3492 697 3530 22,
724 3493 781 3531 23;
810 3492 853 3525 Le
880 3492 932 3532 207
960 3493 1010 3526 Ξῖ.
1040 3513 1079 3515 ῌ
1105 3493 1146 3525 19
1173 3492 1241 3526 ssDt
1265 3493 1318 3532 25,
1343 3492 1375 3525 5.
