2356 3760
283 230 359 270 678
1096 227 1118 258 9
1127 226 1251 260 110911
1260 226 1364 260 sris
1947 229 1997 260 11.
2024 227 2142 267 443,
2168 238 2188 260 s

298 326 312 347 ⁴
333 323 402 363 sed
428 322 622 363 iudicabit
652 322 690 362 in
717 321 870 361 iustitia
898 334 1107 373 pauperes.
1187 325 1228 361 et
1253 324 1395 370 arguet
1419 320 1459 360 in
1485 320 1680 373 aequitate
1707 333 1777 373 pro
1803 322 2026 362 mansuetis
2052 327 2186 362 terrae:

332 386 373 422 et
408 382 604 435 percutiet
646 387 793 421 terram
832 380 945 431 virga
980 378 1057 419 oris
1093 379 1165 424 sui,
1261 384 1319 420 aet
1355 379 1500 432 spiritu
1536 379 1736 420 labiorum
1772 392 1936 420 suorum
1974 379 2187 421 interficiet

543 453 724 492 impium.

297 499 388 540 ⁵Et
423 499 493 539 erit
534 498 688 539 iustitia
725 497 929 550 cingulum
966 496 1197 538 lumborum
1234 497 1336 537 eius:
1426 502 1467 538 et
1502 497 1600 538 fides
1635 496 1876 538 cinctorium
1912 510 2054 537 renum
2090 498 2186 539 eius.

296 560 312 582 ⁶
335 558 576 598 bHabital)it
605 557 722 609 lupus
751 569 841 597 cum
873 569 995 607 agno:
1077 561 1117 597 et
1145 557 1296 610 pardus
1325 569 1417 596 cum
1445 555 1566 597 hoedo
1596 555 1831 597 accubabit:

333 617 485 657 vitulus
514 622 555 656 et
582 616 654 660 leo,
686 620 725 655 et
755 615 840 655 ovis
869 615 987 655 simul
1016 616 1299 660 morabuntur,
1382 620 1423 656 et
1453 627 1550 668 puer
1577 615 1771 668 parvulus
1800 614 1973 655 minabit
2003 629 2080 655 eos.

297 678 310 699 ⁷
331 675 505 719 Vitulus,
536 680 576 715 et
607 688 720 715 ursus
752 680 985 727 pascentur:
1067 674 1185 715 simul
1214 674 1469 727 requiescent
1496 673 1620 714 catuli
1649 687 1806 715 eorum:

331 740 372 775 et
401 734 461 775 leo
493 734 607 787 quasi
639 734 709 774 bos
740 734 926 774 comedet
954 733 1102 787 paleas.

296 796 311 816 ⁸
331 793 384 833 Et
413 793 687 834 delectabitur
712 792 842 833 infans
870 793 921 833 ab
949 793 1070 833 ubere
1096 805 1217 845 super
1242 791 1439 832 foramine
1466 791 1635 845 aspidis:
1716 798 1757 833 et
1782 792 1821 831 in
1849 804 2025 832 caverna
2050 791 2184 845 reguli.

542 853 609 905 (1111
640 852 872 893 ablactatus
902 851 1035 895 fuerit.
1067 864 1235 891 manum
1266 864 1380 892 suam
1412 851 1562 891 mittet.

295 914 311 936 ⁹
332 912 423 952 Non
451 912 669 955 nocebunt,
700 917 739 951 et
770 924 848 951 non
877 910 1063 951 occident
1143 910 1181 950 in
1211 910 1399 951 universo
1427 914 1566 950 monte
1594 914 1735 951 sancto
1763 923 1872 950 meo:

332 971 427 1024 quia
455 970 608 1024 repleta
635 976 695 1010 est
724 976 828 1010 terra
857 969 1024 1010 scientia
1054 969 1230 1014 Domini,
1312 969 1418 1010 sicut
1445 982 1562 1022 aquae
1589 968 1710 1009 maris
1738 969 1976 1022 operientes.

279 1031 315 1054 ¹⁰
337 1030 402 1070 ι·111
431 1030 493 1070 (119
520 1029 588 1070 illa
613 1029 729 1070 radix
762 1029 875 1077 lesse,
958 1029 1026 1082 qui
1052 1033 1135 1069 stat
1163 1028 1203 1068 in
1230 1028 1389 1081 signum
1416 1027 1674 1082 populorum,

332 1089 461 1142 ipsum
491 1094 630 1141 gentes
660 1087 1000 1140 deprecabuntur.
1084 1093 1123 1128 et
1152 1087 1228 1128 erit
1254 1087 1514 1141 sepulchrum
1543 1086 1626 1128 eius
1653 1086 1884 1140 gloriosum.

101 1184 241 1244 Jiissufffffs
385 1185 411 1206 ¹¹
437 1182 490 1222 Et
514 1182 590 1222 erit.
612 1181 651 1222 in
676 1181 738 1222 die
761 1180 846 1221 illa:
871 1180 1046 1222 Adiiciet
1068 1180 1268 1221 Dominus
1291 1181 1469 1222 secundo
1492 1194 1661 1221 manum
1684 1194 1799 1221 suam
1823 1181 1876 1221 ad
1898 1180 2189 1234 possidendum

125 1226 218 1283 islae'i.
276 1241 482 1281 residuum
514 1240 652 1294 populi
682 1240 755 1285 sui,
788 1240 897 1294 quod
926 1239 1178 1293 relinquetur
1206 1240 1258 1280 ab
1287 1239 1474 1293 Assyriis,
1506 1245 1548 1280 et
1576 1240 1628 1281 ab
1658 1240 1849 1294 AEgypto,
1882 1245 1922 1281 et
1952 1253 1975 1280 a
2003 1239 2189 1288 Phetros‚

276 1307 316 1341 et
345 1301 396 1341 ab
425 1300 646 1353 AEthiopia,
676 1304 717 1340 et
745 1300 796 1340 ab
825 1299 968 1343 AElam.
999 1304 1040 1340 et
1067 1312 1092 1339 a
1117 1299 1311 1348 Sennaar,
1341 1304 1382 1340 et
1410 1299 1461 1339 ab
1489 1299 1655 1349 Emath‚
1686 1304 1727 1340 et
1754 1299 1805 1340 ab
1833 1298 1972 1340 insulis
2000 1298 2134 1340 maris.

277 1361 308 1384 ¹²
329 1359 385 1400 Et
415 1359 570 1400 levabit
600 1359 760 1409 signum
792 1359 832 1399 in
864 1358 1061 1407 nationes,
1148 1363 1189 1399 et
1219 1357 1483 1412 congregabit
1512 1359 1704 1412 profugos
1737 1357 1872 1403 Israel,

330 1424 370 1459 et
400 1419 600 1472 dispersos
632 1418 736 1458 luda
765 1417 925 1469 colliget
1007 1431 1031 1458 a
1060 1422 1258 1471 quattuor
1286 1417 1414 1471 plagis
1445 1422 1572 1458 terrae.

278 1480 308 1503 ¹³
329 1478 384 1518 Et
414 1478 622 1518 auferetur
651 1476 757 1518 zelus
788 1476 997 1530 Ephraim,
1082 1482 1123 1517 et
1151 1476 1288 1518 hostes
1321 1477 1425 1517 Iuda
1453 1477 1664 1530 peribunt:

329 1537 526 1590 Ephraim
556 1550 637 1577 non
667 1535 928 1577 annulabitur
958 1535 1116 1580 Iudam,
1201 1540 1241 1576 et
1273 1535 1395 1576 Iudas
1426 1548 1507 1576 non
1537 1535 1739 1589 pugnabit
1768 1541 1912 1576 contra
1940 1534 2151 1588 Ephraim.

278 1598 309 1620 ¹⁴
330 1596 383 1636 Et
403 1595 601 1636 volabunt
619 1595 659 1635 in
676 1595 864 1635 humeros
883 1594 1128 1634 philisthiim
1146 1608 1217 1647 per
1233 1608 1355 1641 mare,
1427 1594 1546 1635 simul
1562 1595 1859 1647 praedabuntur
1875 1593 1976 1635 filios
1993 1593 2190 1634 Orientis:

332 1655 513 1695 Idumaea
539 1660 577 1695 et
604 1654 726 1695 Moab
750 1660 1002 1707 praeceptum
1027 1666 1173 1694 manus
1199 1666 1351 1701 eorum,
1432 1658 1473 1693 et
1497 1653 1567 1693 filii
1592 1653 1770 1694 Ammon
1796 1653 2032 1694 obedientes
2058 1658 2188 1693 erunt.

277 1716 309 1738 ¹5
329 1714 385 1754 Et
411 1713 610 1759 desolabit
638 1713 839 1753 Dominus
864 1712 1046 1766 linguam
1072 1711 1195 1753 maris
1222 1711 1403 1765 AEgypti,
1485 1717 1526 1752 et
1550 1711 1707 1753 levabit
1732 1726 1901 1753 manum
1929 1725 2044 1752 suam
2071 1725 2191 1765 super

538 1772 689 1813 flumen
719 1771 759 1812 in
789 1771 1032 1812 fortitudine
1061 1771 1227 1825 spiritus
1257 1771 1336 1812 sui:

329 1837 370 1873 et
399 1831 601 1886 percutiet
629 1845 721 1872 eum
751 1831 793 1872 in
822 1836 979 1884 septem
1008 1830 1116 1879 rivis,
1201 1830 1261 1871 ita
1290 1835 1336 1871 ut
1366 1835 1579 1871 transeant
1607 1844 1678 1884 per
1708 1844 1800 1871 eum
1831 1830 2011 1871 calc-eati.

278 1893 313 1916 ¹⁶
330 1891 385 1932 Et
415 1891 491 1932 erit
520 1891 588 1931 via
615 1890 775 1931 residuo
806 1889 956 1943 populo
986 1902 1089 1939 meo,
1175 1889 1243 1943 qui
1273 1889 1525 1943 relinquetur
1553 1889 1605 1930 ab
1634 1889 1828 1943 Assyriis:

330 1950 436 1991 sicut
464 1950 543 1991 fuit
574 1949 710 1990 Israeli
740 1949 781 1990 in
812 1949 875 1989 die
905 1948 983 1998 illa,
1070 1962 1152 2003 qua
1180 1949 1364 1990 ascendit
1393 1949 1442 1989 de
1473 1948 1596 1989 Terra
1624 1948 1805 2002 [Egypti.

383 2056 447 2100 12.
504 2058 517 2080 1
547 2056 602 2097 Et
631 2056 738 2096 dices
767 2055 808 2095 in
839 2055 902 2095 die
931 2054 1017 2095 illa:

85 2126 260 2186 fflvfjfflffln
332 2128 566 2169 Confitebor
595 2127 670 2168 tibi
699 2126 886 2170 Domine.
972 2126 1166 2179 quoniam
1195 2125 1323 2166 iratus
1353 2138 1394 2166 es
1422 2125 1541 2167 mihi:

130 2203 215 2221 fluum
332 2200 550 2227 conversus
581 2192 640 2227 est
670 2186 782 2226 furor
810 2190 918 2229 tuus,
1003 2190 1044 2225 et
1073 2184 1306 2225 consolatus
1336 2197 1376 2224 es
1406 2198 1482 2226 me.

89 2232 257 2257 ¹²⁵⁰d³b¹¹¹¹t'
297 2248 311 2270 ‘³
332 2246 436 2286 Ecce
466 2246 576 2286 Deus
606 2245 788 2286 salvator
816 2257 941 2293 meus,
1026 2243 1269 2284 fiducialiter
1299 2256 1429 2297 agam,
1461 2249 1503 2284 et
1532 2257 1612 2284 non
1642 2243 1815 2284 timebo:

334 2305 452 2358 dquia
480 2304 680 2345 fortitudo
711 2317 812 2350 mea,
854 2308 895 2344 et
931 2302 1019 2343 laus
1049 2316 1140 2343 mea
1168 2302 1382 2351 Dominus,
1482 2308 1523 2343 et
1551 2302 1684 2343 factus
1715 2308 1776 2343 est
1805 2302 1904 2343 mihi
1933 2303 1974 2344 in
2004 2303 2190 2346 salutem.

296 2368 311 2389 ³
334 2364 540 2405 Haurietis
568 2377 695 2417 aquas
722 2363 762 2403 in
788 2362 937 2416 gaudio
964 2362 1014 2402 de
1039 2361 1223 2403 fontibus
1250 2361 1484 2403 salvatoris:
1565 2363 1580 2386 ‘¹
1606 2367 1647 2402 et
1674 2361 1815 2403 dicetis
1842 2361 1882 2402 in
1910 2362 1973 2403 die
2000 2362 2085 2403 illa:

333 2423 591 2464 Confitemini
622 2422 810 2469 Domino,
895 2426 935 2462 et
965 2421 1154 2462 invocate
1184 2434 1332 2462 nomen
1362 2421 1465 2461 eius:

334 2488 452 2523 notas
478 2482 601 2523 facite
628 2482 667 2522 in
694 2481 854 2535 populis
882 2480 1192 2521 adinventiones
1220 2480 1322 2520 eius:
1403 2484 1653 2521 mementote
1682 2480 1875 2533 quoniam
1902 2480 2106 2522 excelsum
2132 2487 2192 2522 est

544 2554 691 2583 nomen
722 2541 817 2582 eius,

298 2603 313 2626 5
334 2603 508 2642 Cantate
536 2600 713 2642 Domino
745 2599 937 2653 quoniam
966 2599 1179 2652 magnifice
1207 2599 1322 2640 fecit:
1406 2597 1652 2639 annunciate
1681 2598 1757 2639 hoc
1784 2598 1826 2639 in
1855 2598 2045 2640 universa
2072 2604 2190 2641 terra.

300 2662 314 2684 ‘⁵
335 2660 500 2705 Exulta,
535 2666 573 2700 et
606 2659 730 2701 lauda
760 2658 963 2699 habitatio
995 2658 1110 2699 Sion:
1197 2657 1293 2712 quia
1323 2671 1495 2711 magnus
1527 2658 1568 2698 in
1599 2657 1732 2698 medio
1766 2657 1825 2698 tui
1858 2662 2022 2699 sanctus
2057 2658 2190 2699 Israel.

413 2779 482 2828 ΙΙ.
524 2776 818 2828 Vaticinia
856 2776 1059 2827 contra
1097 2777 1303 2842 gentes
1344 2775 1628 2841 singulas,
1668 2775 1743 2836 13,
1771 2774 1954 2835 1—23‚
1985 2775 2062 2831 18.

707 2875 746 2914 1.
778 2874 842 2915 De
871 2873 1132 2915 vastatione
1163 2874 1423 2925 Babylonis,
1452 2874 1518 2924 13,
1538 2873 1769 2924 1—14‚23.

101 2948 259 2977 '¹¹³⁴'¹³¹'¹i02
391 2947 450 2990 123.
508 2950 517 2971 ¹
550 2948 662 2987 Onus
694 2946 928 3000 Babylonis.
962 2946 1072 2999 quod
1102 2946 1206 2986 vidit
1238 2946 1363 2986 isaias
1392 2945 1496 2986 filius
1527 2945 1663 2986 Amos.

115 3017 248 3041 ¹’⁴'¹¹¹³¹¹'¹*
303 3020 316 3040 '-'
336 3018 465 3069 Super
493 3023 673 3058 montem
703 3016 967 3070 caliginosum
995 3017 1129 3057 levate
1157 3017 1329 3067 signum,
1412 3016 1592 3057 exaltate
1621 3029 1774 3059 vocem,

99 3053 262 3127 ιηῖἶῖἶ-Ιξὲιῖιω
339 3075 469 3116 levate
497 3090 677 3125 manum,
708 3081 748 3117 et
776 3076 1056 3129 ingrediantur
1138 3081 1273 3129 portas
1302 3076 1436 3117 duces,

107 3125 255 3153 ‘'¹‘³'³''¹¹'¹⁴*¹'
303 3138 318 3157 ³⁵
343 3135 423 3182 ngro
456 3136 645 3175 mandavi
729 3135 993 3176 sanctificatis
1024 3135 1133 3179 meis,

338 3200 377 3233 et
409 3194 549 3233 vocavi
582 3195 704 3234 fortes
734 3208 844 3235 meos
875 3195 911 3235 in
944 3195 1003 3235 ira
1031 3208 1133 3238 mea.
1218 3194 1450 3235 exultantes
1479 3194 1519 3234 in
1549 3194 1676 3247 gloria
1704 3206 1805 3234 mea.

303 3254 317 3275 ‘¹
338 3252 427 3291 Vox
459 3252 730 3293 multitudinis
761 3254 799 3294 in
831 3254 1051 3299 montibus,
1138 3254 1251 3307 quasi
1285 3254 1524 3307 populorum
1555 3253 1849 3306 frequentium:

340 3324 419 3350 vox
449 3312 603 3351 sonitus
638 3326 784 3358 remim.
868 3313 1048 3365 gentium
1081 3319 1436 3363 congregatarum:

338 3370 537 3409 Dominus·
569 3372 817 3411 exercituum
848 3372 1039 3425 prawepit
1124 3371 1276 3411 militiae
1307 3372 1409 3415 belli.

303 3430 318 3453 ⁵
338 3429 596 3469 venientibus
626 3430 673 3469 (19
703 3437 805 3470 terra
835 3431 986 3483 procul,
1070 3445 1090 3471 a
1120 3431 1357 3471 summitate
1386 3431 1487 3471 ezeli:

338 3488 550 3529 Dominus.
583 3495 620 3527 et
655 3502 746 3528 vasa
781 3490 921 3529 furoris
951 3491 1046 3533 cius,
1131 3496 1176 3530 ut
1205 3490 1408 3542 disperdat
1443 3503 1604 3529 omnem
1637 3494 1796 3529 terram.

418 3581 438 3614 4
457 3583 494 3614 ³2
515 3581 601 3614 'l'lws
621 3584 651 3615 2.
671 3586 700 3614 N.
733 3603 736 3604 ν
794 3584 813 3612 ‘1'
839 3582 912 3614 l‘lnt'
937 3584 988 3616 155.
1016 3585 1066 3616 25.
1095 3604 1134 3607 --—
1165 3583 1327 3616 lll1'llom
1353 3584 1400 3615 15.
1432 3585 1477 3615 12.
1574 3582 1624 3623 12,
1649 3582 1669 3615 :2
1692 3582 1766 3615 dEx
1795 3583 1843 3621 123,
1872 3584 1906 3619 ’.ἐς
1937 3582 1978 3614 Ps
2009 3583 2081 3621 111,
2110 3582 2160 3614 14.
