2356 3760
138 127 190 167 11,
218 127 337 166 1-11,
364 125 406 159 30
989 124 1185 157 GENESIS
2012 134 2036 169 ¹.)

687 218 724 256 2.
755 216 990 267 Dispersio
1020 217 1243 268 gentium,
1271 217 1336 267 11,
1357 218 1481 257 1—9.

243 296 303 338 11.
359 299 371 320 1
405 295 507 335 Erat
540 298 678 333 autem
712 297 818 332 terra
852 293 948 333 labii
982 293 1111 341 unius,
1148 297 1188 333 et
1221 305 1451 333 sermonum
1487 295 1718 336 eorundem.
1780 300 1795 321 2
1834 299 2032 353 aCuriique

135 354 485 408 proficiscerentur
509 352 558 392 de
583 351 747 399 oriente,
775 351 1019 392 invenerunt
1044 365 1235 405 campum
1260 352 1299 392 in
1326 356 1430 392 terra
1457 352 1648 398 Sennaar,
1676 359 1717 394 et
1741 355 2034 398 habitaverunt

134 413 174 453 in
197 428 254 454 eo.
304 415 319 437 3
339 411 537 464 Dixitque
559 409 661 450 alter
682 411 734 451 ad
755 411 987 463 proximum
1010 424 1146 450 suum:
1170 410 1326 456 Venite,
1350 411 1547 451 faciamus
1569 411 1725 462 lateres,
1751 418 1792 453 et
1813 427 2034 467 coquamus

135 485 200 512 eos
220 471 313 525 igni.
338 470 664 522 Habueruntque
685 468 829 509 lateres
850 482 923 522 pro
944 469 1063 515 saxis,
1087 474 1128 509 et.
1149 469 1333 509 bitumen
1362 482 1434 523 pro
1464 476 1679 511 caenwnto:
1728 474 1742 496 ‘²
1763 477 1804 513 et
1825 473 2033 514 dixerunt:

135 530 289 578 Venite,
317 529 514 570 faciamus
541 528 656 568 nobis
683 528 895 568 civitatem
921 532 962 568 et
988 528 1144 571 turrim.
1173 528 1285 569 cuius
1312 528 1471 569 culmen
1496 530 1704 583 pertingat
1730 531 1782 571 ad
1808 531 1967 572 caelum:
1995 538 2036 573 et

133 588 378 629 celebremus
404 600 552 628 nomen
578 591 762 627 nostrum
789 591 1011 640 antequam
1038 586 1271 627 dividamur
1296 587 1335 627 in
1362 587 1569 628 universas
1595 592 1734 630 terras.

237 648 251 671 ⁵
273 646 494 688 Descendit
517 650 655 686 autem
677 645 877 686 Dominus
900 650 947 686 ut
969 645 1126 686 videret
1148 645 1359 686 civitatem
1382 650 1423 686 et
1445 647 1601 691 turrim,
1628 661 1751 701 quam
1774 649 2036 690 aedificabant

135 705 204 745 filii
233 706 379 755 Adam,
440 707 455 729 ⁶
484 710 525 745 et
553 704 675 745 dixit:
715 704 831 752 Ecce,
871 717 974 745 unus
1004 708 1065 744 est
1093 704 1279 758 populus,
1312 709 1353 745 et
1382 717 1508 745 unum
1536 705 1691 747 labium
1722 708 1927 748 omnibus:
1960 721 2037 749 coe-

131 768 361 818 peruntque
378 764 454 805 hoc
469 764 613 812 facere,
633 776 705 803 nec
723 763 921 804 desistent
938 776 962 803 a
978 763 1294 816 cogitationibus
1311 763 1405 811 suis,
1425 763 1553 804 donec
1571 777 1636 805 eas
1654 778 1773 818 opere
1791 766 2034 819 compleant.

134 823 148 845 ⁷
176 823 321 863 Venite
348 822 482 876 igitur,
512 822 817 871 descendamus,
848 826 889 862 et
916 822 1214 862 confundamus
1242 822 1298 863 ibi
1323 821 1503 875 linguam
1533 836 1683 871 eorum,
1713 829 1760 865 ut
1787 838 1868 865 non
1896 826 2038 866 audiat

132 881 410 936 unusquisque
437 894 579 923 vocem
606 880 781 934 proximi
807 880 879 921 sui.
938 882 953 904 8
979 880 1115 934 Atque
1142 881 1202 921 ita
1228 881 1368 922 divisit
1394 894 1459 922 eos
1487 882 1687 923 Dominus
1715 897 1764 924 ex
1790 883 1856 924 illo
1882 883 1969 925 loco
1996 885 2035 925 in

131 940 339 981 universas
372 944 512 990 terras,
547 944 588 981 et
620 944 882 980 cessaverunt
913 939 1114 980 aedificare
1147 939 1370 981 civitatem.
1435 942 1449 964 ⁹
1482 940 1537 981 Et
1569 941 1716 982 idcireo
1749 946 1942 984 vocatum
1977 948 2038 984 est

130 1012 279 1040 nomen
304 999 387 1040 eius
413 998 552 1048 Babel,
580 999 676 1053 quia
698 998 753 1039 ibi
779 998 993 1039 confusum
1019 1002 1080 1039 est
1102 997 1257 1039 labium
1283 999 1481 1040 universae
1505 1004 1639 1041 terrae:
1666 1004 1707 1041 et
1730 1000 1823 1042 inde
1848 1001 2038 1056 dispersit

130 1071 196 1099 eos
225 1058 425 1099 Dominus
454 1071 574 1112 super
602 1058 746 1098 faciem
777 1062 1017 1098 cunctarum
1046 1058 1265 1111 regionum.

543 1173 606 1226 V.
646 1173 1066 1224 Generationes
1105 1173 1250 1232 Sem,
1290 1174 1359 1236 11,
1397 1173 1635 1227 10-26,

235 1269 270 1291 ¹⁰
299 1266 374 1308 Hae
402 1271 499 1307 sunt
526 1267 805 1320 generationes
835 1266 946 1307 Sem:

238 1325 351 1366 bSem
375 1330 463 1366 erat
487 1329 652 1367 centum
677 1338 875 1366 annorum
903 1325 1066 1378 quando
1090 1325 1232 1378 genuit
1255 1325 1491 1379 Arphaxad,
1519 1327 1679 1368 biennio
1704 1331 1799 1380 post
1822 1326 2033 1368 diluvium.

129 1386 159 1408 ¹¹
188 1383 382 1438 Vixitque
409 1385 501 1425 Sem
529 1389 749 1437 postquam
776 1384 917 1433 genuit
943 1383 1179 1437 Arphaxad‚
1210 1384 1441 1438 quingentis
1470 1386 1603 1426 annis:
1632 1390 1673 1427 et
1699 1386 1840 1439 genuit
1868 1385 1969 1427 filios
1997 1391 2038 1427 et

132 1442 244 1485 filias.

234 1504 264 1526 ¹²
291 1503 416 1542 Porro
443 1502 667 1555 Arphaxad
695 1502 800 1542 vixit
827 1501 995 1555 triginta
1024 1502 1203 1555 quinque
1232 1503 1358 1552 annis,
1389 1508 1430 1544 et
1456 1504 1597 1558 genuit
1623 1503 1725 1546 Sale.
1782 1506 1814 1528 ¹3
1841 1504 2035 1558 Vixitque

128 1560 351 1614 Arphaxad
380 1565 601 1615 postquam
629 1561 771 1615 genuit
798 1560 900 1609 Sale,
931 1561 1122 1601 trecentis
1151 1561 1281 1602 tribus
1312 1563 1446 1602 annis:
1477 1568 1518 1604 et
1545 1563 1686 1617 genuit
1717 1563 1818 1604 filios
1847 1568 1888 1604 et
1919 1563 2032 1605 filias.

232 1622 264 1645 ¹¹
282 1619 371 1661 Sale
391 1633 552 1674 quoque
571 1620 676 1660 vixit
693 1620 864 1673 triginta
881 1619 1009 1662 annis.
1030 1624 1071 1660 et
1088 1620 1229 1673 genuit
1248 1620 1395 1663 Heber.
1443 1624 1473 1646 ¹⁴³
1492 1622 1686 1676 Vixitque
1704 1622 1794 1663 Sale
1813 1626 2033 1676 postquam

126 1679 267 1732 genuit
293 1679 439 1728 Heber,
468 1679 774 1733 quadringentis
800 1679 930 1720 tribus
956 1678 1090 1719 annis:
1117 1683 1158 1719 et
1180 1680 1322 1733 genuit
1349 1680 1449 1721 filios
1475 1686 1517 1722 et
1544 1681 1656 1723 filias.

231 1740 266 1762 ¹⁶
294 1738 407 1778 Vixit
430 1744 568 1779 autem
593 1737 730 1779 Heber
757 1738 926 1791 triginta
955 1742 1152 1792 quattuor
1180 1739 1307 1785 annis,
1338 1744 1379 1780 et
1405 1741 1546 1793 genuit
1569 1740 1732 1794 Phaleg.
1784 1742 1816 1765 ¹⁷
1846 1740 1902 1781 Et
1930 1740 2035 1781 vixit

127 1796 263 1838 Heber
292 1802 513 1851 postquam
543 1797 685 1851 genuit
714 1797 877 1850 Phaleg,
912 1797 1218 1851 quadringentis
1251 1798 1419 1852 triginta
1450 1800 1584 1840 annis:
1617 1805 1658 1841 et
1687 1800 1828 1853 genuit
1861 1799 1961 1841 filios
1993 1805 2035 1841 et

127 1855 240 1897 filias.

230 1917 264 1939 ¹⁸
294 1915 407 1956 Vixit
438 1928 599 1969 quoque
629 1915 780 1967 Phaleg
810 1916 979 1969 triginta
1008 1915 1136 1963 annis,
1169 1920 1210 1956 et
1238 1917 1378 1969 genuit
1410 1918 1509 1958 Reu.
1569 1920 1603 1942 ¹⁹
1641 1918 1850 1971 CVixitque
1880 1919 2032 1972 Phaleg

124 1979 344 2028 postquam
369 1974 511 2028 genuit
537 1975 637 2021 Reu,
666 1974 851 2015 ducentis
877 1987 1025 2015 novem
1052 1974 1179 2021 annis,
1208 1979 1249 2015 et
1272 1975 1414 2028 genuit
1442 1975 1543 2017 filios
1569 1981 1610 2018 et
1638 1976 1751 2019 filias,

229 2035 265 2057 20
290 2033 403 2073 Vixit
429 2037 567 2073 autem
595 2033 683 2073 Reu
710 2033 878 2086 triginta
904 2033 1063 2073 duobus
1090 2033 1217 2079 annis,
1246 2038 1287 2074 et
1311 2035 1452 2087 genuit
1477 2035 1616 2089 Sarug.
1671 2038 1701 2060 2¹
1730 2036 1843 2077 Vixit
1869 2050 2030 2090 quoque

124 2091 212 2132 Reu
239 2095 460 2145 postquam
485 2091 627 2145 genuit
652 2091 791 2144 Sarug,
820 2092 1005 2132 ducentis
1032 2095 1188 2145 septem
1215 2092 1349 2132 annis:
1378 2097 1419 2133 et
1443 2094 1585 2147 genuit
1613 2094 1713 2135 filios
1741 2099 1782 2135 et
1810 2094 1922 2137 filias.

227 2152 259 2174 22
283 2150 397 2191 Vixit
420 2163 515 2191 vero
539 2150 668 2203 Sarug
691 2150 860 2203 triginta
884 2150 1012 2199 annis,
1038 2154 1079 2190 et
1101 2151 1243 2203 genuit
1268 2151 1440 2193 Nachor.
1493 2155 1525 2177 ²3
1548 2153 1743 2208 Vixitque
1767 2155 1895 2208 Sarug
1919 2159 2029 2208 post-

124 2222 246 2262 quam
271 2209 412 2263 genuit
436 2208 609 2253 Nachor,
636 2209 822 2249 ducentis
847 2209 981 2249 annis:
1007 2213 1048 2249 et
1071 2209 1212 2262 genuit
1238 2210 1339 2251 filios
1365 2216 1405 2251 et
1431 2211 1545 2253 filias.

226 2270 259 2293 ²4
291 2268 405 2309 Vixit
436 2272 574 2309 autem
609 2268 772 2309 Nachor
802 2268 947 2321 viginti
980 2281 1128 2309 novem
1161 2269 1288 2317 annis,
1324 2274 1365 2310 et
1395 2271 1536 2323 genuit
1568 2272 1710 2313 Thare.
1771 2274 1803 2297 25
1836 2273 2029 2327 Vixitque

123 2326 286 2368 Nachor
314 2331 534 2381 postquam
563 2326 705 2380 genuit
735 2327 876 2373 Thare,
909 2332 1074 2368 centum
1104 2327 1243 2368 decem
1273 2333 1315 2368 et
1343 2342 1491 2369 novem
1521 2331 1655 2371 annis:
1687 2335 1728 2371 et
1756 2332 1898 2384 genuit
1929 2332 2030 2373 filios

122 2390 163 2426 et
194 2386 307 2427 filias.

226 2447 261 2469 2⁶
290 2445 484 2499 Vixitque
517 2445 668 2485 dThare
697 2445 960 2498 septuaginta
989 2445 1116 2494 3111113,
1149 2449 1190 2486 et
1217 2447 1359 2499 genuit
1386 2447 1539 2488 Abram
1570 2453 1611 2489 et
1641 2448 1814 2497 Nachor,
1846 2454 1887 2490 et
1903 2450 2025 2491 Aran.

765 2581 984 2635 PARS
1025 2582 1384 2638 ALTERA.

394 2681 692 2733 Historia
729 2681 962 2747 populi
1003 2682 1215 2747 electi,
1254 2683 1326 2748 11,
1354 2682 1627 2748 27—-50,
1654 2683 1757 2737 25.

970 2783 1179 2801 77j4-404A0&

471 2843 513 2893 Ι.
552 2842 970 2894 Gener-ationes
1010 2842 1212 2905 Thare,
1251 2845 1320 2905 11,
1346 2844 1582 2907 27-25,
1610 2847 1679 2897 11.

696 2946 735 2986 1.
765 2944 963 2986 Historia
991 2945 1153 2997 Thare,
1181 2946 1248 2996 11,
1267 2947 1444 2988 27—32.

221 3022 254 3045 2⁷
286 3020 361 3062 Hae
389 3025 487 3062 sunt
515 3027 653 3063 autem
682 3022 961 3076 generationes
992 3022 1140 3063 Thare:

220 3079 351 3120 Thare
371 3080 512 3134 genuit
530 3081 697 3131 Abram,
721 3081 895 3130 Nachor,
918 3085 959 3122 et
978 3081 1101 3123 Aran.
1124 3082 1248 3123 Porro
1268 3082 1380 3123 Aran
1399 3083 1541 3137 genuit
1559 3083 1650 3124 Lot.
1700 3085 1735 3108 ²⁸
1754 3084 2022 3139 Mortuusque

115 3142 177 3178 est
205 3138 316 3178 Aran
347 3143 442 3179 ante
472 3140 602 3181 Thare
631 3145 792 3194 patrem
822 3153 952 3187 suum,
985 3140 1026 3180 in
1056 3145 1164 3181 terra
1193 3141 1425 3182 nativitatis
1456 3155 1537 3183 suae
1566 3142 1607 3183 in
1638 3142 1696 3183 Ur
1725 3143 2019 3186 Chaldaeorum.

115 3198 150 3221 2⁹
182 3196 403 3238 Duxerunt
434 3202 573 3238 autem
605 3199 760 3240 Abram
794 3203 835 3240 et
868 3199 1031 3240 Nachor
1063 3212 1226 3241 uxores:
1263 3213 1409 3241 nomen
1444 3201 1580 3242 uxoris
1612 3201 1779 3251 Abram,
1814 3202 1946 3244 Sarai:
1981 3208 2023 3244 et

115 3268 263 3297 nomen
287 3256 424 3297 uxoris
449 3256 622 3306 Nachor,
648 3257 806 3299 Melcha
832 3257 914 3298 filia
936 3257 1048 3298 Aran
1071 3258 1200 3311 patris
1223 3258 1402 3307 Melchae,
1429 3263 1470 3300 et
1493 3259 1621 3313 patris
1647 3260 1807 3302 Ieschae.
1860 3264 1896 3286 3⁰
1919 3262 2022 3302 Erat

115 3318 253 3355 autem
283 3315 396 3356 Sarai
425 3315 582 3365 sterilis,
614 3328 686 3356 nec
714 3317 898 3358 habebat
923 3315 1079 3358 liberos.

252 3441 304 3483 11,
320 3440 340 3474 2
356 3440 443 3485 aSap
460 3441 512 3483 10,
528 3442 557 3475 ὃ.
592 3462 633 3466 -
665 3441 706 3475 10
721 3443 759 3475 b1
778 3441 843 3475 Par
859 3443 889 3483 1,
906 3443 956 3476 17.
993 3463 1034 3467 -
1068 3443 1110 3476 19
1130 3444 1165 3477 01
1183 3443 1249 3477 Par
1272 3445 1302 3485 1,
1328 3444 1378 3478 19.
1406 3465 1447 3469 -
1472 3444 1513 3479 26
1536 3445 1613 3479 <ilos
1638 3446 1690 3486 24,
1716 3446 1750 3486 2;
1777 3447 1793 3478 1
1821 3445 1886 3478 Par
1910 3446 1940 3485 1,
1965 3444 2015 3478 26.

2058 302 2222 327 AEdifieatio

2091 338 2185 365 turris,

2064 658 2195 683 confusio

2085 693 2194 724 linguae,

2103 1338 2178 1368 Sem,

2058 1512 2224 1542 Arphaxaal,

2104 1629 2175 1658 Sale,

2088 1746 2192 1774 Heben

2081 1919 2194 1951 phalog.

2102 2036 2172 2064 lieu,

2085 2157 2184 2189 Sarug,

2074 2279 2197 2310 Nachor,

2084 2452 2184 2478 Thaso.

2083 3100 2175 3126 Thare

2069 3136 2186 3162 familia.
