2356 3760
119 338 256 363 Ieremias

129 375 157 398 in
172 374 244 399 valle

296 172 370 211 742
948 166 954 171 '
1105 168 1379 202 PROPHETIA
1940 173 1994 211 19,
2024 172 2143 212 1-20,
2171 174 2213 206 10

414 265 453 303 2.
484 262 720 303 Fractione
750 261 1010 312 lagunculae
1042 263 1224 302 eversio
1253 261 1410 314 populi
1442 261 1744 313 significatur,
1774 262 1841 312 19,
1859 263 2012 315 1—20,
2031 265 2097 305 18,

401 333 466 377 19.
523 335 535 357 1
558 333 654 374 Haec
675 332 772 373 dicit
793 331 1012 371 Dominus:
1036 331 1160 376 Vade,
1183 337 1223 372 et
1244 331 1380 384 accipe
1399 331 1660 385 lagunculam
1680 332 1790 383 figuli
1811 338 1984 374 testeam
2005 348 2029 375 a
2048 336 2212 377 seniori-

130 410 245 433 Ennom
296 394 371 433 bus
394 392 546 447 populi.
571 398 611 432 et
636 405 658 431 a
680 390 904 430 senioribus
927 390 1205 431 sacerdotum:
1257 393 1271 414 ²
1294 390 1349 431 Et
1372 391 1558 443 egredere
1582 391 1633 431 ad
1657 383 1805 431 vallem
1828 390 1898 431 filii
1921 392 2095 439 Ennom,
2122 407 2213 448 qua:

106 444 267 469 vaticinans

130 480 265 509 laguncu-

293 457 355 492 est
381 451 497 492 iuxta
525 450 739 490 introitum
768 453 897 502 portae
924 448 1075 488 fictilis:
1104 454 1145 489 et
1174 449 1410 502 111-1011100013
1439 449 1493 489 ibi
1522 450 1657 498 verba,
1689 462 1779 503 quae
1805 463 1877 503 ego
1905 450 2049 504 loquar
2077 453 2127 493 ad
2156 459 2208 494 te.

92 513 308 546 ¹³²¹111r³¹¹git-³
333 511 386 551 Et
410 510 535 551 dices:
562 508 712 548 Audite
737 507 907 547 verbum
932 507 1097 548 Domini
1120 520 1230 561 reges
1258 508 1371 550 Iuda.
1397 512 1437 547 et
1461 507 1714 549 habitatores
1744 508 1978 549 Ierusalem:
2004 510 2087 551 haec
2111 511 2211 552 dicit

128 1865 155 1890 in
169 1864 242 1890 atrio

134 1900 235 1930 templi

100 1936 271 1961 vaticinium

128 1972 242 2001 repetit,

125 2157 245 2187 principi

124 2193 248 2217 Phassur

108 2228 262 2258 captivita-

155 2265 215 2287 10111

108 2298 263 2329 Babyloni-

155 2341 218 2358 cam

114 2370 256 2400 praedicit:

118 2985 258 3015 propheta

117 3022 258 3047 tentatur,

127 3056 250 3079 Domino

125 3090 253 3118 confidit,

145 3127 236 3150 vitain

96 3161 282 3186 lamentatur.

290 569 491 610 Dominus
528 567 780 607 exercituum
816 566 925 606 Deus
965 565 1105 606 Israel:
1144 566 1247 607 Ecce
1283 580 1354 617 ego
1391 566 1580 606 inducam
1620 566 1882 607 afflictionem
1919 581 2040 621 super
2074 568 2210 610 locum

291 628 428 671 istum,
450 627 509 666 ita
528 631 573 666 ut
594 625 735 668 omnis.
760 624 827 678 qui
848 624 1022 665 audierit
1041 624 1164 668 illam,
1187 625 1367 666 tinniant
1388 638 1503 665 aures
1523 625 1625 665 eius:
1673 628 1688 650 ⁴
1708 625 1767 666 Eo
1790 626 1900 679 quod
1919 626 2212 680 dereliquerint

294 700 366 730 me.
389 691 428 726 et
448 685 625 725 alienum
646 683 813 724 fecerint
833 683 966 724 locum
986 683 1129 724 istum:
1151 689 1189 724 et
1211 683 1444 724 libaverunt
1463 683 1503 723 in
1523 697 1568 724 eo
1588 684 1663 724 diis
1683 684 1834 731 alienis,
1858 698 1958 738 quos
1977 686 2212 727 nescierunt

291 745 378 798 ipsi,
396 749 435 784 01
453 748 588 796 patres
605 755 755 786 00111111,
774 747 812 782 01
829 755 939 794 reges
958 742 1078 783 Iuda:
1096 748 1135 783 et
1153 742 1412 795 repleverunt
1426 741 1560 783 locum
1578 743 1701 783 istum
1717 743 1913 796 sanguine
1930 743 2209 786 innocentum.

289 806 304 828 ⁵
329 803 385 844 Et
409 802 714 843 :edificaverunt
740 800 895 841 excelsa
926 801 1081 841 Baalim
1107 801 1158 841 ad
1183 801 1480 842 comburendos
1507 800 1607 841 filios
1632 815 1724 842 suos
1750 801 1831 852 igni
1856 801 1896 842 in
1921 801 2210 844 holocaustum

292 862 470 903 Baalim:
494 874 583 914 quae
604 873 684 901 11011
704 860 889 913 praecepi.
912 873 985 900 nec
1005 859 1165 900 locutus
1186 872 1289 905 311111,
1312 872 1384 900 1100
1406 860 1678 900 ascenderunt
1699 860 1737 900 in
1760 873 1827 901 cor
1848 873 1996 902 meum.
2049 863 2064 885 ⁶
2083 862 2211 915 Prop-

291 927 401 962 terea
419 933 509 961 ecce
527 919 609 959 dies
628 918 810 962 veniunt.
831 919 928 959 dicit
946 918 1166 958 Dominus:
1185 923 1225 959 et
1244 932 1324 959 non
1342 918 1559 959 vocabitur
1576 919 1749 972 amplius
1767 918 1877 960 locus
1895 919 1982 964 iste,
2003 920 2208 973 Topheth.

292 985 333 1021 et
355 979 479 1020 Vallis
504 978 573 1018 filii
598 977 778 1019 Ennom:
803 977 873 1017 sed
897 977 1021 1017 Vallis
1045 977 1266 1018 occisionis.
1322 979 1336 1001 ⁷
1361 977 1415 1018 Et
1439 977 1645 1031 dissipabo
1669 977 1881 1018 consilium
1908 978 2011 1018 Iuda
2034 984 2074 1019 01
2102 979 2212 1019 10111-

291 1038 416 1079 salem
446 1038 485 1077 in
515 1036 601 1078 1000
631 1037 727 1077 isto:
758 1041 799 1077 et
827 1036 1065 1076 subvertam
1095 1049 1161 1076 003
1189 1036 1324 1089 gladio
1354 1035 1394 1076 in
1424 1041 1645 1089 conspectu
1674 1035 1929 1077 inimicorum
1959 1050 2139 1083 suorum,
2171 1044 2212 1078 et

290 1098 331 1137 in
362 1110 486 1137 manu
519 1095 788 1149 quaerentium
821 1095 976 1135 animas
1007 1108 1165 1136 eorum:
1198 1100 1238 1135 et
1268 1095 1376 1136 dabo
1407 1095 1609 1135 cadavera
1639 1107 1779 1135 eorum
1810 1108 1942 1136 escam
1974 1095 2212 1137 volatilibus

292 1155 387 1200 caeli,
420 1161 460 1195 et
491 1154 629 1195 bestiis
660 1158 787 1194 terrae.
849 1157 864 1177 ⁸
897 1153 973 1193 aEt
1001 1167 1153 1207 ponam
1184 1153 1396 1194 civitatem
1426 1154 1531 1194 hanc
1560 1154 1601 1194 in
1631 1159 1854 1207 stuporem.
1886 1159 1926 1194 et
1956 1154 1997 1195 in
2026 1154 2210 1195 sibilum:

291 1215 434 1257 omnis.
462 1213 530 1267 qui
554 1212 793 1267 praeterierit
817 1225 888 1265 per
911 1225 1012 1255 eam.
1039 1213 1314 1266 obstupescet,
1341 1217 1381 1253 et
1405 1212 1586 1253 sibilabit
1610 1225 1731 1266 super
1753 1213 1944 1253 universa
1966 1213 2088 1267 plaga
2113 1214 2209 1254 eius,

295 1276 309 1297 ⁹
328 1273 384 1314 Et
405 1272 549 1313 cibabo
570 1285 636 1313 eos
657 1271 845 1312 carnibus
867 1271 1041 1312 filiorum
1060 1284 1239 1316 suorum,
1262 1277 1302 1312 et
1323 1271 1512 1312 carnibus
1532 1271 1705 1312 filiarum
1727 1284 1912 1312 suarum:
1934 1277 1975 1312 et
1995 1273 2212 1326 unusquis-

293 1345 370 1386 que
396 1344 557 1372 carnem
585 1330 703 1371 amici
728 1330 789 1370 sui
815 1330 1000 1371 comedet
1025 1329 1066 1370 in
1092 1330 1313 1375 obsidione,
1341 1335 1381 1371 et
1406 1330 1447 1370 in
1473 1330 1673 1384 angustia.
1701 1330 1742 1370 in
1768 1343 1848 1384 qua
1873 1329 2118 1371 concludent
2144 1345 2210 1372 eos

291 1391 443 1432 inimici
466 1403 618 1434 00111111,
644 1395 685 1430 et
708 1389 776 1442 qui
801 1394 989 1442 quaerunt
1013 1389 1169 1430 animas
1193 1402 1345 1430 eorum.
1398 1390 1434 1413 ¹⁰
1454 1389 1510 1430 Et
1533 1394 1716 1429 conteres
1738 1388 1999 1442 lagunculam
2022 1389 2063 1429 in
2087 1389 2211 1430 oculis

291 1450 485 1492 virorum.
518 1449 586 1502 qui
615 1448 735 1489 ibunt
764 1454 912 1489 tecum.
972 1450 1002 1471 11
1032 1448 1086 1488 Ε1
1116 1448 1222 1488 dices
1253 1448 1304 1489 ad
1334 1461 1419 1488 eos:
1451 1448 1549 1488 Haec
1578 1447 1678 1489 dicit
1705 1447 1907 1488 Dominus
1937 1448 2209 1489 exercituum:

291 1509 356 1550 Sic
383 1513 591 1549 conteram
619 1506 817 1560 populum
844 1506 969 1547 istum
996 1512 1036 1547 et
1063 1506 1276 1547 civitatem
1303 1507 1436 1550 istam.
1466 1507 1571 1547 sicut
1598 1506 1823 1548 conteritur
1849 1519 1921 1547 vas
1948 1506 2071 1560 figuli,
2102 1507 2212 1561 quod

291 1581 373 1609 non
397 1572 534 1620 potest
559 1566 668 1607 ultra
690 1566 928 1606 instaurari:
955 1571 995 1606 et
1020 1565 1060 1606 in
1086 1565 1275 1619 Topheth
1299 1565 1556 1619 sepelientur,
1583 1579 1629 1607 eo
1656 1565 1766 1619 quod
1789 1578 1871 1606 non
1896 1565 1948 1606 sit
1972 1565 2074 1606 alius
2098 1565 2210 1607 locus

292 1626 344 1667 ad
371 1625 660 1679 sepeliendum.
720 1626 750 1648 ¹2
779 1624 843 1665 Sic
871 1624 1019 1664 faciam
1048 1624 1135 1665 loco
1164 1624 1270 1669 111110,
1301 1624 1359 1664 ait
1387 1624 1601 1666 Dominus.
1633 1629 1673 1664 et
1701 1624 2006 1665 habitatoribus
2035 1624 2139 1664 eius:
2170 1630 2210 1665 et

291 1698 442 1739 ponam
472 1684 684 1724 civitatem
714 1683 835 1723 istam
865 1682 971 1723 sicut
1000 1682 1200 1736 Topheth.
1262 1685 1292 1707 ¹3
1320 1683 1377 1724 Et
1404 1688 1525 1723 erunt
1554 1683 1698 1724 domus
1732 1682 1962 1725 Ierusalem.
1995 1688 2035 1724 et
2065 1683 2210 1724 domus

289 1756 430 1797 regum
459 1742 563 1784 Iuda
587 1742 692 1783 sicut
717 1741 828 1783 locus
856 1741 1057 1795 Topheth‚
1085 1742 1326 1783 immundae:
1355 1755 1494 1783 omnes
1521 1742 1678 1785 domus,
1706 1741 1747 1781 in
1775 1754 1948 1795 quarum
1974 1741 2210 1783 domatibus

289 1802 623 1843 sacrificaverunt
652 1801 763 1842 omni
792 1800 947 1841 militiae
975 1800 1071 1849 caeli,
1103 1806 1143 1841 et
1172 1800 1407 1841 libaverunt
1434 1800 1632 1841 libamina
1660 1800 1735 1841 diis
1766 1799 1917 1841 alienis.

399 1863 430 1885 11
450 1860 573 1901 Venit
594 1865 733 1901 autem
757 1859 946 1900 Ieremias
968 1860 1017 1900 de
1038 1859 1240 1913 Topheth‚
1265 1873 1344 1914 quo
1365 1859 1533 1900 miserat
1553 1872 1646 1900 eum
1665 1858 1868 1900 Dominus
1890 1859 1943 1900 ad
1962 1859 2211 1913 prophetan-

294 1921 404 1969 dum,
431 1925 471 1960 et
495 1919 612 1961 stetit
636 1919 677 1959 in
702 1919 805 1959 atrio
831 1919 976 1959 domus
1000 1918 1178 1960 Domini.
1206 1923 1247 1959 et
1271 1918 1375 1959 dixit
1400 1919 1453 1959 ad
1477 1931 1639 1960 omnem
1663 1917 1880 1971 populum:
1935 1919 1965 1942 15
1990 1918 2088 1959 Haec
2112 1918 2211 1959 dicit

292 1979 494 2020 Dominus
515 1978 769 2019 exercituum
787 1977 899 2018 Deus
922 1977 1063 2018 Israel:
1086 1977 1190 2018 Ecce
1211 1990 1283 2031 ego
1303 1977 1497 2018 inducam
1516 1990 1638 2030 super
1657 1976 1869 2018 civitatem
1890 1976 2007 2020 hanc,
2030 1982 2070 2017 et
2090 1990 2211 2030 super

290 2051 429 2079 01111103
456 2037 574 2078 urbes
600 2037 683 2077 eius
710 2036 901 2077 universa-
925 2035 1044 2081 mala„
1074 2049 1165 2090 quae
1188 2036 1349 2078 locutus
1375 2050 1465 2077 sum
1491 2036 1710 2077 adversum
1736 2048 1845 2075 eam:
1873 2035 2068 2089 quoniam
2092 2035 2210 2076 indu-

290 2101 486 2138 raverunt
514 2096 711 2137 cervicem
740 2108 856 2136 suam
884 2100 931 2136 ut
959 2108 1040 2136 non
1069 2095 1258 2136 audirent
1286 2108 1490 2136 sermones
1519 2108 1641 2136 111003.

397 2156 461 2198 20.
517 2157 531 2179 1
553 2155 609 2196 Ε1
631 2154 791 2195 audiw‘t
812 2154 992 2195 Phassur
1012 2153 1116 2194 filius
1139 2154 1306 2194 Emmer
1326 2154 1525 2199 sacerdos,
1551 2153 1620 2207 qui
1642 2153 1892 2194 constitutus
1914 2158 2001 2194 erat
2022 2152 2209 2207 princeps

293 2214 333 2255 in
359 2215 480 2255 domo
505 2213 684 2258 Domini.
714 2213 927 2253 Ieremiam
952 2213 1271 2266 prophetantem
1295 2225 1499 2254 sermones
1525 2213 1635 2253 istos.
1690 2214 1704 2236 ²
1730 2212 1785 2252 Et
1809 2211 2007 2265 percussit
2032 2211 2211 2252 Phassur

295 2273 508 2314 Ieremiam
524 2273 782 2326 prophetam.
800 2276 841 2312 et
856 2271 965 2312 misit
982 2284 1074 2312 eum
1090 2271 1131 2312 in
1146 2284 1330 2315 nervum.
1349 2271 1460 2325 quod
1475 2276 1561 2311 erat
1577 2271 1617 2311 in
1632 2276 1752 2324 porta
1769 2270 1984 2311 Beniamin
1998 2270 2207 2324 superiori.

294 2332 335 2372 in
362 2332 483 2373 domo
509 2331 687 2373 Domini.
742 2333 758 2355 ³
783 2330 966 2384 Cumque
992 2329 1190 2371 illuxisset
1215 2330 1256 2370 in
1283 2330 1519 2376 crastinum,
1547 2330 1690 2370 eduxit
1715 2329 1894 2370 Phassur
1922 2329 2134 2369 Ieremiam
2161 2329 2210 2370 de

294 2404 431 2432 nervo.
467 2396 506 2430 et
539 2390 643 2431 dixit
676 2390 729 2430 ad
760 2402 852 2430 eum
888 2389 1096 2429 Ieremias:
1131 2389 1223 2430 Non
1255 2389 1434 2430 Phassur
1466 2388 1631 2430 vocavit
1662 2388 1863 2429 Dominus
1895 2401 2044 2429 nomen
2077 2394 2207 2431 tuum.

289 2450 361 2491 sed
384 2462 581 2503 pavorem
605 2449 798 2502 undique.
853 2450 869 2472 ‘²
894 2447 999 2496 Quia
1023 2448 1107 2489 haec
1134 2448 1232 2489 dicit
1257 2447 1478 2489 Dominus:
1505 2447 1610 2488 Ecce
1636 2460 1707 2500 ego
1734 2447 1841 2488 dabo
1868 2452 1908 2487 te
1932 2446 1974 2487 in
1999 2459 2207 2500 pavorem,

291 2514 331 2549 te
347 2515 387 2549 et
404 2521 542 2549 omnes
559 2507 709 2549 amicos
725 2513 836 2548 tuos:
855 2511 895 2548 et
911 2512 1100 2548 corruent
1115 2507 1249 2560 gladio
1266 2506 1522 2547 inimicorum
1538 2518 1716 2550 suorum.
1734 2511 1775 2546 et
1791 2505 1896 2546 oculi
1911 2504 1971 2546 tui
1988 2505 2208 2546 videbunt:

291 2573 332 2608 et
356 2580 519 2608 omnem
545 2567 691 2607 Iudam
716 2566 823 2607 dabo
848 2565 888 2605 in
912 2578 1081 2606 manum
1106 2566 1207 2619 regis
1234 2565 1476 2619 Babylonis:
1502 2570 1542 2605 et
1567 2565 1756 2605 traducet
1781 2577 1847 2605 eos
1871 2563 1912 2604 in
1939 2564 2206 2617 Babylonem.

291 2631 331 2667 et
350 2626 551 2680 percutiet
570 2638 636 2666 eos
654 2625 801 2678 gladio.
849 2626 864 2648 5
883 2624 937 2665 Et
957 2625 1063 2665 dabo
1083 2624 1316 2665 universam
1335 2623 1612 2665 substantiam
1632 2623 1812 2663 civitatis
1830 2623 1962 2668 huius,
1984 2628 2024 2663 et
2044 2635 2207 2663 omnem

290 2685 472 2726 laborem
500 2684 595 2727 eius.
627 2697 827 2737 omneque
854 2682 1044 2736 pretium,
1074 2688 1114 2724 et
1143 2688 1310 2724 cunctos
1338 2683 1550 2723 thesauros
1578 2695 1718 2735 regum
1749 2681 1852 2722 Iuda
1878 2681 1985 2722 dabo
2013 2681 2053 2721 in
2081 2694 2207 2721 manu

290 2743 547 2784 inimicorum
579 2755 737 2783 eorum:
771 2748 811 2782 et
843 2741 1035 2795 diripient
1067 2755 1145 2784 003,
1179 2747 1219 2783 01
1252 2741 1408 2790 10110111,
1443 2746 1483 2782 01
1515 2742 1666 2782 ducent
1697 2740 1737 2780 in
1772 2739 2038 2793 Babylonem.
2101 2741 2117 2764 ὃ
2148 2740 2208 2780 Tu

292 2808 431 2843 autem
452 2802 642 2845 Phassur.
665 2807 705 2842 et
727 2813 865 2842 omnes
886 2800 1139 2842 habitatores
1161 2801 1306 2841 domus
1327 2805 1409 2841 tuae
1429 2800 1538 2841 ibitis
1558 2800 1599 2840 in
1621 2799 1928 2853 captivitatem:
1950 2804 1990 2839 01
2010 2798 2051 2839 111
2073 2798 2210 2852 Baby-

291 2860 425 2902 lonem
445 2861 593 2904 venies,
615 2866 655 2900 et
674 2860 729 2900 ibi
748 2859 940 2903 morieris,
962 2859 1098 2914 ibique
1118 2859 1318 2913 sepelieris
1338 2864 1396 2902 tu.
1417 2864 1458 2899 01
1478 2872 1616 2899 01111103
1636 2858 1754 2899 amici
1774 2857 1847 2900 tui.
1869 2857 2016 2911 quibus
2036 2857 2209 2910 prophe—

294 2919 391 2960 tasti
423 2919 693 2959 mendaciiun.

403 2980 416 3001 ⁷
438 2978 644 3019 Seduxisti
665 2991 729 3018 me
749 2977 936 3021 Domine,
960 2981 1000 3018 et
1021 2977 1213 3017 seductus
1234 2990 1343 3018 sum:
1365 2976 1509 3018 fortior
1529 2989 1593 3016 me
1613 2975 1738 3020 fuisti,
1762 2979 1803 3015 et
1824 2973 2052 3015 invaluisti:
2075 2974 2209 3015 factus

296 3050 383 3077 sum
405 3036 444 3077 in
466 3037 641 3077 derisum
662 3042 751 3077 tota
772 3036 846 3085 die,
869 3048 1008 3077 01111103
1027 3036 1285 3077 subsannant
1304 3046 1388 3077 me(
1431 3037 1446 3059 8
1466 3035 1569 3084 Quia
1589 3034 1670 3075 iarn
1691 3033 1785 3074 olim
1803 3033 1959 3087 loquor,
1982 3032 2209 3074 vociferans

298 3095 569 3148 iniquitatem.
593 3100 632 3135 et
654 3095 894 3135 vastitatem
915 3094 1099 3135 clamito:
1121 3100 1161 3135 et
1180 3095 1314 3135 factus
1335 3100 1396 3135 est
1416 3094 1514 3134 mihi
1534 3106 1664 3134 sermo
1683 3091 1851 3133 Domini
1869 3091 1910 3132 in
1931 3091 2207 3145 opprobrium.

298 3159 335 3193 et
356 3154 394 3193 in
413 3154 587 3194 derisum
608 3159 696 3194 tota
715 3154 789 3194 die.
839 3155 854 3177 ⁹
872 3153 926 3193 Et
944 3153 1046 3193 dixi:
1067 3153 1159 3193 Non
1176 3153 1420 3194 recordabor
1437 3153 1532 3197 eius,
1552 3165 1684 3205 neque
1701 3151 1846 3204 loquar
1864 3150 1969 3191 ultra
1987 3150 2028 3190 in
2045 3149 2210 3190 nomine

294 3211 417 3251 illius:
443 3220 480 3252 et
504 3213 636 3253 tactus
659 3219 719 3253 est
742 3212 781 3252 111
805 3212 923 3253 corde
944 3225 1034 3252 meo
1058 3211 1173 3265 quasi
1194 3211 1296 3265 ignis
1318 3216 1561 3255 exaestuans.
1586 3210 1827 3263 claususque
1849 3209 1889 3249 in
1912 3208 2068 3250 ossibus
2090 3208 2208 3249 meis:

296 3276 335 3310 et
361 3271 498 3312 defeci.
526 3271 627 3311 terre
652 3284 731 3311 non
757 3271 973 3311 sustinens.
1027 3272 1063 3294 ¹⁰
1085 3270 1237 3310 Audivi
1262 3271 1368 3311 enim
1396 3269 1662 3311 contumelias
1687 3268 1924 3311 multorum.
1951 3272 1991 3307 et
2014 3273 2208 3308 terrorem

294 3328 335 3369 in
358 3329 546 3369 circuitu:
573 3329 875 3382 persequimini.
899 3335 939 3369 et
962 3342 1254 3382 persequamur
1274 3342 1386 3370 eum:
1410 3330 1460 3369 ab
1483 3328 1671 3369 omnibus
1694 3328 1801 3371 viris.
1826 3326 1893 3380 qui
1915 3331 2030 3366 erant
2052 3325 2209 3379 pacifici

293 3387 383 3430 mei.
407 3394 446 3428 01
470 3388 745 3427 custodientes
769 3388 874 3428 latus
897 3401 1052 3428 meum:
1075 3388 1104 3427 si
1130 3401 1208 3441 quo
1232 3388 1351 3428 inodo
1374 3388 1613 3441 decipiatur.
1637 3393 1677 3427 et
1699 3385 1992 3439 praevaleamus
2015 3385 2209 3425 adversus

426 3501 478 3535 19.
503 3502 523 3535 3
549 3502 637 3542 aSuD
666 3504 716 3542 lb',
744 3505 797 3543 1t5;
827 3503 882 3536 Int
911 3505 963 3544 45),
992 3505 1046 3543 133
1074 3504 1126 3541 50,
1155 3504 1205 3536 13.
