2356 3760
337 166 413 203 ⁸64
1148 160 1419 194 PROPHETIA
2018 163 2047 203 2,
2074 163 2193 203 20-3,
2218 164 2238 197 9

334 259 368 281 ²⁰
386 256 441 297 Et
460 269 564 301 eum,
587 256 654 309 qui
675 256 726 297 ab
746 255 946 308 Aquilone
967 260 1037 296 est.
1061 253 1199 306 procul
1219 253 1366 293 faciam
1386 266 1410 293 a
1429 253 1562 294 vobis:
1637 259 1677 293 et
1697 253 1896 307 expellam
1917 268 2007 297 eum
2028 257 2068 297 in
2088 263 2239 298 terram

596 315 758 355 inviam.
793 321 831 353 et
862 314 1082 353 desertam:

385 373 528 415 faeiem
561 374 642 414 eius
674 380 815 412 eontra
845 384 954 411 mare
985 370 1203 413 Orientale,
1289 376 1329 411 et
1358 377 1586 411 extremum
1618 370 1701 410 eius
1731 372 1783 411 ad
1812 385 1924 412 mare
1953 374 2238 415 novissimum:

386 439 425 473 et
456 434 642 473 ascendet
679 433 798 470 l'wtoi·
828 429 923 472 eius,
1009 435 1049 469 et
1079 429 1271 470 ascendet
1301 430 1475 482 putredo
1506 429 1601 476 eius,
1688 429 1784 482 quia
1812 432 1984 484 superbe
2014 433 2106 485 egit.

333 494 363 516 ²¹
388 492 477 532 Noli
502 492 641 531 timere
666 497 781 530 terra.
808 487 948 527 exulta
970 493 1009 527 et
1032 487 1186 527 lietare:
1265 488 1457 541 quoniam
1481 487 1762 541 magnificavit
1782 488 1983 531 Dominus
2007 497 2053 532 ut
2074 492 2237 534 faceret.

333 552 364 574 ‘22
388 550 520 590 Nolite
552 549 692 588 timere
723 546 915 586 animalia
945 546 1134 595 regionis:
1221 547 1316 600 quia
1345 546 1678 599 germinaverunt
1709 547 1890 600 speciosa
1920 549 2080 598 deserti,

386 609 478 661 quin
511 608 658 652 lienum
693 604 833 645 attulit
866 606 1042 644 fructum
1074 618 1205 651 suum,
1291 605 1400 650 ficus,
1434 610 1474 645 et
1504 605 1624 646 vinea
1652 606 1854 647 dederunt
1884 607 2079 649 virtutem
2110 622 2238 651 suam.

333 670 363 691 2³
388 667 433 706 1⁴21
471 666 535 704 lilii
566 665 660 703 Sion
692 663 885 705 exultate.
971 668 1011 703 et
1040 663 1236 704 lietamini
1265 664 1305 704 in
1336 664 1512 704 Domino
1542 664 1629 704 Deo
1659 671 1813 705 vestro:

385 725 477 777 quia
503 724 615 763 (ledit
639 723 753 763 vobis
778 723 985 763 doctorem
1010 722 1187 767 iustitiae,
1267 727 1308 764 et
1330 723 1572 763 descendere
1594 722 1717 764 faciet
1740 724 1792 764 ad
1816 737 1887 765 vos
1912 725 2081 767 imbrem
2106 732 2240 768 matu-

595 782 723 822 tinum
756 787 795 821 et
825 781 1048 821 serotinum
1079 781 1183 822 sicut
1212 782 1252 821 in
1284 781 1492 834 principio.

331 845 362 866 2⁸
383 842 434 882 Et
468 840 746 894 implebuntur
776 853 877 880 areae
906 840 1123 882 frumento.
1209 846 1248 880 et
1278 840 1571 881 redundabunt
1600 840 1818 882 torcularia
1848 843 1954 892 vino,
1987 848 2027 884 et
2058 844 2157 886 oleo.

350 904 358 906 “
398 901 431 940 <31
468 900 636 940 reddam
671 900 785 939 vobis
819 911 957 944 annos,
994 912 1094 952 quos
1128 899 1306 940 comedit
1336 899 1506 943 locusta,
1543 899 1730 944 bruchus,
1766 905 1807 941 et
1838 901 1992 952 rubigo,
2028 908 2068 943 et
2100 916 2238 944 eruca:

592 959 791 999 fortitudo
822 970 912 997 mea
940 971 1100 1011 magna.
1135 971 1258 1011 quam
1288 958 1378 998 misi
1408 958 1448 998 in
1479 971 1562 999 vos.
1934 953 1937 954 ⁷

329 1018 434 1057 ²⁶th
470 1018 689 1059 comedetis
727 1022 945 1063 vescentes,
983 1022 1023 1057 et
1057 1017 1361 1057 saturabimini:
1451 1022 1491 1057 et
1524 1017 1745 1058 laudabitis
1781 1031 1929 1060 nornen
1963 1020 2130 1061 Domini
2164 1021 2240 1062 Dei

592 1076 725 1120 vestri,
759 1075 827 1128 qui
858 1075 954 1116 feeit
983 1076 1185 1116 mirabilia
1215 1076 1445 1117 vobiscum:

381 1142 421 1176 et
449 1149 530 1176 non
560 1135 833 1175 confundetur
861 1134 1035 1188 populus
1064 1148 1177 1175 meus
1207 1135 1247 1175 in
1276 1135 1583 1188 sempiternum.

328 1197 361 1218 ²⁷
380 1195 434 1235 Et
459 1194 591 1235 scietis
618 1193 713 1247 quia
736 1193 776 1233 in
802 1193 935 1234 medio
964 1193 1085 1234 Israel
1111 1207 1183 1247 ego
1208 1207 1316 1235 sum:
1396 1199 1437 1235 et
1461 1207 1533 1247 ego
1558 1194 1759 1235 Dominus
1787 1195 1894 1236 Dens
1920 1202 2065 1243 vester,
2094 1203 2134 1238 et
2158 1211 2240 1239 non

590 1258 649 1293 est
680 1252 872 1306 amplius:

380 1318 421 1353 et
450 1326 529 1354 non
560 1312 836 1353 confundetur
864 1312 1039 1365 populus
1069 1325 1182 1353 meus
1211 1312 1252 1353 in
1282 1317 1492 1353 aeternum.

330 904 361 924 2.)

534 1430 571 1468 2.
603 1428 775 1469 Effusio
808 1427 1007 1478 Spiritus
1039 1426 1083 1467 et
1112 1427 1309 1467 salvatio
1340 1428 1383 1467 in
1415 1427 1488 1468 die
1520 1428 1713 1479 Domini,
1741 1430 1781 1480 2,
1800 1430 1947 1481 28—3,
1966 1431 2032 1470 21.

162 1508 280 1573 '222³‘ss
326 1513 359 1535 '³⁸
378 1511 433 1551 Et
463 1511 535 1550 erit
567 1515 660 1563 post
689 1510 791 1550 haeoz
882 1510 1109 1551 aeffundam
1140 1511 1328 1564 spiritum
1360 1524 1496 1551 meum
1527 1524 1647 1564 super
1677 1523 1839 1551 omnem
1870 1523 2052 1552 earnem:

132 1586 290 1638 &gakust-ju
379 1576 419 1610 et
447 1569 755 1623 prophetabunt
782 1569 851 1609 lilii
882 1569 1016 1615 vestri,
1048 1575 1087 1610 et
1117 1569 1207 1610 ffliae
1234 1575 1398 1610 vestrae:

376 1642 488 1669 senes
519 1628 641 1668 vestri
669 1628 828 1669 somnia
855 1627 1132 1673 somniabunt,
1216 1633 1257 1668 et
1286 1628 1451 1668 iuvenes
1481 1628 1605 1669 vestri
1634 1628 1809 1669 visiones
1840 1629 2051 1671 videbunt.

323 1690 357 1712 ‘2⁹
375 1688 453 1729 Sed
479 1694 517 1728 et
541 1700 662 1740 super
684 1700 821 1728 servos
845 1700 968 1735 meos,
996 1692 1037 1727 et
1061 1686 1226 1727 ancillas
1304 1687 1344 1727 in
1369 1687 1511 1728 diebus
1536 1687 1612 1728 illis
1637 1687 1846 1728 effundam
1871 1688 2059 1740 spiritum
2085 1702 2234 1730 meum.

137 1806 302 1865 issjjl‘sl'lr'ssfssfsgs
323 1806 361 1828 ²⁵⁰
378 1804 432 1844 Et
456 1804 561 1844 dabo
586 1803 771 1857 prodigia
793 1803 834 1843 in
859 1802 966 1847 oaelo.
993 1808 1034 1844 et
1057 1803 1097 1844 in
1123 1808 1242 1849 terra,
1321 1803 1572 1857 sanguinem,
1600 1808 1641 1843 et.
1664 1803 1810 1856 ignem,
1838 1808 1879 1843 et
1903 1816 2098 1856 vaporem
2121 1803 2236 1845 fumi.

143 1876 295 1900 san-amm-
325 1865 354 1887 ³¹
382 1863 468 1903 bSol
497 1867 759 1903 convertetur
786 1862 826 1903 in
856 1862 1056 1907 tenebras,
1141 1867 1182 1903 et
1207 1861 1306 1903 luna
1333 1862 1374 1902 in
1402 1862 1660 1915 sanguinem:

192 1915 246 1937 Μ’
379 1928 600 1975 antequam
630 1921 769 1962 veniat
798 1921 881 1962 dies
912 1921 1077 1962 Domini
1106 1934 1290 1975 magnus,
1322 1926 1363 1962 et
1392 1920 1604 1962 horribilis.

322 1983 354 2005 ³2
375 1981 430 2022 Et
460 1981 551 2021 erit:
591 1980 737 2021 comnis
769 1980 837 2034 qui
867 1980 1121 2021 invocaverit
1150 1993 1298 2021 nomen
1328 1980 1505 2027 Domini,
1591 1979 1727 2020 salvus
1758 1979 1852 2020 erit:

376 2040 471 2093 quia
497 2040 536 2080 in
564 2044 704 2080 monte
730 2039 838 2087 Sion,
869 2044 909 2080 et
937 2040 976 2079 in
1006 2039 1225 2080 Ierusalem
1253 2039 1329 2080 erit
1355 2038 1543 2085 salvatio,
1625 2038 1731 2079 sieut
1757 2038 1863 2079 dixit
1888 2038 2103 2085 Dominus,

377 2104 417 2140 et
447 2099 485 2139 in
515 2099 696 2147 residuis,
782 2111 882 2152 quos
912 2098 1114 2139 Dominus
1143 2098 1365 2140 vocaverit.

163 2214 278 2273 ‘33:322'
327 2214 433 2258 3.1
461 2215 566 2263 Quia
592 2227 682 2255 ecee
709 2214 749 2254 in
778 2214 919 2254 diebus
947 2214 1034 2258 illis,
1066 2219 1107 2255 et
1132 2214 1173 2254 in
1202 2219 1385 2267 tempore
1412 2213 1480 2255 illo
1561 2227 1653 2254 eum
1682 2218 1922 2255 convertero
1951 2213 2237 2267 captivitatem

168 2285 276 2309 umus
590 2274 702 2319 Iuda,
736 2278 777 2313 et
808 2273 1044 2313 Ierusalem:

341 2336 355 2357 ²
376 2333 636 2387 Congregabo
667 2345 804 2373 omnes
834 2332 997 2376 Gentes,
1083 2338 1124 2373 et
1153 2332 1353 2373 deducam
1383 2345 1448 2372 eas
1479 2332 1519 2372 in
1551 2331 1697 2372 vallem
1730 2331 1944 2384 Iosaphat:

376 2398 417 2433 et
446 2392 683 2445 disceptabo
713 2405 805 2432 cum
835 2391 889 2432 eis
919 2391 973 2431 ibi
1003 2404 1124 2444 super
1150 2390 1302 2445 populo
1332 2404 1434 2434 meo.
1519 2395 1560 2431 et
1588 2390 1816 2431 hereditate
1845 2403 1936 2430 mea
1967 2389 2102 2435 Israel,

377 2465 476 2505 quos
507 2451 784 2504 disperserunt
812 2450 853 2491 in
883 2450 1130 2497 nationibus,
1216 2455 1257 2491 et
1286 2457 1437 2490 terram
1467 2462 1598 2490 meam
1631 2449 1870 2490 diviserunt.

341 2512 356 2535 3
378 2511 431 2551 Et
461 2524 580 2563 super
609 2509 806 2564 populum
836 2522 972 2549 meum
1002 2509 1201 2549 miserunt
1230 2514 1400 2550 sortem:

378 2576 418 2610 et
434 2575 657 2623 posuerunt
672 2581 843 2622 puerum
861 2568 901 2608 in
918 2568 1156 2621 prostibulo,
1229 2573 1269 2608 et
1285 2567 1462 2621 puellam
1480 2567 1755 2608 vendiderunt
1770 2579 1843 2621 pro
1860 2566 1956 2608 vino
1973 2572 2020 2608 ut
2036 2566 2234 2608 biberent.

342 2630 356 2652 ⁴
378 2628 526 2668 Verum
551 2628 647 2681 quid
669 2627 767 2668 mihi
790 2632 830 2667 et
851 2627 966 2668 vobis
990 2627 1131 2680 Tyrus,
1157 2632 1197 2668 et
1218 2627 1355 2675 Sidon,
1433 2633 1473 2667 et
1495 2626 1625 2668 omnis
1648 2626 1845 2667 terminus
1867 2625 2235 2668 Palaesthinorum?

381 2687 577 2740 numquid
606 2687 801 2727 ultionem
831 2699 902 2727 vos
930 2686 1107 2726 reddetis
1135 2685 1259 2726 mihi?
1341 2691 1381 2726 et
1408 2686 1439 2726 si
1467 2685 1706 2726 ulciscimini
1735 2698 1806 2726 vos
1834 2689 1978 2725 eontra
2003 2697 2079 2733 me,

380 2746 458 2786 cito
490 2746 680 2786 velociter
710 2745 877 2786 reddam
908 2744 1229 2785 vicissitudinem
1261 2745 1375 2785 vobis
1406 2758 1527 2798 super
1556 2749 1681 2798 caput
1710 2749 1904 2785 vestrum.

345 2806 359 2828 ⁵
381 2805 602 2853 Argentum
627 2805 733 2845 enim
756 2818 904 2849 meum,
930 2810 971 2845 et
993 2817 1136 2844 aurum
1160 2803 1328 2844 tulistis:
1407 2809 1448 2844 et
1470 2803 1753 2845 desiderabilia
1774 2815 1876 2851 mea,
1902 2807 1943 2843 et
1964 2802 2238 2856 pulcherrima

590 2863 781 2904 intulistis
811 2863 851 2903 in
881 2863 1051 2904 delubra
1080 2867 1227 2903 vestra.

347 2922 361 2944 ⁶
383 2921 433 2960 1⁴31
458 2922 556 2961 lilios
585 2923 692 2964 [uda.
719 2929 757 2963 et
781 2922 880 2964 filios
906 2921 1123 2962 Ierusalem
1146 2922 1386 2962 vendidistis
1408 2922 1498 2963 filiis
1520 2922 1765 2968 Graecorum,
1843 2925 1889 2961 ut
1909 2920 2027 2973 longe
2048 2920 2236 2961 faceretis

590 2996 653 3021 eos
684 2982 732 3021 (le
763 2982 910 3022 finibus
939 2981 1032 3022 suis.

347 3038 361 3060 ⁷
387 3037 485 3077 Eece
516 3053 585 3085 egro
616 3040 819 3081 suscitabo
851 3054 917 3081 eos
947 3040 997 3081 de
1026 3040 1125 3086 loco,
1158 3040 1198 3081 in
1230 3053 1309 3093 quo
1341 3040 1581 3081 vendidistis
1612 3053 1696 3080 eos:
1782 3043 1824 3079 et
1853 3043 2091 3080 convertam
2121 3037 2236 3078 retri-

594 3099 799 3139 butionem
831 3105 1009 3140 vestram
1040 3099 1078 3139 in
1109 3104 1234 3152 eaput
1264 3104 1458 3142 vestrum.

348 3156 363 3177 ⁸
388 3154 437 3194 Et
460 3156 629 3195 vendam
652 3157 749 3197 lilios
771 3164 936 3203 vestros,
958 3164 999 3199 et
1018 3157 1118 3198 filias
1138 3163 1293 3198 vestras
1314 3159 1352 3198 in
1372 3158 1560 3199 manibus
1582 3157 1754 3199 liliorum
1775 3157 1889 3199 Iuda.
1964 3160 2005 3196 et
2025 3154 2234 3195 venunda-

595 3214 693 3254 bunt
724 3230 787 3255 eos
817 3217 967 3257 Sabzeis
997 3217 1107 3267 genti
1136 3216 1379 3270 longinquze,
1465 3217 1560 3271 quia
1588 3216 1788 3257 Dominus
1818 3214 1978 3256 locutus
2009 3219 2081 3255 est.

148 3331 308 3363 ³¹¹·¹··¹³‘³··2¹·
351 3330 365 3351 ⁹
387 3327 567 3368 mannito
598 3329 669 3369 hoc
703 3330 737 3368 iu
770 3330 980 3376 Gentibus,
1064 3332 1318 3374 sanctificate
1350 3332 1510 3377 bellum,

147 3371 313 3426 ειμῗῖρῗῦἶῧι..
387 3387 579 3427 suscitate
611 3389 812 3427 robustos:
898 3393 1105 3434 accedant.
1138 3391 1362 3432 ascendant
1392 3404 1530 3432 omnes
1561 3389 1636 3430 viri
1667 3388 1893 3430 bellatores.

206 3441 252 3463 tur

466 3503 507 3535 735
533 3502 584 3535 als
611 3505 661 3542 44,
687 3505 721 3542 533
749 3505 813 3537 Act
841 3508 869 3538 23.
898 3507 946 3539 11.
972 3526 1012 3530 —
1036 3507 1075 3540 31
1103 3509 1191 3551 bsup
1216 3509 1247 3547 2,
1276 3507 1329 3546 10;
1357 3507 1407 3539 Mt
1431 3508 1483 3546 24,
1509 3507 1566 3546 '292
1593 3506 1638 3539 Lc
1661 3507 1713 3546 21,
1738 3506 1789 3538 25.
1820 3525 1861 3529 —
1886 3504 1927 3537 32
1956 3503 2061 3537 (Rom
2088 3503 2138 3542 10,
2165 3503 2215 3536 13.
