<?xml version="1.0" encoding="UTF-8"?>
<!DOCTYPE html PUBLIC "-//W3C//DTD XHTML 1.0 Transitional//EN"
    "http://www.w3.org/TR/xhtml1/DTD/xhtml1-transitional.dtd">
<html xmlns="http://www.w3.org/1999/xhtml" xml:lang="en" lang="en">
 <head>
  <title>
</title>
<meta http-equiv="Content-Type" content="text/html;charset=utf-8" />
  <meta name='ocr-system' content='tesseract 3.04.00' />
  <meta name='ocr-capabilities' content='ocr_page ocr_carea ocr_par ocr_line ocrx_word'/>
</head>
<body>
  <div class='ocr_page' id='page_1' title='image "./bibliasacravulga00helzuoft_0188.png"; bbox 0 0 2356 3760; ppageno 0'>
   <div class='ocr_carea' id='block_1_1' title="bbox 117 225 258 254">
    <p class='ocr_par' dir='ltr' id='par_1_1' title="bbox 117 225 258 254">
     <span class='ocr_line' id='line_1_1' title="bbox 117 225 258 254; baseline -0.007 -4"><span class='ocrx_word' id='word_1_1' title='bbox 117 225 151 251; x_wconf 89' lang='lat' dir='ltr'>de</span> <span class='ocrx_word' id='word_1_2' title='bbox 173 225 258 254; x_wconf 82' lang='lat' dir='ltr'>mola,</span> 
     </span>
    </p>
   </div>
   <div class='ocr_carea' id='block_1_2' title="bbox 106 345 270 410">
    <p class='ocr_par' dir='ltr' id='par_1_2' title="bbox 106 345 270 410">
     <span class='ocr_line' id='line_1_2' title="bbox 106 345 270 370; baseline -0.006 0"><span class='ocrx_word' id='word_1_3' title='bbox 106 345 141 370; x_wconf 79' lang='lat' dir='ltr'>de</span> <span class='ocrx_word' id='word_1_4' title='bbox 165 345 270 370; x_wconf 82' lang='lat' dir='ltr'>venali-</span> 
     </span>
     <span class='ocr_line' id='line_1_3' title="bbox 140 387 237 410; baseline 0.021 -6"><span class='ocrx_word' id='word_1_5' title='bbox 140 387 237 410; x_wconf 73' lang='lat' dir='ltr'>clario,</span> 
     </span>
    </p>
   </div>
   <div class='ocr_carea' id='block_1_3' title="bbox 117 461 259 492">
    <p class='ocr_par' dir='ltr' id='par_1_3' title="bbox 117 461 259 492">
     <span class='ocr_line' id='line_1_4' title="bbox 117 461 259 492; baseline 0.014 -5"><span class='ocrx_word' id='word_1_6' title='bbox 117 462 150 487; x_wconf 86' lang='lat' dir='ltr'>de</span> <span class='ocrx_word' id='word_1_7' title='bbox 172 461 259 492; x_wconf 66' lang='lat' dir='ltr'>lepra,</span> 
     </span>
    </p>
   </div>
   <div class='ocr_carea' id='block_1_4' title="bbox 102 694 276 725">
    <p class='ocr_par' dir='ltr' id='par_1_4' title="bbox 102 694 276 725">
     <span class='ocr_line' id='line_1_5' title="bbox 102 694 276 725; baseline 0.006 -7"><span class='ocrx_word' id='word_1_8' title='bbox 102 694 136 719; x_wconf 88' lang='lat' dir='ltr'>de</span> <span class='ocrx_word' id='word_1_9' title='bbox 150 695 276 725; x_wconf 76' lang='lat' dir='ltr'>pignore,</span> 
     </span>
    </p>
   </div>
   <div class='ocr_carea' id='block_1_5' title="bbox 100 989 278 1055">
    <p class='ocr_par' dir='ltr' id='par_1_5' title="bbox 100 989 278 1055">
     <span class='ocr_line' id='line_1_6' title="bbox 100 989 278 1014; baseline 0 -1"><span class='ocrx_word' id='word_1_10' title='bbox 100 989 134 1013; x_wconf 84' lang='lat' dir='ltr'>de</span> <span class='ocrx_word' id='word_1_11' title='bbox 151 989 278 1014; x_wconf 78' lang='lat' dir='ltr'>mercede</span> 
     </span>
     <span class='ocr_line' id='line_1_7' title="bbox 119 1031 259 1055; baseline 0.014 -8"><span class='ocrx_word' id='word_1_12' title='bbox 119 1031 259 1055; x_wconf 59' lang='lat' dir='ltr'>pauperis³</span> 
     </span>
    </p>
   </div>
   <div class='ocr_carea' id='block_1_6' title="bbox 101 1223 278 1287">
    <p class='ocr_par' dir='ltr' id='par_1_6' title="bbox 101 1223 278 1287">
     <span class='ocr_line' id='line_1_8' title="bbox 101 1223 278 1247; baseline 0.006 -1"><span class='ocrx_word' id='word_1_13' title='bbox 101 1223 134 1247; x_wconf 85' lang='lat' dir='ltr'>de</span> <span class='ocrx_word' id='word_1_14' title='bbox 149 1223 278 1247; x_wconf 70' lang='lat' dir='ltr'>occiden—</span> 
     </span>
     <span class='ocr_line' id='line_1_9' title="bbox 163 1258 214 1287; baseline 0.02 -6"><span class='ocrx_word' id='word_1_15' title='bbox 163 1258 214 1287; x_wconf 72' lang='lat' dir='ltr'>dis,</span> 
     </span>
    </p>
   </div>
   <div class='ocr_carea' id='block_1_7' title="bbox 103 1340 276 1436">
    <p class='ocr_par' dir='ltr' id='par_1_7' title="bbox 103 1340 276 1436">
     <span class='ocr_line' id='line_1_10' title="bbox 103 1340 276 1366; baseline 0.012 -2"><span class='ocrx_word' id='word_1_16' title='bbox 103 1340 137 1365; x_wconf 89' lang='lat' dir='ltr'>de</span> <span class='ocrx_word' id='word_1_17' title='bbox 155 1340 276 1366; x_wconf 73' lang='lat' dir='ltr'>advena.</span> 
     </span>
     <span class='ocr_line' id='line_1_11' title="bbox 131 1375 249 1405; baseline 0.008 -6"><span class='ocrx_word' id='word_1_18' title='bbox 131 1375 249 1405; x_wconf 80' lang='lat' dir='ltr'>pupillo.</span> 
     </span>
     <span class='ocr_line' id='line_1_12' title="bbox 143 1411 238 1436; baseline 0.032 -3"><span class='ocrx_word' id='word_1_19' title='bbox 143 1411 238 1436; x_wconf 77' lang='lat' dir='ltr'>vidua.</span> 
     </span>
    </p>
   </div>
   <div class='ocr_carea' id='block_1_8' title="bbox 97 1522 288 1623">
    <p class='ocr_par' dir='ltr' id='par_1_8' title="bbox 97 1522 288 1623">
     <span class='ocr_line' id='line_1_13' title="bbox 97 1522 288 1552; baseline 0.005 -6"><span class='ocrx_word' id='word_1_20' title='bbox 97 1522 131 1547; x_wconf 85' lang='lat' dir='ltr'>de</span> <span class='ocrx_word' id='word_1_21' title='bbox 141 1522 288 1552; x_wconf 73' lang='lat' dir='ltr'>spicilegio</span> 
     </span>
     <span class='ocr_line' id='line_1_14' title="bbox 128 1560 253 1582; baseline -0.016 0"><span class='ocrx_word' id='word_1_22' title='bbox 128 1560 155 1582; x_wconf 80' lang='lat' dir='ltr'>et</span> <span class='ocrx_word' id='word_1_23' title='bbox 179 1564 253 1582; x_wconf 81' lang='lat' dir='ltr'>raee-</span> 
     </span>
     <span class='ocr_line' id='line_1_15' title="bbox 123 1593 260 1623; baseline 0 -6"><span class='ocrx_word' id='word_1_24' title='bbox 123 1593 260 1623; x_wconf 77' lang='lat' dir='ltr'>matione,</span> 
     </span>
    </p>
   </div>
   <div class='ocr_carea' id='block_1_9' title="bbox 116 1933 267 1999">
    <p class='ocr_par' dir='ltr' id='par_1_9' title="bbox 116 1933 267 1999">
     <span class='ocr_line' id='line_1_16' title="bbox 116 1933 267 1964; baseline 0 -6"><span class='ocrx_word' id='word_1_25' title='bbox 116 1933 150 1958; x_wconf 90' lang='lat' dir='ltr'>de</span> <span class='ocrx_word' id='word_1_26' title='bbox 174 1933 267 1964; x_wconf 74' lang='lat' dir='ltr'>flagel-</span> 
     </span>
     <span class='ocr_line' id='line_1_17' title="bbox 133 1969 249 1999; baseline 0.009 -6"><span class='ocrx_word' id='word_1_27' title='bbox 133 1969 249 1999; x_wconf 79' lang='lat' dir='ltr'>latione,</span> 
     </span>
    </p>
   </div>
   <div class='ocr_carea' id='block_1_10' title="bbox 92 2282 295 2347">
    <p class='ocr_par' dir='ltr' id='par_1_10' title="bbox 92 2282 295 2347">
     <span class='ocr_line' id='line_1_18' title="bbox 92 2282 295 2307; baseline -0.005 0"><span class='ocrx_word' id='word_1_28' title='bbox 92 2282 127 2307; x_wconf 87' lang='lat' dir='ltr'>de</span> <span class='ocrx_word' id='word_1_29' title='bbox 151 2282 223 2307; x_wconf 83' lang='lat' dir='ltr'>bove</span> <span class='ocrx_word' id='word_1_30' title='bbox 245 2283 295 2307; x_wconf 77' lang='lat' dir='ltr'>tri-</span> 
     </span>
     <span class='ocr_line' id='line_1_19' title="bbox 130 2319 255 2347; baseline 0.008 -6"><span class='ocrx_word' id='word_1_31' title='bbox 130 2319 255 2347; x_wconf 75' lang='lat' dir='ltr'>tutante,</span> 
     </span>
    </p>
   </div>
   <div class='ocr_carea' id='block_1_11' title="bbox 102 2365 287 2466">
    <p class='ocr_par' dir='ltr' id='par_1_11' title="bbox 102 2365 287 2466">
     <span class='ocr_line' id='line_1_20' title="bbox 116 2365 272 2390; baseline 0 -1"><span class='ocrx_word' id='word_1_32' title='bbox 116 2365 150 2390; x_wconf 86' lang='lat' dir='ltr'>dc</span> <span class='ocrx_word' id='word_1_33' title='bbox 174 2366 272 2389; x_wconf 77' lang='lat' dir='ltr'>matri-</span> 
     </span>
     <span class='ocr_line' id='line_1_21' title="bbox 102 2400 287 2426; baseline 0 -1"><span class='ocrx_word' id='word_1_34' title='bbox 102 2401 198 2425; x_wconf 87' lang='lat' dir='ltr'>monio</span> <span class='ocrx_word' id='word_1_35' title='bbox 219 2400 287 2426; x_wconf 78' lang='lat' dir='ltr'>levi-</span> 
     </span>
     <span class='ocr_line' id='line_1_22' title="bbox 152 2438 240 2466; baseline 0 -6"><span class='ocrx_word' id='word_1_36' title='bbox 152 2438 240 2466; x_wconf 75' lang='lat' dir='ltr'>satus,</span> 
     </span>
    </p>
   </div>
   <div class='ocr_carea' id='block_1_12' title="bbox 98 2992 296 3091">
    <p class='ocr_par' dir='ltr' id='par_1_12' title="bbox 98 2992 296 3091">
     <span class='ocr_line' id='line_1_23' title="bbox 118 2992 273 3021; baseline 0 -6"><span class='ocrx_word' id='word_1_37' title='bbox 118 2992 152 3017; x_wconf 85' lang='lat' dir='ltr'>de</span> <span class='ocrx_word' id='word_1_38' title='bbox 173 2997 273 3021; x_wconf 73' lang='lat' dir='ltr'>appre-</span> 
     </span>
     <span class='ocr_line' id='line_1_24' title="bbox 129 3027 264 3051; baseline 0 0"><span class='ocrx_word' id='word_1_39' title='bbox 129 3027 264 3051; x_wconf 63' lang='lat' dir='ltr'>nens-ione</span> 
     </span>
     <span class='ocr_line' id='line_1_25' title="bbox 98 3062 296 3091; baseline -0.005 -5"><span class='ocrx_word' id='word_1_40' title='bbox 98 3062 296 3091; x_wconf 71' lang='lat' dir='ltr'>verendorum,</span> 
     </span>
    </p>
   </div>
   <div class='ocr_carea' id='block_1_13' title="bbox 109 3224 285 3289">
    <p class='ocr_par' dir='ltr' id='par_1_13' title="bbox 109 3224 285 3289">
     <span class='ocr_line' id='line_1_26' title="bbox 109 3224 285 3254; baseline -0.006 -6"><span class='ocrx_word' id='word_1_41' title='bbox 109 3224 143 3249; x_wconf 85' lang='lat' dir='ltr'>de</span> <span class='ocrx_word' id='word_1_42' title='bbox 161 3224 285 3254; x_wconf 64' lang='lat' dir='ltr'>pondorf·</span> 
     </span>
     <span class='ocr_line' id='line_1_27' title="bbox 119 3259 275 3289; baseline -0.013 -4"><span class='ocrx_word' id='word_1_43' title='bbox 119 3261 148 3285; x_wconf 84' lang='lat' dir='ltr'>et</span> <span class='ocrx_word' id='word_1_44' title='bbox 170 3259 275 3289; x_wconf 81' lang='lat' dir='ltr'>modio,</span> 
     </span>
    </p>
   </div>
   <div class='ocr_carea' id='block_1_14' title="bbox 294 130 2212 176">
    <p class='ocr_par' dir='ltr' id='par_1_14' title="bbox 294 130 2212 176">
     <span class='ocr_line' id='line_1_28' title="bbox 294 130 2212 176; baseline 0.003 -12"><span class='ocrx_word' id='word_1_45' title='bbox 294 135 368 175; x_wconf 81' lang='lat'>164</span> <span class='ocrx_word' id='word_1_46' title='bbox 1145 130 1295 165; x_wconf 86' lang='lat' dir='ltr'>LIBER</span> <span class='ocrx_word' id='word_1_47' title='bbox 1941 135 1995 175; x_wconf 82' lang='lat'>24,</span> <span class='ocrx_word' id='word_1_48' title='bbox 2020 135 2144 176; x_wconf 83' lang='grc'>6-25,</span> <span class='ocrx_word' id='word_1_49' title='bbox 2170 135 2212 169; x_wconf 84' lang='grc'>15</span> 
     </span>
    </p>
   </div>
   <div class='ocr_carea' id='block_1_15' title="bbox 295 223 2219 3341">
    <p class='ocr_par' dir='ltr' id='par_1_15' title="bbox 295 223 2212 338">
     <span class='ocr_line' id='line_1_29' title="bbox 402 223 2212 280; baseline 0.001 -14"><span class='ocrx_word' id='word_1_50' title='bbox 402 227 417 249; x_wconf 77' lang='lat'><strong>⁶</strong></span> <span class='ocrx_word' id='word_1_51' title='bbox 446 226 538 267; x_wconf 89' lang='lat' dir='ltr'>Non</span> <span class='ocrx_word' id='word_1_52' title='bbox 567 224 737 277; x_wconf 81' lang='lat' dir='ltr'>accipies</span> <span class='ocrx_word' id='word_1_53' title='bbox 765 224 852 265; x_wconf 93' lang='lat' dir='ltr'>loco</span> <span class='ocrx_word' id='word_1_54' title='bbox 881 223 1060 277; x_wconf 84' lang='lat' dir='ltr'>pignoris</span> <span class='ocrx_word' id='word_1_55' title='bbox 1088 224 1330 272; x_wconf 83' lang='lat' dir='ltr'>inferiorem,</span> <span class='ocrx_word' id='word_1_56' title='bbox 1361 228 1403 264; x_wconf 90' lang='lat' dir='ltr'>et</span> <span class='ocrx_word' id='word_1_57' title='bbox 1429 224 1677 277; x_wconf 88' lang='lat' dir='ltr'>superiorem</span> <span class='ocrx_word' id='word_1_58' title='bbox 1705 225 1890 266; x_wconf 57' lang='lat' dir='ltr'>molani:</span> <span class='ocrx_word' id='word_1_59' title='bbox 1909 228 2005 280; x_wconf 91' lang='lat' dir='ltr'>quia</span> <span class='ocrx_word' id='word_1_60' title='bbox 2032 228 2212 269; x_wconf 85' lang='lat' dir='ltr'>animam</span> 
     </span>
     <span class='ocr_line' id='line_1_30' title="bbox 295 283 748 338; baseline -0.007 -13"><span class='ocrx_word' id='word_1_61' title='bbox 295 297 410 325; x_wconf 82' lang='lat' dir='ltr'>suam</span> <span class='ocrx_word' id='word_1_62' title='bbox 441 283 633 338; x_wconf 87' lang='lat' dir='ltr'>opposuit</span> <span class='ocrx_word' id='word_1_63' title='bbox 662 283 748 323; x_wconf 90' lang='lat' dir='ltr'>tibi.</span> 
     </span>
    </p>

    <p class='ocr_par' dir='ltr' id='par_1_16' title="bbox 296 340 2212 454">
     <span class='ocr_line' id='line_1_31' title="bbox 403 340 2212 395; baseline 0.002 -12"><span class='ocrx_word' id='word_1_64' title='bbox 403 345 416 366; x_wconf 70' lang='grc'>1</span> <span class='ocrx_word' id='word_1_65' title='bbox 438 344 478 383; x_wconf 85' lang='lat' dir='ltr'>Si</span> <span class='ocrx_word' id='word_1_66' title='bbox 499 342 770 395; x_wconf 86' lang='lat' dir='ltr'>deprehensus</span> <span class='ocrx_word' id='word_1_67' title='bbox 792 340 915 381; x_wconf 83' lang='lat' dir='ltr'>fuerit</span> <span class='ocrx_word' id='word_1_68' title='bbox 934 340 1056 381; x_wconf 92' lang='lat' dir='ltr'>homo</span> <span class='ocrx_word' id='word_1_69' title='bbox 1077 340 1283 381; x_wconf 77' lang='lat' dir='ltr'>solieitans</span> <span class='ocrx_word' id='word_1_70' title='bbox 1305 341 1474 381; x_wconf 80' lang='lat' dir='ltr'>fratrem</span> <span class='ocrx_word' id='word_1_71' title='bbox 1495 353 1614 380; x_wconf 74' lang='lat' dir='ltr'>suum</span> <span class='ocrx_word' id='word_1_72' title='bbox 1636 341 1684 381; x_wconf 91' lang='lat' dir='ltr'>de</span> <span class='ocrx_word' id='word_1_73' title='bbox 1708 342 1798 383; x_wconf 89' lang='lat' dir='ltr'>filiis</span> <span class='ocrx_word' id='word_1_74' title='bbox 1823 343 1958 393; x_wconf 87' lang='lat' dir='ltr'>lsrael,</span> <span class='ocrx_word' id='word_1_75' title='bbox 1982 349 2023 385; x_wconf 91' lang='lat' dir='ltr'>et</span> <span class='ocrx_word' id='word_1_76' title='bbox 2043 345 2212 386; x_wconf 89' lang='lat' dir='ltr'>vendito</span> 
     </span>
     <span class='ocr_line' id='line_1_32' title="bbox 296 399 1868 454; baseline 0.001 -13"><span class='ocrx_word' id='word_1_77' title='bbox 296 416 342 443; x_wconf 86' lang='lat' dir='ltr'>eo</span> <span class='ocrx_word' id='word_1_78' title='bbox 371 401 570 454; x_wconf 85' lang='lat' dir='ltr'>acceperit</span> <span class='ocrx_word' id='word_1_79' title='bbox 596 400 786 453; x_wconf 88' lang='lat' dir='ltr'>pretium,</span> <span class='ocrx_word' id='word_1_80' title='bbox 816 399 1094 444; x_wconf 85' lang='lat' dir='ltr'>interficietur,</span> <span class='ocrx_word' id='word_1_81' title='bbox 1124 404 1165 439; x_wconf 89' lang='lat' dir='ltr'>et</span> <span class='ocrx_word' id='word_1_82' title='bbox 1192 400 1347 439; x_wconf 78' lang='lat' dir='ltr'>auferes</span> <span class='ocrx_word' id='word_1_83' title='bbox 1376 399 1530 439; x_wconf 87' lang='lat' dir='ltr'>malum</span> <span class='ocrx_word' id='word_1_84' title='bbox 1558 399 1607 440; x_wconf 89' lang='lat' dir='ltr'>de</span> <span class='ocrx_word' id='word_1_85' title='bbox 1636 400 1768 441; x_wconf 91' lang='lat' dir='ltr'>medio</span> <span class='ocrx_word' id='word_1_86' title='bbox 1796 402 1868 443; x_wconf 92' lang='lat' dir='ltr'>tui.</span> 
     </span>
    </p>

    <p class='ocr_par' dir='ltr' id='par_1_17' title="bbox 295 457 2214 690">
     <span class='ocr_line' id='line_1_33' title="bbox 403 457 2214 515; baseline 0.002 -15"><span class='ocrx_word' id='word_1_87' title='bbox 403 465 417 483; x_wconf 65' lang='lat'><strong>⁵</strong></span> <span class='ocrx_word' id='word_1_88' title='bbox 437 461 621 501; x_wconf 85' lang='lat' dir='ltr'>Observa</span> <span class='ocrx_word' id='word_1_89' title='bbox 639 458 852 511; x_wconf 86' lang='lat' dir='ltr'>diligenter</span> <span class='ocrx_word' id='word_1_90' title='bbox 872 471 920 498; x_wconf 89' lang='lat' dir='ltr'>ne</span> <span class='ocrx_word' id='word_1_91' title='bbox 941 458 1119 498; x_wconf 73' lang='lat' dir='ltr'>incurras</span> <span class='ocrx_word' id='word_1_92' title='bbox 1141 457 1302 511; x_wconf 80' lang='lat' dir='ltr'>plagam</span> <span class='ocrx_word' id='word_1_93' title='bbox 1322 458 1454 511; x_wconf 83' lang='lat' dir='ltr'>leprae,</span> <span class='ocrx_word' id='word_1_94' title='bbox 1476 458 1545 498; x_wconf 88' lang='lat' dir='ltr'>sed</span> <span class='ocrx_word' id='word_1_95' title='bbox 1565 457 1688 499; x_wconf 84' lang='lat' dir='ltr'>facies</span> <span class='ocrx_word' id='word_1_96' title='bbox 1709 472 1976 515; x_wconf 84' lang='lat' dir='ltr'>quaecumque</span> <span class='ocrx_word' id='word_1_97' title='bbox 1996 462 2214 503; x_wconf 78' lang='lat' dir='ltr'>docuerint</span> 
     </span>
     <span class='ocr_line' id='line_1_34' title="bbox 295 516 2213 571; baseline 0.002 -12"><span class='ocrx_word' id='word_1_98' title='bbox 295 525 334 560; x_wconf 86' lang='lat' dir='ltr'>te</span> <span class='ocrx_word' id='word_1_99' title='bbox 359 519 587 559; x_wconf 80' lang='lat' dir='ltr'>sacerdotes</span> <span class='ocrx_word' id='word_1_100' title='bbox 612 517 782 558; x_wconf 81' lang='lat' dir='ltr'>Levitici</span> <span class='ocrx_word' id='word_1_101' title='bbox 807 516 961 567; x_wconf 83' lang='lat' dir='ltr'>generis</span> <span class='ocrx_word' id='word_1_102' title='bbox 987 517 1104 557; x_wconf 85' lang='lat' dir='ltr'>iuxta</span> <span class='ocrx_word' id='word_1_103' title='bbox 1127 517 1179 565; x_wconf 89' lang='lat' dir='ltr'>id,</span> <span class='ocrx_word' id='word_1_104' title='bbox 1208 517 1317 570; x_wconf 94' lang='lat' dir='ltr'>quod</span> <span class='ocrx_word' id='word_1_105' title='bbox 1344 517 1514 570; x_wconf 79' lang='lat' dir='ltr'>praecepi</span> <span class='ocrx_word' id='word_1_106' title='bbox 1539 517 1605 565; x_wconf 88' lang='lat' dir='ltr'>eis,</span> <span class='ocrx_word' id='word_1_107' title='bbox 1633 522 1674 557; x_wconf 90' lang='lat' dir='ltr'>et</span> <span class='ocrx_word' id='word_1_108' title='bbox 1698 517 1819 571; x_wconf 83' lang='lat' dir='ltr'>imple</span> <span class='ocrx_word' id='word_1_109' title='bbox 1843 519 2010 562; x_wconf 91' lang='lat' dir='ltr'>solicite.</span> <span class='ocrx_word' id='word_1_110' title='bbox 2067 522 2083 545; x_wconf 82' lang='lat'>⁹</span> <span class='ocrx_word' id='word_1_111' title='bbox 2111 520 2213 561; x_wconf 74' lang='lat' dir='ltr'>aMe-</span> 
     </span>
     <span class='ocr_line' id='line_1_35' title="bbox 296 575 2214 630; baseline 0.001 -12"><span class='ocrx_word' id='word_1_112' title='bbox 296 583 476 619; x_wconf 83' lang='lat' dir='ltr'>mentote</span> <span class='ocrx_word' id='word_1_113' title='bbox 512 590 601 630; x_wconf 72' lang='lat' dir='ltr'>quae</span> <span class='ocrx_word' id='word_1_114' title='bbox 634 576 774 617; x_wconf 82' lang='lat' dir='ltr'>fecerit</span> <span class='ocrx_word' id='word_1_115' title='bbox 812 575 1007 616; x_wconf 80' lang='lat' dir='ltr'>Dominus</span> <span class='ocrx_word' id='word_1_116' title='bbox 1046 576 1151 615; x_wconf 85' lang='lat' dir='ltr'>Deus</span> <span class='ocrx_word' id='word_1_117' title='bbox 1187 580 1321 616; x_wconf 90' lang='lat' dir='ltr'>vester</span> <span class='ocrx_word' id='word_1_118' title='bbox 1354 576 1491 616; x_wconf 78' lang='lat' dir='ltr'>Mariae</span> <span class='ocrx_word' id='word_1_119' title='bbox 1524 575 1564 615; x_wconf 91' lang='lat' dir='ltr'>in</span> <span class='ocrx_word' id='word_1_120' title='bbox 1599 576 1666 616; x_wconf 90' lang='lat' dir='ltr'>via</span> <span class='ocrx_word' id='word_1_121' title='bbox 1699 589 1791 616; x_wconf 86' lang='lat' dir='ltr'>cum</span> <span class='ocrx_word' id='word_1_122' title='bbox 1825 578 2115 630; x_wconf 74' lang='lat' dir='ltr'>egrederemini</span> <span class='ocrx_word' id='word_1_123' title='bbox 2165 579 2214 619; x_wconf 91' lang='lat' dir='ltr'>de</span> 
     </span>
     <span class='ocr_line' id='line_1_36' title="bbox 299 638 489 690; baseline -0.005 -13"><span class='ocrx_word' id='word_1_124' title='bbox 299 638 489 690; x_wconf 66' lang='lat' dir='ltr'>Egypto.</span> 
     </span>
    </p>

    <p class='ocr_par' dir='ltr' id='par_1_18' title="bbox 295 693 2215 971">
     <span class='ocr_line' id='line_1_37' title="bbox 404 693 2214 749; baseline 0.002 -15"><span class='ocrx_word' id='word_1_125' title='bbox 404 697 437 719; x_wconf 89' lang='lat'>¹⁰</span> <span class='ocrx_word' id='word_1_126' title='bbox 462 696 563 735; x_wconf 70' lang='lat' dir='ltr'>Cum</span> <span class='ocrx_word' id='word_1_127' title='bbox 587 700 744 747; x_wconf 79' lang='lat' dir='ltr'>repetes</span> <span class='ocrx_word' id='word_1_128' title='bbox 771 707 794 732; x_wconf 90' lang='lat' dir='ltr'>a</span> <span class='ocrx_word' id='word_1_129' title='bbox 820 693 1004 746; x_wconf 82' lang='lat' dir='ltr'>proximo</span> <span class='ocrx_word' id='word_1_130' title='bbox 1031 699 1102 733; x_wconf 90' lang='lat' dir='ltr'>tuo</span> <span class='ocrx_word' id='word_1_131' title='bbox 1128 706 1212 733; x_wconf 86' lang='lat' dir='ltr'>rem</span> <span class='ocrx_word' id='word_1_132' title='bbox 1238 693 1430 746; x_wconf 75' lang='lat' dir='ltr'>aliquam,</span> <span class='ocrx_word' id='word_1_133' title='bbox 1459 706 1583 746; x_wconf 88' lang='lat' dir='ltr'>quam</span> <span class='ocrx_word' id='word_1_134' title='bbox 1609 693 1731 734; x_wconf 89' lang='lat' dir='ltr'>debet</span> <span class='ocrx_word' id='word_1_135' title='bbox 1757 695 1843 741; x_wconf 89' lang='lat' dir='ltr'>tibi,</span> <span class='ocrx_word' id='word_1_136' title='bbox 1872 708 1952 736; x_wconf 93' lang='lat' dir='ltr'>non</span> <span class='ocrx_word' id='word_1_137' title='bbox 1978 696 2214 749; x_wconf 80' lang='lat' dir='ltr'>ingredieris</span> 
     </span>
     <span class='ocr_line' id='line_1_38' title="bbox 296 751 2212 807; baseline 0.001 -12"><span class='ocrx_word' id='word_1_138' title='bbox 296 754 464 795; x_wconf 89' lang='lat' dir='ltr'>domum</span> <span class='ocrx_word' id='word_1_139' title='bbox 482 754 565 793; x_wconf 88' lang='lat' dir='ltr'>eius</span> <span class='ocrx_word' id='word_1_140' title='bbox 584 758 629 793; x_wconf 85' lang='lat' dir='ltr'>ut</span> <span class='ocrx_word' id='word_1_141' title='bbox 648 753 792 805; x_wconf 78' lang='lat' dir='ltr'>pignus</span> <span class='ocrx_word' id='word_1_142' title='bbox 811 752 989 792; x_wconf 81' lang='lat' dir='ltr'>auferas:</span> <span class='ocrx_word' id='word_1_143' title='bbox 1038 754 1067 775; x_wconf 94' lang='lat'>¹¹</span> <span class='ocrx_word' id='word_1_144' title='bbox 1085 752 1155 792; x_wconf 85' lang='lat' dir='ltr'>sed</span> <span class='ocrx_word' id='word_1_145' title='bbox 1172 752 1300 792; x_wconf 89' lang='lat' dir='ltr'>stabis</span> <span class='ocrx_word' id='word_1_146' title='bbox 1319 752 1427 797; x_wconf 86' lang='lat' dir='ltr'>foris,</span> <span class='ocrx_word' id='word_1_147' title='bbox 1448 757 1489 792; x_wconf 86' lang='lat' dir='ltr'>et</span> <span class='ocrx_word' id='word_1_148' title='bbox 1506 751 1571 792; x_wconf 91' lang='lat' dir='ltr'>ille</span> <span class='ocrx_word' id='word_1_149' title='bbox 1590 752 1663 792; x_wconf 92' lang='lat' dir='ltr'>tibi</span> <span class='ocrx_word' id='word_1_150' title='bbox 1682 754 1860 806; x_wconf 78' lang='lat' dir='ltr'>proferet</span> <span class='ocrx_word' id='word_1_151' title='bbox 1879 755 1990 807; x_wconf 89' lang='lat' dir='ltr'>quod</span> <span class='ocrx_word' id='word_1_152' title='bbox 2007 754 2212 796; x_wconf 79' lang='lat' dir='ltr'>habuerit.</span> 
     </span>
     <span class='ocr_line' id='line_1_39' title="bbox 298 811 2214 864; baseline 0.001 -11"><span class='ocrx_word' id='word_1_153' title='bbox 298 815 328 838; x_wconf 78' lang='lat'>¹²</span> <span class='ocrx_word' id='word_1_154' title='bbox 358 813 417 853; x_wconf 90' lang='lat' dir='ltr'>sin</span> <span class='ocrx_word' id='word_1_155' title='bbox 449 818 587 852; x_wconf 86' lang='lat' dir='ltr'>autem</span> <span class='ocrx_word' id='word_1_156' title='bbox 618 823 773 864; x_wconf 87' lang='lat' dir='ltr'>pauper</span> <span class='ocrx_word' id='word_1_157' title='bbox 802 816 874 857; x_wconf 85' lang='lat' dir='ltr'>est,</span> <span class='ocrx_word' id='word_1_158' title='bbox 908 824 988 852; x_wconf 92' lang='lat' dir='ltr'>non</span> <span class='ocrx_word' id='word_1_159' title='bbox 1018 811 1279 864; x_wconf 87' lang='lat' dir='ltr'>pernoctabit</span> <span class='ocrx_word' id='word_1_160' title='bbox 1309 811 1419 864; x_wconf 84' lang='lat' dir='ltr'>apud</span> <span class='ocrx_word' id='word_1_161' title='bbox 1451 816 1489 851; x_wconf 91' lang='lat' dir='ltr'>te</span> <span class='ocrx_word' id='word_1_162' title='bbox 1518 811 1676 864; x_wconf 80' lang='lat' dir='ltr'>pignus,</span> <span class='ocrx_word' id='word_1_163' title='bbox 1737 813 1768 836; x_wconf 82' lang='lat'>¹³</span> <span class='ocrx_word' id='word_1_164' title='bbox 1797 813 1868 853; x_wconf 89' lang='lat' dir='ltr'>sed</span> <span class='ocrx_word' id='word_1_165' title='bbox 1897 813 2041 854; x_wconf 88' lang='lat' dir='ltr'>statim</span> <span class='ocrx_word' id='word_1_166' title='bbox 2069 813 2214 854; x_wconf 85' lang='lat' dir='ltr'>reddes</span> 
     </span>
     <span class='ocr_line' id='line_1_40' title="bbox 295 870 2215 921; baseline 0.001 -9"><span class='ocrx_word' id='word_1_167' title='bbox 295 872 328 912; x_wconf 86' lang='lat' dir='ltr'>ei</span> <span class='ocrx_word' id='word_1_168' title='bbox 360 880 455 912; x_wconf 88' lang='lat' dir='ltr'>ante</span> <span class='ocrx_word' id='word_1_169' title='bbox 485 870 578 911; x_wconf 88' lang='lat' dir='ltr'>solis</span> <span class='ocrx_word' id='word_1_170' title='bbox 610 883 816 910; x_wconf 77' lang='lat' dir='ltr'>occasum:</span> <span class='ocrx_word' id='word_1_171' title='bbox 850 875 894 910; x_wconf 86' lang='lat' dir='ltr'>ut</span> <span class='ocrx_word' id='word_1_172' title='bbox 926 870 1128 910; x_wconf 81' lang='lat' dir='ltr'>dormiens</span> <span class='ocrx_word' id='word_1_173' title='bbox 1159 870 1199 909; x_wconf 92' lang='lat' dir='ltr'>in</span> <span class='ocrx_word' id='word_1_174' title='bbox 1230 870 1477 910; x_wconf 85' lang='lat' dir='ltr'>vestimento</span> <span class='ocrx_word' id='word_1_175' title='bbox 1508 883 1592 914; x_wconf 84' lang='lat' dir='ltr'>suo,</span> <span class='ocrx_word' id='word_1_176' title='bbox 1627 870 1842 911; x_wconf 80' lang='lat' dir='ltr'>benedicat</span> <span class='ocrx_word' id='word_1_177' title='bbox 1872 871 1959 921; x_wconf 87' lang='lat' dir='ltr'>tibi,</span> <span class='ocrx_word' id='word_1_178' title='bbox 1992 877 2033 913; x_wconf 89' lang='lat' dir='ltr'>et</span> <span class='ocrx_word' id='word_1_179' title='bbox 2062 872 2215 913; x_wconf 86' lang='lat' dir='ltr'>habeas</span> 
     </span>
     <span class='ocr_line' id='line_1_41' title="bbox 300 929 1104 971; baseline 0 -1"><span class='ocrx_word' id='word_1_180' title='bbox 300 931 499 971; x_wconf 80' lang='lat' dir='ltr'>iustitiam</span> <span class='ocrx_word' id='word_1_181' title='bbox 530 943 665 970; x_wconf 85' lang='lat' dir='ltr'>coram</span> <span class='ocrx_word' id='word_1_182' title='bbox 695 929 872 969; x_wconf 86' lang='lat' dir='ltr'>Domino</span> <span class='ocrx_word' id='word_1_183' title='bbox 905 930 989 969; x_wconf 89' lang='lat' dir='ltr'>Deo</span> <span class='ocrx_word' id='word_1_184' title='bbox 1021 933 1104 970; x_wconf 91' lang='lat' dir='ltr'>tuo.</span> 
     </span>
    </p>

    <p class='ocr_par' dir='ltr' id='par_1_19' title="bbox 297 988 2213 1219">
     <span class='ocr_line' id='line_1_42' title="bbox 402 988 2212 1041; baseline 0.001 -13"><span class='ocrx_word' id='word_1_185' title='bbox 402 992 431 1013; x_wconf 76' lang='lat'>¹⁴</span> <span class='ocrx_word' id='word_1_186' title='bbox 467 989 579 1029; x_wconf 86' lang='lat' dir='ltr'>bNon</span> <span class='ocrx_word' id='word_1_187' title='bbox 614 988 778 1037; x_wconf 84' lang='lat' dir='ltr'>negabis</span> <span class='ocrx_word' id='word_1_188' title='bbox 813 988 1038 1028; x_wconf 75' lang='lat' dir='ltr'>mercedem</span> <span class='ocrx_word' id='word_1_189' title='bbox 1071 988 1302 1041; x_wconf 76' lang='lat' dir='ltr'>indigentiS,</span> <span class='ocrx_word' id='word_1_190' title='bbox 1338 992 1379 1028; x_wconf 90' lang='lat' dir='ltr'>et</span> <span class='ocrx_word' id='word_1_191' title='bbox 1411 988 1600 1041; x_wconf 86' lang='lat' dir='ltr'>pauperis</span> <span class='ocrx_word' id='word_1_192' title='bbox 1633 988 1770 1028; x_wconf 81' lang='lat' dir='ltr'>fratris</span> <span class='ocrx_word' id='word_1_193' title='bbox 1804 989 1876 1033; x_wconf 82' lang='lat' dir='ltr'>tui,</span> <span class='ocrx_word' id='word_1_194' title='bbox 1912 989 1997 1030; x_wconf 88' lang='lat' dir='ltr'>sive</span> <span class='ocrx_word' id='word_1_195' title='bbox 2030 990 2212 1038; x_wconf 84' lang='lat' dir='ltr'>advenae,</span> 
     </span>
     <span class='ocr_line' id='line_1_43' title="bbox 298 1047 2213 1101; baseline 0.001 -13"><span class='ocrx_word' id='word_1_196' title='bbox 298 1049 366 1101; x_wconf 90' lang='lat' dir='ltr'>qui</span> <span class='ocrx_word' id='word_1_197' title='bbox 393 1053 528 1088; x_wconf 77' lang='lat' dir='ltr'>tecum</span> <span class='ocrx_word' id='word_1_198' title='bbox 557 1052 740 1087; x_wconf 88' lang='lat' dir='ltr'>moratur</span> <span class='ocrx_word' id='word_1_199' title='bbox 766 1047 803 1086; x_wconf 93' lang='lat' dir='ltr'>in</span> <span class='ocrx_word' id='word_1_200' title='bbox 832 1052 950 1091; x_wconf 89' lang='lat' dir='ltr'>terra,</span> <span class='ocrx_word' id='word_1_201' title='bbox 979 1052 1020 1086; x_wconf 92' lang='lat' dir='ltr'>et</span> <span class='ocrx_word' id='word_1_202' title='bbox 1046 1047 1153 1087; x_wconf 89' lang='lat' dir='ltr'>intra</span> <span class='ocrx_word' id='word_1_203' title='bbox 1178 1051 1318 1100; x_wconf 88' lang='lat' dir='ltr'>portas</span> <span class='ocrx_word' id='word_1_204' title='bbox 1345 1051 1437 1087; x_wconf 88' lang='lat' dir='ltr'>tuas</span> <span class='ocrx_word' id='word_1_205' title='bbox 1464 1052 1542 1087; x_wconf 78' lang='lat' dir='ltr'>est:</span> <span class='ocrx_word' id='word_1_206' title='bbox 1598 1048 1629 1070; x_wconf 84' lang='lat'>¹⁵</span> <span class='ocrx_word' id='word_1_207' title='bbox 1654 1047 1726 1087; x_wconf 92' lang='lat' dir='ltr'>sed</span> <span class='ocrx_word' id='word_1_208' title='bbox 1751 1047 1893 1088; x_wconf 87' lang='lat' dir='ltr'>eadem</span> <span class='ocrx_word' id='word_1_209' title='bbox 1920 1048 1983 1089; x_wconf 91' lang='lat' dir='ltr'>dic</span> <span class='ocrx_word' id='word_1_210' title='bbox 2008 1049 2152 1090; x_wconf 82' lang='lat' dir='ltr'>reddes</span> <span class='ocrx_word' id='word_1_211' title='bbox 2179 1049 2213 1089; x_wconf 90' lang='lat' dir='ltr'>ei</span> 
     </span>
     <span class='ocr_line' id='line_1_44' title="bbox 297 1105 2213 1160; baseline 0.001 -13"><span class='ocrx_word' id='word_1_212' title='bbox 297 1107 471 1160; x_wconf 84' lang='lat' dir='ltr'>pretium</span> <span class='ocrx_word' id='word_1_213' title='bbox 493 1106 642 1146; x_wconf 85' lang='lat' dir='ltr'>laboris</span> <span class='ocrx_word' id='word_1_214' title='bbox 664 1106 725 1146; x_wconf 90' lang='lat' dir='ltr'>sui</span> <span class='ocrx_word' id='word_1_215' title='bbox 748 1110 842 1146; x_wconf 85' lang='lat' dir='ltr'>ante</span> <span class='ocrx_word' id='word_1_216' title='bbox 865 1105 958 1146; x_wconf 88' lang='lat' dir='ltr'>solis</span> <span class='ocrx_word' id='word_1_217' title='bbox 981 1119 1182 1150; x_wconf 85' lang='lat' dir='ltr'>occa-sum,</span> <span class='ocrx_word' id='word_1_218' title='bbox 1208 1105 1304 1159; x_wconf 89' lang='lat' dir='ltr'>quia</span> <span class='ocrx_word' id='word_1_219' title='bbox 1325 1118 1481 1159; x_wconf 83' lang='lat' dir='ltr'>pauper</span> <span class='ocrx_word' id='word_1_220' title='bbox 1503 1110 1574 1151; x_wconf 90' lang='lat' dir='ltr'>est,</span> <span class='ocrx_word' id='word_1_221' title='bbox 1600 1110 1641 1146; x_wconf 89' lang='lat' dir='ltr'>et</span> <span class='ocrx_word' id='word_1_222' title='bbox 1663 1119 1712 1146; x_wconf 83' lang='lat' dir='ltr'>ex</span> <span class='ocrx_word' id='word_1_223' title='bbox 1734 1119 1779 1147; x_wconf 93' lang='grc'>00</span> <span class='ocrx_word' id='word_1_224' title='bbox 1802 1111 2010 1147; x_wconf 87' lang='lat' dir='ltr'>sustentat</span> <span class='ocrx_word' id='word_1_225' title='bbox 2032 1108 2213 1148; x_wconf 87' lang='lat' dir='ltr'>animam</span> 
     </span>
     <span class='ocr_line' id='line_1_45' title="bbox 297 1164 2002 1219; baseline 0.001 -14"><span class='ocrx_word' id='word_1_226' title='bbox 297 1180 431 1206; x_wconf 82' lang='lat' dir='ltr'>snam:</span> <span class='ocrx_word' id='word_1_227' title='bbox 462 1179 509 1205; x_wconf 89' lang='lat' dir='ltr'>ne</span> <span class='ocrx_word' id='word_1_228' title='bbox 538 1165 686 1205; x_wconf 88' lang='lat' dir='ltr'>clamet</span> <span class='ocrx_word' id='word_1_229' title='bbox 713 1169 857 1205; x_wconf 88' lang='lat' dir='ltr'>contra</span> <span class='ocrx_word' id='word_1_230' title='bbox 882 1169 923 1204; x_wconf 86' lang='lat' dir='ltr'>te</span> <span class='ocrx_word' id='word_1_231' title='bbox 951 1164 1003 1205; x_wconf 91' lang='lat' dir='ltr'>ad</span> <span class='ocrx_word' id='word_1_232' title='bbox 1030 1165 1266 1213; x_wconf 83' lang='lat' dir='ltr'>Dominum,</span> <span class='ocrx_word' id='word_1_233' title='bbox 1297 1169 1337 1205; x_wconf 91' lang='lat' dir='ltr'>et</span> <span class='ocrx_word' id='word_1_234' title='bbox 1364 1169 1578 1218; x_wconf 29' lang='lat' dir='ltr'>res-iutetur</span> <span class='ocrx_word' id='word_1_235' title='bbox 1606 1164 1680 1205; x_wconf 92' lang='lat' dir='ltr'>tibi</span> <span class='ocrx_word' id='word_1_236' title='bbox 1707 1165 1747 1205; x_wconf 91' lang='lat' dir='ltr'>in</span> <span class='ocrx_word' id='word_1_237' title='bbox 1776 1170 2002 1219; x_wconf 86' lang='lat' dir='ltr'>peccatum.</span> 
     </span>
    </p>

    <p class='ocr_par' dir='ltr' id='par_1_20' title="bbox 300 1223 2216 1337">
     <span class='ocr_line' id='line_1_46' title="bbox 402 1223 2216 1279; baseline 0.001 -15"><span class='ocrx_word' id='word_1_238' title='bbox 402 1227 436 1248; x_wconf 72' lang='lat'>¹⁶</span> <span class='ocrx_word' id='word_1_239' title='bbox 473 1225 582 1265; x_wconf 69' lang='lat' dir='ltr'>eNon</span> <span class='ocrx_word' id='word_1_240' title='bbox 614 1224 850 1265; x_wconf 87' lang='lat' dir='ltr'>occidentur</span> <span class='ocrx_word' id='word_1_241' title='bbox 881 1228 1016 1277; x_wconf 91' lang='lat' dir='ltr'>patres</span> <span class='ocrx_word' id='word_1_242' title='bbox 1048 1236 1119 1276; x_wconf 87' lang='lat' dir='ltr'>pro</span> <span class='ocrx_word' id='word_1_243' title='bbox 1155 1223 1257 1272; x_wconf 85' lang='lat' dir='ltr'>filiis,</span> <span class='ocrx_word' id='word_1_244' title='bbox 1291 1236 1363 1264; x_wconf 90' lang='lat' dir='ltr'>nec</span> <span class='ocrx_word' id='word_1_245' title='bbox 1398 1223 1467 1264; x_wconf 90' lang='lat' dir='ltr'>filii</span> <span class='ocrx_word' id='word_1_246' title='bbox 1498 1236 1569 1277; x_wconf 88' lang='lat' dir='ltr'>pro</span> <span class='ocrx_word' id='word_1_247' title='bbox 1601 1224 1799 1277; x_wconf 79' lang='lat' dir='ltr'>patribus,</span> <span class='ocrx_word' id='word_1_248' title='bbox 1833 1225 1904 1265; x_wconf 89' lang='lat' dir='ltr'>sed</span> <span class='ocrx_word' id='word_1_249' title='bbox 1934 1225 2216 1279; x_wconf 86' lang='lat' dir='ltr'>unusquisque</span> 
     </span>
     <span class='ocr_line' id='line_1_47' title="bbox 300 1283 907 1337; baseline -0.002 -14"><span class='ocrx_word' id='word_1_250' title='bbox 300 1297 369 1337; x_wconf 81' lang='lat' dir='ltr'>pro</span> <span class='ocrx_word' id='word_1_251' title='bbox 401 1290 568 1337; x_wconf 63' lang='grc'>11000010</span> <span class='ocrx_word' id='word_1_252' title='bbox 599 1297 670 1323; x_wconf 78' lang='lat' dir='ltr'>suo</span> <span class='ocrx_word' id='word_1_253' title='bbox 701 1283 907 1323; x_wconf 90' lang='lat' dir='ltr'>morietur.</span> 
     </span>
    </p>

    <p class='ocr_par' dir='ltr' id='par_1_21' title="bbox 298 1341 2216 1513">
     <span class='ocr_line' id='line_1_48' title="bbox 404 1341 2216 1396; baseline 0 -13"><span class='ocrx_word' id='word_1_254' title='bbox 404 1344 435 1366; x_wconf 72' lang='lat'>¹⁷</span> <span class='ocrx_word' id='word_1_255' title='bbox 465 1343 555 1383; x_wconf 86' lang='lat' dir='ltr'>Non</span> <span class='ocrx_word' id='word_1_256' title='bbox 582 1346 787 1395; x_wconf 80' lang='lat' dir='ltr'>pervertes</span> <span class='ocrx_word' id='word_1_257' title='bbox 814 1341 1009 1382; x_wconf 90' lang='lat' dir='ltr'>iudicium</span> <span class='ocrx_word' id='word_1_258' title='bbox 1037 1342 1206 1382; x_wconf 60' lang='lat' dir='ltr'>advenae</span> <span class='ocrx_word' id='word_1_259' title='bbox 1232 1347 1272 1381; x_wconf 89' lang='lat' dir='ltr'>et</span> <span class='ocrx_word' id='word_1_260' title='bbox 1298 1341 1453 1394; x_wconf 79' lang='lat' dir='ltr'>pupilli,</span> <span class='ocrx_word' id='word_1_261' title='bbox 1482 1354 1555 1382; x_wconf 90' lang='lat' dir='ltr'>nec</span> <span class='ocrx_word' id='word_1_262' title='bbox 1581 1342 1736 1382; x_wconf 82' lang='lat' dir='ltr'>auferes</span> <span class='ocrx_word' id='word_1_263' title='bbox 1764 1342 1941 1396; x_wconf 84' lang='lat' dir='ltr'>pignoris</span> <span class='ocrx_word' id='word_1_264' title='bbox 1967 1342 2054 1383; x_wconf 93' lang='grc'>1000</span> <span class='ocrx_word' id='word_1_265' title='bbox 2081 1343 2216 1383; x_wconf 80' lang='lat' dir='ltr'>viduae</span> 
     </span>
     <span class='ocr_line' id='line_1_49' title="bbox 298 1400 2216 1453; baseline 0.001 -13"><span class='ocrx_word' id='word_1_266' title='bbox 298 1402 603 1442; x_wconf 84' lang='lat' dir='ltr'>vestimentum.</span> <span class='ocrx_word' id='word_1_267' title='bbox 658 1402 691 1424; x_wconf 71' lang='grc'>18</span> <span class='ocrx_word' id='word_1_268' title='bbox 715 1400 921 1441; x_wconf 76' lang='lat' dir='ltr'>Memento</span> <span class='ocrx_word' id='word_1_269' title='bbox 948 1401 1058 1453; x_wconf 89' lang='lat' dir='ltr'>quod</span> <span class='ocrx_word' id='word_1_270' title='bbox 1082 1400 1264 1441; x_wconf 89' lang='lat' dir='ltr'>servieris</span> <span class='ocrx_word' id='word_1_271' title='bbox 1290 1400 1331 1440; x_wconf 92' lang='lat' dir='ltr'>in</span> <span class='ocrx_word' id='word_1_272' title='bbox 1356 1400 1549 1453; x_wconf 76' lang='lat' dir='ltr'>AEgypto,</span> <span class='ocrx_word' id='word_1_273' title='bbox 1577 1405 1617 1441; x_wconf 89' lang='lat' dir='ltr'>et</span> <span class='ocrx_word' id='word_1_274' title='bbox 1642 1400 1791 1441; x_wconf 88' lang='lat' dir='ltr'>eruerit</span> <span class='ocrx_word' id='word_1_275' title='bbox 1814 1405 1855 1441; x_wconf 90' lang='lat' dir='ltr'>te</span> <span class='ocrx_word' id='word_1_276' title='bbox 1879 1401 2080 1442; x_wconf 90' lang='lat' dir='ltr'>Dominus</span> <span class='ocrx_word' id='word_1_277' title='bbox 2104 1402 2216 1442; x_wconf 85' lang='lat' dir='ltr'>Deus</span> 
     </span>
     <span class='ocr_line' id='line_1_50' title="bbox 298 1459 1528 1513; baseline -0.002 -12"><span class='ocrx_word' id='word_1_278' title='bbox 298 1468 392 1501; x_wconf 85' lang='lat' dir='ltr'>tuus</span> <span class='ocrx_word' id='word_1_279' title='bbox 421 1460 526 1501; x_wconf 91' lang='lat' dir='ltr'>inde.</span> <span class='ocrx_word' id='word_1_280' title='bbox 562 1460 714 1500; x_wconf 85' lang='lat' dir='ltr'>Idcirco</span> <span class='ocrx_word' id='word_1_281' title='bbox 746 1459 932 1513; x_wconf 80' lang='lat' dir='ltr'>praecipio</span> <span class='ocrx_word' id='word_1_282' title='bbox 963 1459 1038 1499; x_wconf 93' lang='lat' dir='ltr'>tibi</span> <span class='ocrx_word' id='word_1_283' title='bbox 1068 1464 1114 1499; x_wconf 91' lang='lat' dir='ltr'>ut</span> <span class='ocrx_word' id='word_1_284' title='bbox 1143 1459 1267 1499; x_wconf 83' lang='lat' dir='ltr'>facias</span> <span class='ocrx_word' id='word_1_285' title='bbox 1297 1459 1402 1499; x_wconf 86' lang='lat' dir='ltr'>hanc</span> <span class='ocrx_word' id='word_1_286' title='bbox 1432 1472 1528 1500; x_wconf 89' lang='lat' dir='ltr'>rem.</span> 
     </span>
    </p>

    <p class='ocr_par' dir='ltr' id='par_1_22' title="bbox 298 1517 2214 1926">
     <span class='ocr_line' id='line_1_51' title="bbox 406 1517 2214 1572; baseline 0 -13"><span class='ocrx_word' id='word_1_287' title='bbox 406 1521 440 1543; x_wconf 73' lang='lat'>¹9</span> <span class='ocrx_word' id='word_1_288' title='bbox 473 1519 645 1567; x_wconf 83' lang='lat' dir='ltr'>Quando</span> <span class='ocrx_word' id='word_1_289' title='bbox 678 1518 890 1559; x_wconf 81' lang='lat' dir='ltr'>messueris</span> <span class='ocrx_word' id='word_1_290' title='bbox 923 1524 1100 1571; x_wconf 87' lang='lat' dir='ltr'>segetem</span> <span class='ocrx_word' id='word_1_291' title='bbox 1133 1518 1172 1557; x_wconf 92' lang='lat' dir='ltr'>in</span> <span class='ocrx_word' id='word_1_292' title='bbox 1205 1531 1300 1571; x_wconf 84' lang='lat' dir='ltr'>agro</span> <span class='ocrx_word' id='word_1_293' title='bbox 1333 1523 1416 1565; x_wconf 83' lang='lat' dir='ltr'>tuo,</span> <span class='ocrx_word' id='word_1_294' title='bbox 1451 1523 1492 1558; x_wconf 91' lang='lat' dir='ltr'>et</span> <span class='ocrx_word' id='word_1_295' title='bbox 1524 1517 1673 1558; x_wconf 82' lang='lat' dir='ltr'>oblitus</span> <span class='ocrx_word' id='word_1_296' title='bbox 1706 1518 1962 1571; x_wconf 88' lang='lat' dir='ltr'>manipulum</span> <span class='ocrx_word' id='word_1_297' title='bbox 1993 1518 2214 1572; x_wconf 88' lang='lat' dir='ltr'>reliqueris,</span> 
     </span>
     <span class='ocr_line' id='line_1_52' title="bbox 300 1576 2213 1631; baseline 0 -13"><span class='ocrx_word' id='word_1_298' title='bbox 300 1591 379 1619; x_wconf 90' lang='lat' dir='ltr'>non</span> <span class='ocrx_word' id='word_1_299' title='bbox 399 1578 611 1618; x_wconf 85' lang='lat' dir='ltr'>reverteris</span> <span class='ocrx_word' id='word_1_300' title='bbox 631 1583 678 1618; x_wconf 92' lang='lat' dir='ltr'>ut</span> <span class='ocrx_word' id='word_1_301' title='bbox 697 1577 814 1618; x_wconf 90' lang='lat' dir='ltr'>tollas</span> <span class='ocrx_word' id='word_1_302' title='bbox 834 1577 966 1617; x_wconf 90' lang='lat' dir='ltr'>illum:</span> <span class='ocrx_word' id='word_1_303' title='bbox 987 1577 1058 1618; x_wconf 90' lang='lat' dir='ltr'>sed</span> <span class='ocrx_word' id='word_1_304' title='bbox 1077 1577 1292 1622; x_wconf 89' lang='lat' dir='ltr'>advenam,</span> <span class='ocrx_word' id='word_1_305' title='bbox 1314 1582 1355 1617; x_wconf 90' lang='lat' dir='ltr'>et</span> <span class='ocrx_word' id='word_1_306' title='bbox 1374 1576 1588 1630; x_wconf 87' lang='lat' dir='ltr'>pupillum,</span> <span class='ocrx_word' id='word_1_307' title='bbox 1610 1581 1651 1617; x_wconf 89' lang='lat' dir='ltr'>et</span> <span class='ocrx_word' id='word_1_308' title='bbox 1669 1577 1837 1617; x_wconf 88' lang='lat' dir='ltr'>viduam</span> <span class='ocrx_word' id='word_1_309' title='bbox 1858 1578 2014 1619; x_wconf 79' lang='lat' dir='ltr'>auferre</span> <span class='ocrx_word' id='word_1_310' title='bbox 2032 1577 2213 1631; x_wconf 86' lang='lat' dir='ltr'>patieris,</span> 
     </span>
     <span class='ocr_line' id='line_1_53' title="bbox 299 1635 2214 1691; baseline -0.001 -13"><span class='ocrx_word' id='word_1_311' title='bbox 299 1642 345 1678; x_wconf 93' lang='lat' dir='ltr'>ut</span> <span class='ocrx_word' id='word_1_312' title='bbox 367 1637 583 1678; x_wconf 83' lang='lat' dir='ltr'>benedicat</span> <span class='ocrx_word' id='word_1_313' title='bbox 605 1637 679 1676; x_wconf 84' lang='lat' dir='ltr'>tibi</span> <span class='ocrx_word' id='word_1_314' title='bbox 703 1636 902 1677; x_wconf 87' lang='lat' dir='ltr'>Dominus</span> <span class='ocrx_word' id='word_1_315' title='bbox 925 1637 1035 1677; x_wconf 89' lang='lat' dir='ltr'>Deus</span> <span class='ocrx_word' id='word_1_316' title='bbox 1058 1640 1152 1676; x_wconf 79' lang='lat' dir='ltr'>tuus</span> <span class='ocrx_word' id='word_1_317' title='bbox 1176 1636 1216 1676; x_wconf 90' lang='lat' dir='ltr'>in</span> <span class='ocrx_word' id='word_1_318' title='bbox 1239 1635 1349 1677; x_wconf 88' lang='lat' dir='ltr'>omni</span> <span class='ocrx_word' id='word_1_319' title='bbox 1372 1649 1490 1689; x_wconf 87' lang='lat' dir='ltr'>opere</span> <span class='ocrx_word' id='word_1_320' title='bbox 1513 1648 1711 1676; x_wconf 90' lang='lat' dir='ltr'>manuum</span> <span class='ocrx_word' id='word_1_321' title='bbox 1734 1641 1910 1677; x_wconf 90' lang='lat' dir='ltr'>tuarum.</span> <span class='ocrx_word' id='word_1_322' title='bbox 1961 1638 1997 1661; x_wconf 79' lang='lat'>2⁰</span> <span class='ocrx_word' id='word_1_323' title='bbox 2017 1637 2059 1678; x_wconf 87' lang='lat' dir='ltr'>Si</span> <span class='ocrx_word' id='word_1_324' title='bbox 2080 1637 2214 1691; x_wconf 84' lang='lat' dir='ltr'>fruges</span> 
     </span>
     <span class='ocr_line' id='line_1_54' title="bbox 298 1694 2213 1750; baseline -0.002 -13"><span class='ocrx_word' id='word_1_325' title='bbox 298 1696 501 1746; x_wconf 70' lang='lat' dir='ltr'>collegeris</span> <span class='ocrx_word' id='word_1_326' title='bbox 532 1695 744 1741; x_wconf 88' lang='lat' dir='ltr'>olivarum,</span> <span class='ocrx_word' id='word_1_327' title='bbox 778 1695 978 1748; x_wconf 89' lang='lat' dir='ltr'>quidquid</span> <span class='ocrx_word' id='word_1_328' title='bbox 1006 1695 1246 1735; x_wconf 85' lang='lat' dir='ltr'>remanserit</span> <span class='ocrx_word' id='word_1_329' title='bbox 1274 1694 1315 1735; x_wconf 91' lang='lat' dir='ltr'>in</span> <span class='ocrx_word' id='word_1_330' title='bbox 1345 1695 1569 1738; x_wconf 82' lang='lat' dir='ltr'>arboribus,</span> <span class='ocrx_word' id='word_1_331' title='bbox 1600 1708 1682 1735; x_wconf 92' lang='lat' dir='ltr'>non</span> <span class='ocrx_word' id='word_1_332' title='bbox 1712 1695 1924 1736; x_wconf 86' lang='lat' dir='ltr'>reverteris</span> <span class='ocrx_word' id='word_1_333' title='bbox 1954 1700 2002 1736; x_wconf 93' lang='lat' dir='ltr'>ut</span> <span class='ocrx_word' id='word_1_334' title='bbox 2030 1695 2213 1750; x_wconf 81' lang='lat' dir='ltr'>colligas:</span> 
     </span>
     <span class='ocr_line' id='line_1_55' title="bbox 298 1753 2214 1808; baseline -0.001 -12"><span class='ocrx_word' id='word_1_335' title='bbox 298 1756 367 1796; x_wconf 84' lang='lat' dir='ltr'>sed</span> <span class='ocrx_word' id='word_1_336' title='bbox 396 1755 595 1808; x_wconf 79' lang='lat' dir='ltr'>relinques</span> <span class='ocrx_word' id='word_1_337' title='bbox 625 1755 804 1801; x_wconf 61' lang='lat' dir='ltr'>advenae,</span> <span class='ocrx_word' id='word_1_338' title='bbox 836 1754 1001 1807; x_wconf 88' lang='lat' dir='ltr'>pupillo,</span> <span class='ocrx_word' id='word_1_339' title='bbox 1033 1767 1079 1794; x_wconf 88' lang='lat' dir='ltr'>ac</span> <span class='ocrx_word' id='word_1_340' title='bbox 1107 1754 1252 1795; x_wconf 78' lang='lat' dir='ltr'>viduae.</span> <span class='ocrx_word' id='word_1_341' title='bbox 1310 1756 1341 1778; x_wconf 81' lang='lat'>2¹</span> <span class='ocrx_word' id='word_1_342' title='bbox 1369 1753 1410 1794; x_wconf 83' lang='lat' dir='ltr'>Si</span> <span class='ocrx_word' id='word_1_343' title='bbox 1439 1753 1752 1794; x_wconf 83' lang='lat' dir='ltr'>vindemiaveris</span> <span class='ocrx_word' id='word_1_344' title='bbox 1783 1754 1945 1795; x_wconf 90' lang='lat' dir='ltr'>vineam</span> <span class='ocrx_word' id='word_1_345' title='bbox 1973 1759 2101 1803; x_wconf 89' lang='lat' dir='ltr'>tuam,</span> <span class='ocrx_word' id='word_1_346' title='bbox 2132 1767 2214 1796; x_wconf 93' lang='lat' dir='ltr'>non</span> 
     </span>
     <span class='ocr_line' id='line_1_56' title="bbox 298 1813 2211 1866; baseline 0 -12"><span class='ocrx_word' id='word_1_347' title='bbox 298 1814 456 1866; x_wconf 87' lang='lat' dir='ltr'>colliges</span> <span class='ocrx_word' id='word_1_348' title='bbox 480 1819 735 1854; x_wconf 85' lang='lat' dir='ltr'>remanentes</span> <span class='ocrx_word' id='word_1_349' title='bbox 760 1826 951 1859; x_wconf 75' lang='lat' dir='ltr'>racemos,</span> <span class='ocrx_word' id='word_1_350' title='bbox 977 1813 1047 1854; x_wconf 89' lang='lat' dir='ltr'>sed</span> <span class='ocrx_word' id='word_1_351' title='bbox 1070 1813 1216 1853; x_wconf 88' lang='lat' dir='ltr'>cedent</span> <span class='ocrx_word' id='word_1_352' title='bbox 1239 1813 1278 1853; x_wconf 93' lang='lat' dir='ltr'>in</span> <span class='ocrx_word' id='word_1_353' title='bbox 1302 1827 1397 1854; x_wconf 83' lang='lat' dir='ltr'>usus</span> <span class='ocrx_word' id='word_1_354' title='bbox 1422 1813 1601 1859; x_wconf 82' lang='lat' dir='ltr'>advenae,</span> <span class='ocrx_word' id='word_1_355' title='bbox 1629 1813 1782 1866; x_wconf 88' lang='lat' dir='ltr'>pupilli,</span> <span class='ocrx_word' id='word_1_356' title='bbox 1808 1826 1854 1854; x_wconf 91' lang='lat' dir='ltr'>ac</span> <span class='ocrx_word' id='word_1_357' title='bbox 1878 1813 2022 1854; x_wconf 83' lang='lat' dir='ltr'>viduae.</span> <span class='ocrx_word' id='word_1_358' title='bbox 2074 1815 2106 1837; x_wconf 74' lang='lat'>22</span> <span class='ocrx_word' id='word_1_359' title='bbox 2128 1813 2211 1854; x_wconf 90' lang='lat' dir='ltr'>Me-</span> 
     </span>
     <span class='ocr_line' id='line_1_57' title="bbox 299 1872 2212 1926; baseline 0.001 -14"><span class='ocrx_word' id='word_1_360' title='bbox 299 1879 437 1914; x_wconf 90' lang='lat' dir='ltr'>mento</span> <span class='ocrx_word' id='word_1_361' title='bbox 463 1873 572 1926; x_wconf 90' lang='lat' dir='ltr'>quod</span> <span class='ocrx_word' id='word_1_362' title='bbox 596 1878 637 1913; x_wconf 90' lang='lat' dir='ltr'>et</span> <span class='ocrx_word' id='word_1_363' title='bbox 660 1878 706 1913; x_wconf 93' lang='lat' dir='ltr'>tu</span> <span class='ocrx_word' id='word_1_364' title='bbox 730 1872 912 1913; x_wconf 88' lang='lat' dir='ltr'>servieris</span> <span class='ocrx_word' id='word_1_365' title='bbox 937 1872 977 1912; x_wconf 91' lang='lat' dir='ltr'>in</span> <span class='ocrx_word' id='word_1_366' title='bbox 1002 1872 1193 1926; x_wconf 49' lang='grc' dir='ltr'>,Ἐξ-171110,</span> <span class='ocrx_word' id='word_1_367' title='bbox 1220 1878 1261 1913; x_wconf 87' lang='grc'>01</span> <span class='ocrx_word' id='word_1_368' title='bbox 1284 1872 1431 1913; x_wconf 88' lang='lat' dir='ltr'>idcirco</span> <span class='ocrx_word' id='word_1_369' title='bbox 1456 1872 1644 1925; x_wconf 78' lang='lat' dir='ltr'>praecipio</span> <span class='ocrx_word' id='word_1_370' title='bbox 1669 1872 1744 1912; x_wconf 91' lang='lat' dir='ltr'>tibi</span> <span class='ocrx_word' id='word_1_371' title='bbox 1768 1877 1815 1912; x_wconf 94' lang='lat' dir='ltr'>ut</span> <span class='ocrx_word' id='word_1_372' title='bbox 1837 1872 1961 1913; x_wconf 83' lang='lat' dir='ltr'>facias</span> <span class='ocrx_word' id='word_1_373' title='bbox 1985 1873 2091 1913; x_wconf 89' lang='lat' dir='ltr'>hanc</span> <span class='ocrx_word' id='word_1_374' title='bbox 2114 1885 2212 1913; x_wconf 89' lang='lat' dir='ltr'>rem.</span> 
     </span>
    </p>

    <p class='ocr_par' dir='ltr' id='par_1_23' title="bbox 298 1930 2218 2268">
     <span class='ocr_line' id='line_1_58' title="bbox 403 1930 2215 1985; baseline 0 -13"><span class='ocrx_word' id='word_1_375' title='bbox 403 1932 467 1975; x_wconf 78' lang='lat'>25.</span> <span class='ocrx_word' id='word_1_376' title='bbox 524 1934 535 1955; x_wconf 90' lang='lat'>¹</span> <span class='ocrx_word' id='word_1_377' title='bbox 564 1931 604 1973; x_wconf 79' lang='lat' dir='ltr'>Si</span> <span class='ocrx_word' id='word_1_378' title='bbox 632 1931 755 1972; x_wconf 82' lang='lat' dir='ltr'>fuerit</span> <span class='ocrx_word' id='word_1_379' title='bbox 783 1944 905 1971; x_wconf 87' lang='lat' dir='ltr'>causa</span> <span class='ocrx_word' id='word_1_380' title='bbox 932 1931 1039 1972; x_wconf 87' lang='lat' dir='ltr'>inter</span> <span class='ocrx_word' id='word_1_381' title='bbox 1066 1931 1234 1984; x_wconf 89' lang='lat' dir='ltr'>aliquos,</span> <span class='ocrx_word' id='word_1_382' title='bbox 1265 1936 1306 1972; x_wconf 88' lang='lat' dir='ltr'>et</span> <span class='ocrx_word' id='word_1_383' title='bbox 1333 1930 1684 1985; x_wconf 82' lang='lat' dir='ltr'>interpellaverint</span> <span class='ocrx_word' id='word_1_384' title='bbox 1711 1931 1880 1972; x_wconf 88' lang='lat' dir='ltr'>iudices:</span> <span class='ocrx_word' id='word_1_385' title='bbox 1911 1945 2033 1985; x_wconf 88' lang='lat' dir='ltr'>quem</span> <span class='ocrx_word' id='word_1_386' title='bbox 2060 1931 2215 1972; x_wconf 88' lang='lat' dir='ltr'>iustum</span> 
     </span>
     <span class='ocr_line' id='line_1_59' title="bbox 298 1990 2218 2044; baseline 0 -13"><span class='ocrx_word' id='word_1_387' title='bbox 298 2004 382 2032; x_wconf 82' lang='lat' dir='ltr'>esse</span> <span class='ocrx_word' id='word_1_388' title='bbox 421 1990 712 2044; x_wconf 77' lang='lat' dir='ltr'>perspexerint,</span> <span class='ocrx_word' id='word_1_389' title='bbox 754 1990 809 2030; x_wconf 90' lang='lat' dir='ltr'>illi</span> <span class='ocrx_word' id='word_1_390' title='bbox 848 1990 1015 2031; x_wconf 79' lang='grc' dir='ltr'>11151111ἓο</span> <span class='ocrx_word' id='word_1_391' title='bbox 1053 1990 1234 2043; x_wconf 88' lang='lat' dir='ltr'>palmam</span> <span class='ocrx_word' id='word_1_392' title='bbox 1274 1990 1452 2031; x_wconf 87' lang='lat' dir='ltr'>dabunt:</span> <span class='ocrx_word' id='word_1_393' title='bbox 1495 2003 1616 2043; x_wconf 91' lang='lat' dir='ltr'>quem</span> <span class='ocrx_word' id='word_1_394' title='bbox 1654 1990 1839 2044; x_wconf 91' lang='lat' dir='ltr'>impium,</span> <span class='ocrx_word' id='word_1_395' title='bbox 1881 1990 2218 2031; x_wconf 87' lang='lat' dir='ltr'>condemnabunt</span> 
     </span>
     <span class='ocr_line' id='line_1_60' title="bbox 300 2048 2213 2103; baseline 0 -13"><span class='ocrx_word' id='word_1_396' title='bbox 300 2049 535 2103; x_wconf 82' lang='lat' dir='ltr'>impietatis.</span> <span class='ocrx_word' id='word_1_397' title='bbox 592 2052 607 2073; x_wconf 75' lang='lat'>‘2</span> <span class='ocrx_word' id='word_1_398' title='bbox 635 2049 704 2090; x_wconf 83' lang='lat' dir='ltr'>Sin</span> <span class='ocrx_word' id='word_1_399' title='bbox 733 2054 873 2089; x_wconf 88' lang='lat' dir='ltr'>autem</span> <span class='ocrx_word' id='word_1_400' title='bbox 901 2062 1004 2095; x_wconf 82' lang='lat' dir='ltr'>eum,</span> <span class='ocrx_word' id='word_1_401' title='bbox 1037 2049 1105 2102; x_wconf 91' lang='lat' dir='ltr'>qui</span> <span class='ocrx_word' id='word_1_402' title='bbox 1135 2049 1331 2102; x_wconf 85' lang='lat' dir='ltr'>peccavit,</span> <span class='ocrx_word' id='word_1_403' title='bbox 1362 2049 1531 2102; x_wconf 83' lang='lat' dir='ltr'>dignum</span> <span class='ocrx_word' id='word_1_404' title='bbox 1559 2049 1737 2090; x_wconf 91' lang='lat' dir='ltr'>viderint</span> <span class='ocrx_word' id='word_1_405' title='bbox 1764 2048 1911 2103; x_wconf 85' lang='lat' dir='ltr'>plagis:</span> <span class='ocrx_word' id='word_1_406' title='bbox 1941 2053 2213 2103; x_wconf 83' lang='lat' dir='ltr'>prosternent,</span> 
     </span>
     <span class='ocr_line' id='line_1_61' title="bbox 298 2107 2218 2161; baseline 0 -12"><span class='ocrx_word' id='word_1_407' title='bbox 298 2114 339 2149; x_wconf 89' lang='lat' dir='ltr'>et</span> <span class='ocrx_word' id='word_1_408' title='bbox 362 2121 499 2149; x_wconf 89' lang='lat' dir='ltr'>coram</span> <span class='ocrx_word' id='word_1_409' title='bbox 523 2122 563 2149; x_wconf 90' lang='lat' dir='ltr'>se</span> <span class='ocrx_word' id='word_1_410' title='bbox 586 2108 739 2148; x_wconf 81' lang='lat' dir='ltr'>facient</span> <span class='ocrx_word' id='word_1_411' title='bbox 763 2108 978 2149; x_wconf 88' lang='lat' dir='ltr'>verberari.</span> <span class='ocrx_word' id='word_1_412' title='bbox 1005 2108 1082 2148; x_wconf 92' lang='lat' dir='ltr'>Pro</span> <span class='ocrx_word' id='word_1_413' title='bbox 1107 2121 1297 2148; x_wconf 88' lang='lat' dir='ltr'>mensura</span> <span class='ocrx_word' id='word_1_414' title='bbox 1320 2108 1477 2161; x_wconf 90' lang='lat' dir='ltr'>peccati</span> <span class='ocrx_word' id='word_1_415' title='bbox 1501 2107 1577 2148; x_wconf 89' lang='lat' dir='ltr'>erit</span> <span class='ocrx_word' id='word_1_416' title='bbox 1601 2113 1642 2149; x_wconf 91' lang='lat' dir='ltr'>et</span> <span class='ocrx_word' id='word_1_417' title='bbox 1665 2108 1878 2161; x_wconf 83' lang='lat' dir='ltr'>plagarum</span> <span class='ocrx_word' id='word_1_418' title='bbox 1902 2108 2066 2149; x_wconf 90' lang='lat' dir='ltr'>modus:</span> <span class='ocrx_word' id='word_1_419' title='bbox 2118 2110 2134 2133; x_wconf 77' lang='grc'><strong>3</strong></span> <span class='ocrx_word' id='word_1_420' title='bbox 2157 2108 2218 2149; x_wconf 86' lang='lat' dir='ltr'>ita</span> 
     </span>
     <span class='ocr_line' id='line_1_62' title="bbox 299 2166 2216 2220; baseline -0.001 -12"><span class='ocrx_word' id='word_1_421' title='bbox 299 2168 531 2215; x_wconf 83' lang='lat' dir='ltr'>dumtaxat,</span> <span class='ocrx_word' id='word_1_422' title='bbox 566 2173 634 2207; x_wconf 80' lang='lat' dir='ltr'>dut</span> <span class='ocrx_word' id='word_1_423' title='bbox 665 2167 1034 2220; x_wconf 79' lang='lat' dir='ltr'>quadragenarium</span> <span class='ocrx_word' id='word_1_424' title='bbox 1064 2180 1279 2207; x_wconf 89' lang='lat' dir='ltr'>numerum</span> <span class='ocrx_word' id='word_1_425' title='bbox 1309 2180 1391 2207; x_wconf 93' lang='lat' dir='ltr'>non</span> <span class='ocrx_word' id='word_1_426' title='bbox 1421 2167 1640 2207; x_wconf 84' lang='lat' dir='ltr'>excedant:</span> <span class='ocrx_word' id='word_1_427' title='bbox 1672 2180 1721 2207; x_wconf 90' lang='lat' dir='ltr'>ne</span> <span class='ocrx_word' id='word_1_428' title='bbox 1750 2167 1858 2208; x_wconf 78' lang='lat' dir='ltr'>foede</span> <span class='ocrx_word' id='word_1_429' title='bbox 1887 2166 2089 2208; x_wconf 88' lang='lat' dir='ltr'>laceratus</span> <span class='ocrx_word' id='word_1_430' title='bbox 2120 2171 2216 2208; x_wconf 89' lang='lat' dir='ltr'>ante</span> 
     </span>
     <span class='ocr_line' id='line_1_63' title="bbox 299 2226 1002 2268; baseline -0.001 -1"><span class='ocrx_word' id='word_1_431' title='bbox 299 2226 435 2268; x_wconf 79' lang='lat' dir='ltr'>oeulos</span> <span class='ocrx_word' id='word_1_432' title='bbox 466 2232 557 2267; x_wconf 82' lang='lat' dir='ltr'>tuos</span> <span class='ocrx_word' id='word_1_433' title='bbox 589 2227 711 2267; x_wconf 86' lang='lat' dir='ltr'>abeat</span> <span class='ocrx_word' id='word_1_434' title='bbox 739 2226 866 2266; x_wconf 82' lang='lat' dir='ltr'>frater</span> <span class='ocrx_word' id='word_1_435' title='bbox 895 2231 1002 2266; x_wconf 79' lang='lat' dir='ltr'>tuus.</span> 
     </span>
    </p>

    <p class='ocr_par' dir='ltr' id='par_1_24' title="bbox 404 2285 1613 2338">
     <span class='ocr_line' id='line_1_64' title="bbox 404 2285 1613 2338; baseline 0 -13"><span class='ocrx_word' id='word_1_436' title='bbox 404 2288 419 2310; x_wconf 73' lang='grc'>1</span> <span class='ocrx_word' id='word_1_437' title='bbox 451 2286 561 2326; x_wconf 69' lang='lat' dir='ltr'>⁰Non</span> <span class='ocrx_word' id='word_1_438' title='bbox 587 2285 729 2338; x_wconf 82' lang='lat' dir='ltr'>ligabis</span> <span class='ocrx_word' id='word_1_439' title='bbox 756 2298 798 2325; x_wconf 87' lang='lat' dir='ltr'>os</span> <span class='ocrx_word' id='word_1_440' title='bbox 826 2285 940 2325; x_wconf 85' lang='lat' dir='ltr'>bovis</span> <span class='ocrx_word' id='word_1_441' title='bbox 968 2285 1136 2325; x_wconf 85' lang='lat' dir='ltr'>terentis</span> <span class='ocrx_word' id='word_1_442' title='bbox 1162 2285 1203 2325; x_wconf 91' lang='lat' dir='ltr'>in</span> <span class='ocrx_word' id='word_1_443' title='bbox 1229 2298 1323 2325; x_wconf 87' lang='lat' dir='ltr'>area</span> <span class='ocrx_word' id='word_1_444' title='bbox 1347 2285 1481 2338; x_wconf 80' lang='lat' dir='ltr'>fruges</span> <span class='ocrx_word' id='word_1_445' title='bbox 1508 2290 1613 2326; x_wconf 89' lang='lat' dir='ltr'>tuas.</span> 
     </span>
    </p>

    <p class='ocr_par' dir='ltr' id='par_1_25' title="bbox 300 2343 2219 2979">
     <span class='ocr_line' id='line_1_65' title="bbox 405 2343 2217 2397; baseline -0.001 -13"><span class='ocrx_word' id='word_1_446' title='bbox 405 2347 420 2369; x_wconf 74' lang='lat'>5</span> <span class='ocrx_word' id='word_1_447' title='bbox 459 2345 646 2392; x_wconf 81' lang='lat' dir='ltr'>fQuando</span> <span class='ocrx_word' id='word_1_448' title='bbox 676 2344 956 2384; x_wconf 85' lang='lat' dir='ltr'>habitaverint</span> <span class='ocrx_word' id='word_1_449' title='bbox 983 2344 1128 2384; x_wconf 77' lang='lat' dir='ltr'>fratres</span> <span class='ocrx_word' id='word_1_450' title='bbox 1158 2343 1289 2392; x_wconf 87' lang='lat' dir='ltr'>simul,</span> <span class='ocrx_word' id='word_1_451' title='bbox 1320 2348 1361 2385; x_wconf 92' lang='lat' dir='ltr'>et</span> <span class='ocrx_word' id='word_1_452' title='bbox 1390 2357 1493 2384; x_wconf 88' lang='lat' dir='ltr'>unus</span> <span class='ocrx_word' id='word_1_453' title='bbox 1523 2357 1573 2385; x_wconf 84' lang='lat' dir='ltr'>ex</span> <span class='ocrx_word' id='word_1_454' title='bbox 1601 2344 1655 2385; x_wconf 89' lang='grc'>015</span> <span class='ocrx_word' id='word_1_455' title='bbox 1685 2344 1839 2397; x_wconf 87' lang='lat' dir='ltr'>absque</span> <span class='ocrx_word' id='word_1_456' title='bbox 1866 2344 2001 2385; x_wconf 88' lang='lat' dir='ltr'>liberis</span> <span class='ocrx_word' id='word_1_457' title='bbox 2030 2348 2217 2385; x_wconf 88' lang='lat' dir='ltr'>mortuus</span> 
     </span>
     <span class='ocr_line' id='line_1_66' title="bbox 303 2403 2219 2456; baseline -0.001 -12"><span class='ocrx_word' id='word_1_458' title='bbox 303 2405 438 2447; x_wconf 74' lang='lat' dir='ltr'>luerit,</span> <span class='ocrx_word' id='word_1_459' title='bbox 469 2416 571 2444; x_wconf 82' lang='lat' dir='ltr'>uxor</span> <span class='ocrx_word' id='word_1_460' title='bbox 599 2403 780 2444; x_wconf 79' lang='lat' dir='ltr'>defuncti</span> <span class='ocrx_word' id='word_1_461' title='bbox 809 2416 890 2443; x_wconf 92' lang='lat' dir='ltr'>non</span> <span class='ocrx_word' id='word_1_462' title='bbox 919 2403 1048 2444; x_wconf 90' lang='lat' dir='ltr'>nubet</span> <span class='ocrx_word' id='word_1_463' title='bbox 1075 2403 1209 2443; x_wconf 84' lang='lat' dir='ltr'>alteri:</span> <span class='ocrx_word' id='word_1_464' title='bbox 1239 2403 1309 2444; x_wconf 90' lang='lat' dir='ltr'>sed</span> <span class='ocrx_word' id='word_1_465' title='bbox 1337 2403 1509 2456; x_wconf 88' lang='lat' dir='ltr'>accipiet</span> <span class='ocrx_word' id='word_1_466' title='bbox 1536 2416 1627 2444; x_wconf 89' lang='lat' dir='ltr'>eam</span> <span class='ocrx_word' id='word_1_467' title='bbox 1652 2403 1780 2444; x_wconf 83' lang='lat' dir='ltr'>frater</span> <span class='ocrx_word' id='word_1_468' title='bbox 1807 2403 1902 2452; x_wconf 85' lang='grc'>01115,</span> <span class='ocrx_word' id='word_1_469' title='bbox 1933 2408 1975 2444; x_wconf 89' lang='grc'>01</span> <span class='ocrx_word' id='word_1_470' title='bbox 2001 2403 2219 2444; x_wconf 88' lang='lat' dir='ltr'>suscitabit</span> 
     </span>
     <span class='ocr_line' id='line_1_67' title="bbox 302 2461 2219 2516; baseline -0.001 -12"><span class='ocrx_word' id='word_1_471' title='bbox 302 2476 438 2504; x_wconf 89' lang='lat' dir='ltr'>semen</span> <span class='ocrx_word' id='word_1_472' title='bbox 470 2463 606 2503; x_wconf 81' lang='lat' dir='ltr'>fratris</span> <span class='ocrx_word' id='word_1_473' title='bbox 639 2462 717 2503; x_wconf 89' lang='lat' dir='ltr'>sui:</span> <span class='ocrx_word' id='word_1_474' title='bbox 781 2464 796 2486; x_wconf 79' lang='lat'><strong>⁶</strong></span> <span class='ocrx_word' id='word_1_475' title='bbox 827 2467 868 2502; x_wconf 90' lang='lat' dir='ltr'>et</span> <span class='ocrx_word' id='word_1_476' title='bbox 898 2462 1217 2515; x_wconf 83' lang='lat' dir='ltr'>primogenitum</span> <span class='ocrx_word' id='word_1_477' title='bbox 1248 2476 1297 2502; x_wconf 82' lang='lat' dir='ltr'>ex</span> <span class='ocrx_word' id='word_1_478' title='bbox 1329 2476 1376 2502; x_wconf 88' lang='lat' dir='ltr'>ea</span> <span class='ocrx_word' id='word_1_479' title='bbox 1410 2461 1538 2502; x_wconf 88' lang='lat' dir='ltr'>filium</span> <span class='ocrx_word' id='word_1_480' title='bbox 1570 2462 1732 2502; x_wconf 91' lang='lat' dir='ltr'>nomine</span> <span class='ocrx_word' id='word_1_481' title='bbox 1764 2461 1868 2502; x_wconf 91' lang='lat' dir='ltr'>illius</span> <span class='ocrx_word' id='word_1_482' title='bbox 1901 2461 2136 2516; x_wconf 83' lang='lat' dir='ltr'>appellabit,</span> <span class='ocrx_word' id='word_1_483' title='bbox 2171 2466 2219 2502; x_wconf 92' lang='lat' dir='ltr'>ut</span> 
     </span>
     <span class='ocr_line' id='line_1_68' title="bbox 300 2520 2217 2574; baseline -0.001 -12"><span class='ocrx_word' id='word_1_484' title='bbox 300 2535 381 2563; x_wconf 94' lang='lat' dir='ltr'>non</span> <span class='ocrx_word' id='word_1_485' title='bbox 408 2521 592 2562; x_wconf 84' lang='lat' dir='ltr'>deleatur</span> <span class='ocrx_word' id='word_1_486' title='bbox 617 2534 766 2562; x_wconf 90' lang='lat' dir='ltr'>nomen</span> <span class='ocrx_word' id='word_1_487' title='bbox 793 2521 876 2561; x_wconf 91' lang='lat' dir='ltr'>eius</span> <span class='ocrx_word' id='word_1_488' title='bbox 903 2535 952 2561; x_wconf 81' lang='lat' dir='ltr'>ex</span> <span class='ocrx_word' id='word_1_489' title='bbox 981 2521 1115 2562; x_wconf 88' lang='lat' dir='ltr'>Israel.</span> <span class='ocrx_word' id='word_1_490' title='bbox 1174 2522 1186 2544; x_wconf 77' lang='lat'>⁷</span> <span class='ocrx_word' id='word_1_491' title='bbox 1214 2521 1283 2562; x_wconf 86' lang='lat' dir='ltr'>Sin</span> <span class='ocrx_word' id='word_1_492' title='bbox 1311 2526 1450 2562; x_wconf 89' lang='lat' dir='ltr'>autem</span> <span class='ocrx_word' id='word_1_493' title='bbox 1477 2521 1652 2562; x_wconf 90' lang='lat' dir='ltr'>noluerit</span> <span class='ocrx_word' id='word_1_494' title='bbox 1679 2521 1857 2574; x_wconf 87' lang='lat' dir='ltr'>accipere</span> <span class='ocrx_word' id='word_1_495' title='bbox 1884 2534 2054 2562; x_wconf 83' lang='lat' dir='ltr'>uxorem</span> <span class='ocrx_word' id='word_1_496' title='bbox 2078 2520 2217 2561; x_wconf 84' lang='lat' dir='ltr'>fratris</span> 
     </span>
     <span class='ocr_line' id='line_1_69' title="bbox 300 2579 2217 2635; baseline -0.001 -14"><span class='ocrx_word' id='word_1_497' title='bbox 300 2581 373 2629; x_wconf 90' lang='lat' dir='ltr'>sui,</span> <span class='ocrx_word' id='word_1_498' title='bbox 400 2594 489 2635; x_wconf 63' lang='grc' dir='ltr'>(111εο</span> <span class='ocrx_word' id='word_1_499' title='bbox 511 2581 545 2621; x_wconf 90' lang='grc'>01</span> <span class='ocrx_word' id='word_1_500' title='bbox 566 2580 650 2633; x_wconf 86' lang='lat' dir='ltr'>lege</span> <span class='ocrx_word' id='word_1_501' title='bbox 673 2581 856 2624; x_wconf 85' lang='lat' dir='ltr'>debetur.</span> <span class='ocrx_word' id='word_1_502' title='bbox 880 2585 1019 2634; x_wconf 83' lang='lat' dir='ltr'>perget</span> <span class='ocrx_word' id='word_1_503' title='bbox 1043 2580 1186 2621; x_wconf 90' lang='lat' dir='ltr'>mulier</span> <span class='ocrx_word' id='word_1_504' title='bbox 1207 2581 1259 2621; x_wconf 90' lang='lat' dir='ltr'>ad</span> <span class='ocrx_word' id='word_1_505' title='bbox 1282 2585 1444 2634; x_wconf 88' lang='lat' dir='ltr'>portam</span> <span class='ocrx_word' id='word_1_506' title='bbox 1466 2580 1659 2629; x_wconf 88' lang='lat' dir='ltr'>civitatis,</span> <span class='ocrx_word' id='word_1_507' title='bbox 1684 2584 1725 2620; x_wconf 91' lang='lat' dir='ltr'>et</span> <span class='ocrx_word' id='word_1_508' title='bbox 1745 2579 2024 2634; x_wconf 89' lang='lat' dir='ltr'>interpellabit</span> <span class='ocrx_word' id='word_1_509' title='bbox 2045 2580 2217 2620; x_wconf 88' lang='lat' dir='ltr'>maiores</span> 
     </span>
     <span class='ocr_line' id='line_1_70' title="bbox 300 2637 2215 2692; baseline -0.001 -12"><span class='ocrx_word' id='word_1_510' title='bbox 300 2646 413 2685; x_wconf 87' lang='lat' dir='ltr'>natu,</span> <span class='ocrx_word' id='word_1_511' title='bbox 449 2640 655 2692; x_wconf 86' lang='lat' dir='ltr'>dicetque:</span> <span class='ocrx_word' id='word_1_512' title='bbox 692 2640 805 2679; x_wconf 66' lang='lat' dir='ltr'>ssNon</span> <span class='ocrx_word' id='word_1_513' title='bbox 838 2638 928 2679; x_wconf 85' lang='lat' dir='ltr'>vult</span> <span class='ocrx_word' id='word_1_514' title='bbox 958 2640 1084 2679; x_wconf 75' lang='lat' dir='ltr'>frater</span> <span class='ocrx_word' id='word_1_515' title='bbox 1115 2639 1190 2679; x_wconf 89' lang='lat' dir='ltr'>viri</span> <span class='ocrx_word' id='word_1_516' title='bbox 1222 2639 1300 2680; x_wconf 90' lang='lat' dir='ltr'>mei</span> <span class='ocrx_word' id='word_1_517' title='bbox 1332 2639 1526 2680; x_wconf 83' lang='lat' dir='ltr'>suscitare</span> <span class='ocrx_word' id='word_1_518' title='bbox 1559 2652 1706 2680; x_wconf 90' lang='lat' dir='ltr'>nomen</span> <span class='ocrx_word' id='word_1_519' title='bbox 1738 2639 1875 2679; x_wconf 76' lang='lat' dir='ltr'>fratris</span> <span class='ocrx_word' id='word_1_520' title='bbox 1907 2639 1968 2679; x_wconf 87' lang='lat' dir='ltr'>sui</span> <span class='ocrx_word' id='word_1_521' title='bbox 1999 2639 2040 2679; x_wconf 91' lang='grc'>111</span> <span class='ocrx_word' id='word_1_522' title='bbox 2073 2637 2215 2679; x_wconf 88' lang='lat' dir='ltr'>Israel:</span> 
     </span>
     <span class='ocr_line' id='line_1_71' title="bbox 303 2697 2217 2752; baseline -0.001 -13"><span class='ocrx_word' id='word_1_523' title='bbox 303 2712 374 2740; x_wconf 88' lang='lat' dir='ltr'>nec</span> <span class='ocrx_word' id='word_1_524' title='bbox 409 2712 472 2739; x_wconf 88' lang='lat' dir='ltr'>me</span> <span class='ocrx_word' id='word_1_525' title='bbox 506 2699 546 2738; x_wconf 90' lang='lat' dir='ltr'>in</span> <span class='ocrx_word' id='word_1_526' title='bbox 581 2699 792 2749; x_wconf 83' lang='lat' dir='ltr'>coniugem</span> <span class='ocrx_word' id='word_1_527' title='bbox 827 2711 996 2739; x_wconf 83' lang='lat' dir='ltr'>sumere.</span> <span class='ocrx_word' id='word_1_528' title='bbox 1062 2699 1076 2721; x_wconf 74' lang='lat' dir='ltr'>s</span> <span class='ocrx_word' id='word_1_529' title='bbox 1110 2699 1342 2752; x_wconf 78' lang='lat' dir='ltr'>Statimque</span> <span class='ocrx_word' id='word_1_530' title='bbox 1377 2698 1560 2739; x_wconf 88' lang='lat' dir='ltr'>accersiri</span> <span class='ocrx_word' id='word_1_531' title='bbox 1595 2712 1688 2739; x_wconf 89' lang='lat' dir='ltr'>eum</span> <span class='ocrx_word' id='word_1_532' title='bbox 1721 2698 1885 2747; x_wconf 84' lang='lat' dir='ltr'>facient,</span> <span class='ocrx_word' id='word_1_533' title='bbox 1922 2702 1963 2738; x_wconf 89' lang='lat' dir='ltr'>et</span> <span class='ocrx_word' id='word_1_534' title='bbox 1995 2697 2217 2751; x_wconf 86' lang='lat' dir='ltr'>interroga-</span> 
     </span>
     <span class='ocr_line' id='line_1_72' title="bbox 302 2756 2215 2811; baseline -0.001 -13"><span class='ocrx_word' id='word_1_535' title='bbox 302 2759 416 2798; x_wconf 82' lang='lat' dir='ltr'>bunt.</span> <span class='ocrx_word' id='word_1_536' title='bbox 443 2758 483 2799; x_wconf 85' lang='lat' dir='ltr'>Si</span> <span class='ocrx_word' id='word_1_537' title='bbox 508 2758 778 2811; x_wconf 86' lang='lat' dir='ltr'>responderit:</span> <span class='ocrx_word' id='word_1_538' title='bbox 806 2757 908 2798; x_wconf 86' lang='lat' dir='ltr'>Nolo</span> <span class='ocrx_word' id='word_1_539' title='bbox 933 2771 1023 2797; x_wconf 87' lang='lat' dir='ltr'>eam</span> <span class='ocrx_word' id='word_1_540' title='bbox 1047 2770 1215 2798; x_wconf 82' lang='lat' dir='ltr'>uxorem</span> <span class='ocrx_word' id='word_1_541' title='bbox 1241 2757 1438 2811; x_wconf 89' lang='lat' dir='ltr'>accipere:</span> <span class='ocrx_word' id='word_1_542' title='bbox 1493 2759 1508 2781; x_wconf 79' lang='lat'>⁹</span> <span class='ocrx_word' id='word_1_543' title='bbox 1532 2757 1698 2798; x_wconf 87' lang='lat' dir='ltr'>accedet</span> <span class='ocrx_word' id='word_1_544' title='bbox 1721 2756 1865 2797; x_wconf 88' lang='lat' dir='ltr'>mulier</span> <span class='ocrx_word' id='word_1_545' title='bbox 1888 2757 1941 2797; x_wconf 86' lang='lat' dir='ltr'>ad</span> <span class='ocrx_word' id='word_1_546' title='bbox 1963 2770 2056 2797; x_wconf 92' lang='lat' dir='ltr'>eum</span> <span class='ocrx_word' id='word_1_547' title='bbox 2080 2769 2215 2797; x_wconf 86' lang='lat' dir='ltr'>coram</span> 
     </span>
     <span class='ocr_line' id='line_1_73' title="bbox 301 2815 2214 2870; baseline -0.001 -14"><span class='ocrx_word' id='word_1_548' title='bbox 301 2817 536 2865; x_wconf 85' lang='lat' dir='ltr'>senioribus,</span> <span class='ocrx_word' id='word_1_549' title='bbox 562 2822 603 2857; x_wconf 88' lang='lat' dir='ltr'>et</span> <span class='ocrx_word' id='word_1_550' title='bbox 625 2816 741 2857; x_wconf 88' lang='lat' dir='ltr'>tollet</span> <span class='ocrx_word' id='word_1_551' title='bbox 763 2816 1087 2857; x_wconf 86' lang='lat' dir='ltr'>calceamentum</span> <span class='ocrx_word' id='word_1_552' title='bbox 1110 2817 1158 2857; x_wconf 93' lang='lat' dir='ltr'>de</span> <span class='ocrx_word' id='word_1_553' title='bbox 1182 2817 1282 2870; x_wconf 89' lang='lat' dir='ltr'>pede</span> <span class='ocrx_word' id='word_1_554' title='bbox 1306 2817 1401 2865; x_wconf 86' lang='lat' dir='ltr'>eius,</span> <span class='ocrx_word' id='word_1_555' title='bbox 1426 2820 1627 2870; x_wconf 91' lang='lat' dir='ltr'>spuetque</span> <span class='ocrx_word' id='word_1_556' title='bbox 1649 2816 1691 2856; x_wconf 88' lang='lat' dir='ltr'>in</span> <span class='ocrx_word' id='word_1_557' title='bbox 1712 2816 1858 2856; x_wconf 84' lang='lat' dir='ltr'>faciem</span> <span class='ocrx_word' id='word_1_558' title='bbox 1879 2815 1998 2864; x_wconf 91' lang='lat' dir='ltr'>illius,</span> <span class='ocrx_word' id='word_1_559' title='bbox 2024 2820 2065 2857; x_wconf 89' lang='lat' dir='ltr'>et</span> <span class='ocrx_word' id='word_1_560' title='bbox 2087 2815 2214 2856; x_wconf 87' lang='lat' dir='ltr'>dicet:</span> 
     </span>
     <span class='ocr_line' id='line_1_74' title="bbox 300 2873 2216 2929; baseline -0.001 -13"><span class='ocrx_word' id='word_1_561' title='bbox 300 2875 363 2916; x_wconf 85' lang='lat' dir='ltr'>Sic</span> <span class='ocrx_word' id='word_1_562' title='bbox 391 2875 459 2915; x_wconf 70' lang='lat' dir='ltr'>fiet</span> <span class='ocrx_word' id='word_1_563' title='bbox 485 2876 650 2924; x_wconf 88' lang='lat' dir='ltr'>homini,</span> <span class='ocrx_word' id='word_1_564' title='bbox 678 2876 746 2929; x_wconf 89' lang='lat' dir='ltr'>qui</span> <span class='ocrx_word' id='word_1_565' title='bbox 771 2889 851 2915; x_wconf 95' lang='lat' dir='ltr'>non</span> <span class='ocrx_word' id='word_1_566' title='bbox 876 2875 1055 2916; x_wconf 61' lang='lat' dir='ltr'>{edificat</span> <span class='ocrx_word' id='word_1_567' title='bbox 1079 2875 1247 2916; x_wconf 90' lang='lat' dir='ltr'>domum</span> <span class='ocrx_word' id='word_1_568' title='bbox 1271 2875 1407 2916; x_wconf 85' lang='lat' dir='ltr'>fratris</span> <span class='ocrx_word' id='word_1_569' title='bbox 1432 2875 1504 2916; x_wconf 88' lang='lat' dir='ltr'>sui.</span> <span class='ocrx_word' id='word_1_570' title='bbox 1558 2877 1594 2899; x_wconf 85' lang='lat'>¹⁰</span> <span class='ocrx_word' id='word_1_571' title='bbox 1618 2875 1673 2915; x_wconf 87' lang='lat' dir='ltr'>Et</span> <span class='ocrx_word' id='word_1_572' title='bbox 1696 2874 1913 2916; x_wconf 87' lang='lat' dir='ltr'>vocabitur</span> <span class='ocrx_word' id='word_1_573' title='bbox 1936 2886 2086 2916; x_wconf 90' lang='lat' dir='ltr'>nomen</span> <span class='ocrx_word' id='word_1_574' title='bbox 2108 2873 2216 2914; x_wconf 84' lang='lat' dir='ltr'>ilh&#39;us</span> 
     </span>
     <span class='ocr_line' id='line_1_75' title="bbox 302 2934 964 2979; baseline 0.002 -5"><span class='ocrx_word' id='word_1_575' title='bbox 302 2934 341 2974; x_wconf 91' lang='lat' dir='ltr'>in</span> <span class='ocrx_word' id='word_1_576' title='bbox 372 2934 506 2979; x_wconf 83' lang='lat' dir='ltr'>lsrael,</span> <span class='ocrx_word' id='word_1_577' title='bbox 536 2935 691 2975; x_wconf 79' lang='lat' dir='ltr'>Domus</span> <span class='ocrx_word' id='word_1_578' title='bbox 721 2934 964 2975; x_wconf 78' lang='lat' dir='ltr'>discalceati.</span> 
     </span>
    </p>

    <p class='ocr_par' dir='ltr' id='par_1_26' title="bbox 304 2991 2216 3211">
     <span class='ocr_line' id='line_1_76' title="bbox 409 2991 2214 3047; baseline -0.002 -13"><span class='ocrx_word' id='word_1_579' title='bbox 409 2995 434 3016; x_wconf 91' lang='lat'>¹¹</span> <span class='ocrx_word' id='word_1_580' title='bbox 458 2993 498 3034; x_wconf 83' lang='lat' dir='ltr'>Si</span> <span class='ocrx_word' id='word_1_581' title='bbox 518 2993 737 3034; x_wconf 85' lang='lat' dir='ltr'>habuerint</span> <span class='ocrx_word' id='word_1_582' title='bbox 757 2993 862 3034; x_wconf 89' lang='lat' dir='ltr'>inter</span> <span class='ocrx_word' id='word_1_583' title='bbox 881 3007 921 3033; x_wconf 89' lang='grc'>50</span> <span class='ocrx_word' id='word_1_584' title='bbox 941 2993 1115 3047; x_wconf 81' lang='lat' dir='ltr'>iurgium</span> <span class='ocrx_word' id='word_1_585' title='bbox 1136 2993 1210 3033; x_wconf 90' lang='lat' dir='ltr'>viri</span> <span class='ocrx_word' id='word_1_586' title='bbox 1232 2994 1324 3041; x_wconf 93' lang='lat' dir='ltr'>duo,</span> <span class='ocrx_word' id='word_1_587' title='bbox 1347 2999 1388 3034; x_wconf 91' lang='lat' dir='ltr'>et</span> <span class='ocrx_word' id='word_1_588' title='bbox 1408 3007 1511 3034; x_wconf 91' lang='lat' dir='ltr'>unus</span> <span class='ocrx_word' id='word_1_589' title='bbox 1532 2998 1675 3034; x_wconf 85' lang='lat' dir='ltr'>contra</span> <span class='ocrx_word' id='word_1_590' title='bbox 1695 2992 1869 3033; x_wconf 89' lang='lat' dir='ltr'>alterum</span> <span class='ocrx_word' id='word_1_591' title='bbox 1889 2992 2013 3032; x_wconf 86' lang='lat' dir='ltr'>rixari</span> <span class='ocrx_word' id='word_1_592' title='bbox 2033 2991 2214 3045; x_wconf 87' lang='lat' dir='ltr'>coeperit,</span> 
     </span>
     <span class='ocr_line' id='line_1_77' title="bbox 304 3051 2214 3105; baseline 0 -14"><span class='ocrx_word' id='word_1_593' title='bbox 304 3052 523 3105; x_wconf 87' lang='lat' dir='ltr'>volensque</span> <span class='ocrx_word' id='word_1_594' title='bbox 550 3066 652 3093; x_wconf 80' lang='lat' dir='ltr'>uxor</span> <span class='ocrx_word' id='word_1_595' title='bbox 676 3052 840 3093; x_wconf 86' lang='lat' dir='ltr'>alterius</span> <span class='ocrx_word' id='word_1_596' title='bbox 866 3065 1002 3093; x_wconf 89' lang='lat' dir='ltr'>eruere</span> <span class='ocrx_word' id='word_1_597' title='bbox 1029 3052 1160 3092; x_wconf 89' lang='lat' dir='ltr'>virum</span> <span class='ocrx_word' id='word_1_598' title='bbox 1186 3066 1305 3093; x_wconf 86' lang='lat' dir='ltr'>suum</span> <span class='ocrx_word' id='word_1_599' title='bbox 1331 3052 1380 3093; x_wconf 90' lang='lat' dir='ltr'>de</span> <span class='ocrx_word' id='word_1_600' title='bbox 1404 3065 1529 3092; x_wconf 87' lang='lat' dir='ltr'>manu</span> <span class='ocrx_word' id='word_1_601' title='bbox 1555 3051 1744 3099; x_wconf 78' lang='lat' dir='ltr'>fortioris,</span> <span class='ocrx_word' id='word_1_602' title='bbox 1772 3051 2007 3104; x_wconf 89' lang='lat' dir='ltr'>miseritque</span> <span class='ocrx_word' id='word_1_603' title='bbox 2032 3063 2214 3099; x_wconf 88' lang='lat' dir='ltr'>manum,</span> 
     </span>
     <span class='ocr_line' id='line_1_78' title="bbox 304 3110 2216 3165; baseline -0.001 -14"><span class='ocrx_word' id='word_1_604' title='bbox 304 3117 343 3151; x_wconf 88' lang='lat' dir='ltr'>et</span> <span class='ocrx_word' id='word_1_605' title='bbox 371 3111 685 3165; x_wconf 71' lang='lat' dir='ltr'>apprelwmlerit</span> <span class='ocrx_word' id='word_1_606' title='bbox 712 3112 889 3152; x_wconf 85' lang='lat' dir='ltr'>verenda</span> <span class='ocrx_word' id='word_1_607' title='bbox 915 3112 1016 3151; x_wconf 88' lang='lat' dir='ltr'>eius:</span> <span class='ocrx_word' id='word_1_608' title='bbox 1074 3113 1103 3135; x_wconf 76' lang='lat'>¹2</span> <span class='ocrx_word' id='word_1_609' title='bbox 1131 3112 1312 3152; x_wconf 87' lang='lat' dir='ltr'>abscides</span> <span class='ocrx_word' id='word_1_610' title='bbox 1340 3125 1508 3151; x_wconf 90' lang='lat' dir='ltr'>manum</span> <span class='ocrx_word' id='word_1_611' title='bbox 1535 3110 1651 3159; x_wconf 86' lang='lat' dir='ltr'>illius,</span> <span class='ocrx_word' id='word_1_612' title='bbox 1680 3123 1753 3151; x_wconf 89' lang='lat' dir='ltr'>nec</span> <span class='ocrx_word' id='word_1_613' title='bbox 1782 3110 1953 3151; x_wconf 86' lang='lat' dir='ltr'>flecteris</span> <span class='ocrx_word' id='word_1_614' title='bbox 1980 3121 2100 3163; x_wconf 85' lang='lat' dir='ltr'>super</span> <span class='ocrx_word' id='word_1_615' title='bbox 2126 3122 2216 3150; x_wconf 86' lang='lat' dir='ltr'>eam</span> 
     </span>
     <span class='ocr_line' id='line_1_79' title="bbox 305 3169 698 3211; baseline 0.003 -2"><span class='ocrx_word' id='word_1_616' title='bbox 305 3169 383 3209; x_wconf 90' lang='lat' dir='ltr'>ulla</span> <span class='ocrx_word' id='word_1_617' title='bbox 415 3170 698 3211; x_wconf 76' lang='lat' dir='ltr'>misericordia.</span> 
     </span>
    </p>

    <p class='ocr_par' dir='ltr' id='par_1_27' title="bbox 305 3226 2215 3341">
     <span class='ocr_line' id='line_1_80' title="bbox 410 3226 2215 3282; baseline -0.001 -13"><span class='ocrx_word' id='word_1_618' title='bbox 410 3231 440 3253; x_wconf 81' lang='lat'>¹³</span> <span class='ocrx_word' id='word_1_619' title='bbox 472 3229 561 3269; x_wconf 78' lang='lat' dir='ltr'>Non</span> <span class='ocrx_word' id='word_1_620' title='bbox 594 3229 759 3270; x_wconf 76' lang='lat' dir='ltr'>habebis</span> <span class='ocrx_word' id='word_1_621' title='bbox 792 3230 830 3269; x_wconf 92' lang='lat' dir='ltr'>in</span> <span class='ocrx_word' id='word_1_622' title='bbox 861 3229 1019 3270; x_wconf 82' lang='lat' dir='ltr'>sacculo</span> <span class='ocrx_word' id='word_1_623' title='bbox 1050 3229 1208 3270; x_wconf 85' lang='lat' dir='ltr'>diversa</span> <span class='ocrx_word' id='word_1_624' title='bbox 1241 3229 1431 3282; x_wconf 83' lang='lat' dir='ltr'>pondera,</span> <span class='ocrx_word' id='word_1_625' title='bbox 1464 3229 1593 3269; x_wconf 88' lang='lat' dir='ltr'>maius</span> <span class='ocrx_word' id='word_1_626' title='bbox 1625 3233 1665 3269; x_wconf 90' lang='lat' dir='ltr'>et</span> <span class='ocrx_word' id='word_1_627' title='bbox 1694 3228 1845 3269; x_wconf 89' lang='lat' dir='ltr'>minus:</span> <span class='ocrx_word' id='word_1_628' title='bbox 1904 3229 1935 3251; x_wconf 72' lang='grc'>14</span> <span class='ocrx_word' id='word_1_629' title='bbox 1966 3240 2038 3269; x_wconf 84' lang='grc'>1100</span> <span class='ocrx_word' id='word_1_630' title='bbox 2067 3226 2145 3268; x_wconf 84' lang='grc'>0111</span> <span class='ocrx_word' id='word_1_631' title='bbox 2173 3226 2215 3267; x_wconf 83' lang='grc'>111</span> 
     </span>
     <span class='ocr_line' id='line_1_81' title="bbox 305 3285 2215 3341; baseline -0.001 -14"><span class='ocrx_word' id='word_1_632' title='bbox 305 3288 425 3328; x_wconf 85' lang='grc'>(101110</span> <span class='ocrx_word' id='word_1_633' title='bbox 450 3295 523 3328; x_wconf 84' lang='lat' dir='ltr'>tua</span> <span class='ocrx_word' id='word_1_634' title='bbox 547 3288 704 3328; x_wconf 91' lang='lat' dir='ltr'>modius</span> <span class='ocrx_word' id='word_1_635' title='bbox 730 3289 857 3328; x_wconf 88' lang='lat' dir='ltr'>maior</span> <span class='ocrx_word' id='word_1_636' title='bbox 880 3294 921 3329; x_wconf 85' lang='lat' dir='ltr'>et</span> <span class='ocrx_word' id='word_1_637' title='bbox 944 3288 1085 3329; x_wconf 90' lang='lat' dir='ltr'>minor.</span> <span class='ocrx_word' id='word_1_638' title='bbox 1139 3290 1170 3312; x_wconf 79' lang='lat'>¹⁵</span> <span class='ocrx_word' id='word_1_639' title='bbox 1196 3288 1352 3341; x_wconf 84' lang='lat' dir='ltr'>pondus</span> <span class='ocrx_word' id='word_1_640' title='bbox 1376 3287 1544 3328; x_wconf 89' lang='lat' dir='ltr'>habebis</span> <span class='ocrx_word' id='word_1_641' title='bbox 1570 3287 1721 3327; x_wconf 91' lang='lat' dir='ltr'>iustum</span> <span class='ocrx_word' id='word_1_642' title='bbox 1746 3292 1787 3327; x_wconf 86' lang='lat' dir='ltr'>et</span> <span class='ocrx_word' id='word_1_643' title='bbox 1810 3299 1964 3333; x_wconf 88' lang='lat' dir='ltr'>verum,</span> <span class='ocrx_word' id='word_1_644' title='bbox 1990 3290 2032 3327; x_wconf 88' lang='lat' dir='ltr'>et</span> <span class='ocrx_word' id='word_1_645' title='bbox 2055 3285 2215 3326; x_wconf 88' lang='lat' dir='ltr'>modius</span> 
     </span>
    </p>
   </div>
   <div class='ocr_carea' id='block_1_16' title="bbox 306 3377 2215 3507">
    <p class='ocr_par' dir='ltr' id='par_1_28' title="bbox 306 3377 2215 3507">
     <span class='ocr_line' id='line_1_82' title="bbox 436 3377 2215 3423; baseline -0.001 -11"><span class='ocrx_word' id='word_1_646' title='bbox 436 3380 455 3412; x_wconf 83' lang='lat'><em>9</em></span> <span class='ocrx_word' id='word_1_647' title='bbox 479 3380 565 3412; x_wconf 74' lang='lat' dir='ltr'>aNm</span> <span class='ocrx_word' id='word_1_648' title='bbox 592 3381 641 3419; x_wconf 98' lang='lat'>12,</span> <span class='ocrx_word' id='word_1_649' title='bbox 668 3381 715 3413; x_wconf 85' lang='lat'>10.</span> <span class='ocrx_word' id='word_1_650' title='bbox 736 3402 776 3404; x_wconf 26' lang='grc' dir='ltr'>ἡ</span> <span class='ocrx_word' id='word_1_651' title='bbox 795 3381 836 3414; x_wconf 66' lang='grc'>14</span> <span class='ocrx_word' id='word_1_652' title='bbox 859 3381 928 3414; x_wconf 72' lang='lat' dir='ltr'>va</span> <span class='ocrx_word' id='word_1_653' title='bbox 953 3381 1004 3421; x_wconf 81' lang='lat'>19,</span> <span class='ocrx_word' id='word_1_654' title='bbox 1030 3381 1085 3421; x_wconf 80' lang='lat'>13;</span> <span class='ocrx_word' id='word_1_655' title='bbox 1112 3380 1184 3414; x_wconf 72' lang='lat' dir='ltr'>&#39;l&#39;ob</span> <span class='ocrx_word' id='word_1_656' title='bbox 1208 3381 1238 3421; x_wconf 87' lang='grc'>4,</span> <span class='ocrx_word' id='word_1_657' title='bbox 1263 3381 1314 3413; x_wconf 84' lang='lat'>15.</span> <span class='ocrx_word' id='word_1_658' title='bbox 1336 3401 1375 3403; x_wconf 37' lang='lat' dir='ltr'>v*</span> <span class='ocrx_word' id='word_1_659' title='bbox 1396 3381 1437 3413; x_wconf 79' lang='lat'>16</span> <span class='ocrx_word' id='word_1_660' title='bbox 1458 3381 1493 3413; x_wconf 76' lang='grc' dir='ltr'>ι’2</span> <span class='ocrx_word' id='word_1_661' title='bbox 1515 3380 1564 3423; x_wconf 75' lang='lat' dir='ltr'>Rg</span> <span class='ocrx_word' id='word_1_662' title='bbox 1582 3381 1634 3420; x_wconf 77' lang='lat'>14,</span> <span class='ocrx_word' id='word_1_663' title='bbox 1653 3380 1687 3420; x_wconf 86' lang='lat'>6;</span> <span class='ocrx_word' id='word_1_664' title='bbox 1714 3380 1733 3412; x_wconf 87' lang='lat'>2</span> <span class='ocrx_word' id='word_1_665' title='bbox 1752 3379 1817 3412; x_wconf 86' lang='lat' dir='ltr'>Par</span> <span class='ocrx_word' id='word_1_666' title='bbox 1833 3379 1886 3418; x_wconf 82' lang='lat'>25,</span> <span class='ocrx_word' id='word_1_667' title='bbox 1904 3379 1939 3419; x_wconf 86' lang='lat'>4;</span> <span class='ocrx_word' id='word_1_668' title='bbox 1966 3378 2014 3412; x_wconf 88' lang='lat' dir='ltr'>Ez</span> <span class='ocrx_word' id='word_1_669' title='bbox 2032 3378 2084 3419; x_wconf 89' lang='grc'>18,</span> <span class='ocrx_word' id='word_1_670' title='bbox 2102 3377 2153 3411; x_wconf 88' lang='grc'>20.</span> <span class='ocrx_word' id='word_1_671' title='bbox 2174 3398 2215 3401; x_wconf 71' lang='lat'>—</span> 
     </span>
     <span class='ocr_line' id='line_1_83' title="bbox 306 3424 2215 3507; baseline -0.002 -46"><span class='ocrx_word' id='word_1_672' title='bbox 306 3427 534 3507; x_wconf 42' lang='lat' dir='ltr'>[2523i3zgl24tgr</span> <span class='ocrx_word' id='word_1_673' title='bbox 552 3429 603 3466; x_wconf 89' lang='lat'>11,</span> <span class='ocrx_word' id='word_1_674' title='bbox 629 3428 678 3460; x_wconf 80' lang='grc'>24.</span> <span class='ocrx_word' id='word_1_675' title='bbox 708 3449 713 3450; x_wconf 34' lang='lat'><em>⁷</em></span> <span class='ocrx_word' id='word_1_676' title='bbox 774 3428 794 3460; x_wconf 67' lang='lat'><em>4</em></span> <span class='ocrx_word' id='word_1_677' title='bbox 812 3430 847 3460; x_wconf 67' lang='lat' dir='ltr'>el</span> <span class='ocrx_word' id='word_1_678' title='bbox 866 3428 976 3468; x_wconf 67' lang='grc'>(1019,</span> <span class='ocrx_word' id='word_1_679' title='bbox 1002 3429 1037 3468; x_wconf 74' lang='lat'>93</span> <span class='ocrx_word' id='word_1_680' title='bbox 1066 3430 1081 3460; x_wconf 98' lang='lat'>1</span> <span class='ocrx_word' id='word_1_681' title='bbox 1101 3427 1175 3460; x_wconf 79' lang='lat' dir='ltr'>Tim</span> <span class='ocrx_word' id='word_1_682' title='bbox 1200 3428 1232 3468; x_wconf 85' lang='lat'>5,</span> <span class='ocrx_word' id='word_1_683' title='bbox 1258 3427 1307 3460; x_wconf 83' lang='lat'>18.</span> <span class='ocrx_word' id='word_1_684' title='bbox 1337 3448 1376 3450; x_wconf 33' lang='grc' dir='ltr'>ἡ</span> <span class='ocrx_word' id='word_1_685' title='bbox 1403 3427 1422 3459; x_wconf 82' lang='lat'><em>5</em></span> <span class='ocrx_word' id='word_1_686' title='bbox 1455 3427 1517 3460; x_wconf 79' lang='lat' dir='ltr'>fMt</span> <span class='ocrx_word' id='word_1_687' title='bbox 1543 3428 1595 3467; x_wconf 90' lang='lat'>22,</span> <span class='ocrx_word' id='word_1_688' title='bbox 1622 3427 1678 3467; x_wconf 81' lang='grc'>24;</span> <span class='ocrx_word' id='word_1_689' title='bbox 1705 3426 1758 3460; x_wconf 86' lang='grc' dir='ltr'>Μο</span> <span class='ocrx_word' id='word_1_690' title='bbox 1784 3427 1835 3467; x_wconf 87' lang='grc'>12,</span> <span class='ocrx_word' id='word_1_691' title='bbox 1862 3427 1918 3466; x_wconf 82' lang='grc'>19;</span> <span class='ocrx_word' id='word_1_692' title='bbox 1946 3426 1992 3459; x_wconf 89' lang='lat' dir='ltr'>Lc</span> <span class='ocrx_word' id='word_1_693' title='bbox 2016 3425 2069 3465; x_wconf 89' lang='grc'>20,</span> <span class='ocrx_word' id='word_1_694' title='bbox 2094 3424 2145 3458; x_wconf 84' lang='grc'>28.</span> <span class='ocrx_word' id='word_1_695' title='bbox 2174 3446 2215 3448; x_wconf 39' lang='grc' dir='ltr'>ᾖ</span> 
     </span>
    </p>
   </div>
  </div>
 </body>
</html>
