2356 3760
282 174 358 214 574
1163 170 1310 204 LIBER
1925 172 1978 212 11,
2004 172 2145 212 25213,
2171 172 2191 202 5

280 268 314 291 '²⁸
333 266 411 314 Qui
425 266 593 307 contidit
609 265 649 305 in
664 264 816 305 divitiis
832 263 925 311 suis,
943 269 1121 303 corruet:
1180 263 1275 304 iusti
1290 268 1430 304 autem
1446 264 1561 317 quasi
1576 263 1709 304 virens
1725 264 1865 305 l'olium
1886 266 2186 317 germinabunt.

279 326 315 349 ²¹³
332 324 410 374 Qui
442 324 661 366 conturbat
695 323 863 363 domum
895 334 1023 371 suam,
1068 322 1293 375 possidebit
1324 328 1488 363 ventos:
1575 328 1617 364 θῖ
1650 323 1718 376 qui
1750 322 1902 363 stultus
1934 329 2006 372 θεῖ,
2041 324 2185 365 serviet

542 382 727 436 sapienti.

279 444 315 467 ³⁰
333 443 506 483 Fructus
538 441 630 481 iusti
662 440 814 489 lignum
845 439 959 480 vitre:
1044 444 1085 480 et
1115 440 1183 492 qui
1213 440 1382 492 suscipit
1411 439 1579 489 animas,
1612 440 1771 493 sapiens
1801 446 1874 482 est.

282 503 312 525 ³¹
339 501 399 541 asi
429 502 558 541 iustus
588 500 627 539 in
658 505 767 539 terra
795 498 948 552 recipit,
1035 504 1190 552 quanto
1221 499 1348 551 magis
1378 499 1526 552 impius
1555 504 1597 540 et
1624 499 1839 552 peccator?

97 620 259 681 Αἰξρζἰζξῃή
286 619 347 662 12.
407 621 414 642 ¹
449 618 525 667 Qui
557 617 685 667 diligit
717 616 984 669 disciplinam,
1018 616 1148 669 diligit
1178 616 1408 657 scientiam:
1495 616 1563 670 qui
1594 622 1732 658 autem
1763 617 1851 658 odit
1880 617 2188 671 increpationes,

549 676 740 729 iusipiens
770 682 841 716 est.

303 740 318 760 '-'
336 736 413 785 Qui
437 736 566 776 bonus
589 741 662 778 est,
684 735 842 775 hauriet
859 734 1033 785 gratiam
1058 748 1082 775 a
1103 734 1299 775 Domino:
1373 734 1441 788 qui
1465 739 1602 775 autem
1626 735 1795 776 confidit
1816 735 1857 775 in
1874 735 2191 789 cogitationibus

547 795 639 837 suis,
673 794 793 846 impie
824 793 919 843 agit,

303 857 318 879 ³
338 855 428 895 Non
458 853 719 894 roborabitur
749 852 870 893 honlo
902 865 952 892 ex
982 852 1213 905 impietate:
1289 858 1330 893 et
1359 852 1476 893 radix
1507 852 1707 893 iustorum
1739 866 1819 894 non
1851 853 2188 895 commovebitur.

302 915 318 937 ⁴
335 912 478 953 Mulier
491 913 669 963 diligens.v
696 925 844 952 corona
866 917 927 952 est
950 911 1035 952 viro
1058 924 1149 952 suo:
1220 918 1261 952 et
1283 912 1457 965 putredo
1480 911 1521 952 in
1543 911 1700 952 ossibus
1722 912 1818 961 eius,
1844 925 1935 966 quae
1956 912 2192 954 confusione

545 984 605 1011 res
636 971 778 1021 dignas
806 970 921 1023 gerit.

303 1031 611 1080 ⁵Cogitationes
641 1030 840 1070 iustorum
872 1029 1037 1070 iudicia:
1122 1035 1163 1070 et
1192 1029 1359 1071 consilia
1386 1029 1604 1083 impiorum
1633 1029 1914 1071 fraudulenta:

304 1090 471 1131 ⁶Verba
500 1089 715 1143 impiorum
747 1088 992 1129 insidiantur
1021 1088 1226 1139 sanguini:
1310 1102 1353 1129 os
1382 1089 1582 1129 iustorum
1612 1088 1802 1130 liberabit
1831 1102 1909 1130 eos.

304 1151 317 1173 ⁷
336 1149 458 1189 Verte
488 1149 645 1201 impios,
677 1153 719 1188 et
748 1161 828 1189 non
859 1153 996 1188 erunt:
1080 1148 1226 1189 domus
1256 1154 1394 1189 autem
1424 1148 1625 1189 iustorum
1654 1148 1923 1201 permanebit.

303 1210 318 1232 8
337 1208 535 1248 [metr-ina
556 1221 630 1248 sua
652 1212 842 1247 noscetur
863 1207 942 1247 vir:
1014 1207 1082 1261 qui
1105 1212 1244 1247 autem
1267 1220 1398 1247 vanus
1421 1213 1462 1248 et
1484 1219 1623 1248 excors
1647 1212 1718 1253 θεῖ,
1744 1207 1905 1260 patebit
1921 1207 2190 1262 contemptui.

303 1270 319 1291 ⁰
340 1267 499 1308 bMelior
530 1272 590 1307 est
620 1279 776 1321 pauper
805 1271 846 1307 et
876 1265 1079 1307 sufficiens
1110 1266 1197 1315 sibi,
1284 1280 1408 1320 quam
1437 1266 1633 1320 gloriosus
1664 1272 1705 1307 et
1734 1266 1918 1319 indigens
1947 1280 2065 1320 pane.

284 1328 319 1350 ¹⁰
338 1326 464 1367 Novit
490 1326 621 1366 iustus
648 1326 923 1367 iumentorum
952 1338 1117 1366 suorum
1145 1325 1320 1366 animas:
1402 1325 1557 1366 viscera
1590 1330 1729 1366 autem
1755 1325 1974 1379 impiorum
2001 1325 2190 1367 crudelia.

284 1387 314 1411 11
335 1385 430 1434 cQui
460 1391 653 1439 operatur
682 1390 833 1425 terram
864 1398 992 1433 suam,
1033 1385 1252 1425 satiabitur
1281 1384 1475 1438 panibus:
1561 1384 1630 1438 qui
1667 1390 1806 1425 autem
1837 1390 2019 1425 sectatur
2048 1385 2190 1433 otium,

546 1444 811 1485 stultissimus
841 1449 913 1486 est.

337 1504 413 1552 Qui
428 1504 564 1544 suavis
577 1509 637 1544 est
659 1504 699 1543 in
714 1503 796 1544 vini
820 1503 1181 1552 demorationibus,
1202 1503 1242 1543 in
1265 1503 1346 1544 suis
1364 1503 1660 1544 munitionibus
1681 1503 1874 1556 relinquit
1887 1503 2190 1545 contumeliam.

284 1564 315 1587 12
336 1563 591 1603 Desiderium
608 1563 721 1616 impii
739 1562 1040 1603 munimentum
1054 1568 1115 1603 est
1130 1563 1418 1616 pessimorum:
1485 1562 1603 1603 radix
1620 1568 1759 1603 autem
1776 1562 1976 1603 iustorum
1993 1562 2189 1616 proficiet.

284 1624 315 1646 ¹³
335 1622 508 1675 Propter
542 1628 712 1675 peccata
746 1621 947 1662 labiorum
981 1622 1099 1662 ruina
1133 1621 1341 1675 proximat
1375 1621 1503 1662 malo:
1591 1621 1758 1674 effugiet
1803 1626 1942 1662 autem
1976 1621 2108 1663 iustus
2144 1622 2193 1663 de

547 1681 746 1729 angustia.
2181 1723 2187 1727 .

283 1742 315 1764 ¹⁴
334 1740 396 1781 De
414 1741 549 1781 fructu
569 1741 646 1781 oris
665 1740 725 1780 sui
743 1740 1023 1794 unusquisque
1039 1739 1263 1793 replebitur
1280 1739 1408 1789 bonis,
1477 1744 1518 1781 et
1534 1739 1653 1780 iuxta
1670 1752 1793 1793 opera
1810 1753 2008 1780 manuum
2026 1753 2192 1781 suarum

545 1800 794 1840 retribuetur
823 1799 868 1840 ei.

285 1860 316 1883 ¹5
337 1859 414 1899 Via
443 1858 558 1899 stulti
587 1864 699 1899 recta
728 1858 767 1899 in
798 1858 922 1899 oculis
952 1858 1054 1899 eius:
1140 1858 1209 1912 qui
1239 1864 1378 1899 autem
1408 1858 1568 1912 sapiens
1597 1863 1670 1907 θεῖ,
1703 1858 1820 1899 audit
1849 1858 2027 1900 consilia.

285 1920 319 1942 1⁶
336 1918 493 1958 Fatuus
516 1917 657 1958 statim
681 1917 835 1958 indicat.
857 1918 959 1958 iram
982 1931 1116 1958 suam:
1193 1917 1262 1971 qui
1284 1924 1423 1958 autem
1446 1917 1678 1959 dissimulat
1699 1917 1900 1966 iniuriam,
1925 1917 2095 1959 callidus
2117 1923 2190 1959 est.

285 1978 318 2001 ¹⁷
337 1978 415 2026 Qui
446 1977 555 2031 quod
586 1977 702 2018 novit
730 1977 923 2030 loquitur,
963 1977 1086 2018 index
1115 1977 1283 2018 iustitiae
1312 1985 1391 2018 est:
1476 1977 1546 2030 qui
1575 1983 1714 2018 autem
1744 1976 1954 2021 mentitur,
1986 1976 2102 2018 testis
2133 1982 2194 2017 est

547 2036 844 2077 fraudulentus.

286 2097 320 2119 ¹3
337 2095 413 2136 Est
429 2096 497 2149 qui
511 2096 731 2149 promittit,
750 2101 791 2136 et
807 2095 922 2149 quasi
936 2095 1071 2149 gladio
1086 2095 1284 2149 pungitur
1297 2095 1574 2137 conscientiae:
1635 2095 1776 2149 lingua
1790 2100 1929 2136 autem
1945 2095 2191 2149 sapientium

547 2155 700 2195 sanitas
731 2160 802 2196 θεῖ.

284 2216 319 2238 19
338 2214 513 2255 Labium
539 2214 724 2254 veritatis
750 2214 913 2254 firmum
939 2214 1015 2255 erit
1039 2214 1080 2254 in
1105 2219 1370 2267 perpetuum:
1448 2213 1517 2268 qui
1543 2219 1681 2255 autem
1715 2214 1829 2254 testis
1856 2218 1918 2254 est
1941 2213 2190 2268 repentinus,

547 2273 766 2314 concinnat
795 2273 975 2323 linguam
1005 2273 1218 2315 mendacii.

283 2334 320 2356 ²⁰
336 2332 464 2373 Dolus
492 2332 533 2373 in
562 2333 680 2373 eorde
710 2332 980 2378 coffitantium
1007 2332 1135 2372 mala:
1219 2332 1289 2386 qui
1323 2338 1462 2373 autem
1490 2332 1602 2386 pacis
1629 2332 1773 2372 ineunt
1801 2331 1978 2378 consilia,
2010 2332 2194 2385 sequitur

546 2405 612 2432 eos
641 2392 849 2440 gaudium.

283 2453 314 2476 '2¹
337 2452 428 2492 Non
451 2451 711 2492 contristabit
737 2451 889 2491 iustum
915 2450 1115 2504 quidquid
1138 2451 1173 2492 ei
1196 2451 1406 2492 acciderit:
1482 2450 1596 2504 impii
1619 2455 1758 2492 autem
1781 2450 2049 2504 replebuntur
2070 2449 2190 2492 malo.

282 2512 314 2534 '-’'-’
334 2510 598 2551 Abominatio
622 2515 683 2551 θεῖ
705 2510 882 2551 Domino
904 2510 1014 2550 labia
1036 2510 1267 2551 mendacia:
1345 2510 1413 2564 qui
1437 2515 1575 2551 autem
1598 2509 1772 2551 fideliter
1793 2514 1933 2563 agunt,
1957 2510 2122 2563 placent
2144 2509 2190 2551 ei⁴

282 2572 314 2593 '2³⁵
337 2570 471 2610 Homo
509 2575 698 2610 versutus
735 2569 840 2610 celat
886 2569 1117 2609 scientiam:
1224 2575 1264 2610 θῖ
1301 2582 1369 2610 cor
1404 2569 1684 2623 insipientium
1720 2574 1920 2623 provocat
1956 2569 2190 2610 stultitiam.

282 2630 315 2653 '2⁴
335 2629 480 2669 Manus
510 2628 676 2669 fortium
709 2628 1006 2669 dominabitur:
1092 2642 1182 2681 quae
1211 2634 1350 2669 autem
1379 2628 1548 2669 remissa
1575 2634 1648 2675 est,
1680 2629 1846 2670 tributis
1876 2628 2036 2671 serviet.

283 2689 314 2711 25
336 2688 484 2729 Moeror
511 2688 551 2728 in
580 2688 699 2729 corde
728 2687 803 2728 viri
830 2687 1064 2728 humiliabit
1092 2688 1218 2737 illum,
1302 2693 1343 2728 et
1370 2701 1554 2729 sermone
1584 2688 1690 2729 bono
1718 2687 2005 2729 laetificabitur.

283 2749 317 2771 ²⁶
336 2747 413 2795 Qui
439 2747 605 2796 negliqit
630 2747 827 2788 damnum
851 2752 1020 2800 propter
1045 2747 1233 2796 amicum,
1261 2747 1392 2788 iustus
1418 2753 1497 2788 est:
1576 2747 1655 2787 iter
1680 2752 1818 2788 autem
1843 2747 2062 2801 impiorum
2087 2747 2192 2788 deci-

545 2806 627 2859 piet
658 2820 736 2847 eos.

281 2866 314 2888 '³⁷
336 2865 426 2905 Non
454 2865 636 2906 inveniet
664 2865 950 2906 fraudulentus
977 2865 1154 2906 lucrum:
1238 2871 1279 2907 et
1306 2866 1541 2906 substantia
1576 2865 1750 2906 hominis
1780 2865 1856 2906 erit
1885 2865 1971 2906 auri
1999 2865 2189 2919 pretium.

282 2926 317 2947 2³
341 2924 383 2964 [n
414 2924 559 2965 semita
588 2924 765 2973 iustitiae,
798 2924 903 2965 vita:
987 2924 1064 2965 iter
1092 2930 1231 2966 autem
1262 2924 1427 2966 devium
1458 2925 1572 2965 ducit
1601 2925 1653 2966 ad
1682 2929 1869 2966 mortem.

97 3048 259 3108 *Pi-'J'ssis'ui
284 3040 347 3084 13.
404 3044 417 3066 1
449 3042 574 3083 Filius
609 3043 780 3096 sapiens,
817 3042 1004 3084 doctrina
1036 3043 1182 3096 patris:
1267 3043 1335 3097 qui
1370 3048 1508 3083 autem
1541 3043 1680 3083 illusor
1712 3048 1784 3091 est,
1834 3055 1916 3083 non
1950 3043 2066 3084 audit.
2098 3056 2188 3084 cum

211 3102 216 3108 '
546 3102 740 3151 arguitur.

303 3162 317 3182 ‘-'
337 3160 395 3199 l'Je
418 3161 551 3201 fructu
571 3161 648 3201 oris
671 3161 731 3201 sui
754 3161 874 3202 homo
897 3161 1116 3201 satiabitur
1138 3161 1271 3201 bonis:
1340 3161 1478 3202 anima
1498 3167 1637 3202 autem
1654 3160 2015 3214 praevaricatorum
2037 3161 2187 3214 iniqua.

303 3220 318 3240 ³³
337 3218 413 3265 Qui
444 3220 621 3260 custodit
652 3234 694 3260 os
724 3234 854 3268 suum,
887 3220 1067 3260 custodit
1097 3220 1276 3260 animam
1305 3234 1440 3261 suam:
1513 3220 1581 3274 qui
1611 3226 1749 3260 auteur
1778 3219 2100 3261 inconsideratus
2130 3227 2190 3260 est

545 3280 596 3319 ad
627 3279 888 3332 loquendum,
921 3279 1069 3319 sentiet
1098 3279 1217 3320 mala.

302 3338 317 3359 ⁴
336 3336 428 3376 Vult
464 3343 503 3376 et
535 3351 613 3377 non
644 3338 732 3377 vult
763 3339 891 3391 piger:
977 3338 1115 3378 anima
1143 3344 1281 3378 autem
1312 3339 1571 3391 operantium
1601 3337 1936 3391 impinguabitur.

301 3396 316 3419 ὅ
337 3395 514 3436 Verbum
539 3397 863 3437 111‹=11‹1axiustus
880 3397 1170 3437 detestabitur:
1250 3397 1397 3450 impius
1423 3404 1561 3438 autem
1586 3396 1814 3445 confundit,
1836 3402 1877 3437 et
1901 3397 2186 3438 confundetur.

417 3530 466 3570 11,
492 3531 531 3563 :il
559 3532 594 3563 ξι1,
624 3531 684 3564 l'tr
708 3532 737 3570 4,
767 3532 814 3565 18.
844 3553 885 3556 W<
912 3532 962 3574 12,
987 3534 1007 3566 9
1033 3533 1104 3566 bsu-
1129 3535 1180 3573 lO,
1206 3533 1257 3566 30.
1287 3554 1327 3556 ψ-
1353 3535 1392 3566 Il
1422 3533 1491 3567 vsir
1514 3534 1567 3573 20,
1592 3533 1644 3567 30.
