2356 3760
852 395 1561 485 EPISTOLA

340 515 780 603 BEATI
849 517 1283 604 PETRI
1353 518 2063 608 APOSTOLI

1045 651 1361 704 PRIMA.

1147 752 1228 760 vvvx.»

956 828 1218 879 Exordium,
1245 830 1285 879 1,
1302 830 1321 869 1
1333 830 1447 871 -12,

52 900 212 961 ,⁸5¹J}{},²}}{i}
350 898 386 940 1.
443 901 455 922 1
486 898 631 939 Petrus
651 898 874 952 Apostolus
897 900 986 941 Iesu
1006 899 1166 949 Christi,
1189 899 1326 941 electis
1346 900 1514 942 advenis
1534 900 1795 954 dispersionis
1814 901 1949 951 Ponti,
1971 901 2155 952 Galatiae,

74 944 123 966 “³
181 946 222 962 ‘⁴'
246 956 525 1009 Cappadociae,
553 957 670 1002 Asiae.
699 963 740 999 et
766 958 972 1012 Bithyniae
1023 961 1038 983 2
1064 959 1287 1000 secundum
1314 959 1611 1012 praescientiam
1637 959 1713 1001 Dei
1738 959 1885 1010 Patris,
1912 960 1953 1001 in
1979 961 2157 1003 sanctifi—

243 1015 445 1057 cationem
466 1015 656 1069 Spiritus,
688 1016 728 1057 in
761 1017 1048 1065 obedientiam,
1082 1023 1123 1059 et
1153 1017 1426 1071 aspersionem
1458 1019 1665 1073 sanguinis
1698 1019 1792 1060 Iesu
1815 1018 1982 1061 Christi:
2014 1020 2159 1061 Gratia

244 1074 371 1119 vobis,
402 1080 443 1116 et
468 1088 550 1128 pax
576 1075 883 1129 multiplicetur.

58 1138 218 1198 &fgtiarufn
348 1135 363 1157 ³
392 1134 657 1176 ³Benedictus
680 1135 791 1176 Deus
814 1140 855 1177 et
877 1135 1001 1177 Pater
1022 1135 1188 1177 Domini
1211 1136 1340 1177 nostri
1365 1136 1456 1178 Iesu
1479 1136 1640 1187 Christi,
1667 1136 1736 1191 qui
1759 1138 1983 1179 secundum
2005 1137 2158 1180 miseri—

63 1180 215 1248 23:3³0&ss
245 1192 425 1234 cordiam
455 1206 570 1234 suam
600 1207 791 1248 magnam
821 1194 1076 1248 regeneravit
1104 1208 1177 1236 nos
1206 1195 1246 1235 in
1276 1208 1389 1248 spem
1419 1195 1570 1245 vivam,
1602 1209 1673 1249 per
1700 1196 2036 1238 resurrectionem
2067 1197 2156 1239 Iesu

49 1245 227 1309 ζζῖξῆἷῇξζὶῗζζῗ
246 1251 394 1293 Christi
421 1265 470 1293 ex
498 1252 682 1302 mortuis,
737 1255 751 1277 4
779 1253 820 1293 in
847 1254 1117 1295 hereditatem
1146 1254 1508 1307 incorruptibilem,
1538 1261 1579 1296 et
1606 1255 1988 1304 incontaminatam,
2018 1261 2060 1297 et
2085 1255 2158 1296 im-

102 1310 105 1311 ’
244 1310 573 1361 marcescibilem,
608 1318 892 1354 conservatam
923 1313 964 1353 in
995 1312 1099 1355 caelis
1129 1313 1170 1354 in
1202 1313 1329 1363 vobis,
1387 1315 1403 1338 ⁵
1434 1313 1502 1368 qui
1533 1313 1574 1354 in
1605 1314 1759 1355 virtute
1789 1314 1865 1355 Dei
1896 1314 2158 1356 custodimini

240 1382 313 1423 per
333 1369 454 1411 fidem
475 1370 515 1410 in
536 1370 723 1420 salutem,
746 1377 936 1425 paratam
956 1371 1126 1412 revelari
1146 1371 1187 1412 in
1209 1377 1393 1425 tempore
1413 1372 1646 1415 novissimo.
1698 1375 1713 1397 ⁶
1735 1373 1782 1414 In
1803 1386 1884 1427 quo
1905 1373 2156 1423 exultabitis,

240 1428 448 1470 modicum
473 1442 580 1470 nunc
604 1429 636 1470 si
661 1435 824 1483 oportet
848 1430 1081 1471 contristari
1104 1430 1145 1471 in
1170 1430 1292 1471 variis
1317 1431 1636 1472 tentationibus:
1691 1434 1704 1455 ⁷
1729 1437 1777 1472 ut
1798 1432 1989 1485 probatio
2013 1438 2159 1474 vestrae

242 1487 335 1528 fidei
366 1488 497 1529 multo
528 1488 743 1541 pretiosior
772 1502 871 1530 auro
902 1490 1030 1542 (quod
1060 1502 1132 1542 per
1161 1489 1294 1542 ignem
1326 1490 1544 1543 probatur)
1574 1489 1809 1531 inveniatur
1838 1490 1879 1531 in
1909 1491 2085 1541 laudem,
2118 1497 2160 1532 et

241 1546 423 1600 gloriam,
447 1552 488 1587 et
507 1547 702 1588 honorem
723 1547 763 1588 in
783 1547 1032 1589 revelatione
1055 1548 1146 1588 Iesu
1167 1547 1333 1588 Christi:
1358 1549 1373 1571 s
1394 1561 1515 1601 quem
1536 1561 1629 1589 cum
1649 1562 1732 1590 non
1752 1548 1948 1599 videritis,
1971 1549 2156 1604 diligitis:

242 1605 283 1646 in
314 1619 434 1659 quein
465 1618 573 1647 nunc
603 1620 765 1660 quoque
794 1619 876 1648 non
907 1606 1092 1648 videntes
1123 1606 1305 1647 creditis:
1337 1607 1547 1648 credentes
1577 1612 1716 1649 autem
1747 1607 1985 1649 exultabitis
2014 1608 2159 1649 laetitia

240 1664 513 1710 inenarrabili,
546 1670 586 1706 et
614 1665 858 1719 glorificata:
918 1668 933 1690 ⁹
961 1671 1218 1719 reportantes
1247 1665 1368 1706 finem
1398 1665 1491 1707 fidei
1521 1672 1677 1716 vestrae,
1709 1665 1884 1708 salutem
1913 1667 2155 1708 animarum.

244 1726 279 1748 ¹⁰
299 1724 360 1764 De
383 1737 464 1777 qua
484 1723 615 1765 salute
637 1724 928 1778 exquisierunt,
952 1730 1077 1779 atque
1099 1725 1271 1766 scrutati
1292 1730 1389 1766 sunt
1409 1725 1632 1779 prophetae,
1657 1725 1726 1779 qui
1747 1726 1796 1766 de
1816 1725 1958 1767 futura
1977 1725 2019 1766 in
2040 1725 2158 1767 vobis

241 1783 375 1837 gratia
406 1783 776 1836 prophetaverunt:
839 1786 869 1808 11
902 1789 1132 1826 scrutantes
1164 1783 1205 1824 in
1239 1784 1361 1838 quod,
1397 1783 1461 1824 vel
1493 1783 1612 1838 quale
1646 1790 1808 1838 tempus
1840 1783 2087 1838 significaret
2117 1784 2159 1825 in

242 1841 297 1883 eis
322 1841 497 1895 Spiritus
523 1842 689 1883 Christi:
716 1842 998 1896 praenuncians
1023 1856 1090 1884 eas
1116 1855 1206 1896 quae
1230 1842 1270 1884 in
1296 1842 1458 1885 Christo
1482 1848 1579 1885 sunt
1603 1842 1823 1897 passiones,
1850 1849 1891 1885 et
1914 1843 2158 1897 posteriores

241 1900 408 1955 glorias:
463 1903 493 1925 12
520 1901 666 1955 quibus
691 1901 919 1943 revelatum
944 1908 1006 1943 est
1031 1902 1127 1956 quia
1150 1915 1234 1944 non
1259 1901 1532 1956 sibimetipsis,
1561 1901 1678 1943 vobis
1703 1908 1842 1944 autem
1866 1902 2159 1944 ministrabant

243 1973 301 2009 ea,
338 1973 427 2013 quae
460 1973 567 2001 nunc
599 1960 796 2002 nunciata
827 1967 924 2003 sunt
956 1961 1073 2003 vobis
1105 1974 1177 2015 per
1208 1974 1287 2011 eos,
1323 1961 1392 2014 qui
1424 1961 1810 2015 evangelizaverunt
1841 1961 1969 2011 vobis,
2003 1961 2157 2015 Spiritu

244 2026 386 2061 sancto
416 2019 538 2061 misso
567 2019 617 2060 de
646 2019 754 2067 caelo,
785 2020 826 2061 in
857 2034 977 2074 quem
1008 2020 1243 2061 desiderant
1270 2019 1414 2074 Angeli
1443 2020 1684 2074 prospicere.

679 2125 720 2176 I.
759 2125 978 2175 Monita
1015 2125 1332 2190 generalia,
1372 2125 1625 2187 1,13-—2,
1652 2125 1732 2176 10.

590 2215 630 2255 1.
660 2214 704 2255 ln
735 2217 858 2255 omni
889 2215 1240 2256 conversatione
1271 2215 1414 2256 sancti
1446 2215 1551 2266 sint,
1581 2216 1621 2267 1,
1641 2215 1814 2256 13—25.

77 2290 205 2315 Persevte
351 2288 382 2310 ¹³
414 2286 588 2338 Propter
621 2285 730 2339 quod
763 2285 958 2326 succincti
990 2285 1151 2326 lumbos
1184 2285 1332 2326 mentis
1366 2290 1523 2334 vestrae,
1559 2285 1681 2326 sobrii
1713 2285 1892 2339 perfecte
1924 2292 2084 2340 sperate
2116 2287 2158 2328 in

65 2326 215 2384 ³p⁰issi¹fes
247 2358 347 2391 eam,
376 2358 466 2399 quae
491 2345 660 2386 offertur
684 2344 812 2393 vobis,
839 2344 1025 2397 gratiam,
1053 2344 1093 2384 in
1119 2343 1409 2386 revelationem
1438 2344 1526 2385 Iesu
1553 2344 1719 2386 Christi:
1773 2347 1804 2369 1⁴
1830 2345 1944 2399 quasi
1968 2345 2038 2386 filii
2065 2347 2158 2388 obe-

51 2397 230 2458 ⁰‘³'¹¹f,⁴{f,¹f¹⁹¹¹'
247 2404 421 2452 dientiae,
435 2417 516 2445 non
533 2403 774 2457 configurati
789 2403 990 2457 prioribus
1005 2403 1247 2457 ignorantiae
1263 2408 1411 2444 vestrae
1425 2403 1650 2444 desideriis:
1682 2405 1713 2428 1⁵
1728 2404 1798 2445 sed
1813 2405 2035 2446 secundum
2051 2419 2155 2455 eum,

71 2468 210 2527 ³?,?²³l¹,³,¹¹.‘'
249 2463 315 2517 qui
342 2463 508 2504 vocavit
534 2476 616 2511 vos,
643 2463 860 2504 Sanctum:
888 2468 929 2503 et
954 2462 1028 2515 ipsi
1053 2462 1094 2503 in
1120 2462 1229 2504 omni
1256 2462 1564 2504 conversatione
1590 2462 1720 2504 sancti
1745 2462 1849 2504 sitis:
1904 2465 1938 2488 ¹⁶
1964 2463 2156 2517 quoniam

65 2510 218 2567 r·‡‹‘i‹¹·i1¹‡1›ii,
248 2521 444 2575 scriptum
470 2527 548 2562 est:
580 2521 737 2562 bSancti
762 2521 884 2569 eritis,
912 2521 1105 2575 quoniam
1131 2535 1203 2575 ego
1226 2522 1401 2563 Sanctus
1425 2535 1527 2562 sum.
1581 2523 1613 2545 ¹⁷
1638 2521 1694 2562 Et
1717 2521 1749 2562 si
1773 2527 1932 2575 patrem
1956 2522 2158 2564 invocatis

246 2595 351 2629 eum,
394 2580 461 2634 qui
509 2580 609 2621 csine
649 2580 885 2633 acceptione
924 2593 1188 2633 personarum
1229 2580 1383 2621 iudicat
1422 2580 1645 2621 secundum
1685 2580 2002 2635 uniuscuiusque
2042 2595 2155 2635 opus,

246 2640 284 2679 in
307 2639 451 2681 timore
472 2639 672 2680 incolatus
694 2639 817 2680 vestri
839 2646 1022 2692 tempore
1042 2639 1351 2681 conversamini.
1401 2641 1435 2663 ¹⁸
1454 2639 1634 2680 Scientes
1655 2640 1765 2693 quod
1784 2653 1866 2681 non
1886 2640 2157 2694 corruptibili-

249 2698 320 2738 bus
336 2712 446 2747 auro,
463 2698 525 2739 vel
540 2704 709 2748 argento
724 2697 924 2751 redempti
939 2697 1034 2739 estis
1050 2698 1098 2739 de
1115 2712 1222 2739 vana
1233 2704 1370 2739 vestra
1384 2698 1694 2739 conversatione
1708 2704 1889 2752 paternae
1905 2699 2155 2741 traditionis:

249 2759 280 2781 ¹⁹
306 2757 394 2797 dsed
419 2757 596 2810 pretioso
619 2757 814 2811 sanguine
839 2757 954 2811 quasi
977 2757 1069 2810 agni
1093 2757 1344 2798 immaculati
1369 2757 1528 2807 Christi,
1554 2762 1595 2798 et
1617 2757 1950 2799 incontaminati:
2001 2760 2038 2783 2⁰
2058 2771 2157 2811 prae-

247 2816 397 2867 cogniti
415 2816 576 2869 quidem
595 2821 691 2857 ante
706 2816 849 2857 mundi
865 2816 1216 2865 constitutionem,
1235 2816 1487 2857 manifestati
1504 2821 1641 2857 autem
1658 2816 1887 2858 novissimis
1904 2817 2156 2870 temporibus

249 2881 414 2927 propter
441 2889 523 2918 vos,
578 2877 607 2899 2¹
637 2875 705 2928 qui
731 2888 802 2928 per
828 2875 959 2928 ipsum
987 2874 1123 2915 fideles
1150 2874 1244 2915 estis
1270 2875 1311 2915 in
1338 2875 1437 2925 Deo,
1467 2875 1535 2929 qui
1561 2874 1777 2916 suscitavit
1802 2888 1894 2916 eum
1921 2888 1945 2917 a
1969 2876 2154 2926 mortuis,

247 2938 287 2973 et
313 2933 425 2973 dedit
452 2933 484 2973 ei
512 2933 692 2984 gloriam,
722 2940 767 2975 ut
793 2934 891 2974 fides
918 2939 1065 2978 vestra,
1094 2938 1135 2974 et
1160 2947 1249 2987 spes
1276 2939 1380 2975 esset
1405 2934 1445 2974 in
1471 2933 1577 2974 Deo:

71 3005 105 3036 ex
124 2997 212 3044 sord<-
353 2994 384 3016 22
408 2992 575 3032 Animas
600 2999 755 3034 vestras
780 2992 1053 3034 castificantes
1076 2992 1117 3032 in
1142 2992 1375 3033 obedientia
1398 2992 1621 3042 charitatis,
1647 2992 1687 3033 in
1712 2992 1982 3034 fraternitatis
2005 3006 2153 3043 amore,

80 3040 212 3096 filiiifssi'ss'r'.
253 3050 422 3104 simplici
449 3064 497 3091 ex
524 3051 642 3091 corde
669 3051 841 3092 invicem
867 3051 1020 3103 diligite
1046 3051 1264 3091 attentius:
1318 3054 1350 3075 2³
1374 3051 1505 3091 renati
1530 3064 1611 3092 non
1638 3064 1686 3091 ex
1712 3051 1863 3092 semine
1888 3051 2153 3104 corruptibili,

248 3110 317 3149 sed
342 3109 636 3162 incorruptibili
664 3124 733 3162 per
757 3111 926 3150 verbum
952 3109 1028 3150 Dei
1053 3110 1148 3155 vivi,
1176 3115 1217 3150 et
1241 3110 1518 3162 permanentis
1542 3109 1582 3150 in
1607 3116 1823 3151 aeternum:
1876 3112 1908 3135 24
1939 3110 2052 3165 equia

302 3168 430 3208 omnis
458 3182 550 3209 caro
578 3174 624 3208 ut
650 3168 823 3209 foenum:
897 3174 938 3209 et
965 3168 1094 3209 omnis
1121 3168 1248 3221 gloria
1275 3168 1358 3209 cius
1386 3174 1599 3222 tamquam
1626 3168 1699 3209 flos
1726 3168 1842 3209 foeni:

300 3227 455 3267 exaruit
477 3227 645 3275 foenum,
665 3233 705 3266 et
722 3227 793 3267 flos
811 3227 893 3267 eius
911 3227 1074 3268 decidit.
1147 3230 1179 3252 2⁵
1198 3227 1375 3267 Verbum
1393 3233 1531 3268 autem
1548 3227 1714 3268 Domini
1730 3232 1871 3268 manet
1887 3228 1927 3268 in
1943 3232 2151 3269 aeternum.

352 3286 427 3327 hoc
456 3291 514 3326 est
544 3291 679 3326 autern
711 3286 892 3335 verbum,
924 3286 1032 3339 quod
1061 3285 1386 3338 evangelizatum
1416 3291 1477 3327 est
1504 3285 1543 3326 in
1573 3299 1656 3327 vos.

383 3364 452 3430 1ῖὸ
467 3364 508 3420 δέ
525 3364 588 3421 ear
606 3391 635 3424 1,
655 3389 690 3426 3:
714 3389 788 3433 Eph
813 3391 837 3424 ι,
854 3390 882 3422 3
943 3411 945 3413 ,
970 3390 1009 3422 16
1023 3390 1093 3421 va
1114 3391 1166 3429 11,
1185 3390 1241 3424 44:
1266 3390 1316 3429 19,
1337 3390 1371 3429 2,
1393 3390 1444 3423 20.
1466 3391 1493 3422 τ.
1517 3412 1523 3413 ff
1547 3412 1556 3413 ff
1578 3390 1619 3423 17
1637 3389 1701 3423 th
1721 3389 1772 3429 10,
1789 3390 1843 3429 173
1866 3389 1999 3429 Roma
2015 3391 2071 3430 11;
2093 3389 2156 3423 Gal

249 3437 279 3476 2,
299 3436 327 3469 6.
346 3457 384 3459 νὴ
403 3435 701 3476 19d1(?‹›1·c,20;
723 3437 753 3475 7,
773 3437 828 3475 2&
854 3436 926 3468 libr
944 3437 975 3476 9,
996 3437 1199 3476 1431101,
1220 3436 1254 3477 7;
1274 3437 1347 3480 Apc
1367 3438 1396 3476 1,
1411 3438 1440 3470 5.
1460 3458 1497 3460 „
1515 3437 1556 3469 24
1573 3435 1642 3470 ‘Sir
1661 3436 1838 3476 14,18;1s
1857 3436 1908 3476 40,
1925 3436 1958 3477 ὃς
1982 3437 2038 3470 Iac
2057 3438 2086 3477 1,
2102 3437 2153 3470 10.
