<?xml version="1.0" encoding="UTF-8"?>
<!DOCTYPE html PUBLIC "-//W3C//DTD XHTML 1.0 Transitional//EN"
    "http://www.w3.org/TR/xhtml1/DTD/xhtml1-transitional.dtd">
<html xmlns="http://www.w3.org/1999/xhtml" xml:lang="en" lang="en">
 <head>
  <title>
</title>
<meta http-equiv="Content-Type" content="text/html;charset=utf-8" />
  <meta name='ocr-system' content='tesseract 3.04.00' />
  <meta name='ocr-capabilities' content='ocr_page ocr_carea ocr_par ocr_line ocrx_word'/>
</head>
<body>
  <div class='ocr_page' id='page_1' title='image "./bibliasacravulga00helzuoft_0574.png"; bbox 0 0 2356 3760; ppageno 0'>
   <div class='ocr_carea' id='block_1_1' title="bbox 282 160 2195 205">
    <p class='ocr_par' dir='ltr' id='par_1_1' title="bbox 282 160 2195 205">
     <span class='ocr_line' id='line_1_1' title="bbox 282 160 2195 205; baseline 0.005 -16"><span class='ocrx_word' id='word_1_1' title='bbox 282 163 360 204; x_wconf 79' lang='lat'>550</span> <span class='ocrx_word' id='word_1_2' title='bbox 1155 160 1301 194; x_wconf 78' lang='lat' dir='ltr'>LlBER</span> <span class='ocrx_word' id='word_1_3' title='bbox 1862 164 1936 202; x_wconf 65' lang='grc'>111,</span> <span class='ocrx_word' id='word_1_4' title='bbox 1963 164 2127 205; x_wconf 37' lang='grc'>23418,</span> <span class='ocrx_word' id='word_1_5' title='bbox 2153 166 2195 198; x_wconf 59' lang='lat' dir='ltr'>aa</span> 
     </span>
    </p>
   </div>
   <div class='ocr_carea' id='block_1_2' title="bbox 283 254 2193 781">
    <p class='ocr_par' dir='ltr' id='par_1_2' title="bbox 283 254 1844 300">
     <span class='ocr_line' id='line_1_2' title="bbox 283 254 1844 300; baseline 0.002 -4"><span class='ocrx_word' id='word_1_6' title='bbox 283 257 316 280; x_wconf 78' lang='lat'>²³</span> <span class='ocrx_word' id='word_1_7' title='bbox 336 255 372 296; x_wconf 91' lang='lat' dir='ltr'><strong>A</strong></span> <span class='ocrx_word' id='word_1_8' title='bbox 399 255 576 296; x_wconf 91' lang='lat' dir='ltr'>Domino</span> <span class='ocrx_word' id='word_1_9' title='bbox 605 256 762 296; x_wconf 80' lang='lat' dir='ltr'>factum</span> <span class='ocrx_word' id='word_1_10' title='bbox 791 261 852 296; x_wconf 86' lang='lat' dir='ltr'>est</span> <span class='ocrx_word' id='word_1_11' title='bbox 881 255 1009 295; x_wconf 89' lang='lat' dir='ltr'>istud:</span> <span class='ocrx_word' id='word_1_12' title='bbox 1092 260 1133 295; x_wconf 83' lang='lat' dir='ltr'>et</span> <span class='ocrx_word' id='word_1_13' title='bbox 1161 260 1223 295; x_wconf 88' lang='lat' dir='ltr'>est</span> <span class='ocrx_word' id='word_1_14' title='bbox 1251 254 1434 294; x_wconf 82' lang='lat' dir='ltr'>mirabile</span> <span class='ocrx_word' id='word_1_15' title='bbox 1462 254 1502 295; x_wconf 91' lang='lat' dir='ltr'>in</span> <span class='ocrx_word' id='word_1_16' title='bbox 1532 254 1656 295; x_wconf 87' lang='lat' dir='ltr'>oculis</span> <span class='ocrx_word' id='word_1_17' title='bbox 1686 258 1844 300; x_wconf 78' lang='lat' dir='ltr'>nostris,</span> 
     </span>
    </p>

    <p class='ocr_par' dir='ltr' id='par_1_3' title="bbox 283 312 1948 367">
     <span class='ocr_line' id='line_1_3' title="bbox 283 312 1948 367; baseline 0.004 -13"><span class='ocrx_word' id='word_1_18' title='bbox 283 315 316 338; x_wconf 69' lang='lat'>2⁴</span> <span class='ocrx_word' id='word_1_19' title='bbox 338 314 434 354; x_wconf 76' lang='lat' dir='ltr'>Haec</span> <span class='ocrx_word' id='word_1_20' title='bbox 464 321 524 355; x_wconf 91' lang='lat' dir='ltr'>est</span> <span class='ocrx_word' id='word_1_21' title='bbox 555 314 649 360; x_wconf 73' lang='lat' dir='ltr'>dios,</span> <span class='ocrx_word' id='word_1_22' title='bbox 683 327 807 367; x_wconf 87' lang='lat' dir='ltr'>quam</span> <span class='ocrx_word' id='word_1_23' title='bbox 836 314 932 354; x_wconf 82' lang='lat' dir='ltr'>feeit</span> <span class='ocrx_word' id='word_1_24' title='bbox 961 313 1180 354; x_wconf 82' lang='lat' dir='ltr'>Dominus:</span> <span class='ocrx_word' id='word_1_25' title='bbox 1265 312 1506 362; x_wconf 81' lang='lat' dir='ltr'>exultemus,</span> <span class='ocrx_word' id='word_1_26' title='bbox 1539 319 1579 354; x_wconf 85' lang='lat' dir='ltr'>et</span> <span class='ocrx_word' id='word_1_27' title='bbox 1607 313 1792 356; x_wconf 77' lang='lat' dir='ltr'>laetemur</span> <span class='ocrx_word' id='word_1_28' title='bbox 1820 317 1860 358; x_wconf 92' lang='grc'>111</span> <span class='ocrx_word' id='word_1_29' title='bbox 1890 332 1948 360; x_wconf 86' lang='lat' dir='ltr'>ea.</span> 
     </span>
    </p>

    <p class='ocr_par' dir='ltr' id='par_1_4' title="bbox 283 372 1685 426">
     <span class='ocr_line' id='line_1_4' title="bbox 283 372 1685 426; baseline -0.001 -12"><span class='ocrx_word' id='word_1_30' title='bbox 283 374 315 397; x_wconf 76' lang='grc'>25</span> <span class='ocrx_word' id='word_1_31' title='bbox 336 372 370 414; x_wconf 88' lang='grc' dir='ltr'>Ο</span> <span class='ocrx_word' id='word_1_32' title='bbox 399 373 574 414; x_wconf 90' lang='lat' dir='ltr'>Domine</span> <span class='ocrx_word' id='word_1_33' title='bbox 603 372 762 413; x_wconf 77' lang='lat' dir='ltr'>salvum</span> <span class='ocrx_word' id='word_1_34' title='bbox 792 386 856 413; x_wconf 88' lang='lat' dir='ltr'>me</span> <span class='ocrx_word' id='word_1_35' title='bbox 885 373 960 420; x_wconf 80' lang='lat' dir='ltr'>fac,</span> <span class='ocrx_word' id='word_1_36' title='bbox 1045 386 1066 413; x_wconf 93' lang='lat' dir='ltr'>o</span> <span class='ocrx_word' id='word_1_37' title='bbox 1096 372 1271 413; x_wconf 83' lang='lat' dir='ltr'>Domine</span> <span class='ocrx_word' id='word_1_38' title='bbox 1302 372 1402 413; x_wconf 90' lang='lat' dir='ltr'>bene</span> <span class='ocrx_word' id='word_1_39' title='bbox 1431 385 1685 426; x_wconf 83' lang='lat' dir='ltr'>prosperare:</span> 
     </span>
    </p>

    <p class='ocr_par' dir='ltr' id='par_1_5' title="bbox 284 431 2193 485">
     <span class='ocr_line' id='line_1_5' title="bbox 284 431 2193 485; baseline 0.004 -14"><span class='ocrx_word' id='word_1_40' title='bbox 284 433 320 456; x_wconf 72' lang='lat'>2⁶</span> <span class='ocrx_word' id='word_1_41' title='bbox 337 432 574 473; x_wconf 76' lang='lat' dir='ltr'>benedictus</span> <span class='ocrx_word' id='word_1_42' title='bbox 600 431 667 485; x_wconf 90' lang='lat' dir='ltr'>qui</span> <span class='ocrx_word' id='word_1_43' title='bbox 692 431 805 472; x_wconf 72' lang='lat' dir='ltr'>venit</span> <span class='ocrx_word' id='word_1_44' title='bbox 828 431 868 472; x_wconf 91' lang='lat' dir='ltr'>in</span> <span class='ocrx_word' id='word_1_45' title='bbox 891 431 1054 472; x_wconf 89' lang='lat' dir='ltr'>nomine</span> <span class='ocrx_word' id='word_1_46' title='bbox 1077 431 1255 472; x_wconf 88' lang='lat' dir='ltr'><strong>Domini.</strong></span> <span class='ocrx_word' id='word_1_47' title='bbox 1338 431 1627 473; x_wconf 81' lang='lat' dir='ltr'>Benediximus</span> <span class='ocrx_word' id='word_1_48' title='bbox 1650 433 1766 473; x_wconf 82' lang='lat' dir='ltr'>vobis</span> <span class='ocrx_word' id='word_1_49' title='bbox 1791 435 1840 475; x_wconf 88' lang='lat' dir='ltr'>de</span> <span class='ocrx_word' id='word_1_50' title='bbox 1864 436 1984 478; x_wconf 92' lang='lat' dir='ltr'>domo</span> <span class='ocrx_word' id='word_1_51' title='bbox 2008 438 2193 479; x_wconf 83' lang='lat' dir='ltr'>Domini:</span> 
     </span>
    </p>

    <p class='ocr_par' dir='ltr' id='par_1_6' title="bbox 283 490 2191 538">
     <span class='ocr_line' id='line_1_6' title="bbox 283 490 2191 538; baseline 0.004 -7"><span class='ocrx_word' id='word_1_52' title='bbox 283 491 446 532; x_wconf 77' lang='lat' dir='ltr'>2⁷Deus</span> <span class='ocrx_word' id='word_1_53' title='bbox 480 490 692 535; x_wconf 75' lang='lat' dir='ltr'>Dominus,</span> <span class='ocrx_word' id='word_1_54' title='bbox 740 496 781 530; x_wconf 83' lang='lat' dir='ltr'>et</span> <span class='ocrx_word' id='word_1_55' title='bbox 814 490 949 530; x_wconf 87' lang='lat' dir='ltr'>illuxit</span> <span class='ocrx_word' id='word_1_56' title='bbox 982 490 1110 531; x_wconf 87' lang='lat' dir='ltr'>nobis.</span> <span class='ocrx_word' id='word_1_57' title='bbox 1199 490 1446 531; x_wconf 77' lang='lat' dir='ltr'>Constituite</span> <span class='ocrx_word' id='word_1_58' title='bbox 1481 490 1587 531; x_wconf 88' lang='lat' dir='ltr'>diem</span> <span class='ocrx_word' id='word_1_59' title='bbox 1622 491 1855 534; x_wconf 70' lang='lat' dir='ltr'>sollemnem</span> <span class='ocrx_word' id='word_1_60' title='bbox 1892 495 1932 535; x_wconf 89' lang='lat' dir='ltr'>in</span> <span class='ocrx_word' id='word_1_61' title='bbox 1966 497 2191 538; x_wconf 71' lang='lat' dir='ltr'>condensis</span> 
     </span>
    </p>

    <p class='ocr_par' dir='ltr' id='par_1_7' title="bbox 546 549 1092 602">
     <span class='ocr_line' id='line_1_7' title="bbox 546 549 1092 602; baseline 0.004 -13"><span class='ocrx_word' id='word_1_62' title='bbox 546 563 673 602; x_wconf 84' lang='lat' dir='ltr'>usque</span> <span class='ocrx_word' id='word_1_63' title='bbox 704 550 755 589; x_wconf 87' lang='lat' dir='ltr'>ad</span> <span class='ocrx_word' id='word_1_64' title='bbox 785 562 909 590; x_wconf 76' lang='lat' dir='ltr'>cornu</span> <span class='ocrx_word' id='word_1_65' title='bbox 940 549 1092 591; x_wconf 81' lang='lat' dir='ltr'>altaris.</span> 
     </span>
    </p>

    <p class='ocr_par' dir='ltr' id='par_1_8' title="bbox 283 608 2026 720">
     <span class='ocr_line' id='line_1_8' title="bbox 283 608 2026 658; baseline 0.004 -10"><span class='ocrx_word' id='word_1_66' title='bbox 283 610 318 633; x_wconf 70' lang='lat'>²⁸</span> <span class='ocrx_word' id='word_1_67' title='bbox 336 609 446 649; x_wconf 83' lang='lat' dir='ltr'>Deus</span> <span class='ocrx_word' id='word_1_68' title='bbox 472 621 586 649; x_wconf 89' lang='lat' dir='ltr'>meus</span> <span class='ocrx_word' id='word_1_69' title='bbox 613 622 652 648; x_wconf 89' lang='lat' dir='ltr'>es</span> <span class='ocrx_word' id='word_1_70' title='bbox 680 614 737 654; x_wconf 81' lang='lat' dir='ltr'>tu,</span> <span class='ocrx_word' id='word_1_71' title='bbox 766 614 807 649; x_wconf 84' lang='lat' dir='ltr'>et</span> <span class='ocrx_word' id='word_1_72' title='bbox 833 608 1059 649; x_wconf 83' lang='lat' dir='ltr'>confitebor</span> <span class='ocrx_word' id='word_1_73' title='bbox 1084 608 1177 649; x_wconf 88' lang='lat' dir='ltr'>tibi:</span> <span class='ocrx_word' id='word_1_74' title='bbox 1258 609 1369 649; x_wconf 84' lang='lat' dir='ltr'>Deus</span> <span class='ocrx_word' id='word_1_75' title='bbox 1395 621 1508 648; x_wconf 86' lang='lat' dir='ltr'>meus</span> <span class='ocrx_word' id='word_1_76' title='bbox 1535 622 1575 649; x_wconf 88' lang='lat' dir='ltr'>es</span> <span class='ocrx_word' id='word_1_77' title='bbox 1602 614 1659 658; x_wconf 80' lang='lat' dir='ltr'>tu,</span> <span class='ocrx_word' id='word_1_78' title='bbox 1688 615 1728 650; x_wconf 88' lang='lat' dir='ltr'>et</span> <span class='ocrx_word' id='word_1_79' title='bbox 1756 611 1946 654; x_wconf 82' lang='lat' dir='ltr'>exaltabo</span> <span class='ocrx_word' id='word_1_80' title='bbox 1976 620 2026 655; x_wconf 82' lang='lat' dir='ltr'>te.</span> 
     </span>
     <span class='ocr_line' id='line_1_9' title="bbox 335 667 2008 720; baseline 0.003 -12"><span class='ocrx_word' id='word_1_81' title='bbox 335 668 569 708; x_wconf 79' lang='lat' dir='ltr'>Conlitebor</span> <span class='ocrx_word' id='word_1_82' title='bbox 598 667 672 707; x_wconf 86' lang='lat' dir='ltr'>tibi</span> <span class='ocrx_word' id='word_1_83' title='bbox 703 667 896 720; x_wconf 88' lang='lat' dir='ltr'>quoniam</span> <span class='ocrx_word' id='word_1_84' title='bbox 925 667 1129 708; x_wconf 81' lang='lat' dir='ltr'>exaudisti</span> <span class='ocrx_word' id='word_1_85' title='bbox 1158 680 1240 708; x_wconf 89' lang='lat' dir='ltr'>me:</span> <span class='ocrx_word' id='word_1_86' title='bbox 1323 672 1363 708; x_wconf 91' lang='lat' dir='ltr'>et</span> <span class='ocrx_word' id='word_1_87' title='bbox 1392 668 1526 708; x_wconf 81' lang='lat' dir='ltr'>factus</span> <span class='ocrx_word' id='word_1_88' title='bbox 1556 681 1595 708; x_wconf 89' lang='lat' dir='ltr'>es</span> <span class='ocrx_word' id='word_1_89' title='bbox 1624 669 1723 709; x_wconf 87' lang='lat' dir='ltr'>mihi</span> <span class='ocrx_word' id='word_1_90' title='bbox 1751 669 1793 710; x_wconf 88' lang='lat' dir='ltr'>in</span> <span class='ocrx_word' id='word_1_91' title='bbox 1821 671 2008 714; x_wconf 84' lang='lat' dir='ltr'>salutem.</span> 
     </span>
    </p>

    <p class='ocr_par' dir='ltr' id='par_1_9' title="bbox 283 725 2192 781">
     <span class='ocr_line' id='line_1_10' title="bbox 283 725 2192 781; baseline 0.005 -15"><span class='ocrx_word' id='word_1_92' title='bbox 283 728 319 750; x_wconf 71' lang='lat'>&#39;2⁹</span> <span class='ocrx_word' id='word_1_93' title='bbox 337 726 596 767; x_wconf 78' lang='lat' dir='ltr'>Conlitemini</span> <span class='ocrx_word' id='word_1_94' title='bbox 624 726 800 767; x_wconf 87' lang='lat' dir='ltr'>Domino</span> <span class='ocrx_word' id='word_1_95' title='bbox 829 726 1022 781; x_wconf 84' lang='lat' dir='ltr'>quoniam</span> <span class='ocrx_word' id='word_1_96' title='bbox 1051 727 1200 767; x_wconf 87' lang='lat' dir='ltr'>bonus:</span> <span class='ocrx_word' id='word_1_97' title='bbox 1288 726 1481 779; x_wconf 82' lang='lat' dir='ltr'>quoniam</span> <span class='ocrx_word' id='word_1_98' title='bbox 1509 725 1550 767; x_wconf 92' lang='lat' dir='ltr'>in</span> <span class='ocrx_word' id='word_1_99' title='bbox 1577 727 1768 768; x_wconf 84' lang='lat' dir='ltr'>saeculum</span> <span class='ocrx_word' id='word_1_100' title='bbox 1796 730 2068 772; x_wconf 72' lang='lat' dir='ltr'>misericordia</span> <span class='ocrx_word' id='word_1_101' title='bbox 2097 734 2192 775; x_wconf 82' lang='lat' dir='ltr'>eius.</span> 
     </span>
    </p>
   </div>
   <div class='ocr_carea' id='block_1_3' title="bbox 753 841 1730 894">
    <p class='ocr_par' dir='ltr' id='par_1_10' title="bbox 753 841 1730 894">
     <span class='ocr_line' id='line_1_11' title="bbox 753 841 1730 894; baseline 0.002 -12"><span class='ocrx_word' id='word_1_102' title='bbox 753 841 974 892; x_wconf 90' lang='grc'>118(119).</span> <span class='ocrx_word' id='word_1_103' title='bbox 1006 841 1356 883; x_wconf 84' lang='lat' dir='ltr'>Commendatio</span> <span class='ocrx_word' id='word_1_104' title='bbox 1387 842 1506 894; x_wconf 86' lang='lat' dir='ltr'>legis</span> <span class='ocrx_word' id='word_1_105' title='bbox 1537 842 1730 884; x_wconf 81' lang='lat' dir='ltr'>Domini.</span> 
     </span>
    </p>
   </div>
   <div class='ocr_carea' id='block_1_4' title="bbox 392 913 1339 1014">
    <p class='ocr_par' dir='ltr' id='par_1_11' title="bbox 392 913 1339 1014">
     <span class='ocr_line' id='line_1_12' title="bbox 392 913 823 956; baseline 0.005 -3"><span class='ocrx_word' id='word_1_106' title='bbox 392 913 571 955; x_wconf 83' lang='lat' dir='ltr'>Alleluia.</span> <span class='ocrx_word' id='word_1_107' title='bbox 630 913 823 956; x_wconf 81' lang='lat' dir='ltr'><strong>CXVIII.</strong></span> 
     </span>
     <span class='ocr_line' id='line_1_13' title="bbox 1140 973 1339 1014; baseline 0 -1"><span class='ocrx_word' id='word_1_108' title='bbox 1140 973 1339 1014; x_wconf 89' lang='lat' dir='ltr'>ALEPH.</span> 
     </span>
    </p>
   </div>
   <div class='ocr_carea' id='block_1_5' title="bbox 89 1042 2192 1451">
    <p class='ocr_par' dir='ltr' id='par_1_12' title="bbox 89 1042 2192 1451">
     <span class='ocr_line' id='line_1_14' title="bbox 89 1042 1728 1105; baseline 0.001 -22"><span class='ocrx_word' id='word_1_109' title='bbox 89 1044 253 1105; x_wconf 44' lang='lat' dir='ltr'>Rssj&#39;lffiffiffit</span> <span class='ocrx_word' id='word_1_110' title='bbox 305 1043 454 1084; x_wconf 78' lang='lat' dir='ltr'>¹I3eati</span> <span class='ocrx_word' id='word_1_111' title='bbox 486 1043 739 1084; x_wconf 87' lang='lat' dir='ltr'>immaculati</span> <span class='ocrx_word' id='word_1_112' title='bbox 771 1043 811 1084; x_wconf 90' lang='lat' dir='ltr'>in</span> <span class='ocrx_word' id='word_1_113' title='bbox 843 1046 927 1084; x_wconf 77' lang='lat' dir='ltr'>via:</span> <span class='ocrx_word' id='word_1_114' title='bbox 1015 1044 1084 1098; x_wconf 85' lang='lat' dir='ltr'>qui</span> <span class='ocrx_word' id='word_1_115' title='bbox 1116 1043 1332 1084; x_wconf 85' lang='lat' dir='ltr'>ambulant</span> <span class='ocrx_word' id='word_1_116' title='bbox 1362 1043 1403 1083; x_wconf 91' lang='lat' dir='ltr'>in</span> <span class='ocrx_word' id='word_1_117' title='bbox 1434 1042 1518 1097; x_wconf 82' lang='lat' dir='ltr'>lege</span> <span class='ocrx_word' id='word_1_118' title='bbox 1549 1043 1728 1085; x_wconf 88' lang='lat' dir='ltr'>Domini.</span> 
     </span>
     <span class='ocr_line' id='line_1_15' title="bbox 144 1100 1993 1156; baseline 0.004 -17"><span class='ocrx_word' id='word_1_119' title='bbox 144 1116 209 1146; x_wconf 67' lang='lat' dir='ltr'>qma</span> <span class='ocrx_word' id='word_1_120' title='bbox 232 1100 235 1103; x_wconf 67' lang='grc'><strong><em>’</em></strong></span> <span class='ocrx_word' id='word_1_121' title='bbox 261 1100 266 1107; x_wconf 87' lang='grc'>’</span> <span class='ocrx_word' id='word_1_122' title='bbox 304 1106 318 1126; x_wconf 77' lang='grc'>·-“</span> <span class='ocrx_word' id='word_1_123' title='bbox 343 1102 466 1149; x_wconf 71' lang='lat' dir='ltr'>Beati,</span> <span class='ocrx_word' id='word_1_124' title='bbox 499 1103 566 1156; x_wconf 91' lang='lat' dir='ltr'>qui</span> <span class='ocrx_word' id='word_1_125' title='bbox 595 1108 831 1143; x_wconf 75' lang='lat' dir='ltr'>scrutantur</span> <span class='ocrx_word' id='word_1_126' title='bbox 858 1102 1095 1143; x_wconf 86' lang='lat' dir='ltr'>testimonia</span> <span class='ocrx_word' id='word_1_127' title='bbox 1121 1102 1224 1143; x_wconf 87' lang='lat' dir='ltr'>eius:</span> <span class='ocrx_word' id='word_1_128' title='bbox 1306 1103 1347 1143; x_wconf 93' lang='lat' dir='ltr'>in</span> <span class='ocrx_word' id='word_1_129' title='bbox 1375 1108 1464 1143; x_wconf 87' lang='lat' dir='ltr'>toto</span> <span class='ocrx_word' id='word_1_130' title='bbox 1492 1103 1611 1144; x_wconf 88' lang='lat' dir='ltr'>corde</span> <span class='ocrx_word' id='word_1_131' title='bbox 1639 1103 1860 1156; x_wconf 86' lang='lat' dir='ltr'>exquirunt</span> <span class='ocrx_word' id='word_1_132' title='bbox 1888 1119 1993 1148; x_wconf 89' lang='lat' dir='ltr'>eum.</span> 
     </span>
     <span class='ocr_line' id='line_1_16' title="bbox 303 1161 1918 1215; baseline 0.002 -13"><span class='ocrx_word' id='word_1_133' title='bbox 303 1166 319 1187; x_wconf 71' lang='lat'><strong>³</strong></span> <span class='ocrx_word' id='word_1_134' title='bbox 338 1162 428 1203; x_wconf 81' lang='lat' dir='ltr'>Non</span> <span class='ocrx_word' id='word_1_135' title='bbox 458 1162 564 1202; x_wconf 85' lang='lat' dir='ltr'>enim</span> <span class='ocrx_word' id='word_1_136' title='bbox 595 1162 663 1215; x_wconf 93' lang='lat' dir='ltr'>qui</span> <span class='ocrx_word' id='word_1_137' title='bbox 692 1167 915 1215; x_wconf 76' lang='lat' dir='ltr'>operantur</span> <span class='ocrx_word' id='word_1_138' title='bbox 942 1162 1217 1215; x_wconf 74' lang='lat' dir='ltr'>iniquitatem,</span> <span class='ocrx_word' id='word_1_139' title='bbox 1300 1161 1342 1202; x_wconf 92' lang='lat' dir='ltr'>in</span> <span class='ocrx_word' id='word_1_140' title='bbox 1370 1161 1445 1201; x_wconf 86' lang='lat' dir='ltr'>viis</span> <span class='ocrx_word' id='word_1_141' title='bbox 1475 1161 1558 1202; x_wconf 89' lang='lat' dir='ltr'>eius</span> <span class='ocrx_word' id='word_1_142' title='bbox 1588 1162 1918 1206; x_wconf 84' lang='lat' dir='ltr'>ambulaverunt.</span> 
     </span>
     <span class='ocr_line' id='line_1_17' title="bbox 302 1220 1394 1262; baseline -0.001 -1"><span class='ocrx_word' id='word_1_143' title='bbox 302 1223 317 1245; x_wconf 72' lang='lat'>⁴</span> <span class='ocrx_word' id='word_1_144' title='bbox 335 1221 395 1261; x_wconf 88' lang='lat' dir='ltr'>Tu</span> <span class='ocrx_word' id='word_1_145' title='bbox 425 1221 631 1261; x_wconf 78' lang='lat' dir='ltr'>mandasti</span> <span class='ocrx_word' id='word_1_146' title='bbox 712 1222 912 1262; x_wconf 88' lang='lat' dir='ltr'>mandata</span> <span class='ocrx_word' id='word_1_147' title='bbox 939 1227 1011 1262; x_wconf 88' lang='lat' dir='ltr'>tua</span> <span class='ocrx_word' id='word_1_148' title='bbox 1040 1220 1235 1262; x_wconf 84' lang='lat' dir='ltr'>custodiri</span> <span class='ocrx_word' id='word_1_149' title='bbox 1262 1220 1394 1261; x_wconf 87' lang='lat' dir='ltr'>nimis.</span> 
     </span>
     <span class='ocr_line' id='line_1_18' title="bbox 303 1279 1918 1334; baseline 0.001 -13"><span class='ocrx_word' id='word_1_150' title='bbox 303 1282 318 1305; x_wconf 78' lang='lat'><strong>5</strong></span> <span class='ocrx_word' id='word_1_151' title='bbox 337 1280 507 1321; x_wconf 82' lang='lat' dir='ltr'>Utinam</span> <span class='ocrx_word' id='word_1_152' title='bbox 535 1280 763 1334; x_wconf 75' lang='lat' dir='ltr'>dirigantur</span> <span class='ocrx_word' id='word_1_153' title='bbox 789 1281 865 1321; x_wconf 80' lang='lat' dir='ltr'>viae</span> <span class='ocrx_word' id='word_1_154' title='bbox 891 1294 1001 1329; x_wconf 72' lang='lat' dir='ltr'>meae,</span> <span class='ocrx_word' id='word_1_155' title='bbox 1084 1281 1136 1321; x_wconf 88' lang='lat' dir='ltr'>ad</span> <span class='ocrx_word' id='word_1_156' title='bbox 1163 1279 1451 1321; x_wconf 84' lang='lat' dir='ltr'>custodiendas</span> <span class='ocrx_word' id='word_1_157' title='bbox 1478 1279 1786 1322; x_wconf 70' lang='lat' dir='ltr'>iustificationes</span> <span class='ocrx_word' id='word_1_158' title='bbox 1816 1288 1918 1323; x_wconf 74' lang='lat' dir='ltr'>tuas,</span> 
     </span>
     <span class='ocr_line' id='line_1_19' title="bbox 302 1338 1913 1394; baseline 0.002 -15"><span class='ocrx_word' id='word_1_159' title='bbox 302 1342 317 1363; x_wconf 64' lang='grc' dir='ltr'>ὃ</span> <span class='ocrx_word' id='word_1_160' title='bbox 335 1339 447 1379; x_wconf 88' lang='lat' dir='ltr'>Tunc</span> <span class='ocrx_word' id='word_1_161' title='bbox 477 1353 557 1381; x_wconf 91' lang='lat' dir='ltr'>non</span> <span class='ocrx_word' id='word_1_162' title='bbox 586 1340 825 1388; x_wconf 75' lang='lat' dir='ltr'>confundar,</span> <span class='ocrx_word' id='word_1_163' title='bbox 908 1353 1001 1380; x_wconf 88' lang='lat' dir='ltr'>cum</span> <span class='ocrx_word' id='word_1_164' title='bbox 1029 1352 1270 1394; x_wconf 72' lang='lat' dir='ltr'>perspexero</span> <span class='ocrx_word' id='word_1_165' title='bbox 1298 1339 1340 1379; x_wconf 92' lang='lat' dir='ltr'>in</span> <span class='ocrx_word' id='word_1_166' title='bbox 1368 1338 1557 1380; x_wconf 88' lang='lat' dir='ltr'>omnibus</span> <span class='ocrx_word' id='word_1_167' title='bbox 1586 1340 1792 1381; x_wconf 85' lang='lat' dir='ltr'>mandatis</span> <span class='ocrx_word' id='word_1_168' title='bbox 1822 1341 1913 1382; x_wconf 79' lang='lat' dir='ltr'>tuis,</span> 
     </span>
     <span class='ocr_line' id='line_1_20' title="bbox 303 1398 2192 1451; baseline 0.003 -13"><span class='ocrx_word' id='word_1_169' title='bbox 303 1400 317 1422; x_wconf 84' lang='lat'><strong>⁷</strong></span> <span class='ocrx_word' id='word_1_170' title='bbox 336 1398 570 1440; x_wconf 80' lang='lat' dir='ltr'>Confitebor</span> <span class='ocrx_word' id='word_1_171' title='bbox 602 1399 677 1440; x_wconf 89' lang='lat' dir='ltr'>tibi</span> <span class='ocrx_word' id='word_1_172' title='bbox 708 1399 748 1439; x_wconf 91' lang='lat' dir='ltr'>in</span> <span class='ocrx_word' id='word_1_173' title='bbox 782 1399 1002 1440; x_wconf 71' lang='lat' dir='ltr'>directione</span> <span class='ocrx_word' id='word_1_174' title='bbox 1034 1399 1183 1441; x_wconf 88' lang='lat' dir='ltr'>cordis:</span> <span class='ocrx_word' id='word_1_175' title='bbox 1271 1399 1313 1439; x_wconf 92' lang='lat' dir='ltr'>in</span> <span class='ocrx_word' id='word_1_176' title='bbox 1344 1412 1389 1439; x_wconf 90' lang='lat' dir='ltr'>eo</span> <span class='ocrx_word' id='word_1_177' title='bbox 1423 1398 1533 1451; x_wconf 87' lang='lat' dir='ltr'>quod</span> <span class='ocrx_word' id='word_1_178' title='bbox 1565 1398 1686 1439; x_wconf 85' lang='lat' dir='ltr'>didici</span> <span class='ocrx_word' id='word_1_179' title='bbox 1721 1399 1871 1440; x_wconf 74' lang='lat' dir='ltr'>iudicia</span> <span class='ocrx_word' id='word_1_180' title='bbox 1902 1400 2068 1442; x_wconf 69' lang='lat' dir='ltr'>iustitife</span> <span class='ocrx_word' id='word_1_181' title='bbox 2103 1411 2192 1443; x_wconf 57' lang='lat' dir='ltr'>tute.</span> 
     </span>
    </p>
   </div>
   <div class='ocr_carea' id='block_1_6' title="bbox 303 1456 1941 1514">
    <p class='ocr_par' dir='ltr' id='par_1_13' title="bbox 303 1456 1941 1514">
     <span class='ocr_line' id='line_1_21' title="bbox 303 1456 1941 1514; baseline 0.002 -17"><span class='ocrx_word' id='word_1_182' title='bbox 303 1460 318 1481; x_wconf 55' lang='grc' dir='ltr'>Β</span> <span class='ocrx_word' id='word_1_183' title='bbox 339 1457 654 1499; x_wconf 79' lang='lat' dir='ltr'>Iustificationes</span> <span class='ocrx_word' id='word_1_184' title='bbox 686 1463 778 1498; x_wconf 82' lang='lat' dir='ltr'>tuas</span> <span class='ocrx_word' id='word_1_185' title='bbox 809 1458 1059 1500; x_wconf 84' lang='lat' dir='ltr'>custodiam:</span> <span class='ocrx_word' id='word_1_186' title='bbox 1143 1471 1225 1499; x_wconf 89' lang='lat' dir='ltr'>non</span> <span class='ocrx_word' id='word_1_187' title='bbox 1254 1471 1318 1498; x_wconf 88' lang='lat' dir='ltr'>me</span> <span class='ocrx_word' id='word_1_188' title='bbox 1349 1456 1605 1510; x_wconf 83' lang='lat' dir='ltr'>derelinquas</span> <span class='ocrx_word' id='word_1_189' title='bbox 1636 1471 1941 1514; x_wconf 65' lang='lat' dir='ltr'>usquequaque.</span> 
     </span>
    </p>
   </div>
   <div class='ocr_carea' id='block_1_7' title="bbox 1161 1563 1323 1604">
    <p class='ocr_par' dir='ltr' id='par_1_14' title="bbox 1161 1563 1323 1604">
     <span class='ocr_line' id='line_1_22' title="bbox 1161 1563 1323 1604; baseline 0.006 -1"><span class='ocrx_word' id='word_1_190' title='bbox 1161 1563 1268 1604; x_wconf 83' lang='lat' dir='ltr'>BET</span> <span class='ocrx_word' id='word_1_191' title='bbox 1273 1563 1323 1604; x_wconf 93' lang='lat' dir='ltr'>H.</span> 
     </span>
    </p>
   </div>
   <div class='ocr_carea' id='block_1_8' title="bbox 114 1633 2096 2091">
    <p class='ocr_par' dir='ltr' id='par_1_15' title="bbox 114 1633 2096 2091">
     <span class='ocr_line' id='line_1_23' title="bbox 114 1633 2096 1697; baseline 0.003 -24"><span class='ocrx_word' id='word_1_192' title='bbox 114 1639 237 1697; x_wconf 49' lang='lat' dir='ltr'>g‘ffiffi?</span> <span class='ocrx_word' id='word_1_193' title='bbox 305 1636 321 1658; x_wconf 71' lang='lat'>⁹</span> <span class='ocrx_word' id='word_1_194' title='bbox 339 1634 386 1674; x_wconf 90' lang='lat' dir='ltr'>In</span> <span class='ocrx_word' id='word_1_195' title='bbox 415 1648 494 1688; x_wconf 88' lang='lat' dir='ltr'>quo</span> <span class='ocrx_word' id='word_1_196' title='bbox 523 1634 686 1687; x_wconf 54' lang='lat' dir='ltr'>corrigit</span> <span class='ocrx_word' id='word_1_197' title='bbox 715 1634 1009 1676; x_wconf 71' lang='lat' dir='ltr'>adolescentior</span> <span class='ocrx_word' id='word_1_198' title='bbox 1036 1634 1146 1675; x_wconf 84' lang='lat' dir='ltr'>viam</span> <span class='ocrx_word' id='word_1_199' title='bbox 1174 1633 1315 1675; x_wconf 81' lang='lat' dir='ltr'>suam?</span> <span class='ocrx_word' id='word_1_200' title='bbox 1397 1634 1438 1675; x_wconf 93' lang='lat' dir='ltr'>in</span> <span class='ocrx_word' id='word_1_201' title='bbox 1466 1635 1732 1676; x_wconf 81' lang='lat' dir='ltr'>custodiendo</span> <span class='ocrx_word' id='word_1_202' title='bbox 1762 1647 1964 1676; x_wconf 75' lang='lat' dir='ltr'>Semnones</span> <span class='ocrx_word' id='word_1_203' title='bbox 1995 1642 2096 1678; x_wconf 79' lang='lat' dir='ltr'>tuos.</span> 
     </span>
     <span class='ocr_line' id='line_1_24' title="bbox 234 1691 1919 1747; baseline 0.001 -14"><span class='ocrx_word' id='word_1_204' title='bbox 234 1691 240 1701; x_wconf 92' lang='lat'><strong><em>’</em></strong></span> <span class='ocrx_word' id='word_1_205' title='bbox 285 1695 320 1717; x_wconf 89' lang='lat'>¹⁰</span> <span class='ocrx_word' id='word_1_206' title='bbox 340 1693 385 1733; x_wconf 92' lang='lat' dir='ltr'>In</span> <span class='ocrx_word' id='word_1_207' title='bbox 415 1698 503 1734; x_wconf 86' lang='lat' dir='ltr'>toto</span> <span class='ocrx_word' id='word_1_208' title='bbox 533 1694 652 1735; x_wconf 87' lang='lat' dir='ltr'>corde</span> <span class='ocrx_word' id='word_1_209' title='bbox 681 1707 770 1734; x_wconf 89' lang='lat' dir='ltr'>meo</span> <span class='ocrx_word' id='word_1_210' title='bbox 800 1693 1001 1747; x_wconf 82' lang='lat' dir='ltr'>exquisivi</span> <span class='ocrx_word' id='word_1_211' title='bbox 1030 1699 1087 1734; x_wconf 87' lang='lat' dir='ltr'>te:</span> <span class='ocrx_word' id='word_1_212' title='bbox 1171 1707 1221 1734; x_wconf 91' lang='lat' dir='ltr'>ne</span> <span class='ocrx_word' id='word_1_213' title='bbox 1248 1692 1417 1747; x_wconf 83' lang='lat' dir='ltr'>repellas</span> <span class='ocrx_word' id='word_1_214' title='bbox 1446 1707 1511 1734; x_wconf 89' lang='lat' dir='ltr'>me</span> <span class='ocrx_word' id='word_1_215' title='bbox 1540 1707 1564 1734; x_wconf 90' lang='lat' dir='ltr'>a</span> <span class='ocrx_word' id='word_1_216' title='bbox 1590 1693 1797 1734; x_wconf 80' lang='lat' dir='ltr'>mandatis</span> <span class='ocrx_word' id='word_1_217' title='bbox 1827 1693 1919 1735; x_wconf 79' lang='lat' dir='ltr'>tuis.</span> 
     </span>
     <span class='ocr_line' id='line_1_25' title="bbox 285 1752 1740 1807; baseline 0.001 -15"><span class='ocrx_word' id='word_1_218' title='bbox 285 1754 315 1776; x_wconf 90' lang='lat'>¹¹</span> <span class='ocrx_word' id='word_1_219' title='bbox 340 1753 385 1792; x_wconf 91' lang='lat' dir='ltr'>In</span> <span class='ocrx_word' id='word_1_220' title='bbox 415 1753 534 1794; x_wconf 91' lang='lat' dir='ltr'>corde</span> <span class='ocrx_word' id='word_1_221' title='bbox 565 1766 653 1794; x_wconf 88' lang='lat' dir='ltr'>meo</span> <span class='ocrx_word' id='word_1_222' title='bbox 685 1753 879 1794; x_wconf 81' lang='lat' dir='ltr'>abscondi</span> <span class='ocrx_word' id='word_1_223' title='bbox 909 1752 1070 1806; x_wconf 88' lang='lat' dir='ltr'>eloquia</span> <span class='ocrx_word' id='word_1_224' title='bbox 1098 1758 1189 1794; x_wconf 86' lang='lat' dir='ltr'>tua:</span> <span class='ocrx_word' id='word_1_225' title='bbox 1274 1758 1321 1794; x_wconf 85' lang='lat' dir='ltr'>ut</span> <span class='ocrx_word' id='word_1_226' title='bbox 1350 1766 1431 1794; x_wconf 87' lang='lat' dir='ltr'>non</span> <span class='ocrx_word' id='word_1_227' title='bbox 1461 1766 1623 1807; x_wconf 78' lang='lat' dir='ltr'>peccem</span> <span class='ocrx_word' id='word_1_228' title='bbox 1655 1753 1740 1794; x_wconf 87' lang='lat' dir='ltr'>tibi.</span> 
     </span>
     <span class='ocr_line' id='line_1_26' title="bbox 284 1811 1632 1853; baseline 0.001 -2"><span class='ocrx_word' id='word_1_229' title='bbox 284 1813 315 1836; x_wconf 90' lang='grc'>12</span> <span class='ocrx_word' id='word_1_230' title='bbox 338 1812 583 1853; x_wconf 86' lang='lat' dir='ltr'>Benedictus</span> <span class='ocrx_word' id='word_1_231' title='bbox 614 1825 654 1852; x_wconf 89' lang='lat' dir='ltr'>es</span> <span class='ocrx_word' id='word_1_232' title='bbox 685 1812 878 1853; x_wconf 87' lang='lat' dir='ltr'>Domine:</span> <span class='ocrx_word' id='word_1_233' title='bbox 964 1813 1062 1853; x_wconf 91' lang='lat' dir='ltr'>doce</span> <span class='ocrx_word' id='word_1_234' title='bbox 1094 1825 1158 1853; x_wconf 90' lang='lat' dir='ltr'>me</span> <span class='ocrx_word' id='word_1_235' title='bbox 1188 1811 1496 1853; x_wconf 76' lang='lat' dir='ltr'>iustificationes</span> <span class='ocrx_word' id='word_1_236' title='bbox 1528 1817 1632 1853; x_wconf 75' lang='lat' dir='ltr'>tuas.</span> 
     </span>
     <span class='ocr_line' id='line_1_27' title="bbox 283 1871 1552 1924; baseline 0.002 -14"><span class='ocrx_word' id='word_1_237' title='bbox 283 1873 315 1895; x_wconf 81' lang='lat'>¹³</span> <span class='ocrx_word' id='word_1_238' title='bbox 338 1871 384 1911; x_wconf 91' lang='lat' dir='ltr'>In</span> <span class='ocrx_word' id='word_1_239' title='bbox 410 1871 526 1912; x_wconf 84' lang='lat' dir='ltr'>labiis</span> <span class='ocrx_word' id='word_1_240' title='bbox 553 1871 663 1919; x_wconf 76' lang='lat' dir='ltr'>meis,</span> <span class='ocrx_word' id='word_1_241' title='bbox 693 1871 961 1924; x_wconf 81' lang='lat' dir='ltr'>pronunciavi</span> <span class='ocrx_word' id='word_1_242' title='bbox 1040 1871 1177 1913; x_wconf 89' lang='lat' dir='ltr'>omnia</span> <span class='ocrx_word' id='word_1_243' title='bbox 1202 1871 1351 1912; x_wconf 85' lang='lat' dir='ltr'>iudicia</span> <span class='ocrx_word' id='word_1_244' title='bbox 1378 1871 1455 1912; x_wconf 88' lang='lat' dir='ltr'>oris</span> <span class='ocrx_word' id='word_1_245' title='bbox 1482 1872 1552 1913; x_wconf 89' lang='lat' dir='ltr'>tui.</span> 
     </span>
     <span class='ocr_line' id='line_1_28' title="bbox 283 1930 2086 1980; baseline 0.002 -10"><span class='ocrx_word' id='word_1_246' title='bbox 283 1932 315 1954; x_wconf 68' lang='lat'>¹⁴</span> <span class='ocrx_word' id='word_1_247' title='bbox 338 1930 385 1970; x_wconf 90' lang='lat' dir='ltr'>In</span> <span class='ocrx_word' id='word_1_248' title='bbox 413 1930 481 1971; x_wconf 81' lang='lat' dir='ltr'>via</span> <span class='ocrx_word' id='word_1_249' title='bbox 508 1930 836 1971; x_wconf 86' lang='lat' dir='ltr'>testimoniorum</span> <span class='ocrx_word' id='word_1_250' title='bbox 866 1936 1030 1972; x_wconf 81' lang='lat' dir='ltr'>tuorum</span> <span class='ocrx_word' id='word_1_251' title='bbox 1059 1930 1286 1972; x_wconf 84' lang='lat' dir='ltr'>delectatus</span> <span class='ocrx_word' id='word_1_252' title='bbox 1314 1944 1416 1980; x_wconf 84' lang='lat' dir='ltr'>sum,</span> <span class='ocrx_word' id='word_1_253' title='bbox 1502 1930 1607 1971; x_wconf 87' lang='lat' dir='ltr'>sicut</span> <span class='ocrx_word' id='word_1_254' title='bbox 1634 1931 1675 1971; x_wconf 91' lang='lat' dir='ltr'>in</span> <span class='ocrx_word' id='word_1_255' title='bbox 1703 1931 1891 1972; x_wconf 79' lang='lat' dir='ltr'>omnibus</span> <span class='ocrx_word' id='word_1_256' title='bbox 1921 1931 2086 1973; x_wconf 67' lang='lat' dir='ltr'>divitiis.</span> 
     </span>
     <span class='ocr_line' id='line_1_29' title="bbox 282 1989 1685 2031; baseline 0.001 -2"><span class='ocrx_word' id='word_1_257' title='bbox 282 1990 314 2013; x_wconf 88' lang='lat'>¹⁵</span> <span class='ocrx_word' id='word_1_258' title='bbox 338 1989 385 2030; x_wconf 92' lang='lat' dir='ltr'>In</span> <span class='ocrx_word' id='word_1_259' title='bbox 417 1989 624 2030; x_wconf 87' lang='lat' dir='ltr'>mandatis</span> <span class='ocrx_word' id='word_1_260' title='bbox 659 1989 737 2030; x_wconf 89' lang='lat' dir='ltr'>tuis</span> <span class='ocrx_word' id='word_1_261' title='bbox 770 1991 1004 2031; x_wconf 87' lang='lat' dir='ltr'>exercebor:</span> <span class='ocrx_word' id='word_1_262' title='bbox 1091 1995 1133 2031; x_wconf 81' lang='lat' dir='ltr'>et</span> <span class='ocrx_word' id='word_1_263' title='bbox 1164 1990 1428 2031; x_wconf 84' lang='lat' dir='ltr'>considerabo</span> <span class='ocrx_word' id='word_1_264' title='bbox 1461 1990 1548 2030; x_wconf 80' lang='lat' dir='ltr'>vias</span> <span class='ocrx_word' id='word_1_265' title='bbox 1580 1995 1685 2031; x_wconf 88' lang='lat' dir='ltr'>tuas.</span> 
     </span>
     <span class='ocr_line' id='line_1_30' title="bbox 283 2048 1950 2091; baseline 0.001 -2"><span class='ocrx_word' id='word_1_266' title='bbox 283 2048 386 2089; x_wconf 74' lang='grc'>16111</span> <span class='ocrx_word' id='word_1_267' title='bbox 418 2048 777 2090; x_wconf 83' lang='lat' dir='ltr'>iustificationibus</span> <span class='ocrx_word' id='word_1_268' title='bbox 808 2049 889 2091; x_wconf 89' lang='lat' dir='ltr'>tuis</span> <span class='ocrx_word' id='word_1_269' title='bbox 919 2049 1169 2091; x_wconf 86' lang='lat' dir='ltr'>meditabor:</span> <span class='ocrx_word' id='word_1_270' title='bbox 1254 2062 1336 2091; x_wconf 91' lang='lat' dir='ltr'>non</span> <span class='ocrx_word' id='word_1_271' title='bbox 1366 2049 1583 2090; x_wconf 80' lang='lat' dir='ltr'>obliviscar</span> <span class='ocrx_word' id='word_1_272' title='bbox 1612 2061 1815 2091; x_wconf 83' lang='lat' dir='ltr'>sermones</span> <span class='ocrx_word' id='word_1_273' title='bbox 1846 2056 1950 2091; x_wconf 86' lang='lat' dir='ltr'>tuos.</span> 
     </span>
    </p>
   </div>
   <div class='ocr_carea' id='block_1_9' title="bbox 1146 2155 1333 2197">
    <p class='ocr_par' dir='ltr' id='par_1_16' title="bbox 1146 2155 1333 2197">
     <span class='ocr_line' id='line_1_31' title="bbox 1146 2155 1333 2197; baseline 0 0"><span class='ocrx_word' id='word_1_274' title='bbox 1146 2155 1333 2197; x_wconf 81' lang='lat' dir='ltr'>GIMEL.</span> 
     </span>
    </p>
   </div>
   <div class='ocr_carea' id='block_1_10' title="bbox 110 2219 2193 2736">
    <p class='ocr_par' dir='ltr' id='par_1_17' title="bbox 110 2219 2193 2676">
     <span class='ocr_line' id='line_1_32' title="bbox 110 2219 1842 2284; baseline 0.001 -25"><span class='ocrx_word' id='word_1_275' title='bbox 110 2221 231 2284; x_wconf 55' lang='lat' dir='ltr'>ogfflffi</span> <span class='ocrx_word' id='word_1_276' title='bbox 284 2220 318 2242; x_wconf 83' lang='lat'>¹⁷</span> <span class='ocrx_word' id='word_1_277' title='bbox 338 2219 535 2260; x_wconf 86' lang='lat' dir='ltr'>Retribue</span> <span class='ocrx_word' id='word_1_278' title='bbox 563 2232 678 2261; x_wconf 84' lang='lat' dir='ltr'>servo</span> <span class='ocrx_word' id='word_1_279' title='bbox 710 2224 792 2264; x_wconf 86' lang='grc'>1110,</span> <span class='ocrx_word' id='word_1_280' title='bbox 824 2219 988 2260; x_wconf 81' lang='lat' dir='ltr'>vivifiea</span> <span class='ocrx_word' id='word_1_281' title='bbox 1013 2233 1097 2261; x_wconf 90' lang='lat' dir='ltr'>me:</span> <span class='ocrx_word' id='word_1_282' title='bbox 1179 2225 1221 2261; x_wconf 83' lang='lat' dir='ltr'>et</span> <span class='ocrx_word' id='word_1_283' title='bbox 1248 2219 1478 2261; x_wconf 82' lang='lat' dir='ltr'>custodiam</span> <span class='ocrx_word' id='word_1_284' title='bbox 1506 2232 1709 2261; x_wconf 82' lang='lat' dir='ltr'>sermones</span> <span class='ocrx_word' id='word_1_285' title='bbox 1738 2226 1842 2262; x_wconf 78' lang='lat' dir='ltr'>tuos.</span> 
     </span>
     <span class='ocr_line' id='line_1_33' title="bbox 171 2278 1760 2332; baseline 0 -13"><span class='ocrx_word' id='word_1_286' title='bbox 171 2280 176 2283; x_wconf 70' lang='grc'>’</span> <span class='ocrx_word' id='word_1_287' title='bbox 237 2278 243 2288; x_wconf 83' lang='grc'><strong><em>’</em></strong></span> <span class='ocrx_word' id='word_1_288' title='bbox 284 2280 319 2303; x_wconf 73' lang='grc'>18</span> <span class='ocrx_word' id='word_1_289' title='bbox 337 2278 492 2319; x_wconf 81' lang='lat' dir='ltr'>Revela</span> <span class='ocrx_word' id='word_1_290' title='bbox 519 2278 654 2320; x_wconf 86' lang='lat' dir='ltr'>oculos</span> <span class='ocrx_word' id='word_1_291' title='bbox 684 2292 812 2320; x_wconf 89' lang='lat' dir='ltr'>meos:</span> <span class='ocrx_word' id='word_1_292' title='bbox 843 2285 884 2320; x_wconf 86' lang='lat' dir='ltr'>et</span> <span class='ocrx_word' id='word_1_293' title='bbox 912 2279 1175 2321; x_wconf 84' lang='lat' dir='ltr'>considerabo</span> <span class='ocrx_word' id='word_1_294' title='bbox 1257 2278 1460 2320; x_wconf 87' lang='lat' dir='ltr'>mirabilia</span> <span class='ocrx_word' id='word_1_295' title='bbox 1487 2278 1536 2319; x_wconf 90' lang='lat' dir='ltr'>de</span> <span class='ocrx_word' id='word_1_296' title='bbox 1563 2278 1648 2332; x_wconf 81' lang='lat' dir='ltr'>lege</span> <span class='ocrx_word' id='word_1_297' title='bbox 1676 2284 1760 2320; x_wconf 86' lang='lat' dir='ltr'>tua.</span> 
     </span>
     <span class='ocr_line' id='line_1_34' title="bbox 283 2337 1839 2391; baseline 0.001 -14"><span class='ocrx_word' id='word_1_298' title='bbox 283 2339 317 2362; x_wconf 79' lang='lat'>¹⁹</span> <span class='ocrx_word' id='word_1_299' title='bbox 338 2337 475 2379; x_wconf 86' lang='lat' dir='ltr'>Incola</span> <span class='ocrx_word' id='word_1_300' title='bbox 505 2351 575 2391; x_wconf 70' lang='lat' dir='ltr'>ego</span> <span class='ocrx_word' id='word_1_301' title='bbox 608 2351 696 2378; x_wconf 86' lang='lat' dir='ltr'>sum</span> <span class='ocrx_word' id='word_1_302' title='bbox 728 2338 768 2379; x_wconf 93' lang='lat' dir='ltr'>in</span> <span class='ocrx_word' id='word_1_303' title='bbox 800 2344 924 2379; x_wconf 85' lang='lat' dir='ltr'>terra:</span> <span class='ocrx_word' id='word_1_304' title='bbox 1009 2351 1091 2380; x_wconf 92' lang='lat' dir='ltr'>non</span> <span class='ocrx_word' id='word_1_305' title='bbox 1121 2338 1348 2379; x_wconf 85' lang='lat' dir='ltr'>abscondas</span> <span class='ocrx_word' id='word_1_306' title='bbox 1379 2351 1403 2378; x_wconf 89' lang='lat' dir='ltr'>a</span> <span class='ocrx_word' id='word_1_307' title='bbox 1432 2351 1496 2378; x_wconf 91' lang='lat' dir='ltr'>me</span> <span class='ocrx_word' id='word_1_308' title='bbox 1526 2338 1726 2379; x_wconf 84' lang='lat' dir='ltr'>mandata</span> <span class='ocrx_word' id='word_1_309' title='bbox 1755 2344 1839 2379; x_wconf 87' lang='lat' dir='ltr'>tua.</span> 
     </span>
     <span class='ocr_line' id='line_1_35' title="bbox 281 2397 2075 2452; baseline 0.001 -15"><span class='ocrx_word' id='word_1_310' title='bbox 281 2398 318 2421; x_wconf 77' lang='lat'>2⁰</span> <span class='ocrx_word' id='word_1_311' title='bbox 335 2397 579 2450; x_wconf 81' lang='lat' dir='ltr'>Concupivit</span> <span class='ocrx_word' id='word_1_312' title='bbox 608 2397 746 2438; x_wconf 86' lang='lat' dir='ltr'>anima</span> <span class='ocrx_word' id='word_1_313' title='bbox 773 2411 865 2439; x_wconf 89' lang='lat' dir='ltr'>mea</span> <span class='ocrx_word' id='word_1_314' title='bbox 892 2398 1119 2439; x_wconf 87' lang='lat' dir='ltr'>desidera-re</span> <span class='ocrx_word' id='word_1_315' title='bbox 1200 2397 1508 2439; x_wconf 86' lang='lat' dir='ltr'>iustificationes</span> <span class='ocrx_word' id='word_1_316' title='bbox 1537 2402 1641 2446; x_wconf 81' lang='lat' dir='ltr'>tuas,</span> <span class='ocrx_word' id='word_1_317' title='bbox 1673 2397 1713 2438; x_wconf 92' lang='lat' dir='ltr'>in</span> <span class='ocrx_word' id='word_1_318' title='bbox 1742 2397 1852 2439; x_wconf 92' lang='lat' dir='ltr'>omni</span> <span class='ocrx_word' id='word_1_319' title='bbox 1880 2403 2075 2452; x_wconf 88' lang='lat' dir='ltr'>tempore.</span> 
     </span>
     <span class='ocr_line' id='line_1_36' title="bbox 281 2456 1845 2511; baseline 0.001 -15"><span class='ocrx_word' id='word_1_320' title='bbox 281 2457 312 2480; x_wconf 86' lang='lat'>²¹</span> <span class='ocrx_word' id='word_1_321' title='bbox 336 2456 561 2510; x_wconf 84' lang='lat' dir='ltr'>Increpasti</span> <span class='ocrx_word' id='word_1_322' title='bbox 591 2457 804 2510; x_wconf 86' lang='lat' dir='ltr'>superbos:</span> <span class='ocrx_word' id='word_1_323' title='bbox 889 2457 1096 2498; x_wconf 83' lang='lat' dir='ltr'>maledicti</span> <span class='ocrx_word' id='word_1_324' title='bbox 1127 2457 1196 2511; x_wconf 91' lang='lat' dir='ltr'>qui</span> <span class='ocrx_word' id='word_1_325' title='bbox 1227 2456 1434 2498; x_wconf 82' lang='lat' dir='ltr'>declinant</span> <span class='ocrx_word' id='word_1_326' title='bbox 1464 2469 1488 2497; x_wconf 88' lang='lat' dir='ltr'>a</span> <span class='ocrx_word' id='word_1_327' title='bbox 1515 2456 1722 2497; x_wconf 85' lang='lat' dir='ltr'>mandatis</span> <span class='ocrx_word' id='word_1_328' title='bbox 1752 2457 1845 2498; x_wconf 69' lang='grc'>11115.</span> 
     </span>
     <span class='ocr_line' id='line_1_37' title="bbox 281 2516 2085 2570; baseline 0.001 -14"><span class='ocrx_word' id='word_1_329' title='bbox 281 2517 314 2540; x_wconf 89' lang='grc'>22</span> <span class='ocrx_word' id='word_1_330' title='bbox 334 2516 461 2556; x_wconf 84' lang='lat' dir='ltr'>Aufer</span> <span class='ocrx_word' id='word_1_331' title='bbox 487 2528 510 2556; x_wconf 86' lang='lat' dir='ltr'>a</span> <span class='ocrx_word' id='word_1_332' title='bbox 535 2529 600 2556; x_wconf 91' lang='lat' dir='ltr'>me</span> <span class='ocrx_word' id='word_1_333' title='bbox 627 2516 903 2569; x_wconf 80' lang='lat' dir='ltr'>opprobrium,</span> <span class='ocrx_word' id='word_1_334' title='bbox 936 2523 976 2557; x_wconf 86' lang='lat' dir='ltr'>et</span> <span class='ocrx_word' id='word_1_335' title='bbox 1002 2521 1306 2570; x_wconf 87' lang='lat' dir='ltr'>contemptum:</span> <span class='ocrx_word' id='word_1_336' title='bbox 1390 2516 1486 2570; x_wconf 87' lang='lat' dir='ltr'>quia</span> <span class='ocrx_word' id='word_1_337' title='bbox 1510 2516 1748 2557; x_wconf 84' lang='lat' dir='ltr'>testimonia</span> <span class='ocrx_word' id='word_1_338' title='bbox 1773 2522 1847 2557; x_wconf 86' lang='lat' dir='ltr'>tua</span> <span class='ocrx_word' id='word_1_339' title='bbox 1873 2516 2085 2570; x_wconf 78' lang='lat' dir='ltr'>exquisivi.</span> 
     </span>
     <span class='ocr_line' id='line_1_38' title="bbox 281 2574 2193 2630; baseline 0.001 -15"><span class='ocrx_word' id='word_1_340' title='bbox 281 2576 317 2600; x_wconf 70' lang='lat'>23</span> <span class='ocrx_word' id='word_1_341' title='bbox 334 2574 499 2616; x_wconf 84' lang='lat' dir='ltr'>Etenim</span> <span class='ocrx_word' id='word_1_342' title='bbox 527 2575 720 2616; x_wconf 84' lang='lat' dir='ltr'>sederunt</span> <span class='ocrx_word' id='word_1_343' title='bbox 746 2575 958 2630; x_wconf 78' lang='lat' dir='ltr'>principes,</span> <span class='ocrx_word' id='word_1_344' title='bbox 987 2581 1028 2618; x_wconf 83' lang='lat' dir='ltr'>et</span> <span class='ocrx_word' id='word_1_345' title='bbox 1054 2576 1273 2617; x_wconf 87' lang='lat' dir='ltr'>adversum</span> <span class='ocrx_word' id='word_1_346' title='bbox 1298 2589 1363 2616; x_wconf 88' lang='lat' dir='ltr'>me</span> <span class='ocrx_word' id='word_1_347' title='bbox 1388 2575 1682 2629; x_wconf 83' lang='lat' dir='ltr'>loquebantur:</span> <span class='ocrx_word' id='word_1_348' title='bbox 1766 2588 1905 2616; x_wconf 77' lang='lat' dir='ltr'>servus</span> <span class='ocrx_word' id='word_1_349' title='bbox 1933 2580 2070 2616; x_wconf 84' lang='lat' dir='ltr'>autem</span> <span class='ocrx_word' id='word_1_350' title='bbox 2098 2582 2193 2618; x_wconf 83' lang='lat' dir='ltr'>tuus</span> 
     </span>
     <span class='ocr_line' id='line_1_39' title="bbox 545 2635 1391 2676; baseline 0.002 -3"><span class='ocrx_word' id='word_1_351' title='bbox 545 2635 812 2675; x_wconf 83' lang='lat' dir='ltr'>exercebatur</span> <span class='ocrx_word' id='word_1_352' title='bbox 840 2635 880 2676; x_wconf 92' lang='lat' dir='ltr'>in</span> <span class='ocrx_word' id='word_1_353' title='bbox 910 2635 1268 2676; x_wconf 84' lang='lat' dir='ltr'>iustificationibus</span> <span class='ocrx_word' id='word_1_354' title='bbox 1298 2635 1391 2676; x_wconf 88' lang='lat' dir='ltr'>tuis.</span> 
     </span>
    </p>

    <p class='ocr_par' dir='ltr' id='par_1_18' title="bbox 280 2693 2190 2736">
     <span class='ocr_line' id='line_1_40' title="bbox 280 2693 2190 2736; baseline 0.002 -3"><span class='ocrx_word' id='word_1_355' title='bbox 280 2694 313 2717; x_wconf 71' lang='lat'>²²</span> <span class='ocrx_word' id='word_1_356' title='bbox 335 2693 441 2734; x_wconf 85' lang='lat' dir='ltr'>Nam</span> <span class='ocrx_word' id='word_1_357' title='bbox 458 2699 496 2734; x_wconf 89' lang='lat' dir='ltr'>et</span> <span class='ocrx_word' id='word_1_358' title='bbox 515 2693 751 2735; x_wconf 78' lang='lat' dir='ltr'>testimonia</span> <span class='ocrx_word' id='word_1_359' title='bbox 767 2698 840 2735; x_wconf 89' lang='lat' dir='ltr'>tua</span> <span class='ocrx_word' id='word_1_360' title='bbox 854 2695 1068 2736; x_wconf 86' lang='lat' dir='ltr'>meditatio</span> <span class='ocrx_word' id='word_1_361' title='bbox 1085 2707 1177 2735; x_wconf 89' lang='lat' dir='ltr'>mea</span> <span class='ocrx_word' id='word_1_362' title='bbox 1192 2700 1271 2735; x_wconf 82' lang='lat' dir='ltr'>est:</span> <span class='ocrx_word' id='word_1_363' title='bbox 1329 2699 1371 2735; x_wconf 51' lang='lat' dir='ltr'>et¹</span> <span class='ocrx_word' id='word_1_364' title='bbox 1386 2693 1598 2735; x_wconf 84' lang='lat' dir='ltr'>consilium</span> <span class='ocrx_word' id='word_1_365' title='bbox 1616 2707 1753 2735; x_wconf 87' lang='lat' dir='ltr'>meum</span> <span class='ocrx_word' id='word_1_366' title='bbox 1772 2693 2081 2736; x_wconf 80' lang='lat' dir='ltr'>iustificationes</span> <span class='ocrx_word' id='word_1_367' title='bbox 2098 2699 2190 2736; x_wconf 71' lang='lat' dir='ltr'>tuae.</span> 
     </span>
    </p>
   </div>
   <div class='ocr_carea' id='block_1_11' title="bbox 1118 2799 1359 2841">
    <p class='ocr_par' dir='ltr' id='par_1_19' title="bbox 1118 2799 1359 2841">
     <span class='ocr_line' id='line_1_41' title="bbox 1118 2799 1359 2841; baseline 0 -1"><span class='ocrx_word' id='word_1_368' title='bbox 1118 2799 1359 2841; x_wconf 83' lang='lat' dir='ltr'>DALETH.</span> 
     </span>
    </p>
   </div>
   <div class='ocr_carea' id='block_1_12' title="bbox 91 2863 2189 3328">
    <p class='ocr_par' dir='ltr' id='par_1_20' title="bbox 91 2863 2030 2973">
     <span class='ocr_line' id='line_1_42' title="bbox 91 2863 2030 2929; baseline -0.002 -20"><span class='ocrx_word' id='word_1_369' title='bbox 91 2868 263 2929; x_wconf 48' lang='grc' dir='ltr'>Πζῖζέἱὶψῐζω</span> <span class='ocrx_word' id='word_1_370' title='bbox 283 2864 314 2888; x_wconf 77' lang='grc'>25</span> <span class='ocrx_word' id='word_1_371' title='bbox 336 2863 518 2905; x_wconf 77' lang='lat' dir='ltr'>Adhaesit</span> <span class='ocrx_word' id='word_1_372' title='bbox 545 2863 784 2917; x_wconf 83' lang='lat' dir='ltr'>pavimento</span> <span class='ocrx_word' id='word_1_373' title='bbox 813 2864 950 2904; x_wconf 90' lang='lat' dir='ltr'>anima</span> <span class='ocrx_word' id='word_1_374' title='bbox 975 2877 1085 2905; x_wconf 88' lang='lat' dir='ltr'>mea:</span> <span class='ocrx_word' id='word_1_375' title='bbox 1166 2864 1331 2905; x_wconf 79' lang='lat' dir='ltr'>vivifica</span> <span class='ocrx_word' id='word_1_376' title='bbox 1356 2878 1421 2905; x_wconf 90' lang='lat' dir='ltr'>me</span> <span class='ocrx_word' id='word_1_377' title='bbox 1448 2864 1672 2905; x_wconf 87' lang='lat' dir='ltr'>secundum</span> <span class='ocrx_word' id='word_1_378' title='bbox 1700 2864 1871 2904; x_wconf 82' lang='lat' dir='ltr'>verbum</span> <span class='ocrx_word' id='word_1_379' title='bbox 1899 2870 2030 2905; x_wconf 91' lang='lat' dir='ltr'>tuum.</span> 
     </span>
     <span class='ocr_line' id='line_1_43' title="bbox 179 2912 1996 2973; baseline 0 -10"><span class='ocrx_word' id='word_1_380' title='bbox 179 2912 245 2935; x_wconf 54' lang='grc' dir='ltr'>Μ’</span> <span class='ocrx_word' id='word_1_381' title='bbox 283 2924 318 2947; x_wconf 71' lang='grc'>26</span> <span class='ocrx_word' id='word_1_382' title='bbox 338 2923 430 2963; x_wconf 72' lang='lat' dir='ltr'>Vias</span> <span class='ocrx_word' id='word_1_383' title='bbox 460 2936 570 2964; x_wconf 87' lang='lat' dir='ltr'>meas</span> <span class='ocrx_word' id='word_1_384' title='bbox 601 2923 827 2973; x_wconf 65' lang='lat' dir='ltr'>enuntiavi,</span> <span class='ocrx_word' id='word_1_385' title='bbox 860 2929 902 2964; x_wconf 80' lang='lat' dir='ltr'>et</span> <span class='ocrx_word' id='word_1_386' title='bbox 931 2923 1135 2964; x_wconf 85' lang='lat' dir='ltr'>exaudisti</span> <span class='ocrx_word' id='word_1_387' title='bbox 1163 2937 1246 2964; x_wconf 90' lang='lat' dir='ltr'>me:</span> <span class='ocrx_word' id='word_1_388' title='bbox 1331 2924 1429 2965; x_wconf 90' lang='lat' dir='ltr'>doce</span> <span class='ocrx_word' id='word_1_389' title='bbox 1458 2937 1523 2964; x_wconf 90' lang='lat' dir='ltr'>me</span> <span class='ocrx_word' id='word_1_390' title='bbox 1553 2922 1861 2964; x_wconf 74' lang='lat' dir='ltr'>iustificationes</span> <span class='ocrx_word' id='word_1_391' title='bbox 1891 2928 1996 2964; x_wconf 84' lang='lat' dir='ltr'>tuas.</span> 
     </span>
    </p>

    <p class='ocr_par' dir='ltr' id='par_1_21' title="bbox 281 2981 2189 3328">
     <span class='ocr_line' id='line_1_44' title="bbox 282 2981 2189 3024; baseline 0.001 -3"><span class='ocrx_word' id='word_1_392' title='bbox 282 2983 316 3005; x_wconf 73' lang='lat'>2⁷</span> <span class='ocrx_word' id='word_1_393' title='bbox 338 2982 452 3022; x_wconf 82' lang='lat' dir='ltr'>Viam</span> <span class='ocrx_word' id='word_1_394' title='bbox 485 2982 823 3024; x_wconf 83' lang='lat' dir='ltr'>iustificationum</span> <span class='ocrx_word' id='word_1_395' title='bbox 854 2987 1020 3023; x_wconf 83' lang='lat' dir='ltr'>tuarum</span> <span class='ocrx_word' id='word_1_396' title='bbox 1052 2982 1206 3024; x_wconf 89' lang='lat' dir='ltr'>instrue</span> <span class='ocrx_word' id='word_1_397' title='bbox 1238 2996 1320 3023; x_wconf 89' lang='lat' dir='ltr'>me:</span> <span class='ocrx_word' id='word_1_398' title='bbox 1412 2987 1453 3023; x_wconf 83' lang='lat' dir='ltr'>et</span> <span class='ocrx_word' id='word_1_399' title='bbox 1485 2982 1700 3023; x_wconf 88' lang='lat' dir='ltr'>exercebor</span> <span class='ocrx_word' id='word_1_400' title='bbox 1731 2982 1771 3022; x_wconf 90' lang='lat' dir='ltr'>in</span> <span class='ocrx_word' id='word_1_401' title='bbox 1811 2981 2064 3023; x_wconf 78' lang='lat' dir='ltr'>mirabilibus</span> <span class='ocrx_word' id='word_1_402' title='bbox 2097 2983 2189 3024; x_wconf 71' lang='lat' dir='ltr'>tuis.</span> 
     </span>
     <span class='ocr_line' id='line_1_45' title="bbox 281 3040 1865 3096; baseline 0.001 -16"><span class='ocrx_word' id='word_1_403' title='bbox 281 3041 584 3082; x_wconf 49' lang='lat' dir='ltr'>2³1⁷)0rmitavit</span> <span class='ocrx_word' id='word_1_404' title='bbox 615 3042 752 3082; x_wconf 86' lang='lat' dir='ltr'>anima</span> <span class='ocrx_word' id='word_1_405' title='bbox 779 3055 871 3083; x_wconf 89' lang='lat' dir='ltr'>mea</span> <span class='ocrx_word' id='word_1_406' title='bbox 896 3055 979 3096; x_wconf 69' lang='lat' dir='ltr'>pree</span> <span class='ocrx_word' id='word_1_407' title='bbox 1006 3042 1146 3083; x_wconf 82' lang='lat' dir='ltr'>taedio:</span> <span class='ocrx_word' id='word_1_408' title='bbox 1229 3042 1425 3083; x_wconf 82' lang='lat' dir='ltr'>confirma</span> <span class='ocrx_word' id='word_1_409' title='bbox 1452 3056 1516 3083; x_wconf 90' lang='lat' dir='ltr'>1ne</span> <span class='ocrx_word' id='word_1_410' title='bbox 1543 3041 1584 3082; x_wconf 91' lang='lat' dir='ltr'>in</span> <span class='ocrx_word' id='word_1_411' title='bbox 1611 3040 1744 3081; x_wconf 77' lang='lat' dir='ltr'>verbis</span> <span class='ocrx_word' id='word_1_412' title='bbox 1772 3041 1865 3082; x_wconf 82' lang='lat' dir='ltr'>tuis.</span> 
     </span>
     <span class='ocr_line' id='line_1_46' title="bbox 281 3100 1811 3155; baseline 0.002 -16"><span class='ocrx_word' id='word_1_413' title='bbox 281 3101 316 3122; x_wconf 74' lang='lat'>2⁹</span> <span class='ocrx_word' id='word_1_414' title='bbox 336 3100 450 3140; x_wconf 74' lang='lat' dir='ltr'>Viam</span> <span class='ocrx_word' id='word_1_415' title='bbox 483 3100 712 3153; x_wconf 84' lang='lat' dir='ltr'>iniquitatis</span> <span class='ocrx_word' id='word_1_416' title='bbox 743 3114 887 3143; x_wconf 86' lang='lat' dir='ltr'>amove</span> <span class='ocrx_word' id='word_1_417' title='bbox 919 3115 941 3141; x_wconf 89' lang='lat' dir='ltr'>a</span> <span class='ocrx_word' id='word_1_418' title='bbox 972 3114 1053 3141; x_wconf 89' lang='lat' dir='ltr'>me:</span> <span class='ocrx_word' id='word_1_419' title='bbox 1138 3106 1178 3141; x_wconf 88' lang='lat' dir='ltr'>et.</span> <span class='ocrx_word' id='word_1_420' title='bbox 1209 3102 1257 3142; x_wconf 91' lang='lat' dir='ltr'>de</span> <span class='ocrx_word' id='word_1_421' title='bbox 1287 3101 1372 3155; x_wconf 80' lang='lat' dir='ltr'>lege</span> <span class='ocrx_word' id='word_1_422' title='bbox 1402 3106 1475 3142; x_wconf 88' lang='lat' dir='ltr'>tua</span> <span class='ocrx_word' id='word_1_423' title='bbox 1505 3101 1691 3142; x_wconf 82' lang='lat' dir='ltr'>miserere</span> <span class='ocrx_word' id='word_1_424' title='bbox 1722 3100 1811 3142; x_wconf 91' lang='lat' dir='ltr'>mei.</span> 
     </span>
     <span class='ocr_line' id='line_1_47' title="bbox 281 3159 1550 3213; baseline 0.003 -16"><span class='ocrx_word' id='word_1_425' title='bbox 281 3160 317 3181; x_wconf 72' lang='lat'>²⁵⁰</span> <span class='ocrx_word' id='word_1_426' title='bbox 337 3159 450 3198; x_wconf 75' lang='lat' dir='ltr'>Viam</span> <span class='ocrx_word' id='word_1_427' title='bbox 480 3160 665 3200; x_wconf 79' lang='lat' dir='ltr'>veritatis</span> <span class='ocrx_word' id='word_1_428' title='bbox 693 3159 809 3213; x_wconf 71' lang='lat' dir='ltr'>elegi:</span> <span class='ocrx_word' id='word_1_429' title='bbox 890 3160 1040 3201; x_wconf 78' lang='lat' dir='ltr'>iudicia</span> <span class='ocrx_word' id='word_1_430' title='bbox 1065 3166 1138 3201; x_wconf 85' lang='lat' dir='ltr'>tua</span> <span class='ocrx_word' id='word_1_431' title='bbox 1164 3174 1244 3202; x_wconf 91' lang='grc'>11011</span> <span class='ocrx_word' id='word_1_432' title='bbox 1271 3175 1360 3201; x_wconf 82' lang='lat' dir='ltr'>sum</span> <span class='ocrx_word' id='word_1_433' title='bbox 1389 3160 1550 3202; x_wconf 86' lang='lat' dir='ltr'>oblitus.</span> 
     </span>
     <span class='ocr_line' id='line_1_48' title="bbox 281 3217 1656 3261; baseline 0.002 -4"><span class='ocrx_word' id='word_1_434' title='bbox 281 3217 497 3258; x_wconf 52' lang='grc' dir='ltr'>31Α11111114&lt;1</span> <span class='ocrx_word' id='word_1_435' title='bbox 527 3219 771 3260; x_wconf 81' lang='lat' dir='ltr'>testimoniis</span> <span class='ocrx_word' id='word_1_436' title='bbox 802 3220 882 3260; x_wconf 86' lang='lat' dir='ltr'>tuis</span> <span class='ocrx_word' id='word_1_437' title='bbox 965 3219 1159 3261; x_wconf 88' lang='lat' dir='ltr'>Domine:</span> <span class='ocrx_word' id='word_1_438' title='bbox 1192 3220 1271 3261; x_wconf 88' lang='lat' dir='ltr'>noli</span> <span class='ocrx_word' id='word_1_439' title='bbox 1302 3234 1366 3261; x_wconf 88' lang='lat' dir='ltr'>me</span> <span class='ocrx_word' id='word_1_440' title='bbox 1397 3220 1656 3261; x_wconf 82' lang='lat' dir='ltr'>confundere.</span> 
     </span>
     <span class='ocr_line' id='line_1_49' title="bbox 282 3276 1818 3328; baseline 0.003 -13"><span class='ocrx_word' id='word_1_441' title='bbox 282 3277 315 3299; x_wconf 74' lang='grc'>32</span> <span class='ocrx_word' id='word_1_442' title='bbox 336 3276 452 3316; x_wconf 74' lang='lat' dir='ltr'>Viam</span> <span class='ocrx_word' id='word_1_443' title='bbox 481 3278 771 3318; x_wconf 85' lang='lat' dir='ltr'>mandatorum</span> <span class='ocrx_word' id='word_1_444' title='bbox 800 3284 965 3320; x_wconf 86' lang='lat' dir='ltr'>tuorum</span> <span class='ocrx_word' id='word_1_445' title='bbox 993 3279 1161 3328; x_wconf 81' lang='lat' dir='ltr'>cucurri,</span> <span class='ocrx_word' id='word_1_446' title='bbox 1245 3292 1337 3319; x_wconf 87' lang='lat' dir='ltr'>cum</span> <span class='ocrx_word' id='word_1_447' title='bbox 1366 3279 1548 3320; x_wconf 75' lang='lat' dir='ltr'>dilatasti</span> <span class='ocrx_word' id='word_1_448' title='bbox 1577 3291 1644 3319; x_wconf 87' lang='lat' dir='ltr'>cor</span> <span class='ocrx_word' id='word_1_449' title='bbox 1670 3291 1818 3319; x_wconf 86' lang='lat' dir='ltr'>meum.</span> 
     </span>
    </p>
   </div>
   <div class='ocr_carea' id='block_1_13' title="bbox 1194 3384 1282 3425">
    <p class='ocr_par' dir='ltr' id='par_1_22' title="bbox 1194 3384 1282 3425">
     <span class='ocr_line' id='line_1_50' title="bbox 1194 3384 1282 3425; baseline 0.011 -1"><span class='ocrx_word' id='word_1_450' title='bbox 1194 3384 1282 3425; x_wconf 90' lang='lat' dir='ltr'>HE.</span> 
     </span>
    </p>
   </div>
   <div class='ocr_carea' id='block_1_14' title="bbox 94 3446 2190 3559">
    <p class='ocr_par' dir='ltr' id='par_1_23' title="bbox 94 3446 2190 3559">
     <span class='ocr_line' id='line_1_51' title="bbox 94 3446 2190 3511; baseline 0.001 -25"><span class='ocrx_word' id='word_1_451' title='bbox 94 3446 258 3511; x_wconf 49' lang='lat' dir='ltr'>⁹1{}‡}2?f‘&#39;</span> <span class='ocrx_word' id='word_1_452' title='bbox 282 3449 314 3470; x_wconf 72' lang='lat'>³³</span> <span class='ocrx_word' id='word_1_453' title='bbox 339 3446 481 3500; x_wconf 75' lang='lat' dir='ltr'>Legem</span> <span class='ocrx_word' id='word_1_454' title='bbox 515 3460 619 3499; x_wconf 85' lang='lat' dir='ltr'>pone</span> <span class='ocrx_word' id='word_1_455' title='bbox 655 3448 748 3488; x_wconf 85' lang='grc'>1111111</span> <span class='ocrx_word' id='word_1_456' title='bbox 784 3448 957 3489; x_wconf 89' lang='lat' dir='ltr'>Domine</span> <span class='ocrx_word' id='word_1_457' title='bbox 990 3449 1099 3489; x_wconf 83' lang='lat' dir='ltr'>viam</span> <span class='ocrx_word' id='word_1_458' title='bbox 1132 3448 1470 3490; x_wconf 81' lang='lat' dir='ltr'>iustificationum</span> <span class='ocrx_word' id='word_1_459' title='bbox 1502 3455 1687 3490; x_wconf 89' lang='lat' dir='ltr'>tuarum:</span> <span class='ocrx_word' id='word_1_460' title='bbox 1784 3455 1823 3489; x_wconf 85' lang='lat' dir='ltr'>et</span> <span class='ocrx_word' id='word_1_461' title='bbox 1856 3448 2068 3501; x_wconf 82' lang='lat' dir='ltr'>exquiram</span> <span class='ocrx_word' id='word_1_462' title='bbox 2101 3461 2190 3488; x_wconf 87' lang='lat' dir='ltr'>eam</span> 
     </span>
     <span class='ocr_line' id='line_1_52' title="bbox 545 3520 714 3559; baseline 0 -12"><span class='ocrx_word' id='word_1_463' title='bbox 545 3520 714 3559; x_wconf 77' lang='lat' dir='ltr'>semper.</span> 
     </span>
    </p>
   </div>
  </div>
 </body>
</html>
