2356 3760
171 1131 248 1149 marc·

163 1159 255 1189 fusile,

106 1657 203 1682 decem
219 1656 300 1681 bases

123 1700 156 1716 :ic
177 1692 292 1719 luteres,

129 3137 196 3154 vasa
221 3130 274 3154 :xlia

126 3247 152 3270 in
176 3253 287 3276 ‹unwe-

116 3283 166 3305 stri
184 3283 259 3307 ιἰιιιιι
264 3289 287 3306 ι

135 3317 279 3347 Jordan&

313 150 390 191 290
1166 147 1362 181 LIBERI.
1988 152 2164 193 7‚17-7‚
2189 153 2231 186 42

315 243 505 297 capitella
529 243 638 291 fecit,
668 256 758 296 quae
783 247 1032 295 ponelwrntm
1058 254 1178 294 super
1203 241 1340 294 capita
1366 240 1661 291 columnarum,
1689 242 1827 284 fusilia
1851 257 1902 285 ex
1926 258 2021 287 aere:
2050 245 2231 300 quinque

315 301 547 343 cubitorum
567 301 797 343 altitudinis
817 299 1051 353 capitellum
1071 312 1211 347 unum,
1232 305 1274 340 et
1293 299 1472 354 quinque
1492 301 1724 342 cubitorum
1744 301 1975 344 altitudinis
1994 304 2230 358 capitellum

315 361 508 402 alterum:
559 362 590 385 ¹⁷
612 366 652 401 et
673 359 788 413 quasi
808 359 849 399 in
870 359 1038 400 modum
1058 358 1167 405 retis
1190 363 1231 398 ιι
1250 363 1489 400 catenarum
1510 359 1615 401 sibi
1606 360 1781 401 invicem
1801 360 1904 402 miro
1925 376 2044 416 opere
2064 368 2231 405 contex

314 425 463 461 tarum.
500 420 728 472 btrumque
756 416 992 471 capitellum
1021 416 1303 458 columnarum
1332 417 1450 458 fusile
1479 423 1583 458 erat:
1615 424 1784 472 septena
1812 433 2004 461 versuum
2034 422 2232 463 retiacula

314 478 354 519 in
380 478 568 531 capitello
594 491 687 526 uno,
714 482 755 518 et
779 483 950 530 septena
973 475 1169 516 retiacula
1194 475 1234 516 in
1259 475 1448 529 capitello
1474 476 1614 517 altero.
1668 478 1703 501 ¹⁸
1727 477 1783 518 Et
1809 479 1978 531 perfecit
2002 479 2226 529 columnas,

314 543 356 578 et
392 538 493 578 duos
532 536 690 577 ordines
728 549 799 589 pei
836 535 1050 576 circuitum
1090 534 1376 575 retiaculorum
1415 534 1678 588 singulorum,
1720 542 1767 577 ut
1803 542 1987 590 tegerent
2025 539 2228 592 capitella,

316 610 405 649 qil-e
438 600 550 635 erant
588 608 708 648 super
741 593 1035 643 summitatem,
1072 593 1466 646 malogranatorum:
1502 594 1644 635 eodem
1678 595 1801 636 modo
1835 595 1932 637 fecit
1965 602 2006 638 et
2039 597 2229 662 capitello

314 654 503 695 seeundo.
565 655 599 677 ¹9
629 652 829 707 Capitella
860 657 1011 699 autem
1046 665 1136 706 quae
1166 657 1284 693 erant
1313 665 1434 705 super
1464 652 1602 706 capita
1633 652 1928 703 columnarum,
1963 656 2079 709 quasi
2112 669 2231 710 opere

314 713 384 753 lilii
415 713 617 754 fabricata
647 717 764 752 erant
794 711 834 752 in
865 711 1024 765 portim
1057 715 1255 764 quattuor
1284 711 1530 752 cubitorum
1590 713 1627 735 ²⁰
1655 712 1711 753 Et
1740 725 1901 754 rursum
1933 713 2012 755 alia
2041 714 2232 768 capitella

314 772 355 812 in
389 771 628 813 summitate
663 770 944 812 columnarum
980 771 1154 823 desuper
1186 769 1304 810 iuxta
1337 782 1570 810 mensuram
1605 770 1805 812 columnae
1838 778 1982 813 contra
2015 773 2229 815 retiacula:

316 830 692 883 malogranatorum
719 835 858 871 autem
886 828 1052 870 ducenti
1079 828 1239 869 ordines
1267 833 1384 869 erant
1409 828 1451 869 in
1478 829 1650 870 circuitu
1678 830 1857 883 capitelli
1883 832 2061 873 secundi.
2117 834 2148 857 ²1
2176 832 2232 873 Et

315 890 464 931 statuit
491 890 592 930 duas
619 888 828 930 columnas
856 888 896 929 in
923 887 1083 942 porticu
1111 886 1272 940 templi:
1301 901 1475 941 cumque
1503 887 1717 929 statuisset
1743 889 1975 931 columnam
2003 891 2229 940 dexteram,

315 948 481 989 vocavit
519 961 607 989 eam
645 948 809 989 nomine
850 947 1008 988 lachin:
1048 945 1233 987 similiter
1269 946 1398 987 erexit
1435 946 1668 987 columnam
1706 949 1946 989 secundam:
1986 954 2027 990 et
2064 950 2232 991 vocavit

315 1021 463 1049 nomen
495 1007 577 1048 eius
610 1007 729 1048 Booz.
790 1009 821 1030 22
852 1007 908 1047 Et
937 1019 1058 1060 super
1087 1005 1225 1059 capita
1254 1005 1535 1046 columnarum
1569 1019 1669 1059 opus
1700 1006 1741 1047 in
1772 1008 1940 1048 modum
1970 1007 2041 1048 lilii
2072 1008 2228 1062 posuit:

314 1067 623 1120 perfectumque
654 1072 711 1106 est
745 1079 845 1118 opus
876 1064 1172 1106 columnarum.

421 1128 452 1149 '2³
477 1125 610 1165 aFecit
632 1138 794 1189 quoque
816 1137 927 1164 mare
947 1123 1065 1164 fusile
1087 1124 1226 1164 decem
1249 1123 1481 1164 cubitorum
1504 1137 1528 1164 a
1547 1123 1655 1165 labio
1678 1138 1805 1179 usque
1827 1125 1879 1166 ad
1900 1125 2068 1175 labium,
2091 1132 2231 1168 rotun-

315 1185 413 1225 dum
440 1184 478 1224 in
506 1183 695 1224 circuitu:
725 1182 903 1248 quinque
929 1182 1163 1224 cubitorum
1189 1182 1366 1223 altitudo
1392 1182 1488 1231 eius,
1517 1188 1558 1224 et
1582 1182 1774 1224 resticula
1799 1183 1970 1237 triginta
1995 1185 2229 1227 cubitorum

315 1243 505 1293 cintrebat
528 1242 628 1284 illud
652 1256 723 1296 per
746 1242 974 1283 circuitum.
1029 1243 1061 1266 24
1085 1241 1141 1282 Et
1165 1240 1377 1295 sculptura
1399 1242 1541 1282 subtel
1564 1241 1718 1282 labium
1743 1242 1943 1284 circuibat
1966 1243 2067 1285 illud
2091 1244 2230 1285 decem

315 1302 463 1343 cubitis
492 1302 675 1343 ambiens
704 1315 832 1342 mare:
864 1302 944 1342 duo
973 1300 1133 1342 ordines
1163 1299 1465 1354 sculpturarum
1495 1301 1735 1342 striatarum
1764 1307 1881 1343 erant
1908 1302 2058 1345 fusiles.
2115 1305 2148 1328 2⁵
2175 1303 2232 1344 Et

315 1362 456 1402 stabat
479 1374 599 1414 super
622 1360 837 1402 duodecim
863 1361 999 1407 boves
1026 1374 1045 1401 ιι
1071 1359 1218 1414 quibus
1243 1364 1324 1400 tres
1349 1359 1621 1413 respiciebant
1645 1360 1697 1401 ad
1721 1360 1980 1414 Aquilonem,
2007 1367 2049 1403 et
2072 1367 2153 1403 tres
2178 1362 2230 1403 ad

315 1420 592 1465 Occidentem,
620 1426 661 1461 et
684 1425 766 1461 tres
792 1420 844 1460 ad
869 1419 1091 1465 Meridiem,
1119 1424 1160 1459 et
1185 1423 1265 1460 tres
1291 1419 1344 1459 ad
1369 1418 1591 1467 Orientem,
1619 1425 1660 1460 et
1685 1432 1794 1460 mare
1820 1433 1941 1473 super
1965 1434 2031 1462 eos
2057 1421 2231 1475 desuper

314 1484 419 1520 erat:
459 1492 632 1533 quorum
670 1478 895 1532 posteriora
932 1478 1122 1519 universa
1158 1477 1399 1518 intrinsecus
1436 1477 1673 1519 latitabant.
1739 1480 1774 1502 2⁶
1810 1478 2052 1521 Grossitudo
2090 1485 2230 1521 autem

314 1537 466 1587 luteris,
488 1538 610 1579 trium
632 1537 845 1578 unciarum
864 1543 969 1578 erat:
989 1536 1226 1590 labiumque
1246 1536 1341 1586 eius,
1364 1536 1479 1590 quasi
1497 1536 1652 1577 labium
1671 1537 1818 1585 calicis,
1840 1543 1881 1579 et
1898 1537 2041 1579 folium
2060 1538 2230 1593 repandi

313 1596 402 1637 lilii:
434 1598 514 1638 duo
544 1596 670 1637 millia
699 1598 817 1637 batos
847 1596 1047 1650 capiebat.

419 1658 452 1680 ²⁷
476 1657 530 1697 Et
551 1656 647 1697 fecit
669 1656 808 1697 decem
831 1656 945 1697 bases
968 1668 1111 1703 aeneas,
1137 1659 1335 1709 quattuor
1356 1655 1588 1696 cubitorum
1610 1655 1876 1709 longitudinis
1899 1657 2014 1698 bases
2036 1656 2227 1711 singulas,

315 1722 355 1756 et
386 1722 585 1769 quattuor
614 1715 847 1756 cubitorum
876 1714 1120 1761 latitudinis,
1153 1720 1194 1755 et
1224 1713 1349 1755 trium
1379 1714 1612 1756 cubitorum
1643 1714 1886 1756 altitudinis.
1945 1716 1980 1740 ²⁸
2010 1715 2066 1757 Et
2095 1715 2229 1769 ipsum

316 1788 416 1828 opus
443 1774 615 1819 basium,
642 1773 868 1815 interrasile
894 1780 999 1815 erat:
1027 1779 1068 1814 et
1093 1773 1312 1827 sculpturae
1337 1773 1444 1814 inter
1468 1773 1690 1815 iuncturas.
1745 1776 1780 1798 ‘29
1805 1774 1860 1815 Et
1886 1774 1992 1815 inter
2016 1774 2229 1816 coronulas

315 1839 356 1874 et
381 1833 547 1887 plectas,
576 1833 710 1875 leones
737 1838 778 1874 et
804 1833 928 1874 boves
955 1838 996 1874 et
1022 1832 1250 1874 cherubim:
1279 1838 1321 1874 et
1345 1832 1387 1873 in
1414 1832 1612 1873 iuncturis
1639 1832 1826 1874 similiter
1850 1833 2041 1887 desuper:
2069 1839 2111 1875 et
2136 1834 2229 1875 sub-

314 1898 376 1933 ter
398 1893 543 1941 leones,
569 1898 610 1934 et
634 1893 757 1934 boves
782 1892 897 1946 quasi
919 1891 1005 1934 lora
1028 1905 1077 1932 ex
1100 1905 1175 1932 aere
1199 1891 1485 1945 dependentia.
1537 1893 1573 1916 3⁰
1595 1892 1651 1933 Et
1674 1897 1872 1946 quattuor
1894 1897 1994 1934 rotae
2016 1906 2088 1946 per
2109 1893 2227 1934 bases

315 1951 504 2006 singulas,
528 1957 569 1993 et
589 1965 684 1993 axes
704 1951 813 1992 aerei:
836 1957 877 1992 et
896 1964 967 2005 per
988 1956 1187 2005 quattuor
1206 1955 1342 2004 partes
1364 1951 1480 2004 quasi
1500 1951 1702 1992 humeruli
1722 1951 1863 1992 subter
1881 1951 2054 1993 luterem
2073 1951 2227 2001 fusiles,

314 2017 458 2052 contra
487 2024 527 2051 se
557 2010 731 2052 invicem
762 2015 1050 2064 respectantes.
1109 2012 1140 2034 ³¹
1171 2009 1226 2051 Os
1257 2023 1420 2064 quoque
1449 2009 1589 2051 luteris
1619 2010 1862 2051 intrinsecus
1893 2016 1980 2052 erat
2010 2010 2051 2051 in
2081 2011 2228 2065 capitis

315 2070 571 2111 summitate:
610 2075 652 2111 et
688 2070 798 2124 quod
833 2069 1055 2111 forinsecus
1092 2069 1332 2123 apparebat,
1372 2068 1490 2110 unius
1528 2069 1656 2110 cubiti
1693 2074 1780 2111 erat
1817 2074 1952 2110 totum
1989 2070 2226 2117 rotundum,

314 2129 547 2183 pariterque
578 2129 759 2170 habebat
792 2142 919 2170 unum
952 2128 1138 2169 cubitum
1170 2133 1212 2169 et
1243 2127 1477 2169 dimidium:
1510 2128 1551 2169 in
1584 2128 1741 2182 angulis
1774 2134 1912 2169 autem
1945 2128 2228 2170 columnarum

315 2188 438 2229 variae
458 2188 659 2229 eaelaturae
679 2194 813 2229 eraut:
837 2192 877 2228 et
898 2187 1032 2228 media
1052 2186 1377 2236 intercolumnia,
1402 2188 1606 2241 quadrata
1626 2201 1707 2229 non
1728 2188 1918 2229 rotunda.
1968 2190 2000 2212 3²
2022 2188 2229 2237 Quattuor

315 2261 477 2301 quoque
499 2253 610 2297 rotae,
636 2261 724 2301 quae
746 2260 817 2301 per
839 2252 1037 2300 quattuor
1058 2246 1227 2300 angulos
1250 2246 1358 2287 basis
1381 2252 1509 2294 erant,
1534 2246 1795 2288 cohaerebant
1816 2246 1892 2288 sibi
1914 2247 2055 2288 subter
2076 2246 2226 2288 basim:

314 2320 396 2348 una
420 2312 510 2348 rota
535 2307 716 2347 habebat
741 2305 970 2347 altitudinis
997 2305 1182 2346 cubitum
1208 2310 1249 2346 et
1273 2305 1405 2347 semis,
1458 2307 1491 2330 33
1516 2305 1631 2346 Tales
1657 2311 1796 2347 autem
1821 2310 1921 2347 rotae
1946 2311 2063 2347 erant
2088 2305 2227 2360 quales

313 2366 445 2408 solent
470 2366 510 2406 in
537 2379 655 2407 curru
682 2365 784 2406 fieri:
813 2371 854 2406 et
880 2379 974 2406 axes
1001 2378 1153 2413 earum,
1182 2369 1223 2405 et
1247 2364 1362 2410 radii,
1391 2370 1433 2405 et
1457 2364 1609 2413 canthi,
1638 2369 1679 2406 et
1704 2364 1882 2409 modioli,
1911 2365 2053 2406 omnia
2077 2365 2225 2407 fusilia.

312 2428 345 2450 3⁴
378 2426 482 2466 Nam
513 2431 555 2466 et
584 2424 785 2465 humeruli
815 2424 870 2464 illi
902 2429 1101 2478 quattuor
1129 2437 1201 2477 per
1230 2423 1407 2477 singulos
1439 2423 1608 2477 angulos
1639 2423 1746 2465 basis
1778 2423 1909 2473 unius,
1942 2437 1992 2465 ex
2021 2423 2110 2478 ipsa
2140 2424 2228 2466 basi

313 2484 449 2525 fusiles
477 2490 517 2525 et
544 2484 750 2525 coniuncti
778 2490 905 2524 erant.
960 2485 993 2508 35
1022 2483 1069 2523 Ιιι
1095 2483 1335 2524 summitate
1361 2487 1501 2524 autem
1529 2482 1636 2524 basis
1663 2488 1751 2524 erat
1778 2483 1966 2536 quaedam
1992 2483 2226 2524 rotunditas

314 2543 471 2584 dimidii
503 2543 642 2591 cubiti,
677 2543 735 2583 ita
765 2543 1005 2589 fabrefacta,
1040 2547 1087 2583 ut
1118 2541 1223 2583 luter
1254 2542 1427 2595 desuper
1457 2546 1595 2595 posset
1626 2541 1793 2595 imponi,
1827 2542 1981 2583 habens
2014 2541 2226 2583 caelaturas

313 2616 418 2650 suas,
456 2602 671 2656 variasque
706 2602 935 2655 sculpturas
971 2615 1020 2642 ex
1054 2601 1285 2655 semetipsa.
1348 2603 1383 2625 ³⁶
1417 2601 1596 2655 Sculpsit
1631 2614 1792 2655 quoque
1826 2600 1868 2641 in
1902 2600 2101 2642 tabulatis
2135 2600 2224 2651 illis,

315 2675 404 2716 quae
420 2667 536 2702 erant
552 2675 600 2702 ex
615 2674 703 2709 aere,
722 2661 817 2701 etin
835 2661 1004 2714 angulis,
1022 2660 1244 2709 cherubim,
1263 2665 1304 2701 et
1317 2660 1464 2707 leones,
1483 2666 1524 2701 et
1538 2659 1708 2714 palmas,
1728 2659 1843 2714 quasi
1857 2659 1899 2700 in
1914 2659 2225 2701 similitudinem

313 2720 488 2762 hominis
511 2720 672 2762 stantis.
698 2725 744 2760 ut
766 2733 847 2761 non
871 2719 1025 2764 caelata,
1050 2720 1120 2761 sed
1144 2719 1334 2773 apposita
1355 2732 1426 2772 per
1448 2719 1663 2760 circuitum
1687 2719 1935 2760 viderentur.
1986 2719 2021 2743 3⁷
2047 2718 2095 2759 In
2116 2719 2227 2760 hunc

313 2781 481 2821 modum
501 2779 598 2820 fecit
617 2780 755 2820 decem
777 2779 904 2822 bases,
926 2780 1067 2819 fusura
1086 2792 1180 2824 una,
1202 2784 1243 2819 et
1262 2791 1463 2827 mensura,
1485 2778 1777 2832 sculpturaque
1797 2777 2008 2819 consimili.
2056 2779 2092 2802 33
2110 2778 2227 2819 Fecit

314 2853 475 2892 quoque
513 2839 651 2879 decem
690 2838 837 2879 luteres
874 2852 1024 2879 aeneos:
1064 2838 1339 2891 quadraginta
1376 2838 1493 2879 batos
1531 2837 1721 2891 capiebat
1757 2836 1864 2878 luter
1900 2850 2016 2885 unus,
2057 2842 2225 2890 eratque

314 2904 512 2951 quattuor
543 2898 794 2938 cubitorum:
829 2897 1005 2945 singulos
1040 2911 1201 2950 quoque
1233 2896 1381 2938 luteres
1413 2910 1485 2949 per
1515 2895 1706 2950 singulas,
1740 2895 1781 2937 id
1813 2900 1886 2940 est,
1921 2896 2060 2936 decem
2094 2896 2222 2941 bases,

315 2957 461 3009 posuit.
522 2959 557 2981 ³⁹
590 2957 643 2997 Et
677 2956 891 2997 constituit
925 2957 1064 2997 decem
1098 2957 1225 3002 bases,
1261 2955 1440 3009 quinque
1474 2955 1525 2996 ad
1557 2956 1768 2996 dexteram
1801 2960 1962 3008 partem
1994 2954 2150 3008 templi,
2184 2960 2226 2995 et

314 3016 492 3069 quinque
529 3016 580 3056 ad
616 3015 841 3056 sinistram:
880 3028 990 3055 mare
1025 3020 1164 3055 autem
1199 3014 1337 3068 posuit
1372 3015 1424 3056 ad
1460 3015 1671 3055 dexteram
1707 3019 1867 3068 partem
1904 3012 2046 3066 templi
2082 3018 2226 3055 contra

313 3075 519 3115 Orientem
551 3075 603 3114 ad
632 3074 852 3115 Meridiem.

422 3136 453 3157 ¹⁰
487 3133 596 3173 Ferit
626 3147 718 3183 eruo
752 3134 895 3174 Hiram
926 3133 1090 3180 lebe,tes
1123 3139 1165 3173 et
1195 3138 1364 3182 scutras,
1398 3139 1439 3174 et
1469 3133 1667 3182 hamulas,
1701 3137 1742 3172 et
1771 3131 1942 3185 perfecit
1972 3144 2090 3172 omne
2122 3144 2224 3184 opus

315 3205 351 3230 ιι
355 3192 412 3241 oi„
441 3191 668 3233 Salomonis
697 3192 736 3232 in
767 3192 919 3246 templo
948 3191 1126 3233 Domini.

417 3253 444 3274 ¹¹
471 3254 497 3291 (
493 3250 688 3291 olumnas
711 3252 825 3298 drusi„
851 3256 891 3291 et
913 3251 1113 3291 funimlos
1137 3264 1169 3291 cz
1171 3250 1416 3304 t1›1t(llorun1
1442 3264 1562 3304 super
1583 3249 1774 3304 capitella
1795 3231 2077 3290 (olumnarum
2100 3249 2221 3290 duos:

313 3317 349 3349 el
378 3309 573 3350 retiacula
597 3310 690 3355 duo
718 3317 764 3350 ut
789 3310 994 3363 oper2irtnt
1018 3311 1119 3351 duos
1144 3309 1357 3353 funiculos
1385 3309 1454 3364 qui
1479 3315 1596 3351 erant
1619 3322 1740 3363 super
1763 3308 1901 3362 capita
1924 3307 2219 3349 columnarum.

312 3370 344 3392 ‘¹²
368 3369 422 3409 Et
444 3368 726 3419 malogranata
749 3369 1048 3422 quadringenta
1071 3369 1110 3409 in
1132 3369 1292 3409 duobus
1314 3368 1536 3409 rouaeulis:
1561 3369 1662 3410 duos
1684 3380 1823 3410 versus
1846 3365 2222 3421 malogranatorum

446 3495 488 3528 23
513 3498 550 3528 ³2
581 3496 643 3528 l'ai·
668 3497 698 3536 4,
725 3497 754 3529 2.
