2356 3760
148 89 201 128 34,
225 88 344 127 4-34,
369 88 411 121 28
900 86 1303 121 PARALIPOMENON
1961 98 2035 139 397

148 188 187 223 et
228 182 444 222 Ierusalem
482 182 533 222 ab
572 181 755 223 excelsis.
800 184 841 220 et
877 180 994 222 lucis.
1036 180 1339 234 simulacrisque
1375 187 1416 222 et
1454 182 1716 235 sculptilibus,
1776 191 1789 212 1
1818 190 2036 230 Destruxe-

148 248 324 294 runtque
354 254 488 281 coram
531 254 576 281 eo
619 252 708 280 aras
744 238 919 278 Baalim:
963 244 1003 279 et
1037 238 1270 282 simulacra,
1323 253 1411 293 quae
1453 242 1705 294 superposita
1747 245 1926 290 fuerant.
1971 249 2037 289 de-

149 299 278 341 moliti
327 305 440 340 sunt:
487 299 597 338 lucos
639 297 781 339 etiam.
829 303 867 337 et
913 297 1114 350 sculptilia
1162 298 1330 339 succidit
1376 304 1499 352 atque
1539 300 1794 342 comminuit:
1841 310 1880 344 et
1921 318 2038 359 super

149 358 328 400 tumulos
369 369 526 400 eorum.
567 355 632 408 qui
674 355 729 396 eis
766 355 974 396 immolare
1013 362 1318 399 consueverant.
1359 357 1587 410 fragmenta
1624 359 1821 412 dispersit.
1887 364 1901 386 ⁵
1939 364 2039 404 Ossa

148 424 344 471 praeterea
387 414 643 455 sacerdotum
674 414 895 454 combussit
930 414 970 454 in
1005 413 1202 454 altaribus
1235 414 1445 458 idolorum.
1490 417 1786 470 mundavitque
1823 419 1966 461 Iudam
2000 427 2040 463 et

150 476 379 517 Ierusalem.
442 475 457 497 ⁶
490 473 569 514 Sed
603 479 643 513 et
677 473 717 513 111
748 473 915 513 urbibus
937 473 1134 516 Manasse.
1167 478 1207 513 et
1238 473 1445 525 Ephraim.
1480 479 1518 514 et
1550 475 1722 524 Simeon,
1755 490 1881 530 usque
1907 479 2040 531 Neph-

150 534 250 576 thali
290 538 438 573 cuncta
477 531 691 572 subvertit.
756 533 769 555 7
799 532 982 584 Cumque
1023 531 1168 571 altaria
1207 531 1458 584 dissipasset,
1505 538 1545 573 et
1583 533 1711 579 lucos.
1758 541 1798 576 et
1840 537 2043 589 sculptilia

149 592 405 634 contrivisset-
445 590 486 630 in
524 590 675 635 frusta,
722 596 950 643 cunctaque
995 590 1163 630 delubra
1201 590 1418 630 demolitus
1457 596 1560 631 esset
1603 592 1652 632 de
1695 594 1879 635 universa
1920 596 2041 636 Terra

150 650 283 695 Israel,
314 662 497 691 reversus
525 654 586 689 est
614 649 654 688 in
686 649 914 689 Ierusalem.

255 711 269 733 ⁸
297 709 425 763 Igitur
449 721 555 748 anno
581 708 885 749 octavodecimo
911 708 1021 759 regni
1045 707 1118 752 sui,
1145 707 1347 748 mundata
1370 708 1450 747 iam
1476 714 1593 752 terra,
1621 715 1660 749 et
1686 710 1836 763 templo
1862 712 2037 758 Domini.
2065 710 2236 769 ¹⁰t⁵fjssl¹¹ffffi⁰

147 768 258 809 misit
279 768 444 821 Saphan
466 766 592 806 filium
616 766 768 811 Eseliae.
793 772 834 807 et
855 766 1051 806 Maasiam
1074 766 1296 819 principem
1319 766 1509 810 civitatis.
1534 773 1574 807 et
1599 767 1698 808 loha
1719 768 1845 809 filium
1870 770 2039 811 Ioachaz
2103 754 2111 769 t
2152 752 2159 775 ι
2184 753 2200 771 h

148 841 172 868 a
188 825 499 873 commentariis,
518 830 564 865 ut
580 825 855 866 instaurarent
872 825 1038 866 domum
1054 825 1219 866 Domini
1235 824 1311 865 Dei
1328 824 1399 866 sui.
1448 826 1462 849 ⁹
1479 825 1556 874 Qui
1574 832 1772 867 venerunt
1789 828 1839 868 ad
1859 828 2040 869 Heleiam

147 886 407 927 Sacerdotem
434 897 647 937 magnum:
676 890 967 937 acceptamque
995 884 1045 924 ab
1072 897 1116 924 eo
1144 884 1369 937 pecuniam.
1400 897 1488 937 quae
1513 884 1627 924 illata
1652 885 1785 926 fuerat
1811 886 1851 926 iu
1878 887 2043 927 domum

147 944 324 988 Domini.
358 949 399 984 et
431 956 553 996 quam
586 949 929 997 congregaverant
962 942 1126 987 Levitae.
1160 948 1200 983 et
1231 943 1422 983 ianitores
1454 943 1502 983 de
1533 943 1729 988 Manasse.
1763 950 1804 985 et
1835 945 2042 998 Ephraim,

148 1008 188 1044 et
215 1002 412 1043 universis
438 1001 615 1055 reliquiis
644 1002 777 1046 Israel.
807 1002 858 1042 ab
886 1002 995 1042 omni
1023 1015 1183 1055 quoque
1213 1002 1326 1043 Iuda.
1356 1007 1395 1042 et
1424 1002 1647 1046 Beniamin,
1677 1008 1717 1043 et
1743 1003 2043 1045 habitatoribus

150 1061 379 1110 Ierusalem,
442 1062 478 1085 ¹⁰
511 1060 769 1101 tradiderunt
802 1060 842 1101 in
877 1061 1065 1101 manibus
1100 1073 1249 1108 eorum,
1289 1060 1356 1113 qui
1391 1067 1590 1113 praeerant
1625 1062 1814 1114 operariis
1848 1063 1888 1103 in
1923 1063 2043 1104 domo

147 1120 313 1162 Domini
336 1126 382 1161 ut
404 1120 680 1160 instaurarent
704 1119 914 1173 templum.
940 1125 979 1160 et
1003 1120 1161 1159 infirma
1186 1132 1355 1172 quaeque
1379 1119 1584 1160 sarcirent.
1637 1122 1665 1143 ¹¹
1690 1120 1744 1160 At
1767 1121 1822 1161 illi
1846 1121 2044 1162 dederunt

148 1193 237 1220 eam
263 1179 497 1223 artificibus,
525 1185 564 1219 et
589 1179 855 1219 caementariis
880 1184 925 1219 ut
950 1186 1128 1219 emerent
1153 1178 1306 1231 lapides
1331 1178 1379 1218 de
1403 1177 1639 1230 lapicidinis.
1667 1183 1706 1218 et
1730 1178 1837 1232 ligna
1862 1180 1913 1220 ad
1937 1193 2043 1221 com-

148 1239 338 1279 missuras
366 1238 534 1281 aedificii.
566 1245 605 1278 et
635 1238 686 1278 ad
715 1237 1061 1291 contignationem
1090 1237 1315 1280 domorum.
1348 1249 1447 1289 quas
1477 1237 1760 1277 destruxerant
1789 1251 1898 1288 reges
1928 1239 2041 1280 Iuda.

148 1299 179 1322 ¹²
211 1297 288 1346 Qui
321 1297 492 1338 fideliter
523 1302 670 1337 cuncta
701 1296 918 1336 faciebant.
953 1296 1082 1336 Erant
1116 1300 1252 1335 autem
1284 1295 1489 1348 pramositi
1522 1296 1789 1348 operantium.
1826 1290 1973 1337 Iahath
2005 1302 2046 1338 et

147 1356 302 1397 Abdias
328 1356 376 1396 de
402 1355 492 1396 filiis
517 1355 673 1398 Merari.
703 1355 916 1395 Zacharias
942 1361 981 1394 et
1008 1353 1218 1395 Mosollam
1244 1354 1293 1394 de
1320 1353 1408 1393 filiis
1435 1354 1576 1398 Caath.
1606 1354 1673 1407 qui
1699 1356 1898 1405 urgebant
1925 1369 2043 1409 opus:

149 1428 287 1456 omnes
317 1414 470 1454 Levitae
501 1414 671 1453 scientes
702 1413 860 1466 organis
891 1425 1044 1453 canere.
1104 1414 1135 1436 ¹³
1165 1412 1294 1465 Super
1324 1425 1389 1453 eos
1421 1425 1526 1455 vero.
1561 1413 1628 1466 qui
1660 1413 1711 1453 ad
1742 1414 1919 1455 diversos
1950 1427 2045 1455 usus

148 1486 270 1514 onera
297 1473 532 1526 portabant.
564 1478 678 1512 erant
708 1471 857 1516 seribte,
889 1477 927 1511 et
957 1471 1138 1521 magistri
1168 1471 1216 1511 de
1245 1471 1397 1511 Levitis
1426 1471 1627 1512 ianitores.

251 1532 284 1556 ¹4
310 1531 492 1584 Cumque
518 1531 707 1571 efferrent
732 1530 958 1583 pecuniam,
989 1544 1078 1583 quae
1104 1530 1215 1570 illata
1243 1530 1375 1570 fuerat
1402 1530 1442 1570 in
1470 1530 1667 1584 templum
1693 1531 1869 1575 Domini.
1898 1532 2045 1585 reperit
2067 1530 2223 1590 ,ξιξέθῗέζῇ

150 1590 310 1631 Heleias
338 1590 532 1631 Sacerdos
561 1590 728 1630 Librum
757 1589 853 1643 legis
882 1589 1046 1630 Domini
1077 1602 1146 1642 per
1173 1602 1341 1629 manum
1371 1589 1512 1642 Moysi.
1572 1591 1602 1613 ¹⁵
1632 1590 1684 1630 Et
1715 1590 1770 1630 ait
1801 1591 1851 1631 ad
1880 1590 2044 1644 Saphan
2182 1583 2233 1596 μ’

147 1649 338 1690 scribam:
369 1649 536 1689 Librum
565 1648 661 1703 legis
689 1648 824 1688 inveni
854 1648 892 1688 in
922 1649 1042 1689 domo
1072 1648 1254 1688 Domini:
1286 1648 1340 1688 Et
1369 1648 1537 1688 tradidit
1567 1648 1612 1690 ei.
1672 1651 1704 1672 111
1732 1649 1786 1689 Α1
1816 1649 1878 1689 ille
1907 1649 2045 1690 intulit

148 1708 338 1749 volumen
365 1708 416 1749 ad
440 1721 585 1762 regem.
612 1714 652 1748 et
678 1707 888 1748 nunciavit
913 1707 947 1747 ei
973 1707 1126 1748 dicens:
1153 1707 1311 1749 Omnia.
1341 1720 1429 1760 (111εο
1454 1707 1599 1747 dedisti
1624 1707 1664 1747 in
1689 1721 1812 1748 manu
1838 1721 2045 1749 servorum

149 1772 325 1811 tuorum.
362 1780 451 1808 ecce
486 1767 752 1820 complentur.
817 1768 849 1790 ¹⁷
885 1766 1121 1819 Argentum.
1160 1767 1269 1820 quod
1304 1771 1508 1819 repertum
1543 1772 1602 1806 est
1638 1766 1677 1806 in
1712 1767 1832 1807 domo
1867 1767 2042 1815 Domini.

149 1826 450 1867 conflaverunt:
486 1827 712 1879 datumque
746 1831 807 1866 est
840 1825 1040 1879 praefectis
1074 1825 1287 1869 artificum.
1324 1830 1363 1865 et
1398 1825 1557 1865 diversa
1590 1838 1712 1878 opera
1743 1826 2042 1867 fabricantium.

149 1887 183 1909 13
211 1886 414 1926 Praeterea
442 1885 611 1925 tradidit
641 1884 740 1924 mihi
771 1884 930 1924 Helcias
960 1884 1144 1924 sacerdos
1175 1884 1280 1924 hunc
1310 1884 1468 1924 librum.

254 1945 384 1992 Quem
418 1957 509 1984 cum
543 1957 633 1997 rege
666 1949 862 1997 praesente
895 1943 1115 1988 recitasset,
1177 1944 1211 1967 19
1244 1943 1503 1996 audissetque
1536 1942 1598 1983 ille
1632 1943 1756 1983 verba
1787 1943 1893 1993 legis.
1929 1943 2045 1983 scidit
2068 1941 2252 1972 ¹⁹¹¹0¹¹eg¹⁵›

148 2002 394 2043 vestimenta
425 2016 515 2043 sua:
574 2004 610 2026 '2⁰
639 2009 679 2043 et
709 2002 900 2055 praecepit
933 2001 1092 2047 Helcite,
1126 2006 1165 2042 et
1197 2001 1365 2042 Ahicam
1398 2001 1477 2042 filio
1508 2001 1684 2054 Saphan.
1718 2007 1757 2042 et
1788 2002 1935 2042 Abdon
1965 2001 2044 2042 filio

147 2061 293 2109 Micha,
312 2061 478 2114 Saphan
497 2074 657 2114 quoque
674 2061 824 2103 scribae.
845 2065 883 2101 et
900 2061 1017 2101 Asafe
1034 2073 1148 2101 servo
1165 2060 1278 2108 10013.
1299 2060 1451 2100 dicens:
1496 2062 1527 2084 ‘2¹
1548 2061 1618 2103 Ite,
1639 2068 1678 2100 et
1696 2066 1807 2101 orate
1824 2061 2045 2101 Dominum

147 2133 218 2174 pro
248 2133 324 2164 me.
357 2125 398 2161 et
426 2133 498 2173 pro
528 2120 704 2173 reliquiis
738 2119 870 2162 Israel.
904 2126 943 2159 et
978 2119 1089 2160 luda.
1122 2132 1241 2172 super
1273 2119 1466 2159 universis
1497 2119 1748 2159 sermonibus
1778 2119 1887 2159 Libri
1917 2120 2042 2163 istius,

148 2179 217 2232 qui
246 2184 429 2232 repertus
461 2184 539 2219 est:
587 2192 759 2232 magnus
791 2179 896 2218 enim
927 2178 1039 2219 furor
1070 2178 1233 2218 Domini
1266 2177 1435 2218 stillavit
1467 2191 1586 2230 super
1617 2191 1700 2221 nos.
1749 2191 1793 2218 eo
1827 2178 1935 2231 quod
1966 2191 2046 2219 nou

147 2238 413 2279 custodierint
443 2244 579 2291 patres
609 2238 737 2279 nostri
767 2238 892 2278 verba
920 2237 1085 2278 Domini
1118 2243 1163 2277 ut
1193 2237 1371 2277 facerent
1403 2237 1549 2281 omnia,
1584 2250 1672 2290 qua*
1702 2237 1850 2290 scripta
1881 2242 1977 2277 sunt
2006 2237 2046 2276 in

148 2297 223 2338 isto
253 2297 471 2338 volumine.

252 2358 283 2380 ‘22
298 2356 412 2397 Abiit
428 2369 518 2409 ergo
537 2356 709 2399 Helcias.
728 2361 768 2396 et
782 2355 823 2396 hi
840 2356 909 2409 qui
924 2355 1041 2395 simul
1059 2355 1310 2408 111-0001111331
1327 2355 1500 2398 fuerant.
1520 2354 1571 2395 ad
1586 2354 1732 2395 Oldam
1749 2354 2042 2408 prophetidem.
2079 2350 2224 2410 sefigfflffls‘

149 2428 315 2456 uxorem
350 2415 500 2456 Selium
534 2415 604 2455 filii
639 2414 862 2458 Thecuath,
900 2414 968 2454 filii
1006 2414 1136 2454 Hasra
1172 2414 1350 2455 custodis
1386 2414 1578 2454 vestium:
1631 2426 1720 2466 quae
1754 2413 1970 2453 habitabat
2005 2413 2252 2452 inprophetidis.

150 2474 367 2515 Ierusalem
393 2474 435 2514 in
461 2474 664 2515 Secunda:
693 2479 734 2514 et
758 2473 883 2514 locuti
909 2478 1005 2514 sunt
1032 2473 1065 2513 ei
1092 2473 1228 2523 verba,
1258 2486 1347 2526 quae
1373 2486 1495 2526 supra
1521 2472 1786 2512 narraw'mus.
1842 2474 1873 2496 ²3
1899 2472 1953 2512 At
1978 2471 2046 2512 illa

110 2574 114 2578 ,
147 2533 356 2586 respondit
383 2533 455 2573 eis:
485 2533 581 2573 Haec
609 2533 707 2573 dicit
732 2533 932 2573 Dominus
959 2533 1069 2572 Deus
1100 2531 1238 2572 lsrael:
1268 2532 1400 2572 Dicite
1426 2532 1524 2574 viro.
1555 2531 1621 2584 qui
1650 2531 1758 2571 misit
1786 2544 1857 2571 vos
1885 2531 1935 2571 ad
1962 2543 2043 2570 me:

147 2594 179 2616 ²⁴
204 2592 301 2633 Haec
326 2592 424 2633 dicit
447 2592 665 2633 Dominus:
692 2592 796 2632 Ecce
820 2605 891 2643 ego
916 2591 1106 2632 inducam
1132 2591 1238 2631 mala
1264 2603 1383 2644 super
1406 2590 1538 2631 locum
1564 2590 1698 2635 istum.
1726 2595 1765 2630 et
1790 2602 1908 2642 super
1930 2589 2043 2629 habi-

148 2656 301 2692 tatores
329 2652 423 2697 eius,
453 2656 681 2704 cunctaque
708 2650 937 2694 maledicta.
968 2663 1057 2703 quae
1083 2650 1234 2703 scripta
1261 2656 1356 2690 sunt
1383 2649 1423 2689 in
1451 2649 1571 2690 Libr'o
1599 2649 1685 2693 hoc,
1717 2661 1835 2701 quem
1863 2648 2045 2701 legerunt

147 2723 283 2751 coram
308 2723 399 2764 rege
427 2710 540 2751 Iuda.
594 2712 626 2734 ‘25
652 2710 757 2758 Quia
782 2709 1083 2763 dereliquerunt
1108 2722 1182 2752 me.
1211 2714 1252 2749 et
1277 2708 1607 2749 sacrificaverunt
1633 2707 1707 2747 diis
1733 2707 1882 2753 alienis,
1911 2712 1957 2747 ut
1981 2719 2045 2746 me

147 2770 199 2810 ad
225 2769 477 2810 iracundiam
505 2774 775 2822 provocarent
802 2768 842 2809 in
870 2768 1026 2809 cunctis
1055 2768 1242 2821 operibus
1270 2781 1466 2808 manuum
1495 2779 1670 2809 suarum.
1700 2765 1846 2806 idcirco
1875 2765 2045 2805 stillabit

146 2829 258 2869 furor
287 2841 401 2868 meus
433 2841 552 2882 super
582 2828 715 2869 locum
746 2827 883 2873 13111111,
917 2833 957 2867 01
988 2840 1069 2867 11011
1101 2827 1373 2880 extinguetur.
1434 2828 1468 2850 2⁶
1499 2825 1563 2865 Ad
1595 2837 1726 2877 regem
1758 2830 1896 2864 autem
1929 2824 2043 2871 Iuda,

148 2886 217 2940 qui
246 2887 356 2927 misit
386 2900 459 2928 vos
489 2899 560 2940 pro
591 2886 768 2927 Domino
800 2886 1066 2939 deprecando.
1100 2885 1155 2926 310
1185 2885 1415 2939 loquimini:
1450 2884 1546 2924 Htec
1577 2883 1675 2924 dicit
1704 2883 1905 2924 Dominus
1936 2883 2045 2923 Deus

148 2945 288 2986 Israel:
322 2946 523 2994 Quoniam
556 2945 704 2986 audisti
735 2945 861 2985 verba
890 2944 1118 2987 voluminis.
1178 2946 1212 2968 '2⁷
1244 2949 1368 2997 atque
1399 2943 1623 2984 emollitum
1655 2947 1714 2982 est
1745 2955 1813 2982 cor
1843 2947 1972 2986 11111111,
2005 2945 2045 2981 01

145 3004 383 3045 humiliatus
412 3017 451 3045 es
479 3004 520 3045 in
548 3009 767 3058 conspectu
795 3003 871 3044 Dei
899 3016 1018 3056 super
1045 3003 1117 3047 his.
1149 3016 1238 3057 quae
1266 3003 1376 3043 dicta
1403 3008 1498 3042 sunt
1526 3006 1669 3042 contra
1694 3000 1827 3041 locum
1856 3000 1974 3048 hunc,
2005 3004 2045 3040 et

146 3063 400 3105 habitatores
442 3063 671 3107 Ierusalem.
712 3062 992 3115 reveritusque
1031 3062 1176 3103 faciem
1215 3075 1360 3106 meam.
1403 3060 1555 3101 scidisti
1595 3059 1841 3100 vestimenta
1879 3064 1963 3105 tua,
2005 3062 2046 3098 et

149 3121 297 3163 flevisti
322 3135 457 3163 coram
482 3135 564 3162 me:
592 3135 662 3175 ego
690 3134 851 3175 quoque
876 3121 1066 3161 exaudivi
1091 3126 1143 3165 10,
1171 3120 1268 3161 dicit
1292 3119 1503 3160 Dominus.
1557 3120 1592 3142 2⁸
1618 3118 1705 3158 Iam
1730 3118 1835 3158 enim
1861 3117 2045 3170 colligam

146 3186 186 3221 te
218 3181 273 3221 ad‘
298 3187 435 3234 patres
466 3186 570 3226 tuos.
604 3186 644 3221 et
673 3180 853 3221 infereris
883 3180 924 3220 in
955 3180 1211 3233 sepulchrum
1242 3184 1359 3219 tuum
1390 3178 1431 3218 in
1461 3190 1577 3231 pace:
1610 3190 1682 3218 nee
1712 3176 1910 3217 videbunt
1942 3174 2044 3216 oculi

145 3240 207 3280 tui
227 3253 344 3281 omne
364 3239 531 3289 malum,
555 3240 664 3293 quod
683 3253 754 3293 ego
774 3239 1015 3279 inducturus
1036 3252 1125 3279 sum
1146 3250 1265 3291 super
1283 3237 1416 3278 locum
1437 3236 1573 3285 istum,
1596 3241 1636 3277 et
1656 3248 1775 3289 super
1793 3235 2043 3275 habitatores

146 3298 241 3339 eius.
304 3298 568 3339 aRetulerunt
597 3298 736 3351 itaque
764 3298 846 3351 regi
875 3302 1023 3338 cuncta
1052 3311 1141 3351 quae
1169 3297 1339 3338 dixerat.

276 3425 318 3459 28
343 3425 381 3457 2³2
407 3423 460 3469 Rg
483 3424 537 3466 23,
562 3426 592 3460 1.
