2356 3760
108 106 161 138 28.
188 104 329 143 20-29,
356 104 397 137 12
997 103 1133 137 ISAIAE
1924 113 1997 154 691

111 199 147 222 2⁰
167 197 491 250 Coangustatum
514 202 576 237 est
597 196 704 237 enim
726 200 914 238 stratum.
935 196 994 236 ita
1016 201 1062 236 ut
1086 196 1188 237 alter
1207 197 1386 238 decidat:
1461 204 1501 238 et
1524 200 1689 251 pallium
1708 203 1826 243 breve
1846 210 2000 246 utrum-

376 269 453 309 que
484 255 637 309 operire
666 267 747 294 non
776 258 925 306 potest.

111 316 143 339 2¹
167 313 301 355 aSicut
323 314 428 355 enim
457 314 497 354 in
526 318 665 354 monte
688 311 934 352 divisionum
959 313 1087 354 stabit
1107 313 1325 354 Dominus:
1407 315 1531 355 bsicut
1556 315 1598 355 in
1620 317 1734 363 valle,
1765 331 1853 371 quae
1874 325 1934 360 est
1962 321 2001 361 in

373 373 557 419 Gabaon,
589 371 802 411 irascetur:

164 437 211 472 ut.
237 432 364 473 faciat
392 444 493 484 opus
522 443 652 477 suum,
739 429 915 469 alienum
946 442 1046 483 opus
1076 430 1177 470 eius:

167 495 214 531 ut
243 495 433 544 operetur
462 502 563 543 opus
592 501 724 536 suum,
807 488 1062 541 peregrinum
1093 493 1154 529 est
1185 502 1286 542 opus
1316 489 1398 529 eius
1429 490 1479 530 ab
1510 504 1567 531 eo.

111 551 144 573 ‘22
164 549 222 590 Et
250 561 359 589 nunc
386 547 511 589 nolite
538 546 716 592 illudere,
800 560 851 587 ne
879 547 984 587 forte
1014 547 1346 600 constringantur
1377 547 1538 589 vincula
1567 555 1713 591 vestra.

164 607 558 648 consummationem
590 605 695 646 enim
738 611 778 646 et
819 605 1170 646 abbreviationem
1212 606 1350 646 audivi
1387 620 1411 646 a
1438 607 1613 647 Domino
1643 608 1728 649 Deo
1758 610 2008 650 exercit-uum

373 678 494 719 super
521 664 753 705 universam
783 669 946 706 terram.

111 772 143 795 ²³
162 770 340 812 Auribus
358 768 564 824 percipite,
586 774 628 809 et
645 769 785 810 audite
803 782 945 810 vocem
963 782 1108 817 meam,
1183 769 1396 817 attendite,
1419 773 1460 810 et
1478 769 1615 810 audite
1635 770 1838 823 eloquium
1857 785 2002 812 meum.
2029 782 2044 798 ³
2068 774 2189 814 D0¹¹P³¹¹0

110 830 143 854 2⁴²
169 828 381 883 Numquid
404 832 496 869 tota
520 827 584 868 die
609 828 743 869 arabit
768 840 886 869 arans
912 833 959 868 ut
984 833 1102 874 serat,
1182 828 1415 881 proscindet
1439 833 1481 868 et
1505 828 1647 869 sarriet
1672 828 1841 869 humum
1867 830 2004 870 suani?
2039 816 2182 874 saf'filffir

110 889 143 913 2⁵
174 888 317 929 Nonne
347 900 440 928 cum
470 886 749 940 adaequaverit
777 887 922 927 faciem
952 886 1048 936 eius,
1132 891 1237 927 seret
1264 886 1363 940 gith,
1396 892 1437 927 et
1467 886 1674 940 cyminum
1704 892 1877 940 sparget,
2023 880 2199 909 ‘hspfflffin‘e'

163 952 205 987 et
222 951 348 1000 ponet
365 945 547 987 triticum
566 958 637 999 per
654 945 849 994 ordinem,
869 950 911 986 et
927 945 1137 995 hordeum,
1210 950 1251 985 et
1268 944 1436 993 milium,
1457 950 1497 985 et
1516 945 1661 985 viciam
1681 945 1721 986 in
1741 939 1887 986 finibus
1905 946 2010 986 suis?

111 1007 147 1030 ²⁶
163 1005 220 1047 Et
247 1004 404 1046 erudiet
430 1003 543 1045 illum
570 1004 612 1044 in
639 1004 806 1046 iudicio:
888 1005 998 1045 Deus
1026 1017 1121 1045 suus
1150 1004 1312 1045 docebit
1339 1003 1462 1044 illum.

111 1065 146 1089 ²⁷
165 1065 257 1106 Non
276 1064 382 1105 enim
401 1063 443 1104 in
463 1063 578 1103 serris
598 1063 860 1104 triturabitur
877 1063 977 1117 gith,
1051 1076 1124 1104 nec
1142 1068 1234 1104 rota
1252 1062 1422 1116 plaustri
1442 1075 1562 1116 super
1580 1062 1786 1116 cyminum
1807 1063 2008 1103 circuibit:

163 1123 234 1164 sed
261 1123 303 1164 in
332 1123 448 1176 virga
475 1122 706 1163 excutietur
732 1122 819 1176 gith
902 1127 943 1163 et
971 1122 1179 1175 cyminum
1208 1122 1249 1162 in
1279 1121 1435 1162 baculo.

111 1182 147 1206 ²⁸
163 1182 285 1223 Panis
324 1186 463 1223 autem
502 1181 818 1222 comminuetur:
911 1194 1051 1221 verum
1090 1194 1171 1221 non
1208 1180 1249 1220 in
1287 1184 1530 1233 perpetuum
1569 1179 1764 1220 triturans
1803 1180 2012 1220 triturabit

373 1240 499 1289 illum,

163 1313 295 1354 neque
324 1299 494 1340 vexabit
522 1312 615 1339 eum
643 1303 735 1340 rota
763 1298 946 1352 plaustri,
1030 1311 1103 1338 nec
1133 1297 1290 1350 ungulis
1321 1296 1401 1336 suis
1431 1296 1680 1337 comminuet
1708 1309 1812 1338 eum.

111 1360 147 1383 ²⁹
163 1359 221 1400 Et
248 1359 324 1400 hoc
354 1371 378 1399 a
405 1358 582 1399 Domino
612 1358 699 1398 Deo
729 1358 982 1398 exercituum
1011 1356 1150 1401 exivit,

164 1422 212 1458 ut
239 1416 424 1458 mirabile
452 1417 605 1457 faceret
633 1415 857 1463 consilium,
941 1420 983 1455 et
1010 1414 1291 1468 magnificaret
1319 1413 1530 1454 iustitiam.

510 1532 548 1571 2.
579 1529 771 1571 Obsidio
802 1530 846 1570 et
876 1530 1084 1570 liberatio
1115 1529 1373 1579 Ierusalem,
1401 1528 1629 1579 29,1—14.

111 1603 176 1647 29.
231 1605 246 1628 ¹
274 1602 345 1644 Vae
372 1601 493 1650 Ariel,
524 1601 633 1643 Ariel
714 1601 870 1645 civitas,
903 1614 1026 1655 quam
1056 1600 1310 1654 expugnavit
1337 1599 1491 1640 David:
2064 1600 2169 1659 {gfff

164 1662 329 1703 additus
359 1666 420 1702 est
449 1674 579 1702 annus
609 1661 662 1702 ad
691 1674 863 1702 annum:
946 1659 1238 1701 sollemnitates
1268 1658 1441 1700 evolutae
1470 1662 1577 1700 sunt.
2033 1670 2198 1710 circumval-

129 1723 145 1746 2
164 1721 220 1762 Et
249 1720 565 1762 circumvallabo
594 1719 714 1766 Ariel,
798 1724 840 1760 et
868 1719 944 1760 erit
972 1718 1099 1759 tristis
1129 1723 1170 1759 et
1198 1731 1383 1761 moerens.
2059 1705 2172 1730 mmm·

165 1785 207 1822 et
230 1780 307 1821 erit
330 1779 429 1820 mihi
456 1779 570 1832 quasi
595 1778 714 1820 Ariel.
794 1781 809 1803 ³
834 1779 889 1819 Et
914 1778 1173 1819 circumdabo
1201 1777 1314 1831 quasi
1340 1777 1538 1830 sphaeram
1564 1775 1603 1816 in
1630 1775 1798 1816 circuitu
1824 1780 1907 1823 tuo,

165 1844 207 1880 et
233 1839 378 1880 iaciam
408 1843 552 1879 contra
578 1842 619 1878 te
648 1850 844 1891 aggerem,
928 1842 969 1877 et
997 1836 1253 1877 munimenta
1281 1849 1429 1889 ponam
1459 1835 1498 1875 in
1528 1834 1778 1875 obsidionem
1808 1839 1933 1875 tuam.

130 1901 145 1923 ⁴¹
167 1897 467 1945 Humiliaberis,
501 1897 550 1937 de
580 1901 689 1937 terra
717 1896 903 1950 loqueris,
989 1900 1030 1936 et
1059 1896 1108 1936 de
1138 1895 1262 1936 humo
1294 1895 1482 1935 audietur
1511 1893 1714 1947 eloquium
1746 1898 1882 1933 tuum:

166 1962 207 1998 et
226 1957 302 1997 erit
323 1956 438 2010 quasi
458 1955 652 2009 pythonis
673 1956 722 1996 de
742 1960 851 1996 terra
870 1968 950 1995 vox
970 1960 1055 2002 tua,
1130 1959 1171 1994 et
1190 1954 1238 1994 de
1258 1954 1382 1994 humo
1403 1952 1607 2005 eloquium
1628 1957 1746 1992 tuum
1767 1952 2009 1993 mussitabit.

130 2064 145 2086 ⁵
165 2061 222 2102 Et
236 2061 312 2102 erit
326 2061 431 2101 sicut
445 2060 578 2114 pulvis
594 2059 727 2100 tenuis
741 2059 964 2100 multitudo
980 2058 1270 2099 ventilantium
1286 2064 1343 2098 te:
1413 2061 1454 2097 et
1468 2056 1573 2097 sicut
1586 2056 1728 2096 favilla
1740 2057 2011 2110 pertransiens
2075 2057 2157 2116 ΒΜ.
2188 2100 2191 2101 ⁷

374 2119 597 2160 multitudo
628 2131 779 2165 eorum,
812 2118 880 2171 qui
909 2122 1052 2159 contra
1080 2122 1120 2157 te
1150 2116 1468 2170 praevaluerunt:
2034 2099 2200 2167 {aaliz}

131 2182 146 2203 ⁶
166 2179 322 2233 eritque
349 2183 515 2232 repente
543 2177 769 2219 confestim.
852 2177 887 2217 A
913 2176 1090 2217 Domino
1118 2175 1370 2216 exercituum
1398 2174 1632 2214 visitabitur
2029 2162 2206 2192 ¹¹¹³esab'tffl'3

165 2238 205 2279 in
234 2238 428 2285 tonitruo,
459 2242 500 2278 et
527 2236 800 2278 commotione
829 2240 955 2284 terrae,
1038 2240 1080 2275 et
1107 2248 1205 2276 voce
1232 2247 1382 2283 magna
1408 2232 1581 2273 turbinis
1609 2237 1650 2273 et
1677 2233 1943 2285 tempestatis.
1976 2238 2016 2273 et

375 2297 551 2337 ilammae
579 2295 681 2350 ignis
710 2295 957 2336 devorantis.

131 2358 145 2380 ⁷
166 2356 223 2397 Et
253 2356 329 2397 erit
359 2356 465 2396 sicut
496 2354 698 2396 somnium
731 2353 895 2395 visionis
927 2358 1138 2394 nocturnae
1167 2351 1390 2392 multitudo
1423 2350 1604 2391 omnium
1636 2349 1840 2398 Gentium,
1928 2363 2015 2403 quae

377 2414 677 2455 dimicaverunt
706 2417 850 2454 contra
877 2412 996 2459 Ariel,

167 2479 209 2515 et
243 2486 382 2515 omnes
419 2473 487 2527 qui
521 2472 816 2519 militaverunt,
853 2476 895 2512 et
929 2471 1186 2518 obsederunt,
1276 2474 1318 2509 et
1351 2467 1653 2522 praevaluerunt
1686 2467 1878 2507 adversus
1913 2480 2013 2507 eam.

133 2535 147 2557 ⁸
168 2533 224 2574 Et.
246 2532 352 2574 sicut
375 2532 553 2573 somniat
576 2531 764 2577 esuriens,
791 2535 833 2571 et
855 2529 1044 2573 comedit,
1122 2542 1214 2569 cum
1239 2533 1375 2569 autem
1400 2526 1522 2567 fuerit
1545 2526 1860 2579 expergefactus,
1888 2538 2017 2565 vacua

377 2596 439 2632 est
467 2591 605 2632 anima
634 2590 735 2631 eius:

167 2656 207 2691 et
241 2650 346 2691 sicut
378 2649 557 2691 somniat
589 2649 740 2697 sitiens,
777 2652 818 2689 et
850 2648 966 2695 bibit,
1055 2651 1096 2687 et
1128 2652 1348 2700 postquam
1381 2644 1503 2685 fuerit
1537 2642 1852 2696 expergefactus,
1888 2642 2015 2682 lassus

376 2709 510 2750 adhuc
538 2708 637 2757 sitit,
669 2712 711 2749 et
739 2707 877 2748 anima
905 2706 988 2747 eius
1018 2718 1150 2746 vacua
1178 2710 1256 2746 est:

167 2768 222 2809 sic
250 2767 327 2809 erit
354 2767 577 2809 multitudo
608 2766 790 2808 omnium
820 2765 1026 2810 Gentium,
1112 2776 1201 2818 quae
1222 2763 1519 2805 dimicaverunt
1540 2764 1682 2801 contra
1701 2764 1883 2800 montem
1903 2758 2010 2800 Sion.

131 2877 146 2898 ⁹
166 2873 464 2927 Obstupescite,
495 2878 536 2914 et
563 2871 833 2919 admiramini,
915 2870 1124 2918 fluctuate,
1155 2874 1196 2909 et
1223 2866 1428 2908 vacillate:
2029 2866 2202 2890 ⁰0¹¹f¹¹¹¹d‘³¹¹·

165 2931 432 2982 inebriamini,
461 2936 502 2972 et
526 2945 608 2972 non
634 2945 658 2972 a
682 2930 796 2971 vino:
875 2927 1108 2976 movemini,
1136 2931 1178 2968 et
1202 2939 1283 2968 non
1309 2926 1360 2966 ab
1387 2924 1593 2965 ebrietate.
2029 2902 2203 2976 1.}1.¹1¹>lt21{‘0¹?0÷

114 2993 150 3016 ¹⁰
166 2990 369 3040 Quoniam
396 2990 560 3032 miscuit
586 2989 702 3032 vobis
729 2988 930 3030 Dominus
1011 2986 1198 3041 spiritum
1227 2984 1390 3038 soporis,
2080 2978 2152 3001 ΜΨ

166 3049 329 3091 claudet
358 3049 493 3091 oculos
523 3054 691 3095 vestros,
722 3047 944 3101 prophetas
1044 3051 1085 3086 et
1113 3044 1312 3099 principes
1342 3046 1508 3087 vestros,
1556 3039 1623 3093 qui
1653 3040 1796 3080 vident
1826 3040 2010 3083 visiones,

376 3108 540 3162 operiet.
1889 3141 1894 3144 ,

218 3170 249 3192 11
279 3168 336 3208 Et
364 3167 445 3208 erit
469 3167 585 3208 vobis
614 3166 715 3207 visio
746 3164 927 3206 omnium
958 3164 1063 3204 sicut
1092 3163 1218 3203 verba
1245 3160 1335 3201 libri
1365 3157 1523 3212 signati,
1557 3170 1676 3210 quem
1707 3169 1798 3197 cum
1828 3155 2012 3196 dederint

113 3226 257 3268 scienti
276 3226 445 3275 litteras,
468 3225 623 3266 dicent:
645 3225 750 3278 Lege
768 3223 912 3264 istum:
935 3227 976 3263 et
994 3220 1272 3275 respondebit:
1296 3219 1386 3259 Non
1406 3229 1583 3270 possum,
1605 3215 1787 3268 signatus
1807 3220 1867 3255 est
1887 3214 2010 3254 enim:

114 3287 145 3310 ¹²
172 3284 228 3326 Et
255 3285 422 3326 dabitur
447 3284 548 3325 liber
574 3282 768 3325 nescienti
795 3282 964 3327 litteras,
996 3281 1232 3332 diceturque
1260 3277 1312 3318 ei:
1343 3276 1464 3329 Lege:
1494 3280 1535 3316 et
1561 3273 1839 3327 respondebit:
1870 3271 2009 3313 Nescio

111 3343 281 3386 litteras.

246 3447 284 3481 21
312 3448 349 3480 ³2
375 3446 433 3480 s1n
454 3422 496 3487 ⁷5,
526 3447 583 3486 20;
610 3447 626 3480 1
654 3445 720 3479 Par
745 3446 796 3485 14,
822 3445 872 3478 11.
901 3464 942 3467 -
966 3443 1042 3476 bros
1068 3443 1119 3482 10,
1148 3441 1196 3474 10.
1773 3491 1794 3513 *

1719 3494 1769 3532 44
