2356 3760
128 165 181 204 14,
209 164 350 204 17—14,
375 164 416 197 57
992 161 1202 196 LEvrrrcr
1983 167 2033 207 93

128 258 168 298 in
192 271 249 302 eo.
275 262 317 298 et
339 260 525 310 asperget
546 268 683 296 coram
705 254 882 295 Domino
905 255 1064 308 septies.
1116 256 1149 279 1⁷
1174 254 1283 307 quod
1307 258 1445 294 autem
1467 253 1667 307 reliquum
1690 262 1750 296 est
1773 258 1846 298 olei
1870 259 1909 299 in
1931 259 2034 300 laeva

130 329 265 361 manu,
288 316 434 356 fundet
453 326 573 367 super
592 318 821 354 extremum
841 313 1030 354 auriculae
1049 313 1204 354 dextrae
1223 313 1306 352 eius
1328 312 1397 365 qui
1416 313 1651 357 mundatur.
1675 318 1715 354 et
1734 328 1853 368 super
1871 317 2032 369 pollices

131 388 273 415 manus
298 388 344 415 ac
366 373 479 428 pedis
504 372 647 415 dextri.
674 376 715 412 et
737 384 857 425 super
879 371 1117 425 sanguinem
1141 372 1210 425 qui
1233 371 1383 411 effusus
1406 375 1468 411 est
1489 383 1561 424 pro
1586 371 1744 419 delicto,
1797 374 1831 397 18
1854 379 1893 414 01
1916 388 2035 428 511901

130 439 254 487 039111
276 433 370 474 01115.
420 433 455 456 ¹⁹
477 431 737 484 Rogabitque
758 443 830 484 pro
852 443 898 471 eo
920 443 1056 471 coram
1077 430 1266 473 Domino,
1291 433 1331 469 et
1351 429 1475 469 faciet
1494 429 1737 470 sacrificium
1758 444 1830 484 pro
1851 439 2030 485 peccato.

130 500 228 533 tunc
255 490 484 532 immolabit
512 489 807 532 holocaustum.
865 491 902 513 ²⁰
929 494 968 529 et
995 494 1122 542 ponet
1149 488 1249 529 illud
1276 488 1317 528 in
1346 487 1464 528 altari
1492 501 1585 528 cum
1612 489 1844 530 libamentis
1874 491 1965 535 suis,
1996 497 2037 532 et

131 552 250 592 homo
279 550 355 590 rite
384 549 662 589 mundabitur.

236 628 265 650 '21
292 625 411 675 Quod
435 625 467 665 si
490 637 646 678 pauper
670 628 741 666 est.
769 628 810 665 et
833 637 914 665 non
939 628 1075 677 potest
1100 636 1244 664 manus
1271 622 1353 663 eius
1378 622 1558 663 invenire
1584 636 1673 675 quae
1697 624 1807 665 dicta
1831 630 1937 673 sunt,
1965 638 2036 678 pro

132 685 277 726 delicto
315 688 495 725 assumet
530 696 680 737 agnum
716 683 769 723 ad
803 683 1064 731 oblationem,
1102 687 1148 723 ut
1183 686 1297 735 roget
1332 694 1404 735 pro
1441 694 1486 722 eo
1522 682 1719 731 sacerdos,
1758 683 2038 737 decimamque

133 749 293 798 partem
309 742 450 784 similae
468 754 691 795 conspersae
710 741 795 782 oleo
814 741 855 781 in
874 741 1129 783 sacrificium.
1151 745 1190 782 et
1210 740 1285 781 olei
1303 740 1538 784 sextarium.
1585 741 1617 764 '2²
1639 741 1841 795 aduosque
1860 747 2038 783 turtures

133 803 217 844 sive
243 803 344 843 duos
369 801 499 855 pullos
526 800 734 849 columbae‚
764 813 937 854 quorum
962 813 1067 841 unus
1093 800 1145 840 sit
1170 812 1241 853 pro
1268 803 1448 852 peccato,
1477 803 1518 839 et
1543 798 1645 839 alter
1669 799 1710 840 in
1735 800 2037 841 holocaustum:

133 864 166 886 '2³
200 861 422 914 offeretque
458 873 504 901 ea
539 859 602 900 die
637 864 784 900 octavo
819 859 1115 913 purificationis
1151 871 1232 899 suae
1267 857 1478 905 sacerdoti,
1516 858 1569 898 ad
1603 858 1754 899 ostium
1788 859 2039 900 tabernaculi

135 919 358 961 testimonii
383 932 519 960 coram
543 918 733 959 Domino.
788 920 820 942 24
847 918 915 972 qui
941 918 1161 971 suscipiens
1188 930 1338 971 agnum
1363 929 1435 970 pro
1463 915 1609 957 delicto
1636 922 1677 958 et
1702 918 1925 958 sextarium
1951 917 2038 963 olei,

134 979 288 1020 levabit
323 978 459 1019 simul:
522 980 554 1002 '25
587 976 881 1031 immolatoque
917 989 1031 1030 agno.
1069 976 1118 1017 de
1152 975 1347 1029 sanguine
1382 975 1465 1016 eius
1499 980 1626 1028 ponet
1659 989 1779 1029 super
1813 981 2040 1017 extremum

136 1037 324 1079 auriculae
348 1037 502 1078 dextrae
524 1036 629 1077 illius
655 1036 724 1090 qui
747 1035 982 1082 mundatur,
1010 1040 1049 1076 et
1074 1048 1194 1089 super
1216 1034 1378 1088 pollices
1402 1047 1547 1074 manus
1572 1034 1655 1075 eius
1681 1048 1726 1076 ac
1750 1035 1863 1089 pedis
1889 1035 2039 1076 dextri:

136 1099 171 1122 '³⁶
197 1097 273 1138 olei
298 1109 392 1137 vero
419 1100 579 1150 partem
605 1095 745 1136 mittet
770 1095 811 1135 in
837 1107 1006 1135 manum
1032 1107 1149 1135 suam
1174 1093 1392 1141 sinistram,
1447 1094 1481 1117 2⁷
1508 1093 1548 1133 in
1577 1106 1655 1147 quo
1683 1094 1841 1148 tingens
1868 1094 2041 1148 digitum

137 1157 291 1197 dextrae
321 1168 465 1195 manus
497 1159 681 1208 asperget
712 1153 859 1207 septies
891 1166 1027 1194 coram
1056 1153 1252 1194 Domino:
1311 1153 1346 1176 '²⁸
1376 1156 1599 1205 tangetque
1630 1157 1859 1194 extremum
1889 1153 2043 1194 dextrae

138 1214 326 1256 auriculae
352 1213 456 1255 illius
486 1213 555 1267 qui
582 1213 816 1256 mundatur,
848 1217 888 1253 et
915 1212 1077 1266 poHices
1105 1225 1249 1252 manus
1279 1224 1323 1252 ac
1351 1210 1465 1264 pedis
1494 1210 1627 1251 dextri
1654 1211 1694 1251 in
1722 1211 1808 1253 1000
1837 1212 2043 1265 sanguinis

139 1274 207 1328 qui
237 1273 387 1314 effusus
417 1277 479 1314 est
506 1285 579 1326 pro
610 1271 775 1312 delicto:
833 1273 868 1296 ‘²⁹
897 1271 1095 1325 reliquam
1125 1276 1263 1311 autem
1292 1274 1452 1323 partem
1483 1269 1569 1315 0101,
1603 1283 1692 1323 quae
1721 1276 1782 1311 est
1811 1271 1852 1310 in
1882 1271 2045 1311 sinistra

140 1346 275 1382 manu,
304 1332 444 1373 mittet
470 1345 590 1385 super
616 1336 740 1384 caput
766 1330 984 1384 purificati,
1013 1335 1060 1370 ut
1084 1329 1219 1383 placet
1245 1341 1317 1382 pro
1345 1342 1390 1370 eo
1416 1328 1658 1369 Dominum:
1713 1330 1749 1353 3⁰
1775 1333 1815 1370 et
1841 1334 2043 1369 turturem

139 1392 223 1433 sive
254 1391 411 1446 pullum
444 1390 641 1431 columbae
674 1390 825 1432 offeret,
886 1391 916 1413 3¹
951 1401 1078 1429 unum
1110 1401 1182 1442 pro
1215 1387 1373 1431 delicto.
1410 1392 1449 1428 et
1483 1387 1655 1428 alterum
1688 1388 1728 1428 in
1761 1387 2044 1429 holocaustum

140 1465 233 1492 cum
256 1450 489 1492 libamentis
516 1449 608 1490 suis.
662 1451 693 1473 ³²
721 1448 807 1489 Hoc
835 1454 895 1489 est
920 1447 1163 1488 sacrificium
1188 1446 1345 1499 leprosi.
1375 1446 1443 1499 qui
1469 1446 1615 1487 habere
1642 1460 1722 1487 11011
1748 1452 1885 1500 901051
1911 1446 2045 1487 onmia

141 1511 180 1550 in
211 1509 543 1551 emundationem
573 1508 644 1549 sui.

245 1588 277 1610 ³³
309 1586 570 1638 Locutusque
603 1589 662 1624 est
695 1583 894 1624 Dominus
929 1583 980 1623 ad
1012 1582 1181 1636 Moysen
1214 1587 1253 1623 et
1285 1582 1434 1629 Aaron,
1469 1581 1622 1622 dicens:
1683 1583 1715 1605 ³³⁴
1747 1582 1849 1622 Cum
1881 1581 2045 1635 ingressi

141 1645 297 1686 fueritis
328 1645 493 1685 Terram
523 1643 729 1684 Chanaan.
764 1655 887 1695 quam
918 1655 989 1695 ego
1021 1641 1127 1682 dabo
1159 1640 1274 1682 vobis
1305 1640 1345 1680 in
1376 1640 1680 1694 possessionem,
1714 1640 1745 1681 si
1775 1640 1898 1681 fuerit
1927 1640 2046 1694 plaga

140 1705 262 1758 leprae
282 1703 323 1744 in
345 1703 511 1747 aedibus,
561 1704 593 1727 3⁵
615 1702 690 1742 ibit
713 1701 825 1742 cuius
848 1706 908 1741 051
931 1700 1088 1742 domus.
1112 1699 1309 1740 nuncians
1332 1699 1543 1745 sacerdoti,
1569 1705 1608 1740 et
1632 1699 1756 1740 dicet:
1781 1699 1905 1748 Quasi
1927 1698 2043 1753 plaga

141 1763 262 1817 leprae
291 1763 454 1803 videtur
481 1761 581 1802 mihi
611 1774 694 1801 csse
723 1760 764 1801 in
793 1760 914 1801 domo
945 1772 1046 1800 mea.
1105 1761 1140 1783 ³⁶
1169 1759 1225 1800 At
1253 1758 1318 1799 ille
1346 1758 1553 1811 praecipiet
1582 1764 1628 1799 ut
1657 1758 1829 1799 efferant
1858 1759 2045 1799 universa

143 1823 191 1864 (10
222 1822 354 1867 (101110,
386 1821 625 1875 priusquam
654 1819 905 1873 ingrediatur
934 1831 1034 1861 eam.
1067 1824 1108 1859 et
1137 1818 1276 1858 videat
1306 1822 1445 1858 utrum
1473 1816 1628 1870 leprosa
1660 1817 1724 1859 sit.
1756 1830 1805 1858 ne
1835 1817 2046 1858 immunda

145 1881 247 1922 fiant
275 1880 412 1922 omnia
440 1893 530 1934 quae
557 1879 598 1920 in
626 1879 746 1920 domo
775 1883 882 1919 sunt.
916 1877 1174 1931 intrabitque
1203 1882 1343 1930 postca
1372 1881 1419 1916 ut
1447 1876 1672 1917 consideret
1699 1875 1854 1930 lepram
1882 1876 2045 1917 domus:

142 1942 177 1965 3⁷
202 1946 244 1981 et
268 1953 360 1981 cum
386 1938 533 1980 viderit
558 1938 599 1978 in
624 1937 846 1992 parictibus
873 1936 976 1977 illius
1003 1936 1119 1990 quasi
1143 1935 1351 1976 valliculas
1377 1934 1528 1988 pallore
1553 1935 1637 1975 sive
1662 1935 1807 1976 rubore
1832 1935 2043 1979 deformes.

144 2005 185 2040 01
213 1998 446 2040 111111111101·05
478 1997 689 2050 superficie
720 1995 885 2049 reliqua,
945 1997 980 2020 ³⁸
1012 1994 1239 2049 egredietur
1269 1993 1419 2034 ostium
1450 1994 1607 2041 (10111115,
1641 2000 1681 2034 et
1712 1993 1854 2034 statim
1885 1993 2048 2034 claudet

143 2058 254 2099 illam
281 2063 437 2111 septem
466 2056 618 2097 diebus
675 2057 710 2080 3⁹
739 2056 1021 2107 Reversusque
1050 2054 1113 2094 die
1141 2053 1326 2106 septimo.
1357 2052 1629 2093 considerabit
1657 2065 1758 2093 eam.
1788 2052 1820 2093 si
1847 2052 2049 2093 invenerit

144 2116 315 2158 crevisse
343 2116 509 2170 lepram,
567 2116 603 2139 ⁴⁰
630 2114 788 2155 iubebit
816 2113 900 2154 erui
927 2112 1082 2166 lapides
1110 2112 1151 2152 in
1182 2112 1328 2165 quibus
1356 2111 1468 2164 lepra
1496 2116 1568 2159 est,
1601 2116 1641 2152 et
1669 2111 1808 2165 proiici
1837 2124 1903 2152 eos
1933 2116 2049 2152 extra

144 2176 355 2217 civitatem
389 2175 431 2215 in
464 2174 598 2216 locum
633 2173 910 2213 immundum:
973 2174 1003 2196 ⁴1
1039 2171 1208 2212 domum
1243 2175 1382 2211 autem
1416 2170 1548 2223 ipsam
1581 2170 1669 2210 radi
1703 2170 1943 2211 intrinsecus
1977 2182 2049 2223 per

145 2234 370 2278 circuitum.
393 2239 434 2275 et
452 2233 585 2287 spargi
604 2232 813 2286 pulverem
832 2244 981 2272 rasurae
1000 2236 1115 2271 extra
1134 2230 1276 2271 urbem
1295 2229 1337 2270 in
1355 2229 1489 2270 locum
1508 2229 1779 2278 immundum,
1826 2231 1858 2253 ⁴2
1876 2228 2049 2282 lapides-

146 2308 223 2348 que
246 2293 342 2335 alios
365 2292 505 2346 reponi
526 2305 599 2346 pro
621 2292 682 2332 his
706 2291 775 2345 qui
797 2290 924 2331 ablati
946 2290 1108 2332 fuerint.
1134 2295 1174 2330 et
1194 2288 1282 2329 luto
1306 2288 1382 2328 alio
1404 2287 1509 2328 liniri
1532 2288 1711 2329 domum.
1762 2290 1795 2313 13
1816 2288 1887 2329 Sin
1909 2292 2048 2328 autem

146 2358 367 2407 postquam
384 2352 489 2393 eruti
506 2356 601 2392 sunt
618 2350 785 2404 lapides,
806 2354 847 2391 et
864 2349 997 2403 pulvis
1016 2362 1164 2391 erasus.
1185 2353 1225 2389 et
1244 2346 1322 2388 alia
1340 2352 1448 2388 terra
1463 2346 1548 2395 lita,
1595 2349 1627 2372 4⁴
1645 2347 1844 2401 ingressus
1863 2347 2048 2387 sacerdos

146 2412 294 2453 viderit
322 2424 526 2453 reversam
555 2410 721 2464 lepram,
754 2414 794 2450 et
824 2408 998 2462 parietes
1028 2420 1228 2461 respersos
1258 2405 1439 2454 maculis,
1470 2405 1582 2459 lepra
1611 2411 1673 2447 est
1702 2419 1974 2460 perseverans,
2008 2410 2049 2446 et

146 2470 359 2512 immunda
385 2470 547 2511 domus:
601 2470 634 2493 45
661 2481 785 2522 quam
812 2467 954 2508 statim
981 2467 1203 2515 destruent,
1232 2471 1273 2507 et
1298 2465 1452 2519 lapides
1480 2464 1562 2505 eius
1590 2478 1636 2505 ac
1661 2464 1781 2518 ligna,
1811 2470 1935 2518 atque
1961 2464 2049 2505 uni·

147 2543 309 2572 versum
328 2529 538 2583 pulverem
558 2527 770 2582 proiicient
790 2531 907 2568 extra
927 2526 1124 2580 oppidum
1144 2525 1186 2565 in
1205 2524 1340 2566 locum
1360 2524 1630 2565 immundum.
1680 2525 1716 2548 ⁴⁶
1736 2523 1815 2572 Qui
1834 2522 2050 2564 intraverit

147 2590 315 2631 domum
337 2588 500 2642 quando
522 2587 659 2628 clausa
680 2592 752 2635 est,
775 2585 1010 2627 immundus
1032 2585 1108 2626 erit
1128 2597 1256 2638 usque
1278 2583 1330 2624 ad
1351 2595 1583 2636 vesperum:
1632 2584 1666 2607 4⁷
1689 2587 1730 2624 et
1750 2582 1820 2636 qui
1841 2581 2050 2623 dormierit

148 2649 188 2689 in
207 2662 264 2697 03,
287 2653 328 2689 01
347 2647 567 2688 comederit
587 2646 810 2700 quippiam,
830 2644 989 2685 lavabit
1008 2643 1255 2685 vestimenta·
1274 2656 1358 2683 sua.
1405 2643 1441 2666 4⁸
1460 2641 1580 2690 Quod
1599 2642 1631 2682 si
1649 2641 1843 2682 introiens
1863 2641 2047 2682 sacerdos

147 2707 295 2748 viderit
318 2706 473 2760 lepram
498 2719 580 2747 non
607 2705 776 2746 crevisse
802 2704 844 2744 in
869 2704 1002 2748 domo,
1030 2707 1252 2756 postquam
1277 2701 1410 2742 denuo
1435 2700 1510 2741 lita
1535 2700 1668 2745 fuerit,
1696 2700 1933 2754 purificabit
1958 2712 2047 2740 eam

146 2766 307 2808 reddita
339 2766 532 2806 sanitate:
594 2767 629 2789 ⁴³⁹
662 2769 703 2805 et
734 2763 775 2804 in
808 2762 1136 2817 purificationem
1169 2761 1253 2802 eius
1286 2764 1421 2801 sumet
1453 2759 1553 2800 duos
1587 2772 1778 2813 passeres,
1812 2758 2048 2812 lignumque

147 2825 366 2873 cedrinum,
398 2830 439 2866 et
467 2823 733 2865 vermiculum
762 2826 887 2876 atque
915 2822 1156 2875 hyssopum:
1214 2821 1250 2844 50
1278 2824 1318 2860 et
1346 2818 1558 2859 immolato
1587 2832 1667 2859 uno
1696 2831 1856 2871 passere
1883 2817 1925 2858 in
1954 2830 2050 2857 vase

149 2884 262 2926 fictili
289 2897 410 2938 super
437 2896 564 2937 aquas
592 2882 719 2924 vivas.
776 2883 807 2906 ⁵¹
836 2880 953 2922 tollet
978 2879 1133 2934 lignum
1162 2878 1382 2927 cedrinum,
1413 2882 1454 2918 et
1481 2877 1716 2931 hyssopum,
1748 2882 1789 2917 et
1815 2889 1981 2917 coccum
2009 2880 2049 2916 et

146 2956 349 2999 passerem
378 2943 533 2991 vivum,
566 2947 607 2982 et
637 2941 768 2994 tinget
798 2939 935 2981 omnia
964 2939 1006 2979 in
1036 2938 1230 2992 sanguine
1260 2935 1431 2990 passeris
1461 2935 1673 2984 immolati,
1707 2940 1832 2989 atque
1861 2935 1903 2975 in
1934 2934 2049 2988 aquis

146 3002 392 3050 viventibus,
426 3006 468 3042 et
498 3005 683 3055 asperget
714 2999 883 3040 domum
915 2998 1073 3052 septies,
1133 2998 1165 3021 5²
1196 2995 1514 3050 purificabitque
1545 3008 1635 3035 eam
1666 2999 1753 3035 tam
1783 2994 1825 3034 in
1856 2993 2049 3047 sanguine

146 3061 316 3116 passeris
341 3073 466 3114 quarn
487 3060 540 3112 in·
553 3059 669 3113 aquis
693 3057 939 3105 viventibus,
966 3062 1006 3097 et
1029 3056 1070 3096 in
1093 3068 1253 3109 passere
1276 3054 1384 3102 vivo,
1409 3053 1599 3107 lignoque
1623 3053 1784 3094 cedrino
1809 3058 1850 3094 et
1871 3052 2048 3106 hyssopo

146 3126 270 3174 atque
299 3118 530 3160 vermiculo.
588 3120 620 3142 53
649 3118 832 3170 Cumque
861 3115 1059 3157 dimiserit
1087 3126 1291 3168 passerem
1321 3112 1482 3153 avolare
1511 3112 1552 3151 in
1582 3125 1723 3166 agrum
1750 3111 1885 3159 libere,
1918 3110 2051 3152 orabit

145 3192 216 3232 pro
246 3178 380 3225 domo,
412 3182 452 3218 et
479 3177 564 3217 iure
592 3175 871 3217 mundabitur.

248 3257 281 3279 54
313 3254 399 3295 Ista
430 3258 492 3295 est
521 3252 587 3294 lex
619 3252 748 3293 omnis
778 3251 900 3305 leprae
931 3256 972 3292 et
1002 3262 1260 3304 percussurae.
1321 3250 1353 3273 55
1384 3247 1505 3301 leprae
1536 3246 1712 3287 vestium
1744 3250 1785 3287 et
1817 3245 2042 3286 domorum.

144 3316 180 3338 ⁶⁶
212 3312 409 3354 cicatricis
444 3316 485 3353 et
518 3311 819 3364 erumpentium
852 3309 1108 3364 papularum,
1144 3307 1315 3349 lucentis
1349 3305 1529 3354 maculae,
1566 3310 1607 3346 et
1640 3305 1680 3345 in
1715 3305 1847 3345 varias
1881 3303 2042 3357 5900105,

145 3372 344 3414 coloribus
358 3370 600 3419 immutatis,
643 3371 677 3393 ⁵⁷
694 3374 740 3410 ut
754 3369 883 3422 possit
897 3368 986 3409 sciri
1003 3381 1082 3422 quo
1097 3372 1280 3420 tempore.
1295 3364 1494 3405 mundum
1511 3364 1620 3417 quid.
1637 3363 1701 3404 vel
1712 3362 1969 3404 immundum
1981 3360 2044 3400 sit.

277 3499 319 3532 2?
348 3498 432 3542 ‘’Sup
457 3499 487 3537 5,
514 3499 569 3537 11;
597 3498 648 3537 12,
674 3496 709 3536 ὃς
735 3496 782 3530 Le
806 3497 836 3536 2,
861 3496 913 3529 24.

2064 635 2091 658 et
2113 639 2218 672 paupe-

2117 675 2165 697 1·15;

2063 1582 2098 1607 de
2113 1581 2231 1613 coguiti-

2099 1624 2152 1642 one
2173 1618 2202 1641 01

2064 1652 2238 1677 tractatione

2100 1688 2202 1713 domus

2085 1723 2215 1753 leprosae:

2074 3240 2226 3266 conclusio.
