2356 3760
303 165 380 205 380
1150 161 1296 195 LIBER
1320 162 1366 196 11.
1940 166 1993 206 15,
2020 167 2160 208 19—17,
2187 169 2225 201 11

113 256 285 321 δ’)(ᾖυξξῗξζξῑέἰ
411 259 444 281 ¹⁹
480 256 637 297 Bellum
673 268 768 297 vero
803 268 883 296 non
918 255 997 296 suit
1031 268 1158 308 usque
1193 256 1245 296 ad
1280 255 1533 309 trigesimum
1568 256 1759 309 quintum
1794 270 1947 299 annum
1984 260 2095 313 regni
2130 261 2222 303 Asa.

108 318 366 392 ¹⁵¹‘{†[,'[.,T',‘,',‘'²¹¹¹⁶·
423 318 435 340 ¹
466 316 585 356 Anno
625 321 762 355 autern
802 313 1009 367 trigesimo
1049 320 1164 356 sexto
1204 315 1313 367 regni
1353 314 1456 363 eius,
1507 315 1690 356 ascendit
1729 315 1864 357 Baasa
1906 329 1977 357 rex
2017 318 2141 360 Israel
2183 320 2224 361 in

151 399 249 429 syrma,
311 375 464 418 ludam,
492 382 531 415 et
557 387 673 415 muro
699 373 981 413 circumdabat
1010 373 1153 417 Rama.
1181 379 1226 414 ut
1252 373 1386 414 nullus
1411 378 1501 414 tute
1526 379 1662 427 posset
1689 375 1822 427 egredi
1848 380 1888 416 et
1913 375 2067 429 ingredi
2092 379 2141 419 de
2166 392 2225 420 re-

303 447 381 485 gno
413 434 506 474 Asa.
567 435 581 457 ²
612 431 791 473 Protulit
821 444 913 485 ergo
945 432 1028 472 Asa
1058 439 1274 485 argentum
1305 438 1347 473 et
1377 445 1521 473 aurum
1553 433 1602 473 de
1635 433 1834 474 thesauris
1866 435 2012 475 domus
2043 436 2221 487 Domini,

304 499 345 534 et
365 493 413 533 de
435 492 634 533 thesauris
657 491 769 543 regis.
792 490 985 544 misitque
1006 491 1057 531 ad
1080 491 1277 531 Benadad
1299 504 1432 544 regem
1452 491 1590 544 Syriae,
1615 492 1682 545 qui
1703 492 1924 534 habitabat
1943 493 1984 534 in
2005 494 2221 544 Damasco,

304 553 458 593 dicens:
517 554 531 575 ²³
561 551 712 591 Foedus
742 550 848 590 inter
876 563 940 589 me
971 556 1012 591 et
1042 556 1081 591 te
1112 556 1183 595 est.
1217 555 1334 603 pater
1364 563 1526 604 quoque
1557 563 1670 592 meus
1700 556 1742 592 et
1771 556 1889 605 pater
1919 557 2015 593 tuus
2044 553 2224 596 habuere

306 610 582 651 vom-ordiam:
615 622 736 662 quain
768 609 820 650 ob
849 621 931 649 reni
962 609 1052 649 misi
1083 610 1157 649 tibi
1187 614 1401 662 argentum
1432 614 1473 649 et
1502 621 1658 657 aurum,
1690 615 1737 651 ut
1765 615 1887 664 rupto
1916 611 2082 660 foedere,
2115 614 2225 667 quod

306 670 430 709 habes
452 682 543 710 cuni
568 669 701 709 Baasa
722 680 811 721 rege
836 667 971 712 lsrael,
995 668 1121 708 facias
1142 681 1234 708 eum
1257 681 1280 708 a
1300 681 1364 709 me
1385 668 1581 709 recedere.
1632 670 1646 692 ‘¹
1668 668 1757 717 Quo
1780 676 2002 723 comperto,
2027 671 2224 713 Benadad

306 729 415 769 inisit
447 728 650 781 principes
683 727 935 768 exercituum
968 740 1131 767 suorum
1167 727 1218 767 ad
1252 727 1371 767 urbes
1406 726 1546 768 Israel:
1583 727 1651 780 qui
1683 734 1971 780 percusserunt
2002 730 2148 777 Ahion,
2184 736 2225 772 et

304 788 410 830 Dan,
440 793 478 827 et
506 786 749 835 Abehnaim,
779 791 820 827 et
845 786 1055 827 universas
1083 786 1202 826 urbes
1230 785 1453 839 Nephthali
1480 791 1680 828 muratas
1735 788 1750 811 ⁵
1777 788 1896 836 Quod
1924 801 2016 828 cum
2044 790 2225 831 audisset

307 847 440 887 Baasa
463 845 582 886 desiit
604 845 803 886 aedificare
828 845 972 888 Rama,
998 851 1039 886 et
1062 845 1282 885 intermisit
1304 858 1407 898 opus
1429 858 1561 886 suum.
1616 846 1631 869 ⁸
1653 845 1778 887 Porro
1801 846 1885 887 Asa
1907 860 1977 887 rex
2001 848 2225 902 assumpsit

305 906 541 946 universum
576 905 734 951 ludam,
768 911 809 945 et
841 904 1023 945 tulerunt
1056 903 1210 957 lapides
1240 904 1289 945 de
1323 904 1466 950 Rama,
1501 909 1542 944 et
1571 903 1682 955 ligna
1713 918 1803 958 quae
1832 906 2093 947 aedificationi
2124 920 2224 960 prae-

306 970 526 1018 paraverat
556 964 700 1007 Baasa.
732 963 1033 1016 aedificavitque
1064 976 1112 1003 ex
1143 963 1197 1004 eis
1227 963 1382 1012 Gabaa,
1415 968 1456 1004 et
1485 963 1669 1016 Maspha.

114 1024 289 1083 afflgfflfspsm
414 1025 427 1047 ⁷
454 1024 499 1063 ln
524 1029 708 1076 ternpore
731 1022 796 1063 illo
820 1022 935 1063 venit
959 1022 1122 1063 Hanani
1146 1022 1349 1076 propheta
1371 1022 1423 1063 ad
1445 1022 1528 1063 Asa
1549 1035 1683 1075 regem
1709 1022 1824 1072 Iuda,
1850 1028 1890 1064 et
1913 1024 2019 1065 dixit
2040 1024 2093 1066 ei:
2119 1025 2225 1073 Quia

128 1095 276 1134 remonvn-
307 1083 486 1123 habuisti
515 1082 705 1122 fidueiani
734 1081 774 1121 in
802 1094 892 1134 rege
919 1082 1056 1135 Syriae,
1086 1086 1128 1122 et
1154 1095 1235 1123 non
1263 1082 1303 1122 in
1330 1081 1508 1123 Domino
1535 1081 1622 1122 Deo
1650 1086 1735 1130 tuo,
1764 1081 1912 1123 idcirco
1940 1083 2072 1124 evasit
2098 1083 2224 1137 Syriae

157 1131 246 1158 ‘'¹¹¹²‘'
308 1142 410 1195 regis
439 1141 640 1181 exercitus
668 1141 718 1181 de
746 1153 870 1181 nianu
900 1145 983 1181 tua.
1043 1142 1059 1164 ⁸
1091 1140 1255 1181 aNonne
1285 1140 1508 1194 AEthiopes‚
1540 1145 1581 1181 et
1608 1140 1758 1194 Libyes
1785 1140 1916 1182 multo
1944 1141 2080 1195 plures
2108 1148 2225 1183 erant

307 1200 524 1255 quadrigis.
566 1206 607 1241 et
644 1199 863 1253 equitibus,
903 1205 945 1240 et
982 1199 1248 1241 multitudine
1286 1200 1430 1240 nimia:
1471 1212 1584 1253 quos,
1625 1213 1717 1240 cum
1755 1199 1933 1242 Domino
1973 1201 2221 1251 credidisses,

306 1259 477 1301 tradidit
509 1260 549 1300 in
581 1272 705 1299 manu
739 1258 836 1299 tua?
898 1261 912 1283 ⁹
944 1258 1059 1300 Oculi
1091 1259 1198 1299 enim
1230 1259 1396 1300 Domini
1428 1258 1762 1312 contemplantur
1792 1259 2025 1301 universam
2057 1265 2221 1309 terram,

306 1324 347 1360 et
367 1319 551 1373 praebent
572 1318 857 1359 fortitudinem
878 1318 951 1365 his,
976 1318 1045 1371 qui
1066 1318 1185 1359 corde
1205 1318 1386 1372 perfecto
1408 1318 1581 1359 credunt
1600 1317 1641 1358 in
1663 1331 1767 1359 eum.
1791 1318 1927 1359 Stulte
1948 1319 2072 1372 igitur
2092 1319 2222 1372 egisti,

306 1384 346 1420 et
374 1384 542 1432 propter
569 1378 644 1418 hoc
673 1390 722 1417 ex
750 1377 940 1430 praesenti
968 1383 1151 1430 tempore
1180 1377 1398 1418 adversum
1427 1382 1467 1418 te
1495 1376 1602 1418 bella
1629 1381 1886 1430 consurgent.
1944 1379 1979 1401 ¹⁰
2008 1377 2224 1432 Iratusque

305 1438 386 1478 Asa
408 1437 603 1477 adversus
625 1436 855 1483 Videntem,
878 1436 996 1477 iussit
1016 1449 1109 1477 eum
1130 1436 1242 1477 mitti
1263 1436 1303 1477 in
1325 1449 1515 1477 nervum:
1538 1435 1659 1477 valde
1681 1435 1831 1490 quippe
1852 1449 1973 1490 super
1993 1436 2069 1478 hoc
2089 1437 2226 1478 fuerat

309 1496 563 1550 indignatus:
593 1500 634 1536 et
660 1495 865 1536 interfecit
892 1495 941 1535 de
967 1494 1118 1549 populo
1146 1495 1186 1536 in
1215 1500 1397 1549 tempore
1424 1494 1490 1536 illo
1517 1495 1725 1548 plurimos.

123 1552 286 1613 'ffliisst‘gssign
414 1557 444 1579 ¹¹
472 1555 605 1608 Opera
632 1560 769 1595 autern
796 1554 879 1595 Asa
903 1554 1036 1607 prima
1061 1559 1102 1594 et
1127 1554 1349 1595 novissima
1374 1555 1527 1608 scripta
1551 1559 1648 1594 sunt
1673 1554 1714 1594 in
1739 1554 1861 1595 Libro
1887 1567 2027 1608 regum
2055 1554 2160 1596 Iuda
2184 1559 2225 1596 et

112 1630 210 1655 regum
223 1624 296 1648 luda
311 1614 444 1655 Israel.
509 1616 539 1638 ¹²
573 1613 808 1667 AEgrotavit
840 1613 964 1654 etiam
997 1613 1082 1654 Asa
1114 1625 1220 1654 anno
1255 1613 1461 1666 trigesimo
1494 1626 1601 1655 nono
1636 1613 1746 1666 regni
1780 1613 1853 1662 sui,
1904 1612 2041 1655 dolore
2073 1614 2225 1667 pedum

128 1660 157 1685 ‘³¹
179 1659 277 1684 ¹⁵¹³⁰¹'
308 1673 678 1721 vehementissimo,
712 1678 753 1713 et
781 1685 854 1713 nec
883 1672 924 1713 in
954 1671 1194 1713 infirmitate
1224 1685 1298 1713 sua
1328 1672 1517 1725 quaesivit
1545 1672 1783 1719 Dominum,
1815 1672 1885 1713 sed
1914 1673 2043 1727 magis
2073 1673 2114 1714 in
2143 1686 2225 1714 rne-

307 1733 490 1774 dicorum
525 1737 612 1773 arte
645 1732 820 1773 confisus
854 1736 926 1772 est.
989 1733 1021 1756 ¹³
1052 1731 1342 1784 Dormivitque
1376 1744 1468 1772 cum
1500 1731 1689 1784 patribus
1721 1731 1820 1771 suis:
1871 1736 1913 1772 et
1943 1736 2132 1773 mortuus
2164 1737 2226 1772 est

308 1805 414 1833 anno
441 1791 751 1846 quadragesimo
776 1791 907 1845 primo
932 1790 1043 1844 regni
1067 1790 1140 1831 sui.
1194 1792 1226 1814 ¹⁴
1250 1790 1306 1831 Et
1330 1789 1577 1843 sepelierunt
1600 1802 1692 1830 eum
1715 1790 1758 1830 in
1782 1790 1993 1843 sepulchro
2018 1803 2090 1831 suo
2116 1790 2226 1844 quod

307 1852 469 1893 foderat
503 1851 579 1893 sibi
613 1851 654 1891 in
689 1850 868 1891 Civitate
902 1850 1058 1891 David:
1094 1854 1402 1903 posueruntque
1437 1862 1529 1890 eum
1565 1861 1685 1902 super
1717 1847 1870 1889 lectum
1905 1862 2024 1890 suum
2058 1848 2225 1902 plenum

307 1911 562 1952 aromatibus
589 1915 630 1951 et
658 1909 877 1963 unguentis
904 1908 1152 1958 meretriciis,
1184 1922 1274 1962 quae
1302 1914 1419 1949 erant
1446 1907 1812 1962 pigmentariorum
1840 1913 1928 1949 arte
1956 1908 2155 1957 confecta,
2185 1912 2227 1949 et

308 1970 621 2011 combusserunt
648 1982 769 2023 super
795 1982 888 2010 eum
918 1968 1142 2010 ambitione
1170 1968 1307 2009 nimia.

638 2087 739 2137 ΠΙ.
778 2086 1053 2151 Iosaphat
1091 2101 1197 2136 rex
1237 2085 1504 2150 quartuS,
1544 2085 1618 2146 17,
1646 2085 1823 2146 1—21,
1851 2086 1893 2138 1.

732 2178 771 2218 1.
801 2177 951 2219 Pietas
981 2176 1025 2218 et
1055 2176 1396 2228 magnificentia
1425 2176 1542 2227 eius,
1571 2176 1638 2227 17,
1658 2176 1805 2217 1—19.

128 2254 234 2280 Mffl‘ess
255 2256 281 2279 ‘²¹
415 2251 478 2294 17.
535 2253 547 2274 ¹
578 2250 784 2303 Regnavit
812 2254 951 2290 autern
982 2248 1179 2301 Iosaphat
1207 2247 1312 2289 filius
1340 2248 1424 2289 eius
1452 2261 1524 2302 pro
1553 2261 1611 2296 eo,
1642 2253 1684 2289 et
1710 2246 1887 2288 invaluit
1915 2251 2060 2288 contra
2088 2246 2223 2289 Israel.

135 2290 274 2356 ἕῖεῗῖἶὲἶῗ,
309 2314 323 2336 '-’
345 2310 651 2363 Constituitque
671 2308 849 2350 militum
871 2321 1060 2349 numeros
1081 2308 1122 2348 in
1144 2307 1300 2348 cunctis
1323 2307 1491 2348 urbibus
1514 2307 1629 2356 Iuda,
1654 2320 1743 2360 quae
1764 2311 1881 2347 erant
1902 2305 2066 2347 vallatae
2085 2306 2222 2347 muris.

310 2370 584 2423 Praesidiaque
611 2367 813 2422 disposuit
838 2368 879 2408 in
905 2372 1016 2408 terra
1042 2366 1157 2415 Iuda,
1186 2371 1228 2407 et
1253 2366 1295 2407 in
1321 2366 1562 2407 civitatibus
1588 2366 1798 2419 Ephraim,
1828 2378 1929 2419 quas
1956 2370 2119 2418 ceperat
2144 2365 2227 2406 Asa

310 2435 427 2483 pater
456 2429 552 2469 eius.

152 2489 257 2549 ¹3³1]ss
414 2491 429 2513 ³
447 2488 500 2529 Et
518 2487 598 2528 fuit
614 2487 816 2528 Dominus
833 2499 925 2527 cum
946 2485 1153 2538 Iosaphat.
1175 2485 1272 2538 quia
1288 2484 1519 2526 ambulavit
1535 2484 1576 2525 in
1594 2484 1670 2525 viis
1686 2483 1825 2525 David
1841 2483 1971 2537 patris
1987 2483 2049 2524 sui
2065 2483 2224 2536 primis:

134 2560 276 2589 anamim,
309 2555 350 2589 et
375 2561 456 2588 non
482 2546 663 2600 speravit
688 2546 728 2586 in
755 2544 926 2594 Baalim,
980 2546 995 2569 ‘²
1020 2545 1090 2585 sed
1115 2544 1155 2585 in
1180 2544 1267 2585 Deo
1292 2544 1422 2597 patris
1446 2543 1519 2593 sui,
1548 2548 1589 2584 et
1613 2543 1793 2596 perrexit
1817 2542 1858 2583 in
1882 2542 2096 2596 praeceptis
2120 2542 2226 2583 illius

310 2613 351 2647 et
382 2620 463 2648 non
494 2607 611 2646 iuxta
641 2609 812 2658 peccata
844 2603 978 2645 Israel.
1039 2605 1054 2627 ⁵
1085 2603 1435 2656 Confirinavitque
1466 2603 1669 2644 Dominus
1699 2615 1868 2655 regnum
1898 2601 1940 2642 in
1970 2614 2095 2642 manu
2127 2601 2222 2651 eius,

311 2673 351 2707 et
376 2666 489 2707 dedit
514 2664 645 2706 onmis
672 2664 775 2704 Iuda
798 2676 969 2704 munera
995 2662 1209 2716 iosaphat:
1236 2663 1437 2716 factaeque
1462 2667 1559 2703 sunt
1583 2661 1618 2702 ei
1641 2661 1812 2702 infinitae
1836 2660 2002 2704 divitiae.
2029 2665 2070 2701 et
2094 2660 2226 2701 multa

309 2725 446 2777 gloria.
499 2726 514 2749 ⁶
534 2724 717 2777 Cumque
738 2722 977 2776 sumpsisset
998 2735 1066 2763 cor
1085 2722 1170 2763 eius
1191 2721 1405 2763 audaciam
1426 2726 1594 2775 propter
1614 2721 1701 2761 vias
1720 2719 1899 2762 Domini.
1923 2719 2047 2760 etiam
2068 2719 2226 2760 excelsa

311 2791 351 2825 et
381 2784 491 2825 lucos
522 2784 570 2824 de
604 2783 706 2823 Iuda
736 2782 917 2823 abstulit.

142 2840 273 2903 ‘¹‘3T‚{{[⁴'*
419 2845 431 2866 ⁷
460 2843 595 2884 Tertio
625 2848 762 2882 autem
791 2854 897 2882 anno
925 2841 1036 2894 regni
1063 2841 1124 2881 sui
1151 2840 1262 2881 misit
1288 2840 1338 2881 de
1365 2839 1617 2893 principibus
1643 2839 1724 2880 suis
1752 2837 1935 2887 Benhail,
1965 2842 2007 2878 et
2033 2837 2222 2886 Obdjam,

153 2910 266 2933 ¹¹¹*111111i
312 2908 351 2943 et
382 2902 631 2950 Zachariam,
664 2906 705 2942 et
734 2899 979 2946 Nat-banael,
1011 2905 1050 2940 et
1075 2899 1292 2940 ¹Michaeam
1324 2904 1370 2939 ut
1399 2899 1592 2940 docerent
1620 2898 1661 2938 in
1690 2897 1929 2938 civitatibus
1960 2896 2080 2937 Iuda:
2141 2897 2156 2920 ⁸
2185 2902 2226 2938 et

157 2948 260 2974 ¹¹¹¹¹¹¹¹’
313 2975 403 3002 (tuin
421 2962 476 3001 eis
492 2961 657 3001 Levitas
671 2960 884 3008 Semeiam,
903 2964 944 3000 et
960 2958 1224 3003 Nathaniam,
1243 2964 1284 2999 et
1299 2958 1535 3005 Zabadiam,
1552 2956 1672 2998 Asael
1689 2969 1863 3010 quoque,
1881 2961 1920 2996 et
1936 2955 2221 3002 Semiramoth,

314 3027 353 3061 ct
375 3020 588 3063 Ionathan,
609 3019 895 3072 Adoniamque
913 3024 953 3059 et
971 3018 1183 3062 Thobia-in,
1203 3023 1244 3058 et
1262 3016 1572 3058 Thobadoniam
1590 3015 1768 3061 Levitas,
1788 3020 1829 3055 et
1846 3028 1938 3055 cuni
1957 3014 2013 3055 eis
2029 3014 2222 3061 Elisama,

314 3086 352 3120 et
377 3079 490 3120 loran
510 3079 760 3123 Sacerdotes,
808 3080 823 3103 ⁹
840 3077 1125 3130 docebantque
1143 3076 1339 3129 populum
1358 3076 1397 3117 in
1418 3076 1531 3119 luda,
1550 3075 1749 3116 habentes
1764 3073 1913 3115 librum
1931 3073 2027 3126 legis
2044 3073 2221 3117 Domini,

313 3146 352 3178 et
384 3138 610 3178 circuibant
641 3143 808 3178 (unctas
839 3137 959 3177 urbes
992 3136 1105 3181 luda,
1139 3142 1263 3189 atque
1295 3135 1536 3176 erudiebant
1566 3133 1776 3188 populum.

118 3201 301 3260 ᾖξ’ῃζχξζζῗΐ]’ᾑέξ
420 3200 454 3221 ¹⁰
489 3197 631 3249 Itaque
664 3197 796 3237 factus
826 3203 887 3237 est
917 3209 1047 3249 pavor
1076 3195 1241 3236 Domini
1273 3208 1393 3248 super
1422 3194 1560 3235 omnia
1589 3206 1713 3246 regna
1743 3198 1955 3241 terrarum,
1989 3204 2078 3244 quae
2109 3196 2225 3232 erant

126 3272 294 3300 1101111011,
317 3269 384 3309 per
399 3270 543 3309 gyrum
564 3255 676 3296 luda.
697 3269 767 3295 nec
785 3255 994 3296 audebant
1011 3253 1158 3295 bellare
1175 3260 1318 3295 contra
1336 3253 1543 3307 losaphat.
1589 3254 1618 3276 ¹¹
1635 3252 1713 3293 Sed
1730 3257 1771 3292 et
1787 3250 2010 3292 Philisthaei
2029 3249 2225 3302 losaphat

316 3328 483 3355 munera
504 3314 753 3356 deferebant.
777 3320 818 3354 et
838 3313 1013 3367 vectigal
1035 3313 1202 3366 argenti,
1226 3313 1381 3353 Arabes
1403 3326 1564 3366 quoque
1586 3311 1848 3352 adducebant
1868 3322 2026 3364 pecora,
2050 3309 2222 3350 arietum

315 3381 468 3427 septem
503 3373 626 3414 millia
659 3374 928 3426 septingenta,
962 3379 1004 3414 et
1034 3373 1236 3414 hircorum
1271 3372 1456 3413 totidem.

450 3513 501 3554 16,
526 3514 545 3545 δ
573 3512 660 3555 aSup
688 3513 739 3553 14,
764 3512 794 3546 9.
