2356 3760
115 150 146 190 9,
174 149 294 188 lv—JVO,
321 150 338 181 1
991 145 1132 179 IOSUE
1944 150 2018 191 133

457 240 495 279 4.
525 238 670 278 Urbes
700 237 1066 278 Gabaonitarum
1098 236 1446 286 conservantur,
1475 237 1683 285 9‚1-27.

221 312 258 355 9,
315 314 327 336 ¹
348 311 502 359 Quibus
523 308 685 355 auditis,
707 308 842 348 cuncti
863 320 971 361 reges
993 312 1104 347 trans
1127 307 1353 353 Iordanem,
1377 306 1444 359 qui
1465 307 1734 347 versabantur
1754 309 1790 348 in
1813 312 2014 352 montanis
2057 310 2186 340 Rffl‘q‘m

118 377 158 413 et
188 370 493 424 campestribus,
525 367 566 407 in
596 366 809 406 maritimis
841 379 887 406 00
915 365 1052 406 1111010
1082 366 1218 418 magni
1247 365 1381 413 maris,
1414 364 1453 404 hi
1484 378 1645 417 quoque
1676 366 1743 418 qui
1774 368 2017 410 habitabant
2039 344 2205 409 pafflgffius

119 430 236 470 iuxta
275 429 489 474 Libanum,
532 425 727 465 Hethaeus
767 430 808 464 et
847 424 1117 471 Amorrhaeus,
1159 423 1423 471 Chananaeus,
1466 423 1711 469 Pherezaeus,
1753 430 1793 464 et
1833 425 2018 472 Hevaeus,

120 494 161 529 01
190 488 393 529 Iebusaeus
449 487 463 508 2
492 483 723 537 congregati
752 487 849 523 sunt
877 482 1039 535 pariter,
1071 487 1117 522 ut
1145 486 1375 535 pugnarent
1403 486 1545 521 contra
1576 481 1691 521 Iosue
1721 487 1760 522 et
1790 482 1911 523 Israel
1942 498 2019 525 uno

120 548 267 595 animo,
299 545 522 597 eademque
551 542 765 583 sententia.

223 607 238 629 3
257 604 314 644 At
332 603 385 651 hi,
409 602 477 656 qui
497 600 744 641 habitabant
764 600 804 640 in
825 599 1008 645 Gabaon,
1032 599 1242 640 audientes
1264 603 1412 638 cuncta
1432 611 1521 651 quae
1540 598 1692 638 fecerat
1714 598 1841 645 Iosue,
1866 600 2018 641 Iericho
2040 601 2208 640 G³b³0¹¹stae

120 670 160 705 et
178 663 276 704 Hai:
321 664 336 687 ‘¹
353 666 394 703 et
410 660 551 701 callide
569 659 794 713 cogitantes
812 657 995 699 tulerunt
1012 657 1087 698 sibi
1105 657 1267 705 cibaria,
1287 670 1422 697 saccos
1441 662 1595 697 veteres
1614 656 1734 697 asinis
1752 657 2017 709 imponentes,
2046 636 2202 700 5333&ssss

120 728 161 764 et
193 727 301 762 utres
334 719 510 760 vinarios
543 718 685 758 scissos
719 722 843 770 atque
876 721 1078 764 consutos,
1140 719 1154 740 5
1187 715 1543 768 calceamentaque
1576 715 1819 768 perantiqua
1853 729 1940 768 quae
1973 717 2023 757 ad

120 781 314 822 indicium
348 777 568 819 vetustatis
602 776 782 830 pittaciis
817 780 989 816 consuta
1022 780 1149 821 erant,
1186 774 1319 814 induti
1354 774 1558 814 veteribus
1594 774 1864 814 vestimentis:
1902 788 2023 827 panes

122 852 294 894 quoque,
321 850 421 891 quos
442 835 668 890 portabant
690 835 741 875 ob
762 834 970 879 viaticum,
998 834 1087 874 duri
1113 838 1240 881 erant,
1267 838 1309 873 et
1330 832 1370 872 in
1395 833 1527 873 frusta
1549 832 1806 873 comminuti:
1861 834 1875 856 ⁶
1896 845 2025 886 perre-

121 902 351 951 xeruntque
379 896 432 936 ad
458 895 586 939 105110,
613 894 681 947 qui
710 898 809 934 tunc
836 893 1075 933 morabatur
1102 893 1142 932 in
1171 892 1312 932 castris
1334 891 1522 945 Galgalae,
1544 896 1585 931 et
1613 891 1801 931 dixerunt
1831 891 1886 937 ei(
1903 897 2025 944 atque

122 956 241 998 simul
263 955 372 997 omni
397 953 552 994 Israeli:
575 953 637 993 De
659 957 767 993 terra
787 951 1008 1005 longinqua
1032 951 1229 994 venimus,
1254 964 1396 1004 pacem
1418 950 1629 991 vobiscum
1652 950 1781 990 100010
1805 950 2023 1003 cupientes.

124 1015 519 1069 Responderuntque
550 1011 626 1052 viri
660 1010 783 1051 Israel
814 1011 867 1051 ad
898 1024 976 1059 eos,
1011 1014 1135 1064 atque
1167 1010 1376 1050 dixerunt:
1440 1010 1453 1032 ⁷
1486 1009 1546 1049 Ne
1577 1008 1680 1049 forte
1712 1008 1751 1048 in
1785 1014 1902 1053 terra,
1939 1021 2027 1061 quae

123 1075 237 1116 nobis
268 1078 375 1114 sorte
405 1072 587 1118 debetur,
620 1069 826 1117 habitetis,
859 1074 900 1109 et
928 1082 1008 1110 non
1038 1069 1239 1122 possimus
1269 1068 1402 1108 foedus
1432 1068 1530 1108 inire
1560 1067 1783 1108 vobiscum.
1845 1068 1859 1090 s
1888 1067 1944 1107 At
1972 1066 2027 1106 illi

124 1134 176 1175 ad
199 1133 327 1179 Iosue,
351 1130 476 1178 Servi,
500 1129 704 1183 inquiunt,
729 1128 789 1168 tui
811 1142 961 1169 sumus.
987 1128 1142 1176 Quibus
1167 1127 1283 1168 Iosue
1306 1127 1380 1167 ait:
1405 1126 1481 1175 Qui
1505 1139 1600 1166 nam
1622 1126 1716 1166 estis
1739 1125 1835 1166 vos?
1859 1131 1900 1166 et
1921 1126 2027 1166 unde

123 1191 316 1233 venistis?
370 1192 385 1214 ⁹
409 1188 742 1242 Responderunt:
767 1188 828 1227 De
853 1192 960 1227 terra
981 1186 1203 1240 longinqua
1227 1185 1345 1226 valde
1368 1189 1569 1226 venerunt
1591 1185 1695 1225 servi
1719 1185 1778 1224 tui
1803 1184 1841 1224 in
1866 1185 2028 1225 nomine

122 1251 288 1292 Domini
308 1249 383 1290 Dei
402 1248 474 1288 tui.
494 1247 738 1288 Audivimus
759 1246 865 1286 enim
884 1246 1038 1286 10111010
1056 1245 1251 1299 potentiae
1270 1245 1365 1289 eius,
1387 1248 1536 1284 cuncta
1555 1256 1644 1296 quae
1662 1243 1757 1283 10011
1776 1244 1815 1283 10
1835 1243 2026 1296 AEgypto,

125 1312 159 1334 ¹0
198 1314 258 1350 aet
293 1308 452 1349 duobus
486 1306 646 1359 regibus
682 1305 1010 1345 Amorrhaeorum
1047 1305 1115 1357 qui
1150 1305 1317 1344 1001001
1351 1308 1463 1343 11005
1502 1302 1728 1347 Iordanem,
1781 1302 1913 1342 Sehon
1949 1301 2029 1355 regi

126 1369 328 1413 Hesebon,
357 1371 398 1408 et
424 1366 485 1419 Og
510 1365 591 1418 regi
620 1365 766 1409 Basan,
797 1365 865 1417 qui
892 1369 977 1403 erat
1004 1363 1045 1403 in
1072 1362 1288 1403 Astaroth:
1344 1364 1373 1385 ¹¹
1401 1361 1673 1414 dixeruntque
1700 1360 1815 1401 nobis
1842 1360 2027 1406 seniores,

124 1432 166 1469 et
198 1440 336 1468 omnes
367 1425 620 1465 habitatores
654 1423 784 1463 Terrae
816 1427 981 1463 nostrie:
1017 1421 1160 1462 Tollite
1194 1421 1233 1461 in
1267 1420 1454 1460 manibus
1488 1420 1639 1460 cibaria.
1671 1420 1722 1460 011
1754 1418 2030 1473 longissimam

125 1487 247 1535 viam,
273 1490 314 1526 et
337 1483 533 1525 occurrite
557 1482 624 1527 eis,
650 1487 691 1522 et
714 1481 854 1522 dicite:
880 1481 993 1522 Servi
1018 1481 1142 1520 vestri
1165 1493 1316 1523 sumus.
1342 1479 1476 1519 foedus
1500 1479 1597 1519 inite
1622 1478 1845 1519 nobiscum.
1899 1479 1929 1501 12
1954 1477 2028 1525 En,

125 1558 249 1600 panes
284 1543 447 1598 quando
482 1541 625 1595 egressi
659 1553 798 1581 sumus
832 1540 881 1580 de
915 1540 1102 1580 domibus
1136 1539 1296 1583 nostris,
1334 1544 1380 1578 ut
1414 1538 1640 1578 veniremus
1676 1537 1727 1577 ad
1762 1550 1845 1583 vos,
1882 1536 2031 1576 calidos

125 1603 384 1658 sumpsimus,
419 1613 527 1641 1111110
559 1600 651 1640 51001
683 1599 782 1640 10011
815 1604 922 1646 5001,
957 1603 999 1639 01
1031 1602 1239 1639 vetustate
1271 1597 1397 1637 nimia
1429 1596 1680 1637 comminuti.
1743 1598 1774 1620 ¹3
1806 1600 1914 1636 utres
1948 1595 2031 1635 vini

125 1676 253 1705 novos
271 1660 542 1715 implevimus,
562 1671 670 1699 nunc
688 1658 797 1711 rupti
816 1663 913 1698 sunt
930 1662 971 1698 et
988 1657 1121 1698 soluti.
1142 1661 1275 1697 vestes
1294 1662 1334 1697 et
1352 1656 1628 1696 calceamenta
1647 1655 1792 1708 quibus
1811 1654 2029 1698 induimur,

126 1728 167 1763 et
190 1735 280 1776 quae
301 1721 498 1761 habemus
522 1718 562 1758 in
585 1718 768 1771 pedibus,
795 1717 845 1758 ob
868 1716 1165 1770 longitudinem
1187 1715 1376 1769 longioris
1400 1716 1476 1755 viae
1498 1714 1597 1755 trita
1619 1719 1725 1761 sunt,
1752 1718 1792 1754 et
1815 1726 1915 1767 pene
1939 1724 2031 1753 con-

126 1786 303 1834 sumpta.
352 1782 383 1803 11
402 1778 676 1831 Susceperunt
694 1776 817 1830 igitur
835 1776 884 1817 de
904 1775 1063 1816 cibariis
1083 1788 1234 1823 eorum,
1256 1779 1297 1815 et
1316 1788 1358 1815 os
1378 1773 1542 1814 Domini
1563 1786 1643 1814 non
1664 1773 2029 1825 interrogaverunt.

128 1843 157 1865 ¹5
176 1839 391 1892 bFecitque
408 1837 524 1878 Iosue
540 1849 632 1877 cum
648 1835 701 1876 eis
717 1848 871 1889 pacem,
889 1839 930 1875 01
944 1834 1044 1875 111110
1059 1834 1210 1875 foedere
1225 1833 1427 1887 pollicitus
1444 1839 1504 1873 est
1517 1833 1626 1886 quod
1639 1845 1718 1872 non
1735 1831 2030 1872 occiderentur:

127 1899 326 1954 principes
356 1909 517 1950 quoque
544 1894 819 1936 multitudinis
846 1894 1085 1934 iuraverunt
1113 1893 1178 1934 eis.

233 1959 268 1982 ¹⁶
297 1957 398 1997 Post
428 1955 511 1996 dies
544 1959 682 1995 001010
715 1959 794 1994 tres
827 1953 915 1992 initi
948 1952 1121 1999 foederis,
1156 1952 1374 1992 audierunt
1406 1950 1515 2003 quod
1546 1950 1585 1990 in
1618 1949 1750 1989 vicino
1782 1948 2029 1992 habitarent,
2045 1942 2238 2004 effigffiffiffi

128 2022 169 2059 et
186 2017 293 2057 inter
310 2028 376 2056 005
395 2013 522 2055 futuri
542 2017 686 2053 essent.
735 2013 768 2036 ¹⁷
787 2012 1086 2064 Moveruntque
1106 2014 1239 2050 castra
1262 2009 1330 2050 filii
1352 2008 1485 2057 Israel,
1507 2013 1548 2049 et
1567 2012 1767 2048 venerunt
1785 2007 1825 2047 in
1845 2006 2031 2047 civitates
2056 2015 2220 2044 mancipan-

129 2088 267 2118 eorum
296 2074 359 2115 die
388 2072 520 2119 tertio,
553 2084 725 2125 quarum
755 2071 838 2111 haec
866 2069 1066 2110 vocabula
1095 2075 1201 2115 sunt,
1232 2069 1416 2115 Gabaon,
1447 2072 1487 2108 et
1515 2067 1700 2120 Caphira,
1731 2071 1772 2106 et
1801 2064 1964 2111 Beroth,
1996 2069 2036 2104 et
2111 2052 2166 2074 ω’·

129 2133 425 2177 Cariathiarim.
481 2132 516 2155 ¹8
543 2130 599 2171 Et
625 2142 706 2170 non
733 2133 1019 2183 percusserunt
1045 2141 1123 2175 eos,
1154 2141 1199 2168 eo
1228 2127 1337 2181 quod
1364 2127 1566 2167 iurassent
1592 2126 1646 2166 eis
1674 2124 1873 2178 principes
1901 2123 2037 2163 multi-

130 2193 283 2235 tudinis
318 2192 359 2232 in
395 2190 557 2231 nomine
591 2188 758 2230 Domini
794 2188 868 2228 Dei
906 2186 1039 2228 Israel.
1077 2186 1353 2227 Murmuravit
1387 2186 1526 2238 itaque
1562 2197 1680 2225 omne
1717 2183 1860 2237 vulgus
1897 2186 2039 2223 contra

130 2252 342 2307 principes.
397 2251 432 2274 ¹⁹
459 2249 537 2298 Qui
562 2247 860 2301 responderunt
886 2246 959 2287 eis:
991 2246 1220 2286 luravimus
1246 2244 1322 2285 illis
1350 2245 1390 2285 in
1417 2244 1579 2285 nomine
1605 2242 1771 2284 Domini
1797 2241 1873 2282 Dei
1901 2240 2036 2285 Israel,

131 2316 172 2353 et
202 2310 350 2352 idcirco
382 2321 464 2349 non
495 2320 710 2361 possumus
743 2319 808 2347 005
841 2305 1084 2358 contingere.
1145 2306 1182 2328 2⁰
1212 2304 1291 2345 Sed
1322 2303 1398 2344 hoc
1429 2303 1623 2343 faciemus
1648 2302 1729 2342 eis:
1765 2301 2039 2341 Reserventur

132 2371 297 2425 quidem
323 2372 370 2409 ut
396 2367 552 2415 vivant,
581 2379 630 2406 ne
657 2369 800 2406 contra
826 2377 897 2405 nos
924 2364 983 2404 ira
1008 2363 1173 2404 Domini
1201 2363 1438 2407 concitetur,
1468 2362 1499 2402 si
1526 2360 1856 2415 peieraverimus:
1912 2361 1942 2382 21
1969 2358 2038 2399 sed

131 2430 187 2471 510
213 2429 370 2475 vivant,
400 2432 447 2467 ut
473 2426 515 2466 in
542 2438 637 2465 usus
666 2424 864 2465 universae
890 2422 1165 2463 multitudinis
1192 2421 1302 2475 ligna
1329 2421 1500 2468 caedant,
1531 2432 1738 2473 aquasque
1767 2421 2036 2471 comportent.

133 2488 288 2538 Quibus
305 2487 392 2527 haec
408 2484 688 2538 loquentibus:
735 2484 768 2507 22
786 2482 952 2523 vocavit
969 2481 1222 2523 Gabaonitas
1243 2481 1372 2530 105110,
1393 2484 1435 2521 01
1453 2479 1557 2520 dixit
1575 2479 1648 2519 eis:
1670 2478 1748 2519 Cur
1766 2490 1837 2518 nos
1857 2476 2039 2529 decipere

132 2547 275 2589 fraude
296 2544 494 2593 1701015115,
518 2548 566 2583 01
588 2541 791 2583 diceretis:
815 2540 961 2582 Procul
983 2540 1101 2581 valde
1123 2539 1359 2581 habitamus
1382 2552 1405 2579 a
1427 2538 1554 2585 vobis,
1580 2550 1673 2578 00111
1694 2537 1735 2577 10
1757 2535 1889 2576 100ὤο
1912 2533 2040 2575 nostri

133 2605 244 2647 sitis?
289 2606 322 2629 ²³
340 2603 487 2657 Itaque
505 2602 580 2643 sub
598 2600 882 2642 maledictione
900 2599 1022 2647 eritis,
1043 2603 1085 2640 01
1101 2611 1182 2640 000
1201 2598 1364 2639 deficiet
1381 2598 1430 2638 de
1447 2597 1572 2650 stirpe
1590 2600 1727 2636 vestra
1742 2595 1852 2648 ligna
1869 2594 2036 2638 caedens,

134 2677 342 2719 aquasque
372 2665 633 2715 comportans
662 2660 703 2700 in
733 2660 901 2701 domum
930 2658 1005 2699 Dei
1035 2657 1125 2699 mei.
1183 2659 1215 2682 24
1246 2657 1322 2706 Qui
1352 2656 1666 2710 responderunt:
1700 2654 1950 2694 Nunciatum
1980 2655 2041 2692 est

134 2723 250 2765 nobis
271 2721 396 2764 servis
418 2721 511 2768 tuis,
536 2719 645 2773 quod
666 2718 918 2772 promisisset
938 2717 1139 2757 Dominus
1160 2717 1271 2757 Deus
1293 2721 1388 2756 tuus
1410 2715 1541 2768 Moysi
1563 2727 1677 2755 servo
1700 2726 1771 2753 suo
1794 2717 1840 2753 ut
1861 2711 2041 2752 traderet

134 2782 250 2824 vobis
283 2793 445 2822 omnem
478 2779 655 2827 Terram,
690 2782 732 2818 et
763 2776 1013 2830 disperderet
1045 2780 1212 2816 cunctos
1245 2775 1497 2816 habitatores
1530 2773 1625 2814 eius.
1661 2771 1886 2812 Timuimus
1918 2769 2042 2823 igitur

135 2841 266 2889 valde,
296 2845 338 2881 et
363 2838 615 2892 providimus
644 2836 858 2877 animabus
885 2834 1046 2882 nostris,
1076 2839 1212 2875 vestro
1240 2839 1390 2875 terrore
1419 2831 1626 2885 compulsi.
1657 2835 1699 2871 et
1724 2830 1801 2870 hoc
1828 2828 2039 2870 consilium

135 2899 339 2941 inivimus.
389 2899 421 2922 ²5
443 2897 562 2938 Nunc
583 2900 721 2936 autem
742 2895 783 2935 in
804 2907 928 2935 manu
950 2898 1023 2934 tua
1043 2906 1201 2934 sumus:
1226 2893 1335 2946 quod
1355 2892 1431 2933 tibi
1452 2892 1606 2933 bonum
1627 2894 1668 2930 et
1686 2893 1844 2931 rectum
1865 2887 2038 2929 videtur.

134 2960 199 2999 100
221 2958 350 2999 1101115.
401 2957 437 2981 26
458 2955 574 2997 Fecit
596 2967 688 3008 ergo
713 2954 830 2994 Iosue
853 2958 900 2994 ut
923 2952 1093 3000 dixerat,
1119 2957 1160 2993 et
1181 2951 1372 2993 liberavit
1394 2964 1460 2992 005
1483 2950 1532 2991 de
1555 2961 1680 2989 manu
1705 2947 1879 2988 filiorum
1904 2944 2038 2988 Israel.

136 3023 184 3058 ut
202 3030 285 3058 non
307 3015 596 3057 occiderentur.
646 3014 680 3037 ²⁷
701 3012 975 3065 Decrevitque
995 3011 1036 3051 in
1057 3010 1124 3052 illo
1146 3011 1210 3051 die
1231 3024 1297 3052 eos
1318 3023 1402 3051 esse
1423 3010 1464 3050 in
1485 3007 1709 3048 ministerio
1731 3006 1867 3047 cuncti
1888 3003 2038 3059 populi,

136 3080 178 3117 et
196 3075 335 3117 altaris
354 3073 532 3121 Domini,
555 3072 754 3113 caedentes
772 3070 893 3125 ligna,
916 3074 958 3111 et
976 3082 1104 3121 aquas
1124 3073 1441 3123 comportantes,
1463 3080 1591 3120 usque
1610 3066 1651 3107 in
1671 3078 1844 3120 praesens
1864 3069 2038 3116 tempus

136 3135 178 3176 in
202 3134 303 3183 loco,
333 3145 455 3187 quem
479 3131 681 3173 Dominus
708 3129 902 3183 elegisset.

568 3234 608 3275 5.
638 3233 832 3285 Strages
862 3243 1025 3284 regum
1056 3232 1342 3281 australium,
1369 3231 1436 3280 10,
1455 3229 1608 3270 1—43.

2106 3289 2209 3318 uinque

242 3309 306 3352 10.
361 3311 375 3333 ¹
410 3308 509 3357 Quae
542 3318 635 3347 cum
669 3305 850 3346 audisset
881 3303 1136 3344 Adonisedec
1169 3316 1240 3344 rex
1275 3301 1505 3349 Ierusalem,
1544 3300 1653 3354 quod
1687 3298 1838 3340 scilicet
1872 3296 2041 3350 cepisset
2080 3290 2181 3354 Qrege,

140 3368 257 3409 Iosue
288 3367 380 3416 Hai,
412 3371 453 3407 et
482 3364 750 3407 subvertisset
778 3375 869 3404 eam
898 3362 1021 3415 (sicut
1050 3361 1158 3402 enim
1187 3362 1340 3403 fecerat
1370 3359 1524 3401 Iericho
1555 3364 1596 3400 et
1625 3358 1706 3412 regi
1735 3357 1830 3404 eius,
1862 3356 1917 3396 sic
1945 3352 2041 3394 fecit
2073 3358 2212 3384 foederativ

269 3488 301 3530 9,
326 3488 368 3522 10
392 3487 479 3521 aNm
504 3488 557 3527 21,
582 3487 632 3520 24,
661 3506 702 3509 —
726 3486 767 3519 15
790 3484 831 3516 b2
855 3483 914 3517 Sm
938 3483 991 3523 21,
1015 3483 1045 3516 2.
