2356 3760
141 101 193 140 28,
217 101 358 140 22—29‚
385 100 427 134 23
919 102 1087 136 ECCLES
1094 102 1262 138 IASTICI
1948 116 2021 155 647

142 194 173 216 22
193 192 313 235 Multi
339 194 571 236 ceciderunt
596 194 637 234 in
664 206 730 235 ore
755 192 889 246 gladii,
970 195 1039 235 sed
1065 209 1146 236 non
1173 196 1227 237 sic
1254 198 1367 250 quasi
1398 199 1465 251 qui
1491 200 1730 243 interierunt
1754 217 1823 256 per
1846 205 2023 260 linguam

402 266 529 294 suam.

142 312 173 334 ²3
194 311 347 352 Beatus
371 311 439 365 qui
462 315 594 352 tectus
616 314 678 350 est
700 323 724 350 a
744 309 883 363 lingua
903 323 1092 364 nequam,
1172 314 1239 366 qui
1261 314 1302 355 in
1324 314 1574 358 iracundiam
1596 318 1699 359 illius
1722 333 1802 360 non
1825 322 2023 371 transivit,

193 375 234 410 et
259 370 328 423 qui
352 383 434 411 non
458 368 632 410 attraxit
654 369 795 421 iugum
819 368 935 418 illius,
1015 375 1056 411 et
1079 371 1120 411 in
1145 371 1314 413 vinculis
1338 374 1422 415 eius
1446 388 1527 416 non
1551 382 1613 417 est
1634 376 1799 430 ligatus:

140 429 171 452 2⁴
193 428 332 482 iugum
354 428 459 468 enim
481 426 596 471 illius,
620 427 760 479 iugum
781 427 955 468 ferreum
978 434 1056 470 est:
1130 435 1172 470 et
1192 430 1399 472 vinculum
1419 432 1534 479 illius,
1559 434 1765 476 vinculum
1787 449 1931 477 aereum
1954 443 2024 478 est.

141 488 172 510 ²⁵
194 487 302 528 Mors
330 486 446 533 illius,
477 498 584 527 mors
613 485 877 538 nequissima:
960 492 1002 528 et
1030 487 1139 528 utilis
1167 489 1302 541 potius
1330 489 1509 532 infernus
1539 506 1662 545 quam
1689 494 1767 535 illa.

140 544 500 586 2⁶Perseve1·a.ntia
527 543 631 584 illius
660 558 742 585 non
772 545 1038 598 permanebit,
1123 547 1192 588 sed
1222 548 1424 590 obtinebit
1453 550 1538 591 vias
1578 551 1835 593 iniustorum:
1919 560 1960 595 et
1987 554 2028 594 in

400 603 567 644 flamma
594 616 668 643 sua
695 616 776 644 non
807 605 1018 646 comburet
1045 605 1185 647 iustos,

140 663 174 686 2⁷
193 661 271 710 Qui
288 661 524 715 relinquunt
539 662 685 711 Deum,
705 662 887 703 incident
903 664 944 704 in
962 663 1083 710 illam,
1156 670 1195 705 et
1214 666 1426 706 exardebit
1443 667 1483 707 in
1500 667 1586 716 illis,
1603 673 1644 708 et
1659 681 1739 709 non
1758 669 2026 721 extinguetur,

191 724 233 761 et
258 720 507 762 immittetur
532 720 573 760 in
600 720 688 761 illos
717 722 832 774 quasi
858 722 931 768 leo,
1014 728 1055 763 et
1083 723 1198 777 quasi
1224 724 1375 777 pardus
1402 724 1522 765 laedet
1547 726 1646 767 illos.
1877 720 1889 723 -

139 780 174 802 ²⁸
191 779 286 833 Sepi
314 792 429 820 aures
458 784 551 819 tuas
579 779 715 832 spinis,
746 780 925 834 linguam
956 795 1132 835 nequam
1161 782 1243 823 noli
1271 782 1421 831 audire,
1508 789 1549 825 et
1577 785 1634 825 ori
1662 790 1734 826 tuo
1762 786 1884 827 facito
1914 787 2028 835 ostia,

400 843 441 878 et
469 850 588 879 seras.

138 898 174 921 2⁹
191 896 348 937 Aurum
377 901 496 937 tuum
525 901 566 937 et
594 902 808 951 argentum
837 903 955 939 tuum
985 899 1127 948 confla,
1210 904 1251 941 et
1279 900 1411 942 verbis
1440 901 1520 941 tuis
1548 902 1672 943 facito
1701 907 1909 952 stateram,
1991 908 2033 944 et

398 955 532 996 frenos
563 956 619 996 ori
649 961 720 997 tuo
750 962 899 999 rectos:

137 1015 174 1038 ³⁰
190 1019 231 1055 et
274 1015 441 1055 attende
470 1027 520 1055 ne
548 1015 653 1056 forte
691 1015 839 1057 labaris
876 1016 916 1056 in
956 1016 1104 1071 lingua,
1179 1022 1220 1058 et
1258 1018 1379 1059 cadas
1422 1018 1462 1058 in
1511 1025 1729 1072 conspectu
1777 1020 2031 1061 inimicorum

398 1073 679 1114 insidiantium
709 1075 795 1116 tibi.
881 1080 922 1116 et
950 1075 1004 1117 sit
1032 1089 1147 1117 casus
1177 1081 1272 1117 tuus
1302 1076 1536 1118 insanabilis
1565 1077 1606 1117 in
1635 1084 1822 1120 mortem.

135 1176 200 1220 29.
256 1180 269 1202 ¹
296 1177 375 1227 Qui
400 1178 500 1219 facit
526 1178 852 1227 misericordiam,
881 1180 1105 1221 foeneratur
1130 1181 1314 1234 proximo
1342 1194 1432 1221 suo:
1513 1185 1554 1221 et
1581 1181 1649 1234 qui
1675 1182 1868 1235 praevalet
1894 1197 2030 1234 manu,
2047 1185 2236 1246 ”gsgifjffigffla

396 1237 597 1278 mandata
624 1244 772 1279 servat.
2199 1241 2203 1244 ”

156 1296 171 1319 2
188 1295 403 1336 Foenerare
428 1296 613 1349 proximo
639 1301 710 1338 tuo
736 1297 776 1337 in
802 1302 984 1350 tempore
1003 1297 1254 1338 necessitatis
1280 1297 1394 1345 illius,
1468 1302 1509 1338 et
1532 1298 1679 1338 iterum
1704 1299 1825 1340 redde
1851 1301 2033 1353 proximo

398 1354 439 1395 in
468 1360 652 1408 tempore
681 1369 765 1396 suo.

155 1414 171 1437 ³
188 1413 394 1453 Confirma
413 1413 595 1455 verbum.
623 1418 663 1453 et
688 1413 860 1454 fideliter
884 1426 956 1467 age
981 1427 1073 1454 cum
1097 1412 1182 1455 illo:
1250 1419 1292 1455 et
1315 1414 1354 1454 in
1380 1414 1489 1455 omni
1514 1420 1696 1468 tempore
1720 1416 1899 1457 invenies
1925 1418 2034 1471 quod

399 1471 471 1512 tibi
504 1472 773 1512 necessarium
804 1478 876 1513 est..

155 1532 170 1554 ⁴²
187 1529 307 1570 Multi
335 1530 451 1583 quasi
477 1530 755 1571 inventionem
784 1530 1092 1572 {estimaverunt
1118 1532 1264 1581 foenus,
1331 1537 1373 1572 et
1398 1532 1677 1585 praestiterunt
1703 1533 1929 1575 molestiam
1957 1535 2030 1582 his,

398 1589 466 1642 qui
496 1603 536 1629 se
567 1589 824 1630 adiuverunt.

154 1648 326 1689 ⁵Donec
361 1648 576 1701 accipiant,
615 1648 851 1689 osculantur
886 1661 1030 1690 manus
1066 1649 1213 1697 dantis,
1298 1654 1338 1690 et
1372 1649 1413 1690 in
1448 1649 1779 1703 promissionibus
1814 1651 2032 1692 humiliant

398 1720 537 1748 vocem
568 1720 702 1748 suam:

157 1767 231 1807 ⁶et
271 1765 314 1806 in
355 1771 539 1820 tempore
581 1766 819 1807 redditionis
861 1766 1088 1821 postulabit
1131 1772 1304 1821 tempus,
1386 1771 1426 1807 et
1462 1766 1651 1821 loquetur
1686 1769 1811 1809 verba
1846 1768 1955 1810 taedii
1991 1775 2032 1810 et

394 1826 778 1871 murmurationum,
863 1831 904 1866 et
932 1830 1094 1879 tempus
1124 1826 1376 1867 causabitur:

156 1885 170 1907 ⁷
189 1883 221 1924 si
244 1888 383 1924 autem
406 1884 587 1937 potuerit
608 1884 786 1929 reddere,
812 1885 1107 1929 adversabitur,
1175 1884 1290 1925 solidi
1314 1885 1382 1924 vix
1404 1885 1547 1926 reddet
1569 1885 1793 1933 dimidium,
1861 1891 1902 1927 et
1924 1900 2031 1927 com-

394 1942 561 1996 putabit
589 1942 688 1984 illud
719 1944 834 1996 quasi
862 1943 1159 1984 inventionem:

153 2003 168 2025 ⁸
185 2001 245 2041 sin
277 2007 415 2042 autem
444 2001 655 2042 fraudabit
683 2001 796 2042 illum
826 2003 1000 2055 pecunia
1027 2015 1111 2048 sua,
1190 2008 1231 2043 et
1259 2001 1483 2055 possidebit
1511 2001 1623 2042 illum
1650 2003 1857 2043 inimicum
1884 2003 2028 2057 gratis:

153 2062 229 2100 9et
254 2060 436 2101 convitia
470 2066 511 2101 et
544 2060 764 2101 maledieta
799 2061 941 2101 reddet
976 2060 1042 2105 illi,
1126 2066 1167 2101 et
1202 2073 1274 2114 pro
1310 2061 1461 2101 honore
1496 2065 1538 2101 et
1573 2061 1764 2102 beneficio
1799 2062 1942 2103 reddet
1975 2062 2031 2102 illi

395 2118 697 2160 contumeliam.

132 2178 303 2219 ¹⁰Multi
331 2191 413 2219 non
442 2191 565 2219 causa
592 2178 784 2232 nequitiae
812 2192 893 2219 non
922 2179 1110 2219 foenerati
1138 2184 1245 2227 sunt,
1335 2179 1403 2219 sed
1431 2178 1611 2219 fraudari
1638 2179 1763 2232 gratis
1791 2179 2028 2220 timuerunt.

132 2239 163 2261 Π
181 2237 475 2278 Verumtamen
498 2250 618 2291 super
639 2237 833 2278 humilem
857 2237 991 2278 animo
1014 2237 1158 2279 fortior
1178 2242 1276 2285 esto,
1354 2241 1395 2277 et
1416 2249 1488 2290 pro
1511 2236 1768 2291 eleemosyna
1788 2251 1868 2278 non
1890 2238 2028 2278 trahas

393 2296 519 2338 illum.

131 2357 163 2379 ¹2
182 2355 355 2408 Propter
384 2356 628 2396 mandatum
659 2368 818 2396 assume
848 2368 1086 2409 pauperem:
1180 2360 1220 2395 et
1249 2359 1415 2409 propter
1443 2354 1622 2407 inopiam
1652 2354 1735 2395 eius
1765 2367 1814 2395 ne
1844 2354 2028 2396 dimittas

394 2427 486 2455 eum
516 2427 706 2455 vacuum.

132 2475 163 2498 ²³
183 2474 311 2514 Perde
342 2473 557 2527 pecuniam
587 2478 754 2527 propter
782 2474 951 2514 fratrem
982 2478 1024 2514 et
1053 2473 1229 2514 amicum
1259 2477 1396 2513 tuum:
1482 2477 1523 2512 et
1551 2485 1632 2513 non
1663 2472 1888 2513 abscondas
1917 2471 2026 2512 illam

393 2533 468 2573 sub
496 2531 631 2586 lapide
660 2532 701 2573 in
730 2532 1011 2586 perditionem.

131 2593 162 2616 ¹4
187 2592 316 2632 aPone
346 2592 584 2632 thesaurum
613 2596 731 2631 tuum
760 2591 802 2632 in
836 2592 1047 2645 praeceptis
1077 2590 1284 2637 Altissimi,
1369 2594 1410 2630 et
1438 2589 1616 2643 proderit
1644 2589 1719 2630 tibi
1747 2589 1873 2642 magis
1904 2602 2025 2642 quam

393 2663 549 2691 aurum.

130 2711 161 2733 ¹5
183 2708 406 2751 bConclude
424 2709 723 2763 eleemosynam
740 2708 782 2750 in
799 2710 917 2750 corde
934 2709 1134 2763 pauperis,
1203 2713 1245 2749 et
1260 2708 1345 2749 haec
1361 2720 1433 2761 pro
1452 2712 1491 2747 te
1508 2705 1693 2747 exorabit
1709 2706 1760 2746 ab
1778 2705 1887 2747 omni
1902 2704 2023 2747 malo.

130 2770 165 2792 1⁶
192 2770 226 2792 1⁷
257 2769 291 2792 1⁸
318 2768 448 2822 Super
488 2772 651 2810 scutum
692 2767 884 2822 potentis,
918 2773 958 2809 et
999 2781 1120 2822 super
1158 2767 1342 2808 lanceam
1436 2765 1629 2806 adversus
1664 2763 1872 2805 inimicum
1905 2767 2023 2804 tuum

390 2827 603 2882 pugnabit.

558 2934 597 2972 2.
628 2931 860 2982 Praecepta
890 2931 946 2972 de
976 2931 1233 2983 prudentia,
1261 2930 1327 2980 29,
1346 2929 1517 2977 19—34,
1536 2928 1601 2967 20.

2109 2996 2143 3021 In

128 3005 162 3028 ¹⁹
179 3003 250 3044 Vir
275 3004 406 3045 bonus
431 3003 553 3044 fidem
578 3002 678 3043 facit
702 3015 775 3056 pro
801 3001 986 3056 proximo
1013 3015 1103 3042 suo:
1179 3005 1220 3041 et
1256 2999 1323 3053 qui
1349 2998 1569 3053 perdiderit
1594 2996 1882 3045 confusionem,
1911 2997 2020 3037 dere·
2038 3031 2212 3062 loenerando,

388 3062 548 3116 linquet
576 3061 663 3103 sibi.
1602 3114 1610 3121 .

127 3123 164 3146 ²⁰
180 3121 365 3163 Gratiam
394 3120 638 3162 fideiussoris
668 3133 718 3161 ne
747 3119 1013 3161 obliviscaris:
1098 3118 1211 3160 dedit
1240 3117 1345 3158 enim
1374 3128 1445 3169 pro
1477 3120 1516 3155 te
1546 3127 1725 3155 ammam
1754 3127 1881 3155 suam.
1948 3171 1955 3178 .
1990 3171 2000 3179 .

127 3181 158 3204 2¹
179 3180 525 3234 Repromissorem
545 3179 651 3234 fugit
670 3182 861 3233 peccator
880 3182 922 3219 et
940 3178 1187 3218 immundus.
1262 3178 1293 3200 22
1315 3175 1430 3215 Bona
1448 3172 1743 3227 repromissoris
1763 3172 1837 3213 sibi
1858 3172 2022 3213 ascriblt

387 3243 595 3294 peccator:
678 3242 720 3278 et
746 3237 930 3291 ingratus
959 3249 1078 3277 sensu
1109 3235 1359 3287 derelinquet
1386 3232 1627 3273 liberantem
1657 3245 1708 3273 se.

126 3299 159 3323 ²³
176 3297 246 3339 Vir
268 3298 519 3352 repromittit
542 3298 591 3339 de
614 3295 799 3351 proximo
823 3308 914 3336 suo:
991 3300 1033 3337 et
1055 3308 1147 3336 eum
1170 3292 1391 3348 perdiderit
1412 3290 1693 3340 reverentiam,
1720 3289 2019 3342 derelinquetur

387 3358 438 3399 ab
468 3370 526 3399 eo.

207 3429 228 3431 ”
259 3449 311 3491 29,
336 3449 379 3482 14
401 3449 493 3482 aTob
516 3450 547 3490 4,
571 3448 621 3482 10.
648 3469 689 3472 —
714 3447 755 3480 15
779 3446 870 3490 bSup
895 3447 948 3487 17,
974 3445 1024 3480 18.
