2356 3760
125 122 200 160 121,
226 121 366 159 1--125‚
392 120 412 153 2
934 119 1224 153 PSALMORUM
1944 127 2021 169 555

804 212 877 251 121
891 210 1025 262 (122).
1055 211 1227 253 Civitas
1257 213 1350 255 Dei.

233 286 245 307 1
276 284 491 324 t‘anticum
519 283 731 336 graduum.
790 281 942 322 CXXI.

181 389 365 429 Laetatus
394 400 483 428 sum
512 386 554 427 in
582 386 654 433 his,
688 399 778 439 quae
807 386 918 427 dicta
946 391 1042 427 sunt
1070 386 1187 427 mihi:
1273 387 1320 428 In
1349 388 1516 429 domum
1545 389 1710 430 Domini
1738 390 1898 433 ibimus.
2051 395 2201 421 lemsssslem

149 448 347 489 2Stantes
377 451 494 486 erant
521 445 643 498 pedes
673 444 812 493 nostri,
895 445 935 485 in
965 444 1078 485 atriis
1107 445 1188 486 tuis
1219 445 1449 488 Ierusalem.
2060 431 2193 455 ¹³¹¹¹¹³¹¹¹s

150 508 166 531 3
186 506 417 551 Ierusalem,
451 517 540 557 quae
569 503 794 544 aedificatur
874 508 921 544 ut
950 503 1113 544 civitas:
1145 504 1257 545 cuius
1286 505 1546 559 participatio
1578 507 1660 547 eius
1689 506 1730 547 in
1758 508 1945 560 idipsum.

151 567 165 589 ⁴
187 565 286 605 llluc
316 563 423 604 enim
454 563 723 603 ascenderunt
752 563 895 607 tribus,
973 562 1103 603 tribus
1132 562 1317 604 Domini:
1348 564 1628 605 testimonium
1660 564 1782 606 Israel
1854 566 1906 607 ad
1935 579 2025 607 con—

393 621 592 662 fitendum
622 621 776 662 nomini
804 620 983 662 Domini.

151 684 165 706 5
184 682 290 730 Quia
317 681 396 721 illic
425 681 617 721 sederunt
646 680 759 721 sedes
787 680 829 720 in
858 679 1017 729 iudicio,
1102 680 1215 721 sedes
1245 693 1364 734 super
1393 681 1561 721 domum
1589 682 1739 723 David.

151 789 166 810 ⁶
185 787 343 840 Rogate
373 798 463 839 quae
492 785 545 826 ad
572 798 716 839 pacem
745 790 841 826 sunt
872 784 1109 825 Ierusalem:
1193 790 1234 826 et
1263 785 1519 826 abundantia
1547 785 1808 839 diligentibus
1836 792 1895 827 te:
2090 788 2172 827 211192,

152 847 165 869 ⁷
183 845 279 886 Fiat
306 857 389 898 pax
416 844 458 884 in
487 845 641 885 virtute
670 849 761 884 tua:
845 849 886 884 et
915 844 1172 884 abundantia
1199 844 1240 884 in
1269 843 1449 885 turribus
1479 844 1571 885 tuis.
2048 823 2228 848 benemc'tm'

151 906 167 928 ⁸
184 904 357 957 Propter
384 903 530 944 fratres
558 916 681 949 meos,
713 908 755 943 et
782 902 989 956 proximos
1017 915 1140 951 111003,
1222 902 1420 956 loquebar
1448 916 1590 956 pacem
1621 903 1669 944 de
1699 910 1758 944 te:

151 965 167 988 ⁹
184 963 357 1016 Propter
385 962 554 1003 domum
581 961 749 1003 Domini
776 961 853 1002 Dei
882 961 1022 1010 nostri,
1108 961 1275 1015 quaesivi
1304 961 1413 1002 bona
1440 961 1527 1003 tibi.

714 1077 934 1128 122(123).
965 1077 1207 1129 Refugium
1239 1078 1453 1129 despecti.

238 1149 453 1191 Canticum
481 1150 694 1203 graduum.
754 1148 928 1190 CXXII.

154 1248 168 1270 ¹
186 1246 252 1287 Ad
280 1251 321 1286 te
348 1243 484 1286 levavi
513 1243 649 1284 oculos
678 1255 800 1291 meos,
886 1243 954 1296 qui
983 1242 1145 1282 habitas
1174 1241 1216 1281 in
1245 1240 1360 1282 caelis.
2049 1242 2206 1302 ‚namus

154 1307 169 1329 2
187 1305 292 1346 Ecce
316 1304 421 1345 sis-ut
445 1302 549 1343 oculi
573 1314 792 1343 servorum.
815 1301 856 1341 in
880 1301 1069 1341 manibus
1093 1299 1351 1340 dominorum
1375 1312 1551 1345 suorum,
1624 1298 1737 1340 Sicut
1758 1299 1861 1340 oculi
1882 1284 2107 1339 10101110οωρ
2118 1279 2224 1302 ‘natur'

396 1363 437 1403 in
465 1361 655 1402 manibus
685 1360 859 1401 dominae
888 1372 987 1399 suae:

187 1423 248 1464 ita
280 1421 385 1464 oculi
418 1420 545 1461 nostri
580 1419 631 1459 ad
665 1419 888 1459 Dominum
922 1418 1056 1458 Deum
1090 1421 1276 1457 nostrum
1363 1417 1490 1458 donec
1523 1416 1762 1457 misereatur
1794 1417 1933 1458 nostri.

155 1485 171 1507 ³
187 1481 373 1522 Miserere
392 1477 719 1520 nostriDomine.
735 1478 921 1518 miserere
940 1476 1086 1517 nostri:
1139 1476 1235 1530 quia
1251 1475 1426 1516 multum
1446 1475 1589 1529 repleti
1606 1488 1744 1516 sumus
1758 1476 2032 1529 despectione:

155 1542 170 1564 ⁴
189 1540 294 1589 Quia
308 1538 485 1580 multum
501 1536 657 1590 repleta
671 1542 733 1577 est
749 1536 886 1576 anima
901 1541 1059 1576 nostra:
1117 1535 1380 1588 opprobrium
1397 1534 1714 1579 abundantibus,
1773 1540 1813 1575 et
1830 1534 2033 1588 despectio

397 1596 591 1650 superbis.

713 1686 934 1738 123024).
962 1687 1248 1727 Adiutorium
1279 1686 1471 1727 Israelis.

239 1765 254 1787 1
284 1762 498 1803 Canticum
528 1760 741 1814 graduum.
799 1758 997 1800 CXXIII.

190 1856 275 1897 Nisi
305 1856 402 1910 quia
428 1855 629 1895 Dominus
659 1859 746 1893 erat
774 1853 815 1893 in
845 1852 972 1901 nobis,
1057 1852 1168 1893 dicat
1196 1864 1304 1892 nunc
1335 1849 1476 1891 Israel:
2070 1847 2210 1913 ffifflilffi

152 1915 265 1956 2²11isi
295 1915 391 1969 quia
418 1914 619 1954 Dominus
649 1918 737 1953 erat
765 1912 805 1952 in
835 1911 963 1959 nobis,
1047 1911 1148 1952 Cum
1179 1915 1419 1963 exurgerent
1448 1909 1630 1950 homines
1660 1909 1700 1949 in
1728 1922 1813 1958 nos,
2080 1924 2184 1958 ,suum-

155 1975 294 2015 ³forte
324 1974 440 2014 vivos
470 1972 738 2026 deglutissent
766 1984 857 2012 nos:
940 1969 1042 2011 Cum
1071 1970 1311 2010 irasceretur
1338 1969 1451 2010 111101
1478 1981 1617 2009 eorum
1646 1968 1687 2008 in
1715 1981 1799 2017 nos,
2068 1952 2208 1979 hbesffi'st'

158 2033 362 2074 ‘²forsitan
392 2044 499 2085 aqua
527 2030 801 2072 absorbuisset
830 2042 915 2070 1103.
998 2031 1013 2053 ⁵
1042 2029 1279 2070 Torrentem
1307 2027 1572 2081 pertransivit
1601 2027 1737 2067 anima
1764 2033 1920 2068 nostra:

189 2092 361 2132 forsitan
391 2090 677 2144 pertransisset
706 2089 844 2129 anima
871 2094 1011 2129 nostra
1094 2100 1244 2141 aquam
1273 2085 1581 2128 intolerabilem.

158 2187 173 2210 ⁶
191 2185 436 2226 Benedictus
465 2183 666 2225 Dominus
697 2182 765 2236 qui
794 2195 875 2223 non
905 2181 1019 2223 dedit
1048 2194 1132 2229 nos,
1216 2181 1257 2221 in
1287 2180 1518 2233 captionem
1548 2179 1739 2220 dentibus
1769 2192 1919 2221 eorum.
2049 2174 2240 2235 beffjgssgfim

157 2247 171 2268 ⁷
189 2244 340 2285 Anima
361 2248 503 2284 nostra
525 2242 629 2283 sicut
651 2254 790 2295 passer
813 2246 954 2294 erepta
976 2245 1037 2281 est
1061 2240 1110 2281 de
1132 2239 1278 2293 laqueo
1302 2238 1562 2280 venantium:
1626 2238 1814 2292 Laqueus
1838 2238 2036 2279 contritus

401 2308 473 2349 031,
505 2307 546 2342 et
574 2314 647 2342 nos
675 2300 837 2341 liberati
866 2313 1017 2341 sumus.

159 2364 174 2387 ³
192 2361 454 2403 Adiutorium
483 2366 670 2402 nostrum
698 2360 740 2400 in
768 2359 931 2400 nomine
960 2358 1138 2407 Domini,
1224 2358 1293 2411 qui
1321 2357 1417 2398 feeit
1447 2356 1587 2397 caelum
1617 2361 1659 2396 et
1686 2361 1849 2397 terram.

685 2474 904 2526 124(125).
935 2473 1225 2515 confidentia
1252 2473 1494 2514 iustorum.

244 2553 257 2575 1
287 2549 502 2592 Canticum
529 2547 743 2601 graduum.
801 2546 1022 2588 CXXIIII.

192 2643 271 2693 Qui
292 2643 505 2685 confidunt
526 2641 568 2682 in
586 2640 777 2688 Domino,
853 2639 957 2680 sicut
980 2652 1097 2680 mons
1119 2639 1233 2680 Sion:
1310 2652 1391 2680 non
1412 2636 1737 2678 commovebitur
1761 2635 1801 2675 in
1824 2643 2032 2681 aeternum,
2069 2633 2210 2694 2232?

402 2701 471 2756 qui
498 2700 663 2741 habitat
691 2701 706 2724 2
734 2700 775 2740 in
806 2698 1036 2739 Ierusalem.

192 2761 352 2803 Montes
373 2761 415 2801 in
438 2760 609 2801 circuitu
633 2759 734 2799 eius:
805 2763 846 2798 et.
868 2757 1069 2799 Dominus
1097 2757 1140 2797 in
1164 2756 1334 2798 circuitu
1364 2754 1503 2809 populi
1533 2754 1604 2797 sui.
1677 2766 1725 2793 ex
1754 2752 1830 2792 hoc
1858 2764 1967 2791 nunc
1995 2756 2037 2791 et

401 2831 529 2872 usque
557 2818 599 2858 in
628 2817 831 2858 saeculum.

159 2882 176 2904 3
193 2879 299 2928 Quia
320 2891 403 2920 non
425 2878 628 2931 relinquet
650 2876 851 2917 Dominus
876 2875 1032 2929 virgam
1056 2880 1319 2929 peccatorum
1389 2885 1508 2926 super
1531 2876 1680 2911 sortem
1705 2870 1923 2910 iustorum:
1989 2872 2037 2909 ut

402 2950 484 2978 non
513 2935 740 2976 extendant
769 2934 865 2975 iusti
894 2935 946 2975 ad
974 2933 1236 2988 iniquitatem
1265 2945 1410 2973 manus
1439 2944 1542 2971 suas.

161 2999 176 3022 ⁴
195 2996 371 3037 Benefac
399 2995 575 3037 Domine
604 2994 731 3043 bonis,
816 2998 857 3034 et
884 2993 1004 3034 rectis
1033 2993 1164 3034 corde.

160 3055 454 3096 5Declinantes
489 3058 628 3094 autem
661 3053 702 3093 in
737 3052 1015 3105 obligationes,
1101 3052 1278 3093 adducet
1306 3048 1505 3090 Dominus
1541 3060 1632 3087 cum
1667 3045 1930 3100 operantibus
1964 3044 2036 3084 ini-

154 3116 159 3122 ‘
404 3113 624 3167 quitatem:
707 3124 790 3165 pax
818 3124 937 3164 super
968 3110 1102 3152 Israel.

731 3226 952 3277 125026).
983 3225 1097 3266 Sors
1128 3223 1461 3265 seminantium.

246 3303 259 3325 ¹
288 3300 503 3341 Canticum
531 3299 744 3352 graduum.
802 3297 968 3338 CXXV.

196 3394 243 3434 In
272 3392 547 3435 convertendo
576 3391 778 3432 Dominus
807 3389 1093 3443 captivitatem
1123 3388 1237 3429 Sion:
1319 3386 1419 3426 facti
1447 3398 1586 3426 smnus
1615 3384 1719 3425 sicut
1748 3379 1959 3423 consolati:
2079 3372 2191 3433 ffiffiss

161 3454 177 3476 2
194 3453 307 3493 Tunc
335 3451 536 3504 repletum
566 3455 628 3491 est
654 3449 802 3502 gaudio
833 3461 875 3489 os
904 3454 1108 3488 nostrum:
1191 3454 1233 3486 et
1260 3444 1399 3497 lingua
1426 3449 1566 3486 nostra
1594 3441 1854 3483 exultatione.
2059 3442 2210 3468 miscenda·
