2356 3760
121 157 175 197 15,
199 156 341 205 54-ἐῶ,
364 155 405 189 57
979 151 1146 187 ESDRAE
1911 154 2012 197 1233

123 249 214 284 omni
240 252 403 292 tempore,
431 247 585 281 exaltans
612 245 862 291 percussionem
888 256 1064 285 manuum,
1091 248 1126 279 et
1151 245 1264 278 dicens
1291 256 1391 289 super
1417 248 1562 279 mortem
1588 256 1714 286 eorum,
1742 258 1819 281 cum
1845 247 2014 281 inebriata

122 307 220 335 esses,
275 297 300 315 ⁵⁴
326 296 464 328 Exorna
487 294 633 338 speciem
658 293 773 326 vultus
798 292 868 325 tui?
925 294 950 311 ⁵⁵
975 292 1100 325 Merces
1132 292 1365 326 fornicationis
1397 296 1464 327 tuae
1495 293 1529 326 in
1559 293 1635 326 sinu
1666 296 1737 333 tuo,
1782 298 1920 338 propter
1950 295 2013 328 hoc

124 343 349 377 redditionem
373 341 526 385 accipies,
573 342 602 360 ⁵⁶
625 340 721 374 Sicut
743 339 844 372 facies
868 339 982 372 electis
1006 339 1099 378 meis,
1124 339 1207 373 dicit
1230 339 1408 379 Dominus,
1432 340 1479 374 510
1501 340 1604 373 faciet
1627 339 1691 373 tibi
1714 341 1815 381 Deus,
1841 344 1875 374 et
1899 341 2014 374 tradet

122 394 157 424 te
181 390 216 424 in
240 389 379 423 malum.
427 389 453 407 ⁵⁷
480 387 526 422 Et
549 387 623 420 nati
647 387 699 420 tui
721 386 811 419 fame
836 386 1011 419 interient:
1036 389 1071 420 et
1094 390 1132 419 tu
1155 386 1353 430 rhomphaea
1376 386 1485 425 cades,
1510 390 1545 420 et
1567 387 1725 420 civitates
1748 390 1816 421 tuae
1840 391 2014 421 conteren-

122 441 190 478 tur,
216 440 250 470 et
274 446 389 470 01111105
414 434 466 468 tui
489 435 524 468 in
548 444 668 478 campo
693 432 805 477 gladio
830 432 963 467 cadent.
1020 434 1047 452 ⁵²³
1081 433 1127 466 Et
1158 434 1216 477 qui
1248 436 1329 467 sunt
1360 433 1394 466 in
1425 433 1611 473 montibus,
1644 434 1733 466 fame
1766 434 1935 477 peribunt,
1981 438 2016 467 et

124 483 383 517 manducabunt
405 492 519 515 carnes
542 491 630 520 suas,
653 483 687 513 et
707 479 906 524 sanguinem
930 479 1048 513 bibent
1069 490 1089 512 a
1110 480 1199 513 101110
1222 480 1318 523 panis
1340 483 1374 513 et
1395 480 1451 513 siti
1473 491 1580 524 aquae.
1625 482 1654 500 ⁵⁹
1680 481 1802 514 Infelix
1827 492 1885 525 per
1909 481 2016 514 maria

124 531 249 570 venies,
274 533 309 563 et
332 539 465 562 rursum
490 527 632 571 accipies
657 526 757 560 mala.
818 528 847 546 ⁶⁰
872 526 918 559 Et
951 526 986 559 in
1019 527 1167 560 transitu
1202 526 1344 560 allident
1378 527 1555 560 civitatem
1589 527 1745 567 occisam,
1793 530 1828 561 et
1861 531 2016 561 exterent

124 578 275 621 aliquam
296 575 487 619 portionem
506 578 603 608 terrae
622 577 701 611 tuae,
722 576 756 607 et
776 576 909 617 partem
928 572 1039 617 gloriae
1060 576 1127 606 tuae
1147 573 1437 613 exterminabunt,
1458 585 1591 607 rursum
1611 577 1819 608 revertentes
1839 574 1883 607 ad
1903 574 2016 616 Baby-

124 625 236 658 lonem
253 623 463 656 subversam.
508 623 532 641 ⁶¹
559 621 605 654 Et
629 620 792 654 demolita
816 620 879 653 eris
897 620 961 653 11115
979 630 1039 664 1110
1058 619 1194 663 stipula,
1215 623 1249 653 et
1266 620 1330 664 ipsi
1347 624 1448 654 erunt
1466 621 1528 654 tibi
1546 621 1646 665 ignis:
1691 623 1718 641 ⁶²
1742 624 1775 655 et
1800 621 2018 654 devorabunt

124 674 170 711 te,
195 673 230 704 et
254 670 410 704 civitates
435 672 523 708 tuas,
549 670 675 701 terram
706 670 803 701 tuam
828 670 863 700 et
893 670 1026 700 montes
1056 669 1146 706 tuos,
1190 677 1306 700 omnes
1337 667 1439 700 silvas
1470 671 1548 701 tuas
1579 670 1613 701 et
1643 667 1772 712 lignum
1803 667 2017 701 fructiferum

124 717 194 762 igni
231 717 442 751 comburent.
506 716 532 734 ⁰³
556 714 657 747 Filios
682 718 759 747 tuos
785 714 939 758 captivos
965 713 1101 753 ducent,
1127 716 1162 747 et
1186 724 1324 747 censum
1361 718 1461 748 tuum
1498 714 1532 748 in
1570 715 1719 759 praedam
1756 715 1945 755 habebunt,
1983 716 2018 747 et

124 764 266 810 gloriam
290 762 388 797 faciei
412 766 480 796 tuae
504 761 794 795 exterminabunt.

623 839 658 875 2.
686 838 848 876 Contra
870 841 1027 897 *gentes
1054 841 1094 876 in
1122 849 1292 886 genere,
1317 840 1524 886 16‚1—78.

236 902 288 937 16.
334 903 345 920 1
372 900 429 933 Vae
453 899 517 934 tibi
541 898 699 942 Babylon
723 902 757 933 et
781 899 871 935 Asia,
905 909 956 932 vae
987 899 1050 933 tibi
1080 899 1229 944 AEgypte
1261 903 1296 933 et
1325 899 1433 943 Syria.
1489 902 1500 919 ²
1526 900 1724 944 Praecingite
1756 911 1815 933 vos
1846 900 1951 933 saccis
1982 902 2017 933 et

126 949 251 989 01110115,
271 951 306 982 et
324 947 474 992 plangite
494 946 578 979 filios
598 949 739 985 vestros,
765 949 799 980 et
823 946 949 979 dolete:
971 946 1133 990 quoniam
1152 946 1445 991 appropinquavit
1463 947 1622 981 contritio
1642 950 1766 981 vestra.
1810 949 1821 967 ³
1841 947 2016 980 Immissus

125 1000 177 1030 est
202 995 297 1029 vobis
322 994 464 1040 gladius,
490 996 525 1027 et
548 993 623 1037 quis
648 996 700 1027 est
723 993 782 1037 qui
806 996 943 1027 avertat
966 993 1080 1027 illum?
1138 995 1151 1013 ⁴
1176 994 1351 1027 Immissus
1384 997 1436 1028 est
1467 994 1502 1027 in
1535 994 1630 1027 vobis
1663 993 1759 1038 ignis,
1793 997 1828 1028 et
1860 994 1934 1037 quis
1967 997 2019 1027 est

126 1044 184 1088 qui
202 1043 382 1087 extinguat
399 1040 513 1074 illum?
557 1042 568 1059 ⁵
595 1040 751 1073 Immissa
767 1044 849 1073 sunt
867 1040 963 1073 vobis
982 1040 1082 1079 mala,
1102 1044 1137 1074 et
1154 1041 1228 1084 quis
1247 1044 1299 1074 est
1317 1041 1374 1084 (101
1392 1040 1534 1085 repellat
1551 1041 1609 1074 ea?
1654 1042 1667 1060 ⁰
1684 1040 1861 1085 Numquid
1879 1040 2019 1084 repellet

125 1090 247 1134 aliquis
269 1089 401 1123 leonem
423 1087 627 1121 esurientem
648 1087 683 1120 in
704 1087 800 1125 silva,
824 1090 885 1121 aut
907 1087 1085 1131 extinguet
1106 1087 1218 1132 ignem
1240 1087 1274 1121 in
1296 1087 1432 1131 stipula,
1456 1099 1536 1121 mox
1558 1087 1696 1132 quando
1719 1088 1861 1131 coeperit
1881 1087 2016 1122 ardere?

128 1139 139 1157 ⁷
165 1136 342 1181 Numquid
367 1134 507 1179 repellet
531 1134 651 1178 aliquis
671 1133 835 1178 sagittam
855 1145 875 1167 a
894 1134 1071 1178 sagittario
1092 1135 1172 1168 forti
1192 1135 1350 1168 missam?
1398 1137 1410 1154 Β
1434 1135 1601 1168 Dominus
1622 1135 1718 1168 fortis
1738 1134 1898 1168 immittit
1917 1134 2018 1173 mala,

126 1187 162 1218 et
185 1184 260 1228 quis
285 1186 337 1216 est
360 1182 418 1226 qui
443 1181 585 1225 repellat
608 1181 666 1214 0οΡ
723 1183 735 1200 ⁹
760 1181 855 1214 Exiit
879 1181 963 1225 ignis
993 1192 1033 1214 ex
1062 1181 1238 1215 iracundia
1266 1182 1347 1221 eius,
1378 1184 1412 1215 et
1441 1182 1515 1226 quis
1545 1185 1597 1215 est
1625 1182 1683 1225 qui
1711 1182 1892 1226 extinguat
1920 1181 2017 1214 eum?

128 1233 156 1252 ¹⁰
181 1229 390 1267 Coruscabit,
417 1231 451 1262 et
475 1228 550 1272 quis
575 1239 643 1261 non
668 1228 822 1262 timebit?
851 1228 1009 1268 Tonabit,
1036 1232 1070 1262 et
1095 1229 1170 1272 quis
1195 1239 1263 1262 non
1289 1228 1449 1272 pavebit?
1500 1231 1523 1248 ¹¹
1550 1229 1717 1262 Dominus
1743 1228 2019 1266 comminabitur,

127 1281 161 1311 et
185 1277 260 1321 quis
284 1287 353 1310 non
378 1275 533 1309 funditus
559 1278 754 1309 conteretur
777 1286 797 1308 a
821 1275 905 1308 facie
939 1275 1062 1319 ipsius?
1120 1277 1146 1295 ¹²
1180 1276 1282 1309 Terra
1314 1276 1455 1309 tremuit
1488 1279 1523 1309 et
1554 1276 1781 1309 fundamenta
1813 1275 1894 1315 eius,
1928 1285 2021 1308 mare

127 1324 274 1358 fluctuat
296 1323 337 1356 de
360 1322 541 1367 profundo,
566 1325 601 1356 et
623 1322 747 1356 fluctus
771 1322 840 1355 eius
864 1322 1161 1361 disturbabuntur,
1199 1326 1233 1356 et
1256 1322 1362 1367 pisces
1386 1322 1455 1356 eius
1479 1334 1499 1356 a
1522 1322 1606 1356 facie
1630 1322 1779 1362 Domini,
1816 1326 1850 1356 et
1873 1333 1893 1355 a
1915 1321 2022 1365 gloria

127 1371 266 1405 virtutis
287 1370 373 1403 eius:
418 1372 445 1389 ¹³
470 1369 632 1413 quoniam
653 1369 750 1403 fortis
772 1369 913 1403 dextera
934 1369 1003 1402 eius
1026 1380 1100 1413 quae
1122 1380 1238 1403 arcum
1260 1369 1386 1403 tendit:
1409 1370 1543 1414 sagittae
1565 1369 1634 1403 eius
1656 1372 1765 1403 acutae
1787 1380 1862 1413 quae
1883 1369 1926 1402 ab
1948 1369 2021 1412 ipso

127 1418 326 1456 mittuntur,
352 1427 421 1450 non
447 1416 614 1455 deficient,
643 1427 719 1449 cum
746 1416 911 1460 coeperint
936 1416 1027 1450 mitti
1053 1417 1087 1449 in
1113 1416 1195 1449 fines
1221 1420 1328 1450 terrae.
1379 1418 1404 1436 ¹⁴
1429 1417 1516 1450 Ecce
1542 1416 1730 1451 mittuntur
1754 1416 1855 1456 mala,
1894 1419 1929 1449 et
1953 1426 2022 1449 non

128 1467 343 1498 revertentur
369 1463 476 1497 donec
502 1462 643 1496 veniant
668 1473 769 1505 super
794 1466 931 1496 terram.
981 1464 1007 1481 ¹⁵
1033 1463 1123 1506 Ignis
1148 1463 1375 1502 succenditur,
1403 1467 1437 1496 et
1462 1474 1530 1496 non
1556 1463 1785 1507 extinguetur,
1812 1463 1919 1496 donec
1945 1473 2022 1496 0011-

126 1514 244 1545 sumat
270 1510 497 1544 fundamenta
524 1512 631 1542 terrae.
683 1510 712 1528 ¹⁶
737 1508 1034 1551 Quemadmodum
1063 1520 1132 1542 non
1159 1509 1248 1543 redit
1274 1509 1402 1553 sagitta
1429 1510 1531 1543 missa
1558 1521 1578 1543 a
1606 1510 1719 1543 valido
1747 1509 1935 1554 sagittario,
1976 1509 2023 1542 sic

129 1569 197 1591 non
220 1560 435 1591 revertentur
457 1555 548 1589 mala
571 1566 645 1599 quae
669 1555 771 1589 missa
794 1555 921 1589 fuerint
944 1556 978 1589 in
1002 1559 1138 1590 terram.
1197 1557 1225 1575 ¹⁷
1250 1556 1308 1590 Vae
1331 1556 1413 1589 mihi
1438 1567 1488 1590 vae
1511 1556 1609 1589 mihi:
1634 1556 1708 1600 quis
1732 1567 1785 1590 me
1808 1555 1967 1589 liberabit
1990 1555 2024 1588 in

128 1605 192 1638 illis
214 1604 351 1638 diebus?
398 1605 426 1622 ¹⁸
453 1602 593 1636 Initium
616 1602 771 1635 dolorum
794 1606 828 1636 et
849 1602 949 1636 multi
970 1603 1127 1646 gemitus,
1150 1602 1286 1637 initium
1308 1603 1408 1636 famis
1430 1607 1464 1637 et
1485 1603 1585 1637 multi
1606 1603 1775 1643 interitus,
1797 1603 1934 1637 initium
1956 1602 2024 1635 bel-

128 1651 238 1685 lorum
258 1654 292 1684 et
309 1650 545 1684 formidabunt
564 1652 764 1693 potestates,
783 1649 919 1683 initium
937 1649 1105 1683 malorum
1123 1653 1158 1683 et
1175 1650 1400 1693 trepidabunt
1418 1661 1544 1684 omnes.
1586 1652 1615 1670 ¹⁹
1641 1650 1681 1683 In
1705 1650 1755 1683 his
1781 1650 1863 1694 quid
1887 1649 2023 1688 faciam,

128 1709 206 1732 cum
234 1698 390 1731 venerint
416 1696 525 1730 mala?
579 1698 608 1716 ²⁰
632 1696 719 1729 Ecce
745 1697 852 1730 1011105
880 1699 914 1730 et
942 1696 1051 1741 plaga,
1080 1700 1114 1730 et
1141 1697 1329 1737 tribulatio,
1355 1700 1390 1731 et
1414 1697 1572 1741 angustia
1596 1698 1698 1730 missa
1724 1700 1805 1731 sunt
1831 1696 1964 1741 flagella
1989 1696 2025 1731 in

131 1744 382 1783 emendatione,
435 1745 459 1763 ²¹
479 1746 513 1776 et
531 1743 566 1776 in
585 1743 636 1776 his
657 1743 815 1776 omnibus
842 1754 877 1776 se
905 1754 973 1777 non
1001 1747 1203 1777 convertent
1230 1744 1273 1778 ab
1301 1744 1542 1788 iniquitatibus
1570 1744 1649 1783 suis,
1678 1755 1787 1788 neque
1815 1743 2024 1788 flagellorum

130 1801 296 1824 memores
314 1793 414 1824 erunt
432 1801 574 1833 semper.
616 1791 642 1809 ²²
660 1790 757 1829 Ecce,
777 1790 841 1824 erit
859 1801 1002 1824 annonae
1020 1790 1134 1824 vilitas
1153 1802 1253 1835 super
1270 1794 1407 1831 terram,
1427 1791 1473 1824 sic
1491 1794 1531 1825 ut
1549 1794 1672 1835 putent
1689 1791 1753 1824 sibi
1771 1802 1841 1824 esse
1859 1791 2024 1824 directam

132 1848 261 1882 pacem,
282 1840 317 1871 et
334 1840 417 1871 tunc
431 1836 673 1881 germinabunt
686 1836 778 1870 mala
790 1847 892 1881 super
905 1840 1042 1875 terram,
1057 1837 1200 1882 gladius,
1215 1837 1335 1878 fames,
1355 1841 1389 1872 et
1405 1849 1530 1882 magna
1543 1838 1706 1872 confusio.
1747 1840 1773 1858 ²³
1787 1839 1815 1871 A
1829 1838 1921 1871 fame
1935 1837 2024 1870 enim

132 1884 268 1929 plurimi
289 1884 347 1928 qui
368 1883 566 1917 inhabitant
585 1886 711 1917 terram
733 1883 904 1924 interient,
925 1888 960 1918 et
983 1884 1115 1929 gladius
1136 1885 1255 1929 perdet
1276 1888 1403 1919 ceteros
1425 1885 1482 1929 qui
1503 1885 1740 1929 superaverint
1760 1896 1780 1918 a
1798 1885 1899 1924 fame,
1945 1886 1971 1904 ²⁴
1991 1886 2026 1917 et

132 1931 259 1964 mortui
276 1931 365 1964 sicut
381 1934 531 1964 stercora
547 1929 776 1974 proiioientur,
794 1934 829 1964 et
845 1942 913 1964 non
930 1931 994 1965 erit
1011 1932 1069 1975 qui
1086 1932 1278 1966 consoletur
1295 1943 1361 1967 005.
1387 1932 1650 1976 Derelinquetur
1667 1932 1756 1965 0111111
1774 1935 1864 1965 terra
1880 1932 2024 1970 deserta,

131 1981 166 2012 et
191 1978 347 2011 civitates
373 1977 442 2010 eius
468 1977 677 2011 deiicientur.
717 1979 743 1997 ²⁵
768 1977 845 2011 Non
869 1978 1124 2022 derelinquetur
1138 1979 1196 2022 qui
1212 1979 1302 2013 colat
1316 1982 1453 2019 terram,
1470 1982 1504 2012 et
1519 1978 1577 2023 qui
1591 1979 1735 2012 seminet
1750 1990 1835 2013 eam.
1875 1980 1904 1998 ²⁶
1919 1978 2026 2022 Ligna

131 2025 265 2058 dabunt
287 2025 429 2065 fructus,
454 2027 488 2057 et
511 2024 586 2068 quis
610 2024 837 2058 vindemiabit
859 2025 934 2058 illa?
983 2027 1009 2045 ²⁷
1038 2025 1114 2059 Uva
1136 2029 1273 2060 matura
1296 2026 1364 2063 fiet,
1389 2030 1424 2060 et
1446 2026 1520 2070 quis
1545 2026 1691 2060 calcabit
1712 2025 1824 2059 illam?
1850 2025 1914 2059 erit
1936 2025 2026 2059 enim

132 2072 212 2105 locis
236 2082 361 2116 magna
385 2071 542 2106 desertio.
589 2073 617 2091 ²⁸
642 2071 764 2115 Cupiet
787 2071 877 2105 enim
901 2072 1003 2106 homo
1026 2072 1199 2106 hominem
1223 2073 1347 2112 videre,
1372 2073 1425 2106 vel
1449 2084 1568 2106 vocem
1591 2073 1661 2106 eius
1685 2072 1812 2107 audire.
1860 2074 1888 2092 ²⁹
1913 2071 2026 2105 Relin-

132 2122 282 2162 quentur
301 2118 391 2151 enim
412 2118 453 2151 (10
474 2118 614 2152 civitate
636 2118 763 2156 decem,
784 2122 820 2153 et
839 2119 906 2152 duo
927 2119 968 2152 de
989 2130 1068 2163 agro
1089 2120 1147 2163 qui
1168 2120 1407 2153 absconderint
1428 2131 1462 2153 se
1482 2120 1516 2153 in
1537 2120 1648 2153 densis
1669 2120 1874 2159 nemoribus,
1895 2122 1930 2153 et
1949 2119 2027 2152 scis-

130 2166 217 2199 suris
239 2168 428 2210 petrarum:
474 2167 503 2185 ³⁰
527 2165 819 2208 quemadmodum
840 2165 1124 2209 derelinquuntur
1143 2166 1177 2199 in
1198 2166 1324 2201 oliveto
1345 2171 1380 2201 et
1400 2166 1538 2211 singulis
1560 2166 1736 2200 arboribus
1757 2170 1824 2200 tres
1846 2169 1909 2200 aut
1929 2169 2028 2209 quat-

132 2216 212 2247 tuor
235 2212 342 2247 olivae.
390 2213 415 2232 ³¹
440 2215 503 2246 aut
525 2212 614 2246 sicut
636 2211 671 2245 in
695 2211 796 2246 vinea
819 2212 1032 2247 vindemiata
1054 2213 1179 2247 racemi
1202 2213 1442 2257 relinquuntur
1465 2214 1508 2247 ab
1533 2213 1584 2247 his
1608 2213 1666 2258 qui
1691 2213 1869 2258 diligenter
1892 2213 2028 2246 vineam

131 2262 345 2292 scrutantur:
395 2260 421 2278 ³²
446 2258 492 2291 sic
518 2258 752 2302 relinquentur
776 2259 811 2292 in
836 2259 954 2293 diebus
980 2259 1044 2293 illis
1070 2263 1137 2294 tres
1163 2263 1225 2294 aut
1250 2263 1416 2304 quattuor
1441 2260 1484 2294 ab
1509 2260 1742 2294 scrutantibus
1768 2260 1886 2293 domos
1912 2270 2029 2293 eorum

132 2305 168 2338 in
193 2305 376 2349 romphaea.
426 2307 452 2324 ³³
477 2305 524 2339 Et
547 2305 758 2349 relinquetur
782 2308 873 2339 terra
897 2306 1041 2346 deserta,
1068 2310 1102 2340 et
1127 2307 1197 2350 agri
1223 2307 1292 2340 0105
1317 2307 1572 2347 inveterabunt,
1598 2310 1633 2341 et
1658 2307 1720 2340 viae
1746 2307 1826 2346 eius,
1853 2309 1888 2340 et
1913 2316 2028 2340 omnes

133 2352 263 2386 semitae
285 2352 354 2385 eius
377 2351 619 2396 germinabunt
639 2352 765 2396 spinas,
788 2363 826 2386 eo
849 2353 941 2396 quod
962 2364 1031 2386 non
1052 2354 1222 2388 transient
1242 2354 1394 2387 homines
1417 2365 1476 2398 per
1497 2365 1583 2389 eam.
1628 2355 1655 2373 ³⁴
1679 2353 1862 2397 Lugebunt
1883 2353 2028 2398 virgines

135 2409 204 2432 11011
228 2398 394 2432 habentes
418 2409 571 2443 sponsos,
595 2398 763 2443 lugebunt
786 2399 941 2433 mulieres
966 2411 1035 2434 non
1060 2400 1225 2434 habentes
1250 2401 1351 2439 viros,
1377 2401 1544 2445 lugebunt
1568 2400 1643 2434 filiae
1668 2412 1784 2434 earum
1809 2411 1877 2434 non
1902 2400 2029 2433 haben-

133 2448 185 2480 tes
209 2445 433 2479 adiutorium:
480 2447 507 2465 ³⁵
529 2445 644 2490 sponsi
667 2456 784 2480 earum
808 2447 841 2479 in
866 2446 952 2480 bello
978 2451 1231 2488 consumentur,
1256 2451 1291 2482 et
1313 2448 1376 2481 viri
1400 2459 1516 2481 earum
1540 2448 1574 2481 111
1597 2448 1687 2481 101110
1711 2451 1918 2482 exterentur.

2067 900 2174 925 Gentes

2065 936 2103 960 ab
2124 935 2175 959 ini-

2039 970 2204 1001 quitatibus

2050 1006 2108 1031 suis
2137 1012 2195 1030 non

2050 1047 2195 1066 conversae

2061 1076 2184 1107 flagella-

2058 1112 2176 1141 buntur,

244 2494 273 2512 ³⁶
297 2492 423 2526 Audite
447 2503 528 2526 vero
551 2492 629 2532 ista,
654 2496 690 2527 et
713 2494 904 2538 cognoscite
929 2505 969 2528 ea
991 2494 1079 2528 servi
1096 2494 1246 2529 Domini.
1286 2496 1314 2514 ³⁷
1332 2494 1419 2528 Ecce
1436 2495 1579 2528 verbum
1596 2494 1745 2532 Domini,
1764 2494 1909 2539 excipite
1926 2493 2024 2527 illud:
2052 2497 2081 2522 in
2103 2495 2212 2527 populo

133 2550 175 2572 ne
194 2539 257 2572 diis
277 2539 422 2573 credatis
442 2539 483 2572 de
503 2539 626 2583 quibus
648 2539 732 2574 dicit
750 2540 929 2575 Dominus.
964 2543 992 2561 ³⁸
1010 2541 1097 2575 Ecce
1117 2542 1398 2586 appropinquant
1416 2541 1516 2579 mala,
1537 2545 1572 2576 et
1590 2552 1658 2575 non
1677 2541 1829 2576 tardant.
1856 2543 1884 2561 ³⁹
1905 2541 2027 2583 Quem—

133 2586 322 2620 admodum
356 2596 534 2630 praegnans
567 2597 645 2620 cum
678 2587 768 2631 parit
792 2588 827 2621 in
859 2599 948 2621 nono
974 2599 1088 2622 mense
1114 2588 1221 2622 filium
1245 2599 1356 2629 suum,
1383 2589 1682 2633 appropinquante
1706 2589 1790 2622 hora
1815 2591 1933 2633 partus
1958 2587 2028 2621 eius

133 2636 214 2667 ante
238 2633 337 2666 horas
362 2633 446 2666 duas
471 2633 524 2667 vel
547 2636 626 2673 tres,
652 2634 782 2667 dolores
807 2634 1019 2669 circumeunt
1042 2639 1198 2669 ventrem
1222 2636 1302 2676 eius,
1328 2639 1363 2670 et
1386 2636 1575 2680 prodeunte
1599 2636 1730 2669 infante
1755 2635 1796 2668 de
1819 2638 1938 2669 ventre
1961 2645 2030 2668 non

134 2679 326 2714 tardabunt
347 2690 415 2713 uno
438 2683 582 2724 puncto:
629 2682 658 2701 ²⁰
679 2681 726 2715 sic
748 2692 817 2715 non
839 2682 1067 2716 morabuntur
1089 2682 1180 2716 mala
1201 2682 1246 2717 ad
1269 2683 1507 2727 prodeundum
1529 2693 1630 2727 super
1652 2685 1789 2721 terram,
1813 2685 1847 2716 et
1869 2681 2029 2715 saeculum

133 2729 258 2771 gemet,
284 2729 318 2760 et
342 2726 472 2760 dolores
498 2727 795 2762 circumtenebunt
818 2728 912 2764 illud.
960 2731 985 2749 ⁴¹
1012 2729 1138 2763 Audite
1163 2729 1317 2770 verbum,
1343 2729 1437 2774 plebs
1462 2740 1552 2763 mea:
1580 2732 1699 2773 parate
1724 2740 1783 2762 vos
1808 2729 1843 2762 in
1867 2739 2029 2773 pugnam,

133 2777 170 2807 et
192 2773 227 2806 in
251 2773 348 2807 malis
372 2773 419 2807 sic
443 2776 563 2813 estote,
589 2775 687 2818 quasi
711 2775 851 2809 advenae
876 2779 984 2811 terrae.
1031 2778 1058 2796 ⁴²
1081 2776 1146 2819 Qui
1169 2777 1299 2817 vendit,
1324 2777 1421 2820 quasi
1445 2776 1503 2820 qui
1526 2776 1650 2820 fugiat:
1676 2779 1711 2810 et
1733 2776 1792 2819 qui
1815 2776 1908 2816 emit,
1933 2775 2030 2819 quasi

134 2820 194 2863 qui
216 2820 420 2864 perdituruS.
465 2822 491 2840 ⁴³
517 2821 582 2863 Qui
601 2825 783 2861 mercatur,
806 2823 903 2866 quasi
924 2823 982 2866 qui
1003 2824 1154 2857 fructum
1174 2834 1243 2857 non
1264 2824 1393 2868 capiat:
1416 2826 1450 2857 et
1471 2823 1529 2867 qui
1549 2823 1706 2862 aedificat,
1729 2822 1826 2866 quasi
1846 2833 1915 2855 non
1935 2822 2031 2856 habi-

136 2869 283 2902 taturus
326 2868 353 2886 ⁴¹⁴
378 2867 442 2910 Qui
460 2868 618 2908 seminat,
638 2868 736 2912 quasi
755 2869 813 2912 (101
831 2880 900 2902 11011
918 2872 1040 2903 metet:
1060 2870 1106 2903 sic
1125 2873 1160 2904 et
1178 2871 1237 2914 qui
1256 2871 1391 2904 vineam
1411 2874 1523 2914 putat,
1544 2870 1641 2914 quasi
1659 2880 1727 2902 non
1747 2869 2030 2904 vindemiaturus.

138 2915 165 2932 ⁴²⁵
190 2913 255 2956 Qui
278 2913 426 2953 nubunt,
451 2914 498 2948 sic
522 2914 620 2958 quasi
643 2914 728 2948 filios
753 2926 821 2949 non
841 2916 980 2950 facturi:
1003 2919 1037 2951 et
1057 2917 1116 2961 qui
1135 2928 1204 2951 non
1224 2917 1371 2956 nubunt,
1392 2917 1439 2950 sic
1460 2917 1557 2960 quasi
1577 2916 1681 2950 vidui.
1726 2917 1755 2935 ⁴⁶
1776 2916 1919 2960 Propter
1938 2916 2031 2960 quod

137 2959 195 3003 qui
220 2959 388 3000 laborant,
414 2961 484 2994 sine
510 2972 612 2995 causa
635 2961 808 2996 laborant:
857 2964 885 2982 ⁴⁷
912 2963 1056 2997 Fructus
1081 2964 1171 2997 enim
1195 2964 1330 2998 illorum
1355 2963 1549 3008 alienigenae
1574 2966 1716 3002 metent,
1742 2965 1776 2996 et
1799 2963 2030 2997 substantiam

137 3006 272 3040 illorum
294 3007 439 3050 rapient,
463 3010 498 3042 et
520 3008 639 3042 domos
662 3012 828 3049 evertent‚
853 3012 887 3043 et
910 3010 994 3043 filios
1018 3021 1132 3044 eorum
1158 3010 1397 3055 captivabunt,
1421 3011 1502 3054 quia
1523 3010 1558 3043 in
1581 3010 1785 3054 captivitate
1808 3012 1843 3043 et
1865 3010 1954 3043 fame
1977 3020 2032 3054 ge-

136 3056 260 3086 nerant
282 3057 381 3087 natos
405 3065 494 3089 suos.
542 3056 570 3074 ⁴⁸
596 3055 642 3088 Et
666 3055 725 3099 qui
748 3056 968 3101 negotiantur
989 3057 1026 3090 'in
1048 3057 1179 3102 rapina,
1205 3060 1375 3101 quantum
1399 3057 1456 3090 diu
1481 3060 1649 3091 exornant
1673 3056 1829 3090 civitates
1854 3060 1889 3090 et
1912 3056 2030 3089 domos

137 3110 228 3139 5005,
254 3103 289 3133 et
313 3101 537 3144 possessiones
562 3104 597 3135 et
621 3113 781 3146 personas
805 3113 895 3143 5005,
955 3105 985 3123 ⁴⁰
1008 3107 1108 3138 tanto
1133 3105 1239 3148 magis
1265 3103 1446 3137 adzelabor
1469 3115 1524 3137 eos
1549 3115 1650 3148 super
1675 3107 1816 3148 peccata
1839 3114 1910 3143 sua,
1949 3103 2033 3136 dicit

139 3146 320 3179 Dominus:
370 3148 399 3167 ⁵⁰
424 3147 602 3190 Quomodo
629 3148 758 3183 zelatur
782 3150 963 3184 fornicaria
987 3151 1162 3185 mulierem
1188 3151 1346 3184 idoneam
1372 3154 1407 3184 et
1432 3151 1557 3184 bonam
1583 3150 1694 3190 valde,
1743 3152 1768 3170 ⁵¹
1794 3150 1841 3183 sic
1866 3149 2032 3183 zelabitur

138 3193 270 3226 iustitia
287 3193 505 3237 iniquitatem
523 3205 600 3228 cum
616 3199 760 3230 exornat
776 3207 821 3237 50,
838 3200 873 3230 et
889 3201 1028 3232 accusat
1044 3209 1119 3231 eam
1135 3198 1170 3231 in
1185 3198 1282 3237 10010,
1300 3208 1377 3231 00111
1394 3197 1526 3231 venerit
1543 3197 1601 3241 qui
1617 3197 1780 3230 defendat
1796 3196 2031 3240 exquirentem

139 3250 238 3272 omne
266 3244 445 3284 peccatum
470 3252 572 3285 super
597 3244 734 3277 terram.
785 3245 812 3263 ⁵²
836 3244 1021 3288 Propterea
1046 3244 1151 3278 nolite
1177 3244 1316 3278 similari
1343 3244 1382 3284 ei,
1410 3255 1471 3278 nec
1498 3244 1655 3288 operibus
1682 3244 1767 3277 eius:
1818 3244 1844 3262 ⁵³
1869 3243 2031 3286 quonia-m

139 3286 250 3320 adhuc
273 3286 445 3331 pusillum,
469 3290 504 3321 et
526 3287 667 3322 tolletur
688 3289 850 3333 iniquitas
874 3302 895 3325 a
916 3294 1018 3331 terra,
1042 3294 1077 3325 et
1099 3291 1231 3325 iustitia
1253 3291 1410 3336 regnabit
1432 3291 1467 3324 in
1490 3302 1562 3326 vos.
1608 3292 1635 3311 ⁵⁴
1658 3291 1736 3324 Non
1759 3289 1852 3323 dicat
1875 3293 2033 3333 peccator

138 3342 173 3365 50
196 3343 264 3366 11011
290 3344 459 3377 peccasse:
486 3335 648 3378 quoniam
673 3336 835 3370 carbones
866 3337 951 3382 ignis
982 3338 1160 3372 comburet
1189 3348 1290 3382 super
1320 3341 1426 3382 caput
1455 3337 1536 3378 eius,
1568 3338 1626 3382 qui
1656 3337 1754 3370 dicit:
1786 3336 1864 3369 Non
1894 3336 2032 3380 peccavi

138 3389 253 3412 coram
278 3380 424 3413 Domino
450 3380 522 3414 Deo
547 3384 582 3416 et
605 3382 711 3426 gloria
735 3383 850 3428 1115105.

2044 2532 2095 2557 Dei
2110 2531 2224 2556 iustitia

2059 2567 2204 2599 regnabit:

251 3428 277 3446 ⁵⁵
301 3427 388 3461 Ecce
414 3427 580 3462 Dominus
600 3434 780 3474 cognoscet
798 3431 914 3465 omnia
932 3443 1035 3476 opera
1052 3431 1240 3472 hominum,
1261 3434 1296 3466 et
1314 3431 1573 3466 adinventiones
1592 3431 1737 3470 illorum,
1757 3433 1792 3464 et
1811 3429 2032 3473 cogitationes
2047 3431 2124 3456 Deus
2139 3431 2237 3456 omnia.

141 3472 287 3513 illorum,
306 3478 341 3508 et
358 3474 460 3508 corda
477 3474 622 3511 illorum.
664 3478 693 3496 ⁵⁸
717 3477 815 3512 Dixit
832 3478 937 3512 enim:
957 3479 1036 3513 Fiat
1052 3481 1153 3519 terra,
1172 3481 1207 3512 et
1224 3479 1317 3513 facta
1335 3482 1400 3512 est:
1420 3479 1482 3513 fiat
1499 3478 1627 3517 caelum,
1646 3480 1681 3512 et
1698 3477 1827 3511 factum
1847 3478 1908 3511 est.
1943 3477 1970 3495 ⁵⁷
1990 3475 2036 3509 Et

208 3534 458 3568 Hetzenauer‚
484 3538 610 3571 Vulgata
632 3538 823 3567 clementina.
1770 3534 1818 3574 78

2072 3466 2218 3497 cognoscit
