<?xml version="1.0" encoding="UTF-8"?>
<!DOCTYPE html PUBLIC "-//W3C//DTD XHTML 1.0 Transitional//EN"
    "http://www.w3.org/TR/xhtml1/DTD/xhtml1-transitional.dtd">
<html xmlns="http://www.w3.org/1999/xhtml" xml:lang="en" lang="en">
 <head>
  <title>
</title>
<meta http-equiv="Content-Type" content="text/html;charset=utf-8" />
  <meta name='ocr-system' content='tesseract 3.04.00' />
  <meta name='ocr-capabilities' content='ocr_page ocr_carea ocr_par ocr_line ocrx_word'/>
</head>
<body>
  <div class='ocr_page' id='page_1' title='image "./bibliasacravulga00helzuoft_1095.png"; bbox 0 0 2356 3760; ppageno 0'>
   <div class='ocr_carea' id='block_1_1' title="bbox 159 134 2047 181">
    <p class='ocr_par' dir='ltr' id='par_1_1' title="bbox 159 134 2047 181">
     <span class='ocr_line' id='line_1_1' title="bbox 159 134 2047 181; baseline 0.003 -13"><span class='ocrx_word' id='word_1_1' title='bbox 159 136 191 176; x_wconf 71' lang='grc' dir='ltr'>Γ),</span> <span class='ocrx_word' id='word_1_2' title='bbox 216 135 335 174; x_wconf 78' lang='grc'>32--7,</span> <span class='ocrx_word' id='word_1_3' title='bbox 360 134 381 168; x_wconf 83' lang='grc'><strong>3</strong></span> <span class='ocrx_word' id='word_1_4' title='bbox 854 135 998 170; x_wconf 79' lang='lat' dir='ltr'>ACTUS</span> <span class='ocrx_word' id='word_1_5' title='bbox 1023 136 1364 170; x_wconf 82' lang='lat' dir='ltr'>APOSTOLORUM</span> <span class='ocrx_word' id='word_1_6' title='bbox 1952 140 2047 181; x_wconf 79' lang='lat'>1071</span> 
     </span>
    </p>
   </div>
   <div class='ocr_carea' id='block_1_2' title="bbox 154 227 2244 1336">
    <p class='ocr_par' dir='ltr' id='par_1_2' title="bbox 157 227 2051 386">
     <span class='ocr_line' id='line_1_2' title="bbox 159 227 2049 285; baseline 0.003 -18"><span class='ocrx_word' id='word_1_7' title='bbox 159 227 360 268; x_wconf 74' lang='lat' dir='ltr'>exaltavit</span> <span class='ocrx_word' id='word_1_8' title='bbox 380 228 549 268; x_wconf 85' lang='lat' dir='ltr'>dextera</span> <span class='ocrx_word' id='word_1_9' title='bbox 570 241 643 268; x_wconf 88' lang='lat' dir='ltr'>sua</span> <span class='ocrx_word' id='word_1_10' title='bbox 664 229 716 269; x_wconf 88' lang='lat' dir='ltr'>ad</span> <span class='ocrx_word' id='word_1_11' title='bbox 737 228 917 268; x_wconf 89' lang='lat' dir='ltr'>dandam</span> <span class='ocrx_word' id='word_1_12' title='bbox 939 228 1224 281; x_wconf 83' lang='lat' dir='ltr'>poenitentiam</span> <span class='ocrx_word' id='word_1_13' title='bbox 1250 229 1398 278; x_wconf 86' lang='lat' dir='ltr'>lsraeli,</span> <span class='ocrx_word' id='word_1_14' title='bbox 1422 234 1464 270; x_wconf 88' lang='lat' dir='ltr'>et</span> <span class='ocrx_word' id='word_1_15' title='bbox 1483 229 1756 271; x_wconf 85' lang='lat' dir='ltr'>remissionem</span> <span class='ocrx_word' id='word_1_16' title='bbox 1779 236 2049 285; x_wconf 86' lang='lat' dir='ltr'>peccatorum.</span> 
     </span>
     <span class='ocr_line' id='line_1_3' title="bbox 157 286 2051 341; baseline 0.003 -15"><span class='ocrx_word' id='word_1_17' title='bbox 157 288 190 311; x_wconf 81' lang='lat'>32</span> <span class='ocrx_word' id='word_1_18' title='bbox 221 291 263 326; x_wconf 92' lang='lat' dir='ltr'>et</span> <span class='ocrx_word' id='word_1_19' title='bbox 292 299 365 327; x_wconf 92' lang='lat' dir='ltr'>nos</span> <span class='ocrx_word' id='word_1_20' title='bbox 397 300 535 327; x_wconf 85' lang='lat' dir='ltr'>sumus</span> <span class='ocrx_word' id='word_1_21' title='bbox 568 290 691 327; x_wconf 85' lang='lat' dir='ltr'>testes</span> <span class='ocrx_word' id='word_1_22' title='bbox 722 286 867 327; x_wconf 91' lang='lat' dir='ltr'>horum</span> <span class='ocrx_word' id='word_1_23' title='bbox 898 287 1128 330; x_wconf 82' lang='lat' dir='ltr'>verborum.</span> <span class='ocrx_word' id='word_1_24' title='bbox 1163 292 1202 327; x_wconf 87' lang='lat' dir='ltr'>et</span> <span class='ocrx_word' id='word_1_25' title='bbox 1233 288 1407 340; x_wconf 81' lang='lat' dir='ltr'>Spiritus</span> <span class='ocrx_word' id='word_1_26' title='bbox 1438 292 1615 333; x_wconf 79' lang='lat' dir='ltr'>sanctus,</span> <span class='ocrx_word' id='word_1_27' title='bbox 1650 301 1769 341; x_wconf 90' lang='lat' dir='ltr'>quem</span> <span class='ocrx_word' id='word_1_28' title='bbox 1800 290 1913 330; x_wconf 80' lang='lat' dir='ltr'>dedit</span> <span class='ocrx_word' id='word_1_29' title='bbox 1942 291 2051 331; x_wconf 88' lang='lat' dir='ltr'>Deus</span> 
     </span>
     <span class='ocr_line' id='line_1_4' title="bbox 159 344 776 386; baseline -0.002 -1"><span class='ocrx_word' id='word_1_30' title='bbox 159 345 346 385; x_wconf 90' lang='lat' dir='ltr'>omnibus</span> <span class='ocrx_word' id='word_1_31' title='bbox 377 344 660 386; x_wconf 79' lang='lat' dir='ltr'>obedientibus</span> <span class='ocrx_word' id='word_1_32' title='bbox 689 344 776 385; x_wconf 85' lang='lat' dir='ltr'>sibi.</span> 
     </span>
    </p>

    <p class='ocr_par' dir='ltr' id='par_1_3' title="bbox 154 402 2244 1089">
     <span class='ocr_line' id='line_1_5' title="bbox 260 402 2232 470; baseline 0.003 -26"><span class='ocrx_word' id='word_1_33' title='bbox 260 406 293 428; x_wconf 85' lang='grc'>33</span> <span class='ocrx_word' id='word_1_34' title='bbox 313 404 410 444; x_wconf 82' lang='lat' dir='ltr'>Haec</span> <span class='ocrx_word' id='word_1_35' title='bbox 430 417 522 444; x_wconf 90' lang='lat' dir='ltr'>cum</span> <span class='ocrx_word' id='word_1_36' title='bbox 542 403 762 448; x_wconf 71' lang='lat' dir='ltr'>audissent,</span> <span class='ocrx_word' id='word_1_37' title='bbox 783 402 1103 449; x_wconf 81' lang='lat' dir='ltr'>dissecabantur,</span> <span class='ocrx_word' id='word_1_38' title='bbox 1125 408 1167 445; x_wconf 91' lang='lat' dir='ltr'>et</span> <span class='ocrx_word' id='word_1_39' title='bbox 1185 405 1423 458; x_wconf 78' lang='lat' dir='ltr'>cogitabant</span> <span class='ocrx_word' id='word_1_40' title='bbox 1441 405 1664 446; x_wconf 74' lang='lat' dir='ltr'>interficere</span> <span class='ocrx_word' id='word_1_41' title='bbox 1684 404 1782 446; x_wconf 80' lang='lat' dir='ltr'>illos.</span> <span class='ocrx_word' id='word_1_42' title='bbox 1829 409 1860 430; x_wconf 71' lang='lat'>³⁴</span> <span class='ocrx_word' id='word_1_43' title='bbox 1880 407 2051 460; x_wconf 76' lang='lat' dir='ltr'>Surgens</span> <span class='ocrx_word' id='word_1_44' title='bbox 2078 411 2232 470; x_wconf 38' lang='lat' dir='ltr'>giuadssfs·</span> 
     </span>
     <span class='ocr_line' id='line_1_6' title="bbox 157 452 2225 517; baseline 0.001 -15"><span class='ocrx_word' id='word_1_45' title='bbox 157 466 294 502; x_wconf 87' lang='lat' dir='ltr'>autem</span> <span class='ocrx_word' id='word_1_46' title='bbox 333 462 498 515; x_wconf 90' lang='lat' dir='ltr'>quidam</span> <span class='ocrx_word' id='word_1_47' title='bbox 536 462 575 501; x_wconf 91' lang='lat' dir='ltr'>in</span> <span class='ocrx_word' id='word_1_48' title='bbox 610 460 777 502; x_wconf 89' lang='lat' dir='ltr'>concilio</span> <span class='ocrx_word' id='word_1_49' title='bbox 812 460 1051 511; x_wconf 75' lang='lat' dir='ltr'>Pharisaeus,</span> <span class='ocrx_word' id='word_1_50' title='bbox 1089 462 1250 504; x_wconf 88' lang='lat' dir='ltr'>nomine</span> <span class='ocrx_word' id='word_1_51' title='bbox 1286 463 1494 513; x_wconf 77' lang='lat' dir='ltr'>GamalieL</span> <span class='ocrx_word' id='word_1_52' title='bbox 1532 464 1774 517; x_wconf 86' lang='lat' dir='ltr'>legisdoctor</span> <span class='ocrx_word' id='word_1_53' title='bbox 1808 464 2051 507; x_wconf 86' lang='lat' dir='ltr'>honorabilis</span> <span class='ocrx_word' id='word_1_54' title='bbox 2091 452 2225 505; x_wconf 44' lang='lat' dir='ltr'>amm</span> 
     </span>
     <span class='ocr_line' id='line_1_7' title="bbox 158 516 2244 575; baseline 0.001 -14"><span class='ocrx_word' id='word_1_55' title='bbox 158 520 354 561; x_wconf 71' lang='lat' dir='ltr'>universa&gt;</span> <span class='ocrx_word' id='word_1_56' title='bbox 371 520 490 573; x_wconf 82' lang='lat' dir='ltr'>plebi,</span> <span class='ocrx_word' id='word_1_57' title='bbox 509 519 626 560; x_wconf 89' lang='lat' dir='ltr'>iussit</span> <span class='ocrx_word' id='word_1_58' title='bbox 642 519 748 560; x_wconf 77' lang='lat' dir='ltr'>foras</span> <span class='ocrx_word' id='word_1_59' title='bbox 767 520 818 560; x_wconf 91' lang='lat' dir='ltr'>ad</span> <span class='ocrx_word' id='word_1_60' title='bbox 834 520 956 560; x_wconf 91' lang='lat' dir='ltr'>breve</span> <span class='ocrx_word' id='word_1_61' title='bbox 974 521 1155 561; x_wconf 88' lang='lat' dir='ltr'>homines</span> <span class='ocrx_word' id='word_1_62' title='bbox 1173 521 1269 563; x_wconf 83' lang='lat' dir='ltr'>fieri.</span> <span class='ocrx_word' id='word_1_63' title='bbox 1314 524 1346 546; x_wconf 81' lang='grc'>35</span> <span class='ocrx_word' id='word_1_64' title='bbox 1364 522 1548 575; x_wconf 81' lang='lat' dir='ltr'>dixitque</span> <span class='ocrx_word' id='word_1_65' title='bbox 1566 523 1617 563; x_wconf 89' lang='lat' dir='ltr'>ad</span> <span class='ocrx_word' id='word_1_66' title='bbox 1634 522 1739 563; x_wconf 90' lang='lat' dir='ltr'>illos:</span> <span class='ocrx_word' id='word_1_67' title='bbox 1759 522 1840 562; x_wconf 89' lang='lat' dir='ltr'>Viri</span> <span class='ocrx_word' id='word_1_68' title='bbox 1863 523 2052 564; x_wconf 76' lang='lat' dir='ltr'>Israelitae</span> <span class='ocrx_word' id='word_1_69' title='bbox 2064 516 2244 545; x_wconf 58' lang='lat' dir='ltr'>⁰⁰⁰³d¹¹m²¹¹¹³</span> 
     </span>
     <span class='ocr_line' id='line_1_8' title="bbox 157 578 2054 632; baseline 0.002 -14"><span class='ocrx_word' id='word_1_70' title='bbox 157 578 360 619; x_wconf 85' lang='lat' dir='ltr'>attendite</span> <span class='ocrx_word' id='word_1_71' title='bbox 379 578 494 620; x_wconf 90' lang='lat' dir='ltr'>vobis</span> <span class='ocrx_word' id='word_1_72' title='bbox 513 591 633 631; x_wconf 88' lang='lat' dir='ltr'>super</span> <span class='ocrx_word' id='word_1_73' title='bbox 650 578 882 619; x_wconf 90' lang='lat' dir='ltr'>hominibus</span> <span class='ocrx_word' id='word_1_74' title='bbox 900 578 988 619; x_wconf 88' lang='lat' dir='ltr'>istis</span> <span class='ocrx_word' id='word_1_75' title='bbox 1008 579 1106 632; x_wconf 90' lang='lat' dir='ltr'>quid</span> <span class='ocrx_word' id='word_1_76' title='bbox 1124 580 1253 620; x_wconf 84' lang='lat' dir='ltr'>acturi</span> <span class='ocrx_word' id='word_1_77' title='bbox 1273 580 1371 621; x_wconf 89' lang='lat' dir='ltr'>sitis.</span> <span class='ocrx_word' id='word_1_78' title='bbox 1417 582 1453 605; x_wconf 73' lang='lat'>³⁶</span> <span class='ocrx_word' id='word_1_79' title='bbox 1471 581 1578 621; x_wconf 87' lang='lat' dir='ltr'>Ante</span> <span class='ocrx_word' id='word_1_80' title='bbox 1597 581 1668 622; x_wconf 92' lang='lat' dir='ltr'>hos</span> <span class='ocrx_word' id='word_1_81' title='bbox 1687 581 1793 622; x_wconf 87' lang='lat' dir='ltr'>enim</span> <span class='ocrx_word' id='word_1_82' title='bbox 1812 581 1895 622; x_wconf 90' lang='lat' dir='ltr'>dies</span> <span class='ocrx_word' id='word_1_83' title='bbox 1915 582 2054 622; x_wconf 88' lang='lat' dir='ltr'>extitit</span> 
     </span>
     <span class='ocr_line' id='line_1_9' title="bbox 157 636 2053 693; baseline 0.002 -17"><span class='ocrx_word' id='word_1_84' title='bbox 157 637 354 685; x_wconf 87' lang='lat' dir='ltr'>Theodas,</span> <span class='ocrx_word' id='word_1_85' title='bbox 383 637 518 678; x_wconf 88' lang='lat' dir='ltr'>dicens</span> <span class='ocrx_word' id='word_1_86' title='bbox 545 650 585 677; x_wconf 88' lang='lat' dir='ltr'>se</span> <span class='ocrx_word' id='word_1_87' title='bbox 612 649 696 677; x_wconf 91' lang='lat' dir='ltr'>esse</span> <span class='ocrx_word' id='word_1_88' title='bbox 722 636 911 691; x_wconf 79' lang='lat' dir='ltr'>aliquem,</span> <span class='ocrx_word' id='word_1_89' title='bbox 939 637 1003 678; x_wconf 90' lang='lat' dir='ltr'>cui</span> <span class='ocrx_word' id='word_1_90' title='bbox 1030 638 1234 679; x_wconf 89' lang='lat' dir='ltr'>consensit</span> <span class='ocrx_word' id='word_1_91' title='bbox 1259 652 1448 680; x_wconf 90' lang='lat' dir='ltr'>numerus</span> <span class='ocrx_word' id='word_1_92' title='bbox 1475 639 1654 680; x_wconf 90' lang='lat' dir='ltr'>virorum</span> <span class='ocrx_word' id='word_1_93' title='bbox 1681 639 1838 680; x_wconf 76' lang='lat' dir='ltr'>circiter</span> <span class='ocrx_word' id='word_1_94' title='bbox 1864 640 2053 693; x_wconf 88' lang='lat' dir='ltr'>quadrin-</span> 
     </span>
     <span class='ocr_line' id='line_1_10' title="bbox 154 694 2053 751; baseline 0.002 -16"><span class='ocrx_word' id='word_1_95' title='bbox 154 699 389 748; x_wconf 84' lang='lat' dir='ltr'>gentorum:</span> <span class='ocrx_word' id='word_1_96' title='bbox 420 695 488 748; x_wconf 89' lang='lat' dir='ltr'>qui</span> <span class='ocrx_word' id='word_1_97' title='bbox 517 694 669 736; x_wconf 87' lang='lat' dir='ltr'>occisus</span> <span class='ocrx_word' id='word_1_98' title='bbox 698 700 776 736; x_wconf 90' lang='lat' dir='ltr'>est:</span> <span class='ocrx_word' id='word_1_99' title='bbox 807 700 849 736; x_wconf 90' lang='lat' dir='ltr'>et</span> <span class='ocrx_word' id='word_1_100' title='bbox 877 709 1027 745; x_wconf 85' lang='lat' dir='ltr'>omnes,</span> <span class='ocrx_word' id='word_1_101' title='bbox 1059 696 1127 750; x_wconf 87' lang='lat' dir='ltr'>qui</span> <span class='ocrx_word' id='word_1_102' title='bbox 1155 697 1376 738; x_wconf 89' lang='lat' dir='ltr'>credebant</span> <span class='ocrx_word' id='word_1_103' title='bbox 1404 697 1450 745; x_wconf 82' lang='lat' dir='ltr'>ei,</span> <span class='ocrx_word' id='word_1_104' title='bbox 1481 697 1666 751; x_wconf 88' lang='lat' dir='ltr'>dissipati</span> <span class='ocrx_word' id='word_1_105' title='bbox 1694 704 1801 743; x_wconf 74' lang='lat' dir='ltr'>sunt,</span> <span class='ocrx_word' id='word_1_106' title='bbox 1832 703 1873 738; x_wconf 90' lang='lat' dir='ltr'>et</span> <span class='ocrx_word' id='word_1_107' title='bbox 1900 698 2053 740; x_wconf 90' lang='lat' dir='ltr'>redacti</span> 
     </span>
     <span class='ocr_line' id='line_1_11' title="bbox 155 753 2055 809; baseline 0.002 -15"><span class='ocrx_word' id='word_1_108' title='bbox 155 754 208 794; x_wconf 90' lang='lat' dir='ltr'>ad</span> <span class='ocrx_word' id='word_1_109' title='bbox 232 753 415 795; x_wconf 90' lang='lat' dir='ltr'>nihilum.</span> <span class='ocrx_word' id='word_1_110' title='bbox 467 755 502 780; x_wconf 77' lang='lat'>3⁷</span> <span class='ocrx_word' id='word_1_111' title='bbox 527 754 628 794; x_wconf 85' lang='lat' dir='ltr'>Post</span> <span class='ocrx_word' id='word_1_112' title='bbox 651 754 758 795; x_wconf 86' lang='lat' dir='ltr'>hunc</span> <span class='ocrx_word' id='word_1_113' title='bbox 783 754 923 795; x_wconf 86' lang='lat' dir='ltr'>extitit</span> <span class='ocrx_word' id='word_1_114' title='bbox 950 755 1071 796; x_wconf 89' lang='lat' dir='ltr'>Iudas</span> <span class='ocrx_word' id='word_1_115' title='bbox 1096 754 1284 796; x_wconf 85' lang='lat' dir='ltr'>Galilaeus</span> <span class='ocrx_word' id='word_1_116' title='bbox 1309 755 1349 795; x_wconf 94' lang='lat' dir='ltr'>in</span> <span class='ocrx_word' id='word_1_117' title='bbox 1375 755 1516 796; x_wconf 90' lang='lat' dir='ltr'>diebus</span> <span class='ocrx_word' id='word_1_118' title='bbox 1541 756 1810 809; x_wconf 72' lang='lat' dir='ltr'>professionis,</span> <span class='ocrx_word' id='word_1_119' title='bbox 1838 762 1879 797; x_wconf 90' lang='lat' dir='ltr'>et</span> <span class='ocrx_word' id='word_1_120' title='bbox 1903 757 2055 798; x_wconf 83' lang='lat' dir='ltr'>avertit</span> 
     </span>
     <span class='ocr_line' id='line_1_12' title="bbox 154 812 2051 868; baseline 0.001 -14"><span class='ocrx_word' id='word_1_121' title='bbox 154 813 351 866; x_wconf 91' lang='lat' dir='ltr'>populum</span> <span class='ocrx_word' id='word_1_122' title='bbox 375 816 468 866; x_wconf 85' lang='lat' dir='ltr'>post</span> <span class='ocrx_word' id='word_1_123' title='bbox 490 825 543 860; x_wconf 87' lang='lat' dir='ltr'>se,</span> <span class='ocrx_word' id='word_1_124' title='bbox 569 816 610 852; x_wconf 90' lang='lat' dir='ltr'>et</span> <span class='ocrx_word' id='word_1_125' title='bbox 632 812 715 866; x_wconf 90' lang='lat' dir='ltr'>ipse</span> <span class='ocrx_word' id='word_1_126' title='bbox 738 813 875 866; x_wconf 89' lang='lat' dir='ltr'>periit:</span> <span class='ocrx_word' id='word_1_127' title='bbox 901 817 943 853; x_wconf 89' lang='lat' dir='ltr'>et</span> <span class='ocrx_word' id='word_1_128' title='bbox 965 826 1116 863; x_wconf 84' lang='lat' dir='ltr'>omnes,</span> <span class='ocrx_word' id='word_1_129' title='bbox 1142 818 1348 867; x_wconf 86' lang='lat' dir='ltr'>quotquot</span> <span class='ocrx_word' id='word_1_130' title='bbox 1370 819 1661 855; x_wconf 87' lang='lat' dir='ltr'>consenserunt</span> <span class='ocrx_word' id='word_1_131' title='bbox 1682 814 1730 863; x_wconf 75' lang='lat' dir='ltr'>ei,</span> <span class='ocrx_word' id='word_1_132' title='bbox 1755 815 1917 868; x_wconf 86' lang='lat' dir='ltr'>dispersi</span> <span class='ocrx_word' id='word_1_133' title='bbox 1944 820 2051 858; x_wconf 87' lang='lat' dir='ltr'>sunt.</span> 
     </span>
     <span class='ocr_line' id='line_1_13' title="bbox 154 871 2052 926; baseline 0.002 -14"><span class='ocrx_word' id='word_1_134' title='bbox 154 873 190 896; x_wconf 80' lang='lat'>3⁸</span> <span class='ocrx_word' id='word_1_135' title='bbox 213 872 269 913; x_wconf 87' lang='lat' dir='ltr'>Et</span> <span class='ocrx_word' id='word_1_136' title='bbox 291 884 398 912; x_wconf 92' lang='lat' dir='ltr'>nunc</span> <span class='ocrx_word' id='word_1_137' title='bbox 420 871 560 924; x_wconf 88' lang='lat' dir='ltr'>itaque</span> <span class='ocrx_word' id='word_1_138' title='bbox 583 871 672 912; x_wconf 91' lang='lat' dir='ltr'>dico</span> <span class='ocrx_word' id='word_1_139' title='bbox 696 871 825 922; x_wconf 75' lang='lat' dir='ltr'>vobis,</span> <span class='ocrx_word' id='word_1_140' title='bbox 850 872 1045 914; x_wconf 82' lang='lat' dir='ltr'>discedite</span> <span class='ocrx_word' id='word_1_141' title='bbox 1068 873 1118 913; x_wconf 90' lang='lat' dir='ltr'>ab</span> <span class='ocrx_word' id='word_1_142' title='bbox 1143 872 1375 914; x_wconf 87' lang='lat' dir='ltr'>hominibus</span> <span class='ocrx_word' id='word_1_143' title='bbox 1398 872 1497 919; x_wconf 83' lang='lat' dir='ltr'>istis,</span> <span class='ocrx_word' id='word_1_144' title='bbox 1523 878 1565 914; x_wconf 90' lang='lat' dir='ltr'>et</span> <span class='ocrx_word' id='word_1_145' title='bbox 1587 873 1705 913; x_wconf 84' lang='lat' dir='ltr'>sinite</span> <span class='ocrx_word' id='word_1_146' title='bbox 1728 873 1835 914; x_wconf 87' lang='lat' dir='ltr'>illos:</span> <span class='ocrx_word' id='word_1_147' title='bbox 1862 875 2052 926; x_wconf 83' lang='lat' dir='ltr'>quoniam</span> 
     </span>
     <span class='ocr_line' id='line_1_14' title="bbox 155 929 2051 984; baseline 0.002 -13"><span class='ocrx_word' id='word_1_148' title='bbox 155 929 188 971; x_wconf 90' lang='lat' dir='ltr'>si</span> <span class='ocrx_word' id='word_1_149' title='bbox 215 936 276 972; x_wconf 92' lang='lat' dir='ltr'>est</span> <span class='ocrx_word' id='word_1_150' title='bbox 302 943 351 971; x_wconf 87' lang='lat' dir='ltr'>ex</span> <span class='ocrx_word' id='word_1_151' title='bbox 377 929 609 971; x_wconf 72' lang='lat' dir='ltr'>horninibus</span> <span class='ocrx_word' id='word_1_152' title='bbox 636 929 848 971; x_wconf 89' lang='lat' dir='ltr'>consilium</span> <span class='ocrx_word' id='word_1_153' title='bbox 875 931 962 980; x_wconf 90' lang='lat' dir='ltr'>hoc,</span> <span class='ocrx_word' id='word_1_154' title='bbox 992 936 1065 972; x_wconf 89' lang='lat' dir='ltr'>aut</span> <span class='ocrx_word' id='word_1_155' title='bbox 1092 944 1203 984; x_wconf 88' lang='lat' dir='ltr'>opus,</span> <span class='ocrx_word' id='word_1_156' title='bbox 1233 931 1494 972; x_wconf 87' lang='lat' dir='ltr'>dissolvetur:</span> <span class='ocrx_word' id='word_1_157' title='bbox 1549 933 1584 956; x_wconf 78' lang='lat'>3⁹</span> <span class='ocrx_word' id='word_1_158' title='bbox 1611 932 1642 972; x_wconf 87' lang='lat' dir='ltr'>si</span> <span class='ocrx_word' id='word_1_159' title='bbox 1669 945 1764 973; x_wconf 90' lang='lat' dir='ltr'>vero</span> <span class='ocrx_word' id='word_1_160' title='bbox 1791 945 1840 972; x_wconf 89' lang='lat' dir='ltr'>ex</span> <span class='ocrx_word' id='word_1_161' title='bbox 1865 932 1952 973; x_wconf 85' lang='lat' dir='ltr'>Deo</span> <span class='ocrx_word' id='word_1_162' title='bbox 1979 938 2051 976; x_wconf 82' lang='lat' dir='ltr'>est,</span> 
     </span>
     <span class='ocr_line' id='line_1_15' title="bbox 154 988 2054 1044; baseline 0.001 -15"><span class='ocrx_word' id='word_1_163' title='bbox 154 1001 236 1030; x_wconf 93' lang='lat' dir='ltr'>non</span> <span class='ocrx_word' id='word_1_164' title='bbox 258 988 444 1043; x_wconf 87' lang='lat' dir='ltr'>poteritis</span> <span class='ocrx_word' id='word_1_165' title='bbox 467 988 684 1030; x_wconf 83' lang='lat' dir='ltr'>dissolvere</span> <span class='ocrx_word' id='word_1_166' title='bbox 706 988 817 1037; x_wconf 87' lang='lat' dir='ltr'>illud,</span> <span class='ocrx_word' id='word_1_167' title='bbox 842 1002 892 1030; x_wconf 89' lang='lat' dir='ltr'>ne</span> <span class='ocrx_word' id='word_1_168' title='bbox 913 989 1018 1030; x_wconf 84' lang='lat' dir='ltr'>forte</span> <span class='ocrx_word' id='word_1_169' title='bbox 1040 994 1082 1030; x_wconf 90' lang='lat' dir='ltr'>et</span> <span class='ocrx_word' id='word_1_170' title='bbox 1102 990 1189 1031; x_wconf 90' lang='lat' dir='ltr'>Deo</span> <span class='ocrx_word' id='word_1_171' title='bbox 1211 1003 1434 1044; x_wconf 79' lang='lat' dir='ltr'>repugnare</span> <span class='ocrx_word' id='word_1_172' title='bbox 1456 989 1731 1031; x_wconf 80' lang='lat' dir='ltr'>inveniamini.</span> <span class='ocrx_word' id='word_1_173' title='bbox 1756 990 2054 1032; x_wconf 69' lang='lat' dir='ltr'>Consenserunt</span> 
     </span>
     <span class='ocr_line' id='line_1_16' title="bbox 155 1046 390 1089; baseline 0.004 -1"><span class='ocrx_word' id='word_1_174' title='bbox 155 1052 294 1089; x_wconf 92' lang='lat' dir='ltr'>autem</span> <span class='ocrx_word' id='word_1_175' title='bbox 323 1046 390 1089; x_wconf 86' lang='lat' dir='ltr'>illi.</span> 
     </span>
    </p>

    <p class='ocr_par' dir='ltr' id='par_1_4' title="bbox 154 1106 2230 1278">
     <span class='ocr_line' id='line_1_17' title="bbox 258 1106 2222 1160; baseline 0.001 -13"><span class='ocrx_word' id='word_1_176' title='bbox 258 1108 295 1131; x_wconf 68' lang='lat'>‘¹⁰</span> <span class='ocrx_word' id='word_1_177' title='bbox 327 1106 383 1147; x_wconf 91' lang='lat' dir='ltr'>Et</span> <span class='ocrx_word' id='word_1_178' title='bbox 415 1111 687 1147; x_wconf 82' lang='lat' dir='ltr'>convocantes</span> <span class='ocrx_word' id='word_1_179' title='bbox 720 1106 951 1160; x_wconf 81' lang='lat' dir='ltr'>ApostOIOS,</span> <span class='ocrx_word' id='word_1_180' title='bbox 987 1107 1096 1148; x_wconf 82' lang='lat' dir='ltr'>caesis</span> <span class='ocrx_word' id='word_1_181' title='bbox 1130 1107 1481 1148; x_wconf 81' lang='lat' dir='ltr'>denunciaverunt</span> <span class='ocrx_word' id='word_1_182' title='bbox 1513 1121 1562 1148; x_wconf 91' lang='lat' dir='ltr'>ne</span> <span class='ocrx_word' id='word_1_183' title='bbox 1596 1107 1759 1149; x_wconf 89' lang='lat' dir='ltr'>omnino</span> <span class='ocrx_word' id='word_1_184' title='bbox 1792 1107 2054 1160; x_wconf 81' lang='lat' dir='ltr'>loquerentur</span> <span class='ocrx_word' id='word_1_185' title='bbox 2088 1114 2222 1154; x_wconf 43' lang='lat' dir='ltr'>8911&amp;aess</span> 
     </span>
     <span class='ocr_line' id='line_1_18' title="bbox 154 1149 2230 1220; baseline 0.002 -15"><span class='ocrx_word' id='word_1_186' title='bbox 154 1164 195 1205; x_wconf 90' lang='lat' dir='ltr'>in</span> <span class='ocrx_word' id='word_1_187' title='bbox 220 1165 382 1206; x_wconf 86' lang='lat' dir='ltr'>nomine</span> <span class='ocrx_word' id='word_1_188' title='bbox 409 1165 512 1213; x_wconf 88' lang='lat' dir='ltr'>Iesu,</span> <span class='ocrx_word' id='word_1_189' title='bbox 538 1170 580 1206; x_wconf 92' lang='lat' dir='ltr'>et</span> <span class='ocrx_word' id='word_1_190' title='bbox 602 1164 844 1206; x_wconf 90' lang='lat' dir='ltr'>dimiserunt</span> <span class='ocrx_word' id='word_1_191' title='bbox 867 1179 945 1207; x_wconf 90' lang='lat' dir='ltr'>eos.</span> <span class='ocrx_word' id='word_1_192' title='bbox 997 1168 1029 1190; x_wconf 64' lang='lat'>²¹¹</span> <span class='ocrx_word' id='word_1_193' title='bbox 1054 1166 1110 1207; x_wconf 88' lang='lat' dir='ltr'>Et</span> <span class='ocrx_word' id='word_1_194' title='bbox 1132 1165 1188 1206; x_wconf 88' lang='lat' dir='ltr'>illi</span> <span class='ocrx_word' id='word_1_195' title='bbox 1213 1165 1375 1219; x_wconf 90' lang='lat' dir='ltr'>quidem</span> <span class='ocrx_word' id='word_1_196' title='bbox 1400 1166 1517 1207; x_wconf 84' lang='lat' dir='ltr'>ibant</span> <span class='ocrx_word' id='word_1_197' title='bbox 1539 1167 1762 1220; x_wconf 82' lang='lat' dir='ltr'>gaudentes</span> <span class='ocrx_word' id='word_1_198' title='bbox 1787 1179 1811 1207; x_wconf 89' lang='lat' dir='ltr'>a</span> <span class='ocrx_word' id='word_1_199' title='bbox 1833 1172 2053 1220; x_wconf 89' lang='lat' dir='ltr'>conspectu</span> <span class='ocrx_word' id='word_1_200' title='bbox 2080 1149 2230 1212; x_wconf 37' lang='lat' dir='ltr'>millium</span> 
     </span>
     <span class='ocr_line' id='line_1_19' title="bbox 154 1223 1842 1278; baseline 0.001 -14"><span class='ocrx_word' id='word_1_201' title='bbox 154 1223 323 1273; x_wconf 90' lang='lat' dir='ltr'>concilii,</span> <span class='ocrx_word' id='word_1_202' title='bbox 357 1223 550 1277; x_wconf 90' lang='lat' dir='ltr'>quoniam</span> <span class='ocrx_word' id='word_1_203' title='bbox 581 1223 691 1276; x_wconf 75' lang='lat' dir='ltr'>digni</span> <span class='ocrx_word' id='word_1_204' title='bbox 721 1224 851 1265; x_wconf 91' lang='lat' dir='ltr'>habiti</span> <span class='ocrx_word' id='word_1_205' title='bbox 882 1229 979 1265; x_wconf 91' lang='lat' dir='ltr'>sunt</span> <span class='ocrx_word' id='word_1_206' title='bbox 1008 1238 1080 1278; x_wconf 89' lang='lat' dir='ltr'>pro</span> <span class='ocrx_word' id='word_1_207' title='bbox 1110 1224 1272 1265; x_wconf 91' lang='lat' dir='ltr'>nomine</span> <span class='ocrx_word' id='word_1_208' title='bbox 1305 1225 1395 1265; x_wconf 89' lang='lat' dir='ltr'>Iesu</span> <span class='ocrx_word' id='word_1_209' title='bbox 1426 1224 1713 1266; x_wconf 88' lang='lat' dir='ltr'>contumeliam</span> <span class='ocrx_word' id='word_1_210' title='bbox 1744 1224 1842 1278; x_wconf 86' lang='lat' dir='ltr'>pati.</span> 
     </span>
    </p>

    <p class='ocr_par' dir='ltr' id='par_1_5' title="bbox 258 1282 2220 1336">
     <span class='ocr_line' id='line_1_20' title="bbox 258 1282 2220 1336; baseline 0 -12"><span class='ocrx_word' id='word_1_211' title='bbox 258 1284 291 1307; x_wconf 71' lang='lat'>42</span> <span class='ocrx_word' id='word_1_212' title='bbox 313 1282 434 1324; x_wconf 91' lang='lat' dir='ltr'>Omni</span> <span class='ocrx_word' id='word_1_213' title='bbox 456 1287 593 1323; x_wconf 90' lang='lat' dir='ltr'>autem</span> <span class='ocrx_word' id='word_1_214' title='bbox 617 1283 681 1323; x_wconf 92' lang='lat' dir='ltr'>die</span> <span class='ocrx_word' id='word_1_215' title='bbox 703 1296 783 1324; x_wconf 91' lang='lat' dir='ltr'>non</span> <span class='ocrx_word' id='word_1_216' title='bbox 805 1284 1021 1324; x_wconf 87' lang='lat' dir='ltr'>cessabant</span> <span class='ocrx_word' id='word_1_217' title='bbox 1040 1282 1082 1323; x_wconf 93' lang='lat' dir='ltr'>in</span> <span class='ocrx_word' id='word_1_218' title='bbox 1105 1283 1269 1336; x_wconf 81' lang='lat' dir='ltr'>templo,</span> <span class='ocrx_word' id='word_1_219' title='bbox 1293 1287 1335 1323; x_wconf 89' lang='lat' dir='ltr'>et</span> <span class='ocrx_word' id='word_1_220' title='bbox 1355 1282 1460 1323; x_wconf 90' lang='lat' dir='ltr'>circa</span> <span class='ocrx_word' id='word_1_221' title='bbox 1480 1283 1621 1325; x_wconf 90' lang='lat' dir='ltr'>domos</span> <span class='ocrx_word' id='word_1_222' title='bbox 1643 1283 1846 1331; x_wconf 88' lang='lat' dir='ltr'>docentes,</span> <span class='ocrx_word' id='word_1_223' title='bbox 1870 1290 1911 1324; x_wconf 84' lang='lat' dir='ltr'>et</span> <span class='ocrx_word' id='word_1_224' title='bbox 1932 1297 2053 1324; x_wconf 80' lang='lat' dir='ltr'>evan-</span> <span class='ocrx_word' id='word_1_225' title='bbox 2091 1289 2220 1319; x_wconf 52' lang='lat' dir='ltr'>quotidie</span> 
     </span>
    </p>
   </div>
   <div class='ocr_carea' id='block_1_3' title="bbox 2079 1324 2231 1354">
    <p class='ocr_par' dir='ltr' id='par_1_6' title="bbox 2079 1324 2231 1354">
     <span class='ocr_line' id='line_1_21' title="bbox 2079 1324 2231 1354; baseline 0 -6"><span class='ocrx_word' id='word_1_226' title='bbox 2079 1326 2108 1348; x_wconf 87' lang='lat' dir='ltr'>et</span> <span class='ocrx_word' id='word_1_227' title='bbox 2136 1324 2231 1354; x_wconf 76' lang='lat' dir='ltr'>palam</span> 
     </span>
    </p>
   </div>
   <div class='ocr_carea' id='block_1_4' title="bbox 154 1341 2239 1395">
    <p class='ocr_par' dir='ltr' id='par_1_7' title="bbox 154 1341 2239 1395">
     <span class='ocr_line' id='line_1_22' title="bbox 154 1341 2239 1395; baseline 0 -13"><span class='ocrx_word' id='word_1_228' title='bbox 154 1341 371 1395; x_wconf 80' lang='lat' dir='ltr'>gelizantes</span> <span class='ocrx_word' id='word_1_229' title='bbox 401 1341 606 1382; x_wconf 83' lang='lat' dir='ltr'>Christum</span> <span class='ocrx_word' id='word_1_230' title='bbox 639 1341 784 1383; x_wconf 85' lang='lat' dir='ltr'>Iesum.</span> <span class='ocrx_word' id='word_1_231' title='bbox 2073 1359 2239 1388; x_wconf 66' lang='lat' dir='ltr'>praedivant.</span> 
     </span>
    </p>
   </div>
   <div class='ocr_carea' id='block_1_5' title="bbox 613 1444 1598 1496">
    <p class='ocr_par' dir='ltr' id='par_1_8' title="bbox 613 1444 1598 1496">
     <span class='ocr_line' id='line_1_23' title="bbox 613 1444 1598 1496; baseline 0.001 -12"><span class='ocrx_word' id='word_1_232' title='bbox 613 1446 652 1484; x_wconf 91' lang='lat'>2.</span> <span class='ocrx_word' id='word_1_233' title='bbox 683 1444 847 1485; x_wconf 84' lang='lat' dir='ltr'>Electio</span> <span class='ocrx_word' id='word_1_234' title='bbox 877 1444 1051 1496; x_wconf 87' lang='lat' dir='ltr'>septem</span> <span class='ocrx_word' id='word_1_235' title='bbox 1083 1444 1395 1496; x_wconf 81' lang='lat' dir='ltr'>diaconorum,</span> <span class='ocrx_word' id='word_1_236' title='bbox 1422 1445 1462 1495; x_wconf 90' lang='lat'>6,</span> <span class='ocrx_word' id='word_1_237' title='bbox 1480 1445 1598 1485; x_wconf 84' lang='lat'>1—7.</span> 
     </span>
    </p>
   </div>
   <div class='ocr_carea' id='block_1_6' title="bbox 152 1513 2258 1745">
    <p class='ocr_par' dir='ltr' id='par_1_9' title="bbox 152 1513 2258 1673">
     <span class='ocr_line' id='line_1_24' title="bbox 258 1513 2246 1579; baseline 0.001 -24"><span class='ocrx_word' id='word_1_238' title='bbox 258 1514 296 1557; x_wconf 82' lang='lat'>6.</span> <span class='ocrx_word' id='word_1_239' title='bbox 353 1517 365 1538; x_wconf 81' lang='lat'><strong>¹</strong></span> <span class='ocrx_word' id='word_1_240' title='bbox 397 1514 443 1554; x_wconf 91' lang='lat' dir='ltr'>In</span> <span class='ocrx_word' id='word_1_241' title='bbox 462 1513 604 1554; x_wconf 89' lang='lat' dir='ltr'>diebus</span> <span class='ocrx_word' id='word_1_242' title='bbox 624 1518 761 1554; x_wconf 87' lang='lat' dir='ltr'>autem</span> <span class='ocrx_word' id='word_1_243' title='bbox 781 1514 868 1563; x_wconf 87' lang='lat' dir='ltr'>illis,</span> <span class='ocrx_word' id='word_1_244' title='bbox 890 1519 1093 1555; x_wconf 85' lang='lat' dir='ltr'>crescente</span> <span class='ocrx_word' id='word_1_245' title='bbox 1112 1528 1279 1556; x_wconf 88' lang='lat' dir='ltr'>numero</span> <span class='ocrx_word' id='word_1_246' title='bbox 1298 1514 1599 1568; x_wconf 89' lang='lat' dir='ltr'>discipulorum,</span> <span class='ocrx_word' id='word_1_247' title='bbox 1620 1514 1776 1556; x_wconf 84' lang='lat' dir='ltr'>factum</span> <span class='ocrx_word' id='word_1_248' title='bbox 1795 1521 1857 1556; x_wconf 91' lang='lat' dir='ltr'>est</span> <span class='ocrx_word' id='word_1_249' title='bbox 1872 1529 2056 1556; x_wconf 83' lang='lat' dir='ltr'>murmur</span> <span class='ocrx_word' id='word_1_250' title='bbox 2075 1519 2246 1579; x_wconf 35' lang='lat' dir='ltr'>neumaga-«t</span> 
     </span>
     <span class='ocr_line' id='line_1_25' title="bbox 152 1562 2258 1627; baseline 0.001 -14"><span class='ocrx_word' id='word_1_251' title='bbox 152 1572 384 1614; x_wconf 81' lang='lat' dir='ltr'>Graecorum</span> <span class='ocrx_word' id='word_1_252' title='bbox 424 1573 616 1614; x_wconf 88' lang='lat' dir='ltr'>adversus</span> <span class='ocrx_word' id='word_1_253' title='bbox 657 1572 862 1620; x_wconf 80' lang='lat' dir='ltr'>Hebraeos,</span> <span class='ocrx_word' id='word_1_254' title='bbox 903 1586 950 1614; x_wconf 91' lang='lat' dir='ltr'>eo</span> <span class='ocrx_word' id='word_1_255' title='bbox 989 1573 1095 1626; x_wconf 89' lang='lat' dir='ltr'>quod</span> <span class='ocrx_word' id='word_1_256' title='bbox 1136 1573 1439 1627; x_wconf 87' lang='lat' dir='ltr'>despicerentur</span> <span class='ocrx_word' id='word_1_257' title='bbox 1475 1573 1516 1614; x_wconf 91' lang='lat' dir='ltr'>in</span> <span class='ocrx_word' id='word_1_258' title='bbox 1553 1573 1777 1615; x_wconf 88' lang='lat' dir='ltr'>ministerio</span> <span class='ocrx_word' id='word_1_259' title='bbox 1816 1562 2258 1627; x_wconf 56' lang='lat' dir='ltr'>quotidiano¹¹³¹¹r¹¹¹¹¹s³¹¹&#39;‘</span> 
     </span>
     <span class='ocr_line' id='line_1_26' title="bbox 154 1631 468 1673; baseline 0.006 -2"><span class='ocrx_word' id='word_1_260' title='bbox 154 1631 288 1672; x_wconf 82' lang='lat' dir='ltr'>viduae</span> <span class='ocrx_word' id='word_1_261' title='bbox 317 1644 468 1673; x_wconf 91' lang='lat' dir='ltr'>eorum.</span> 
     </span>
    </p>

    <p class='ocr_par' dir='ltr' id='par_1_10' title="bbox 256 1690 2219 1745">
     <span class='ocr_line' id='line_1_27' title="bbox 256 1690 2219 1745; baseline 0.001 -14"><span class='ocrx_word' id='word_1_262' title='bbox 256 1692 271 1715; x_wconf 84' lang='lat'>‘-&#39;</span> <span class='ocrx_word' id='word_1_263' title='bbox 307 1690 588 1731; x_wconf 88' lang='lat' dir='ltr'>Convocantes</span> <span class='ocrx_word' id='word_1_264' title='bbox 624 1696 762 1731; x_wconf 87' lang='lat' dir='ltr'>autem</span> <span class='ocrx_word' id='word_1_265' title='bbox 798 1690 1012 1732; x_wconf 86' lang='lat' dir='ltr'>duodecim</span> <span class='ocrx_word' id='word_1_266' title='bbox 1047 1690 1354 1732; x_wconf 87' lang='lat' dir='ltr'>multitudinem</span> <span class='ocrx_word' id='word_1_267' title='bbox 1390 1691 1679 1745; x_wconf 89' lang='lat' dir='ltr'>discipulorum</span> <span class='ocrx_word' id='word_1_268' title='bbox 1715 1691 1924 1732; x_wconf 88' lang='lat' dir='ltr'>dixerunt:</span> <span class='ocrx_word' id='word_1_269' title='bbox 1962 1692 2054 1734; x_wconf 88' lang='lat' dir='ltr'>Non</span> <span class='ocrx_word' id='word_1_270' title='bbox 2095 1694 2219 1724; x_wconf 57' lang='lat' dir='ltr'>²1&gt;0³t⁰¹i</span> 
     </span>
    </p>
   </div>
   <div class='ocr_carea' id='block_1_7' title="bbox 2099 1736 2216 1754">
    <p class='ocr_par' dir='ltr' id='par_1_11' title="bbox 2099 1736 2216 1754">
     <span class='ocr_line' id='line_1_28' title="bbox 2099 1736 2216 1754; baseline 0.009 -1"><span class='ocrx_word' id='word_1_271' title='bbox 2099 1736 2216 1754; x_wconf 64' lang='lat' dir='ltr'>OaUSassl</span> 
     </span>
    </p>
   </div>
   <div class='ocr_carea' id='block_1_8' title="bbox 152 1748 2240 2273">
    <p class='ocr_par' dir='ltr' id='par_1_12' title="bbox 152 1748 2235 1967">
     <span class='ocr_line' id='line_1_29' title="bbox 154 1748 2235 1803; baseline -0.001 -13"><span class='ocrx_word' id='word_1_272' title='bbox 154 1753 216 1790; x_wconf 89' lang='lat' dir='ltr'>est</span> <span class='ocrx_word' id='word_1_273' title='bbox 247 1762 409 1803; x_wconf 82' lang='lat' dir='ltr'>aequum</span> <span class='ocrx_word' id='word_1_274' title='bbox 444 1762 516 1790; x_wconf 87' lang='lat' dir='ltr'>nos</span> <span class='ocrx_word' id='word_1_275' title='bbox 551 1748 827 1803; x_wconf 88' lang='lat' dir='ltr'>derelinquere</span> <span class='ocrx_word' id='word_1_276' title='bbox 861 1750 1031 1791; x_wconf 88' lang='lat' dir='ltr'>verbum</span> <span class='ocrx_word' id='word_1_277' title='bbox 1066 1749 1153 1799; x_wconf 87' lang='lat' dir='ltr'>Dei,</span> <span class='ocrx_word' id='word_1_278' title='bbox 1190 1755 1232 1790; x_wconf 89' lang='lat' dir='ltr'>et</span> <span class='ocrx_word' id='word_1_279' title='bbox 1263 1749 1492 1791; x_wconf 84' lang='lat' dir='ltr'>ministrare</span> <span class='ocrx_word' id='word_1_280' title='bbox 1524 1749 1684 1791; x_wconf 89' lang='lat' dir='ltr'>mensis.</span> <span class='ocrx_word' id='word_1_281' title='bbox 1746 1752 1761 1774; x_wconf 87' lang='grc'><strong>3</strong></span> <span class='ocrx_word' id='word_1_282' title='bbox 1795 1750 2054 1791; x_wconf 83' lang='lat' dir='ltr'>Considerate</span> <span class='ocrx_word' id='word_1_283' title='bbox 2081 1765 2235 1789; x_wconf 63' lang='lat' dir='ltr'>murmuris</span> 
     </span>
     <span class='ocr_line' id='line_1_30' title="bbox 154 1806 2230 1862; baseline 0.001 -14"><span class='ocrx_word' id='word_1_284' title='bbox 154 1821 246 1861; x_wconf 84' lang='lat' dir='ltr'>ergo</span> <span class='ocrx_word' id='word_1_285' title='bbox 261 1807 417 1853; x_wconf 84' lang='lat' dir='ltr'>fratres,</span> <span class='ocrx_word' id='word_1_286' title='bbox 436 1807 543 1849; x_wconf 90' lang='lat' dir='ltr'>viros</span> <span class='ocrx_word' id='word_1_287' title='bbox 558 1821 608 1848; x_wconf 89' lang='lat' dir='ltr'>ex</span> <span class='ocrx_word' id='word_1_288' title='bbox 623 1807 738 1849; x_wconf 86' lang='lat' dir='ltr'>vobis</span> <span class='ocrx_word' id='word_1_289' title='bbox 754 1807 849 1850; x_wconf 90' lang='lat' dir='ltr'>boni</span> <span class='ocrx_word' id='word_1_290' title='bbox 866 1808 1088 1850; x_wconf 89' lang='lat' dir='ltr'>testimonii</span> <span class='ocrx_word' id='word_1_291' title='bbox 1103 1813 1271 1862; x_wconf 80' lang='lat' dir='ltr'>septem,</span> <span class='ocrx_word' id='word_1_292' title='bbox 1290 1808 1428 1862; x_wconf 90' lang='lat' dir='ltr'>plenos</span> <span class='ocrx_word' id='word_1_293' title='bbox 1444 1807 1597 1862; x_wconf 85' lang='lat' dir='ltr'>Spiritu</span> <span class='ocrx_word' id='word_1_294' title='bbox 1612 1813 1766 1858; x_wconf 87' lang='lat' dir='ltr'>sancto,</span> <span class='ocrx_word' id='word_1_295' title='bbox 1784 1813 1825 1849; x_wconf 89' lang='lat' dir='ltr'>et</span> <span class='ocrx_word' id='word_1_296' title='bbox 1839 1808 2050 1862; x_wconf 81' lang='lat' dir='ltr'>sapientia,</span> <span class='ocrx_word' id='word_1_297' title='bbox 2084 1806 2230 1859; x_wconf 48' lang='lat' dir='ltr'>rifssffifftf⁰</span> 
     </span>
     <span class='ocr_line' id='line_1_31' title="bbox 155 1866 2054 1920; baseline 0.001 -13"><span class='ocrx_word' id='word_1_298' title='bbox 155 1879 255 1920; x_wconf 90' lang='lat' dir='ltr'>quos</span> <span class='ocrx_word' id='word_1_299' title='bbox 273 1866 572 1908; x_wconf 88' lang='lat' dir='ltr'>constituamus</span> <span class='ocrx_word' id='word_1_300' title='bbox 589 1879 709 1919; x_wconf 90' lang='lat' dir='ltr'>super</span> <span class='ocrx_word' id='word_1_301' title='bbox 725 1867 801 1908; x_wconf 91' lang='lat' dir='ltr'>hoc</span> <span class='ocrx_word' id='word_1_302' title='bbox 819 1880 931 1920; x_wconf 90' lang='lat' dir='ltr'>opus.</span> <span class='ocrx_word' id='word_1_303' title='bbox 976 1869 992 1891; x_wconf 71' lang='lat'>4</span> <span class='ocrx_word' id='word_1_304' title='bbox 1010 1868 1092 1909; x_wconf 85' lang='lat' dir='ltr'>Nos</span> <span class='ocrx_word' id='word_1_305' title='bbox 1110 1880 1205 1909; x_wconf 91' lang='lat' dir='ltr'>vero</span> <span class='ocrx_word' id='word_1_306' title='bbox 1223 1867 1407 1913; x_wconf 75' lang='lat' dir='ltr'>orationi,</span> <span class='ocrx_word' id='word_1_307' title='bbox 1429 1871 1470 1908; x_wconf 90' lang='lat' dir='ltr'>et</span> <span class='ocrx_word' id='word_1_308' title='bbox 1485 1866 1708 1908; x_wconf 88' lang='lat' dir='ltr'>ministerio</span> <span class='ocrx_word' id='word_1_309' title='bbox 1726 1867 1838 1908; x_wconf 89' lang='lat' dir='ltr'>verbi</span> <span class='ocrx_word' id='word_1_310' title='bbox 1855 1867 2054 1908; x_wconf 89' lang='lat' dir='ltr'>instantes</span> 
     </span>
     <span class='ocr_line' id='line_1_32' title="bbox 152 1937 313 1967; baseline 0.006 -1"><span class='ocrx_word' id='word_1_311' title='bbox 152 1937 313 1967; x_wconf 76' lang='lat' dir='ltr'>erimus</span> 
     </span>
    </p>

    <p class='ocr_par' dir='ltr' id='par_1_13' title="bbox 153 1983 2240 2214">
     <span class='ocr_line' id='line_1_33' title="bbox 256 1983 2224 2045; baseline 0.001 -21"><span class='ocrx_word' id='word_1_312' title='bbox 256 1986 272 2009; x_wconf 81' lang='lat'>5</span> <span class='ocrx_word' id='word_1_313' title='bbox 297 1984 354 2024; x_wconf 91' lang='lat' dir='ltr'>Et</span> <span class='ocrx_word' id='word_1_314' title='bbox 377 1983 532 2037; x_wconf 85' lang='lat' dir='ltr'>placuit</span> <span class='ocrx_word' id='word_1_315' title='bbox 556 1997 688 2026; x_wconf 84' lang='lat' dir='ltr'>sermo</span> <span class='ocrx_word' id='word_1_316' title='bbox 713 1998 849 2026; x_wconf 88' lang='lat' dir='ltr'>coram</span> <span class='ocrx_word' id='word_1_317' title='bbox 876 1984 985 2026; x_wconf 89' lang='lat' dir='ltr'>omni</span> <span class='ocrx_word' id='word_1_318' title='bbox 1010 1984 1287 2026; x_wconf 89' lang='lat' dir='ltr'>multitudine.</span> <span class='ocrx_word' id='word_1_319' title='bbox 1315 1984 1371 2026; x_wconf 88' lang='lat' dir='ltr'>Et</span> <span class='ocrx_word' id='word_1_320' title='bbox 1395 1984 1602 2038; x_wconf 81' lang='lat' dir='ltr'>elegerunt</span> <span class='ocrx_word' id='word_1_321' title='bbox 1627 1984 1893 2038; x_wconf 84' lang='lat' dir='ltr'>Stephanum,</span> <span class='ocrx_word' id='word_1_322' title='bbox 1921 1984 2052 2025; x_wconf 89' lang='lat' dir='ltr'>virum</span> <span class='ocrx_word' id='word_1_323' title='bbox 2090 1985 2224 2045; x_wconf 47' lang='lat' dir='ltr'>{¹¹80}ssss</span> 
     </span>
     <span class='ocr_line' id='line_1_34' title="bbox 153 2042 2208 2097; baseline 0 -14"><span class='ocrx_word' id='word_1_324' title='bbox 153 2042 318 2096; x_wconf 90' lang='lat' dir='ltr'>plenum</span> <span class='ocrx_word' id='word_1_325' title='bbox 351 2042 441 2092; x_wconf 87' lang='lat' dir='ltr'>fide,</span> <span class='ocrx_word' id='word_1_326' title='bbox 477 2046 520 2083; x_wconf 92' lang='lat' dir='ltr'>et</span> <span class='ocrx_word' id='word_1_327' title='bbox 550 2042 704 2096; x_wconf 88' lang='lat' dir='ltr'>Spiritu</span> <span class='ocrx_word' id='word_1_328' title='bbox 737 2048 891 2092; x_wconf 90' lang='lat' dir='ltr'>sancto,</span> <span class='ocrx_word' id='word_1_329' title='bbox 927 2048 969 2084; x_wconf 92' lang='lat' dir='ltr'>et</span> <span class='ocrx_word' id='word_1_330' title='bbox 999 2044 1246 2097; x_wconf 72' lang='lat' dir='ltr'>Philippum,</span> <span class='ocrx_word' id='word_1_331' title='bbox 1282 2048 1324 2084; x_wconf 93' lang='lat' dir='ltr'>et</span> <span class='ocrx_word' id='word_1_332' title='bbox 1355 2044 1615 2088; x_wconf 78' lang='lat' dir='ltr'>Prochorum,</span> <span class='ocrx_word' id='word_1_333' title='bbox 1652 2048 1693 2084; x_wconf 89' lang='lat' dir='ltr'>et</span> <span class='ocrx_word' id='word_1_334' title='bbox 1726 2043 1978 2093; x_wconf 77' lang='lat' dir='ltr'>Nicanorem,</span> <span class='ocrx_word' id='word_1_335' title='bbox 2014 2048 2079 2095; x_wconf 34' lang='lat' dir='ltr'>et·</span> <span class='ocrx_word' id='word_1_336' title='bbox 2106 2063 2208 2080; x_wconf 73' lang='lat' dir='ltr'>manus</span> 
     </span>
     <span class='ocr_line' id='line_1_35' title="bbox 153 2094 2240 2151; baseline 0 -9"><span class='ocrx_word' id='word_1_337' title='bbox 153 2101 377 2151; x_wconf 85' lang='lat' dir='ltr'>Timonem,</span> <span class='ocrx_word' id='word_1_338' title='bbox 406 2106 448 2143; x_wconf 90' lang='lat' dir='ltr'>et</span> <span class='ocrx_word' id='word_1_339' title='bbox 472 2102 729 2151; x_wconf 87' lang='lat' dir='ltr'>Parmenam,</span> <span class='ocrx_word' id='word_1_340' title='bbox 758 2106 801 2142; x_wconf 91' lang='lat' dir='ltr'>et</span> <span class='ocrx_word' id='word_1_341' title='bbox 827 2101 1039 2143; x_wconf 89' lang='lat' dir='ltr'>Nicolaum</span> <span class='ocrx_word' id='word_1_342' title='bbox 1067 2103 1269 2144; x_wconf 90' lang='lat' dir='ltr'>advenam</span> <span class='ocrx_word' id='word_1_343' title='bbox 1297 2102 1609 2143; x_wconf 89' lang='lat' dir='ltr'>Antiochenum.</span> <span class='ocrx_word' id='word_1_344' title='bbox 1667 2103 1682 2126; x_wconf 71' lang='grc'><strong>3</strong></span> <span class='ocrx_word' id='word_1_345' title='bbox 1710 2101 1794 2143; x_wconf 90' lang='lat' dir='ltr'>Hos</span> <span class='ocrx_word' id='word_1_346' title='bbox 1821 2106 2055 2142; x_wconf 89' lang='lat' dir='ltr'>statuerunt</span> <span class='ocrx_word' id='word_1_347' title='bbox 2075 2094 2240 2121; x_wconf 60' lang='lat' dir='ltr'>¹¹¹¹P⁰¹¹¹¹¹¹²³</span> 
     </span>
     <span class='ocr_line' id='line_1_36' title="bbox 153 2159 1740 2214; baseline 0 -12"><span class='ocrx_word' id='word_1_348' title='bbox 153 2165 250 2202; x_wconf 90' lang='lat' dir='ltr'>ante</span> <span class='ocrx_word' id='word_1_349' title='bbox 281 2165 543 2214; x_wconf 89' lang='lat' dir='ltr'>conspectum</span> <span class='ocrx_word' id='word_1_350' title='bbox 576 2159 886 2213; x_wconf 87' lang='lat' dir='ltr'>Apostolorum:</span> <span class='ocrx_word' id='word_1_351' title='bbox 920 2165 961 2201; x_wconf 91' lang='lat' dir='ltr'>et</span> <span class='ocrx_word' id='word_1_352' title='bbox 992 2165 1153 2202; x_wconf 88' lang='lat' dir='ltr'>orantes</span> <span class='ocrx_word' id='word_1_353' title='bbox 1184 2160 1467 2214; x_wconf 79' lang='lat' dir='ltr'>imposuerunt</span> <span class='ocrx_word' id='word_1_354' title='bbox 1498 2160 1551 2201; x_wconf 89' lang='lat' dir='ltr'>eis</span> <span class='ocrx_word' id='word_1_355' title='bbox 1583 2173 1740 2202; x_wconf 80' lang='lat' dir='ltr'>manus,</span> 
     </span>
    </p>

    <p class='ocr_par' dir='ltr' id='par_1_14' title="bbox 260 2218 2222 2273">
     <span class='ocr_line' id='line_1_37' title="bbox 260 2218 2222 2273; baseline -0.001 -13"><span class='ocrx_word' id='word_1_356' title='bbox 260 2221 273 2243; x_wconf 86' lang='lat'>⁷</span> <span class='ocrx_word' id='word_1_357' title='bbox 311 2219 369 2260; x_wconf 91' lang='lat' dir='ltr'>Et</span> <span class='ocrx_word' id='word_1_358' title='bbox 403 2220 574 2260; x_wconf 88' lang='lat' dir='ltr'>verbum</span> <span class='ocrx_word' id='word_1_359' title='bbox 611 2218 777 2260; x_wconf 89' lang='lat' dir='ltr'>Domini</span> <span class='ocrx_word' id='word_1_360' title='bbox 815 2220 1032 2267; x_wconf 87' lang='lat' dir='ltr'>crescebat,</span> <span class='ocrx_word' id='word_1_361' title='bbox 1073 2224 1115 2260; x_wconf 92' lang='lat' dir='ltr'>et</span> <span class='ocrx_word' id='word_1_362' title='bbox 1149 2219 1503 2273; x_wconf 89' lang='lat' dir='ltr'>multiplicabatur</span> <span class='ocrx_word' id='word_1_363' title='bbox 1538 2232 1728 2260; x_wconf 87' lang='lat' dir='ltr'>numerus</span> <span class='ocrx_word' id='word_1_364' title='bbox 1766 2219 2054 2272; x_wconf 88' lang='lat' dir='ltr'>discipulorum</span> <span class='ocrx_word' id='word_1_365' title='bbox 2093 2224 2222 2263; x_wconf 56' lang='lat' dir='ltr'>discipul}</span> 
     </span>
    </p>
   </div>
   <div class='ocr_carea' id='block_1_9' title="bbox 2091 2260 2225 2289">
    <p class='ocr_par' dir='ltr' id='par_1_15' title="bbox 2091 2260 2225 2289">
     <span class='ocr_line' id='line_1_38' title="bbox 2091 2260 2225 2289; baseline -0.015 -5"><span class='ocrx_word' id='word_1_366' title='bbox 2091 2260 2225 2289; x_wconf 41' lang='lat' dir='ltr'>multiple</span> 
     </span>
    </p>
   </div>
   <div class='ocr_carea' id='block_1_10' title="bbox 152 2277 2212 2319">
    <p class='ocr_par' dir='ltr' id='par_1_16' title="bbox 152 2277 2212 2319">
     <span class='ocr_line' id='line_1_39' title="bbox 152 2277 2212 2319; baseline -0 0"><span class='ocrx_word' id='word_1_367' title='bbox 152 2279 193 2319; x_wconf 91' lang='lat' dir='ltr'>in</span> <span class='ocrx_word' id='word_1_368' title='bbox 222 2277 439 2319; x_wconf 89' lang='lat' dir='ltr'>Ierusalem</span> <span class='ocrx_word' id='word_1_369' title='bbox 467 2277 604 2319; x_wconf 89' lang='lat' dir='ltr'>valde:</span> <span class='ocrx_word' id='word_1_370' title='bbox 632 2277 765 2318; x_wconf 88' lang='lat' dir='ltr'>multa</span> <span class='ocrx_word' id='word_1_371' title='bbox 792 2277 917 2319; x_wconf 87' lang='lat' dir='ltr'>etiam</span> <span class='ocrx_word' id='word_1_372' title='bbox 945 2279 1069 2319; x_wconf 88' lang='lat' dir='ltr'>turba</span> <span class='ocrx_word' id='word_1_373' title='bbox 1094 2279 1348 2319; x_wconf 82' lang='lat' dir='ltr'>sacerdotum</span> <span class='ocrx_word' id='word_1_374' title='bbox 1380 2278 1598 2319; x_wconf 89' lang='lat' dir='ltr'>obediebat</span> <span class='ocrx_word' id='word_1_375' title='bbox 1624 2277 1728 2319; x_wconf 87' lang='lat' dir='ltr'>fidei.</span> <span class='ocrx_word' id='word_1_376' title='bbox 2102 2296 2212 2319; x_wconf 69' lang='lat' dir='ltr'>eantur.</span> 
     </span>
    </p>
   </div>
   <div class='ocr_carea' id='block_1_11' title="bbox 574 2386 1644 2441">
    <p class='ocr_par' dir='ltr' id='par_1_17' title="bbox 574 2386 1644 2441">
     <span class='ocr_line' id='line_1_40' title="bbox 574 2386 1644 2441; baseline 0 -14"><span class='ocrx_word' id='word_1_377' title='bbox 574 2388 613 2427; x_wconf 88' lang='grc'>3.</span> <span class='ocrx_word' id='word_1_378' title='bbox 643 2387 878 2441; x_wconf 78' lang='lat' dir='ltr'>Lapidatio</span> <span class='ocrx_word' id='word_1_379' title='bbox 909 2386 1129 2438; x_wconf 81' lang='lat' dir='ltr'>Stephani</span> <span class='ocrx_word' id='word_1_380' title='bbox 1160 2386 1354 2439; x_wconf 79' lang='lat' dir='ltr'>diaconi,</span> <span class='ocrx_word' id='word_1_381' title='bbox 1382 2388 1422 2438; x_wconf 89' lang='lat'>6,</span> <span class='ocrx_word' id='word_1_382' title='bbox 1440 2388 1560 2438; x_wconf 90' lang='lat'>8—7,</span> <span class='ocrx_word' id='word_1_383' title='bbox 1578 2386 1644 2427; x_wconf 81' lang='lat'>59.</span> 
     </span>
    </p>
   </div>
   <div class='ocr_carea' id='block_1_12' title="bbox 152 2456 2254 3332">
    <p class='ocr_par' dir='ltr' id='par_1_18' title="bbox 152 2456 2254 2805">
     <span class='ocr_line' id='line_1_41' title="bbox 260 2456 2240 2511; baseline -0.001 -12"><span class='ocrx_word' id='word_1_384' title='bbox 260 2462 274 2483; x_wconf 76' lang='grc'><strong>3</strong></span> <span class='ocrx_word' id='word_1_385' title='bbox 305 2458 538 2511; x_wconf 88' lang='lat' dir='ltr'>Stephanus</span> <span class='ocrx_word' id='word_1_386' title='bbox 569 2461 707 2498; x_wconf 79' lang='lat' dir='ltr'>autern</span> <span class='ocrx_word' id='word_1_387' title='bbox 739 2456 881 2510; x_wconf 92' lang='lat' dir='ltr'>plenus</span> <span class='ocrx_word' id='word_1_388' title='bbox 912 2456 1056 2511; x_wconf 81' lang='lat' dir='ltr'>gratia,</span> <span class='ocrx_word' id='word_1_389' title='bbox 1090 2461 1131 2497; x_wconf 87' lang='lat' dir='ltr'>et</span> <span class='ocrx_word' id='word_1_390' title='bbox 1162 2456 1403 2498; x_wconf 78' lang='lat' dir='ltr'>fortitudine</span> <span class='ocrx_word' id='word_1_391' title='bbox 1434 2456 1612 2497; x_wconf 78' lang='lat' dir='ltr'>faciebat</span> <span class='ocrx_word' id='word_1_392' title='bbox 1642 2456 1836 2509; x_wconf 84' lang='lat' dir='ltr'>prodigia,</span> <span class='ocrx_word' id='word_1_393' title='bbox 1871 2460 1911 2497; x_wconf 88' lang='lat' dir='ltr'>et</span> <span class='ocrx_word' id='word_1_394' title='bbox 1942 2456 2056 2509; x_wconf 70' lang='lat' dir='ltr'>signa</span> <span class='ocrx_word' id='word_1_395' title='bbox 2075 2467 2240 2497; x_wconf 50' lang='lat' dir='ltr'>Stephanus</span> 
     </span>
     <span class='ocr_line' id='line_1_42' title="bbox 152 2503 2242 2571; baseline -0.002 -12"><span class='ocrx_word' id='word_1_396' title='bbox 152 2530 302 2571; x_wconf 82' lang='lat' dir='ltr'>magna</span> <span class='ocrx_word' id='word_1_397' title='bbox 334 2516 376 2557; x_wconf 91' lang='lat' dir='ltr'>in</span> <span class='ocrx_word' id='word_1_398' title='bbox 408 2515 572 2570; x_wconf 89' lang='lat' dir='ltr'>populo.</span> <span class='ocrx_word' id='word_1_399' title='bbox 637 2517 652 2540; x_wconf 77' lang='lat'>⁹</span> <span class='ocrx_word' id='word_1_400' title='bbox 685 2516 958 2557; x_wconf 86' lang='lat' dir='ltr'>Surrexerunt</span> <span class='ocrx_word' id='word_1_401' title='bbox 991 2520 1129 2557; x_wconf 89' lang='lat' dir='ltr'>autem</span> <span class='ocrx_word' id='word_1_402' title='bbox 1165 2515 1329 2568; x_wconf 88' lang='lat' dir='ltr'>quidam</span> <span class='ocrx_word' id='word_1_403' title='bbox 1366 2516 1415 2556; x_wconf 92' lang='lat' dir='ltr'>de</span> <span class='ocrx_word' id='word_1_404' title='bbox 1449 2528 1666 2569; x_wconf 82' lang='lat' dir='ltr'>synagoga,</span> <span class='ocrx_word' id='word_1_405' title='bbox 1704 2528 1793 2568; x_wconf 80' lang='lat' dir='ltr'>quae</span> <span class='ocrx_word' id='word_1_406' title='bbox 1826 2503 2242 2568; x_wconf 51' lang='lat' dir='ltr'>appellaturadvgkffl,</span> 
     </span>
     <span class='ocr_line' id='line_1_43' title="bbox 152 2573 2254 2628; baseline -0.002 -11"><span class='ocrx_word' id='word_1_407' title='bbox 152 2576 466 2625; x_wconf 85' lang='lat' dir='ltr'>Libertinorum,</span> <span class='ocrx_word' id='word_1_408' title='bbox 497 2579 538 2615; x_wconf 91' lang='lat' dir='ltr'>et</span> <span class='ocrx_word' id='word_1_409' title='bbox 565 2574 867 2628; x_wconf 80' lang='lat' dir='ltr'>Cyrenensium,</span> <span class='ocrx_word' id='word_1_410' title='bbox 897 2579 939 2616; x_wconf 88' lang='lat' dir='ltr'>et</span> <span class='ocrx_word' id='word_1_411' title='bbox 965 2574 1346 2623; x_wconf 88' lang='lat' dir='ltr'>Alexandrinorum,</span> <span class='ocrx_word' id='word_1_412' title='bbox 1377 2579 1419 2615; x_wconf 86' lang='lat' dir='ltr'>et</span> <span class='ocrx_word' id='word_1_413' title='bbox 1445 2587 1582 2615; x_wconf 88' lang='lat' dir='ltr'>eorum</span> <span class='ocrx_word' id='word_1_414' title='bbox 1613 2573 1681 2627; x_wconf 90' lang='lat' dir='ltr'>qui</span> <span class='ocrx_word' id='word_1_415' title='bbox 1709 2578 1826 2614; x_wconf 89' lang='lat' dir='ltr'>erant</span> <span class='ocrx_word' id='word_1_416' title='bbox 1851 2587 1876 2614; x_wconf 89' lang='lat' dir='ltr'>a</span> <span class='ocrx_word' id='word_1_417' title='bbox 1902 2573 2048 2620; x_wconf 81' lang='lat' dir='ltr'>Cilicia,</span> <span class='ocrx_word' id='word_1_418' title='bbox 2061 2574 2254 2603; x_wconf 56' lang='lat' dir='ltr'>0pp¹¹ss¹¹³t¹¹¹=</span> 
     </span>
     <span class='ocr_line' id='line_1_44' title="bbox 152 2631 2055 2688; baseline -0.002 -12"><span class='ocrx_word' id='word_1_419' title='bbox 152 2639 195 2676; x_wconf 91' lang='lat' dir='ltr'>et</span> <span class='ocrx_word' id='word_1_420' title='bbox 225 2634 333 2684; x_wconf 88' lang='lat' dir='ltr'>Asia,</span> <span class='ocrx_word' id='word_1_421' title='bbox 367 2634 625 2688; x_wconf 81' lang='lat' dir='ltr'>disputantes</span> <span class='ocrx_word' id='word_1_422' title='bbox 658 2647 751 2675; x_wconf 91' lang='lat' dir='ltr'>cum</span> <span class='ocrx_word' id='word_1_423' title='bbox 782 2633 1010 2687; x_wconf 90' lang='lat' dir='ltr'>Stephano:</span> <span class='ocrx_word' id='word_1_424' title='bbox 1070 2634 1106 2658; x_wconf 85' lang='lat'>1⁰</span> <span class='ocrx_word' id='word_1_425' title='bbox 1137 2637 1179 2674; x_wconf 87' lang='lat' dir='ltr'>et</span> <span class='ocrx_word' id='word_1_426' title='bbox 1208 2646 1291 2673; x_wconf 91' lang='lat' dir='ltr'>non</span> <span class='ocrx_word' id='word_1_427' title='bbox 1323 2637 1514 2686; x_wconf 87' lang='lat' dir='ltr'>poterant</span> <span class='ocrx_word' id='word_1_428' title='bbox 1546 2632 1728 2673; x_wconf 90' lang='lat' dir='ltr'>resistere</span> <span class='ocrx_word' id='word_1_429' title='bbox 1760 2631 1979 2685; x_wconf 82' lang='lat' dir='ltr'>sapientiae,</span> <span class='ocrx_word' id='word_1_430' title='bbox 2014 2636 2055 2673; x_wconf 91' lang='lat' dir='ltr'>et</span> 
     </span>
     <span class='ocr_line' id='line_1_45' title="bbox 152 2690 2053 2748; baseline -0.002 -14"><span class='ocrx_word' id='word_1_431' title='bbox 152 2693 332 2748; x_wconf 89' lang='lat' dir='ltr'>Spiritui,</span> <span class='ocrx_word' id='word_1_432' title='bbox 367 2693 436 2746; x_wconf 90' lang='lat' dir='ltr'>qui</span> <span class='ocrx_word' id='word_1_433' title='bbox 466 2692 723 2746; x_wconf 87' lang='lat' dir='ltr'>loquebatur.</span> <span class='ocrx_word' id='word_1_434' title='bbox 784 2694 815 2716; x_wconf 71' lang='grc' dir='ltr'>Π</span> <span class='ocrx_word' id='word_1_435' title='bbox 847 2692 961 2733; x_wconf 89' lang='lat' dir='ltr'>Tunc</span> <span class='ocrx_word' id='word_1_436' title='bbox 992 2691 1284 2733; x_wconf 88' lang='lat' dir='ltr'>summiserunt</span> <span class='ocrx_word' id='word_1_437' title='bbox 1314 2691 1433 2741; x_wconf 91' lang='lat' dir='ltr'>viros,</span> <span class='ocrx_word' id='word_1_438' title='bbox 1469 2691 1537 2744; x_wconf 90' lang='lat' dir='ltr'>qui</span> <span class='ocrx_word' id='word_1_439' title='bbox 1569 2691 1749 2731; x_wconf 90' lang='lat' dir='ltr'>dicerent</span> <span class='ocrx_word' id='word_1_440' title='bbox 1779 2704 1819 2731; x_wconf 89' lang='lat' dir='ltr'>se</span> <span class='ocrx_word' id='word_1_441' title='bbox 1851 2690 2053 2731; x_wconf 87' lang='lat' dir='ltr'>audivisse</span> 
     </span>
     <span class='ocr_line' id='line_1_46' title="bbox 152 2749 1531 2805; baseline -0.003 -11"><span class='ocrx_word' id='word_1_442' title='bbox 152 2765 245 2794; x_wconf 88' lang='lat' dir='ltr'>eum</span> <span class='ocrx_word' id='word_1_443' title='bbox 276 2752 479 2793; x_wconf 88' lang='lat' dir='ltr'>dicentem</span> <span class='ocrx_word' id='word_1_444' title='bbox 510 2752 637 2793; x_wconf 89' lang='lat' dir='ltr'>verba</span> <span class='ocrx_word' id='word_1_445' title='bbox 667 2750 928 2805; x_wconf 72' lang='lat' dir='ltr'>blasphemiae</span> <span class='ocrx_word' id='word_1_446' title='bbox 958 2750 999 2791; x_wconf 91' lang='lat' dir='ltr'>in</span> <span class='ocrx_word' id='word_1_447' title='bbox 1030 2751 1210 2803; x_wconf 88' lang='lat' dir='ltr'>Moysen,</span> <span class='ocrx_word' id='word_1_448' title='bbox 1244 2755 1286 2790; x_wconf 91' lang='lat' dir='ltr'>et</span> <span class='ocrx_word' id='word_1_449' title='bbox 1314 2749 1356 2790; x_wconf 91' lang='lat' dir='ltr'>in</span> <span class='ocrx_word' id='word_1_450' title='bbox 1386 2750 1531 2791; x_wconf 90' lang='lat' dir='ltr'>Deum.</span> 
     </span>
    </p>

    <p class='ocr_par' dir='ltr' id='par_1_19' title="bbox 152 2808 2230 3156">
     <span class='ocr_line' id='line_1_47' title="bbox 256 2808 2230 2873; baseline -0.003 -21"><span class='ocrx_word' id='word_1_451' title='bbox 256 2813 288 2836; x_wconf 83' lang='lat'>¹2</span> <span class='ocrx_word' id='word_1_452' title='bbox 324 2810 646 2852; x_wconf 88' lang='lat' dir='ltr'>Commoverunt</span> <span class='ocrx_word' id='word_1_453' title='bbox 680 2809 820 2863; x_wconf 87' lang='lat' dir='ltr'>itaque</span> <span class='ocrx_word' id='word_1_454' title='bbox 856 2808 1028 2863; x_wconf 83' lang='lat' dir='ltr'>plebem,</span> <span class='ocrx_word' id='word_1_455' title='bbox 1068 2813 1110 2849; x_wconf 90' lang='lat' dir='ltr'>et</span> <span class='ocrx_word' id='word_1_456' title='bbox 1145 2809 1331 2857; x_wconf 87' lang='lat' dir='ltr'>seniores,</span> <span class='ocrx_word' id='word_1_457' title='bbox 1385 2813 1427 2849; x_wconf 86' lang='lat' dir='ltr'>et</span> <span class='ocrx_word' id='word_1_458' title='bbox 1461 2808 1639 2849; x_wconf 85' lang='lat' dir='ltr'>Scribas:</span> <span class='ocrx_word' id='word_1_459' title='bbox 1693 2811 1734 2848; x_wconf 91' lang='lat' dir='ltr'>et</span> <span class='ocrx_word' id='word_1_460' title='bbox 1770 2812 2053 2849; x_wconf 86' lang='lat' dir='ltr'>concurrentes</span> <span class='ocrx_word' id='word_1_461' title='bbox 2081 2813 2110 2873; x_wconf 75' lang='lat' dir='ltr'>ii¹</span> <span class='ocrx_word' id='word_1_462' title='bbox 2139 2813 2230 2866; x_wconf 52' lang='lat' dir='ltr'>conci]</span> 
     </span>
     <span class='ocr_line' id='line_1_48' title="bbox 153 2855 2218 2922; baseline -0 -12"><span class='ocrx_word' id='word_1_463' title='bbox 153 2874 377 2922; x_wconf 88' lang='lat' dir='ltr'>rapuerunt</span> <span class='ocrx_word' id='word_1_464' title='bbox 406 2882 510 2917; x_wconf 91' lang='lat' dir='ltr'>eum,</span> <span class='ocrx_word' id='word_1_465' title='bbox 544 2873 587 2909; x_wconf 90' lang='lat' dir='ltr'>et</span> <span class='ocrx_word' id='word_1_466' title='bbox 615 2868 878 2909; x_wconf 88' lang='lat' dir='ltr'>adduxerunt</span> <span class='ocrx_word' id='word_1_467' title='bbox 906 2867 947 2908; x_wconf 93' lang='lat' dir='ltr'>in</span> <span class='ocrx_word' id='word_1_468' title='bbox 979 2866 1205 2916; x_wconf 89' lang='lat' dir='ltr'>concilium,</span> <span class='ocrx_word' id='word_1_469' title='bbox 1265 2869 1297 2892; x_wconf 83' lang='lat'>13</span> <span class='ocrx_word' id='word_1_470' title='bbox 1327 2872 1369 2908; x_wconf 93' lang='lat' dir='ltr'>et</span> <span class='ocrx_word' id='word_1_471' title='bbox 1398 2870 1633 2907; x_wconf 88' lang='lat' dir='ltr'>statuerunt</span> <span class='ocrx_word' id='word_1_472' title='bbox 1661 2865 1783 2907; x_wconf 80' lang='lat' dir='ltr'>falsos</span> <span class='ocrx_word' id='word_1_473' title='bbox 1815 2870 1950 2915; x_wconf 88' lang='lat' dir='ltr'>testes,</span> <span class='ocrx_word' id='word_1_474' title='bbox 1984 2865 2053 2919; x_wconf 92' lang='lat' dir='ltr'>qui</span> <span class='ocrx_word' id='word_1_475' title='bbox 2102 2855 2218 2909; x_wconf 54' lang='lat' dir='ltr'>Zatlfrcu</span> 
     </span>
     <span class='ocr_line' id='line_1_49' title="bbox 152 2923 2051 2979; baseline -0.002 -10"><span class='ocrx_word' id='word_1_476' title='bbox 152 2927 350 2969; x_wconf 87' lang='lat' dir='ltr'>dicerent:</span> <span class='ocrx_word' id='word_1_477' title='bbox 383 2928 518 2969; x_wconf 91' lang='lat' dir='ltr'>Homo</span> <span class='ocrx_word' id='word_1_478' title='bbox 547 2927 625 2968; x_wconf 89' lang='lat' dir='ltr'>iste</span> <span class='ocrx_word' id='word_1_479' title='bbox 654 2940 736 2968; x_wconf 89' lang='lat' dir='ltr'>non</span> <span class='ocrx_word' id='word_1_480' title='bbox 766 2930 898 2967; x_wconf 87' lang='lat' dir='ltr'>cessat</span> <span class='ocrx_word' id='word_1_481' title='bbox 926 2925 1037 2979; x_wconf 92' lang='lat' dir='ltr'>loqui</span> <span class='ocrx_word' id='word_1_482' title='bbox 1067 2927 1194 2967; x_wconf 88' lang='lat' dir='ltr'>verba</span> <span class='ocrx_word' id='word_1_483' title='bbox 1223 2927 1416 2967; x_wconf 86' lang='lat' dir='ltr'>adversus</span> <span class='ocrx_word' id='word_1_484' title='bbox 1445 2924 1578 2966; x_wconf 89' lang='lat' dir='ltr'>locum</span> <span class='ocrx_word' id='word_1_485' title='bbox 1609 2928 1808 2974; x_wconf 88' lang='lat' dir='ltr'>sanctum,</span> <span class='ocrx_word' id='word_1_486' title='bbox 1841 2928 1883 2964; x_wconf 89' lang='lat' dir='ltr'>et</span> <span class='ocrx_word' id='word_1_487' title='bbox 1911 2923 2051 2977; x_wconf 86' lang='lat' dir='ltr'>legem.</span> 
     </span>
     <span class='ocr_line' id='line_1_50' title="bbox 153 2982 2052 3038; baseline -0.002 -11"><span class='ocrx_word' id='word_1_488' title='bbox 153 2988 185 3011; x_wconf 79' lang='lat'>¹4</span> <span class='ocrx_word' id='word_1_489' title='bbox 213 2986 444 3027; x_wconf 89' lang='lat' dir='ltr'>audivimus</span> <span class='ocrx_word' id='word_1_490' title='bbox 472 2985 578 3026; x_wconf 90' lang='lat' dir='ltr'>enim</span> <span class='ocrx_word' id='word_1_491' title='bbox 607 2998 699 3026; x_wconf 90' lang='lat' dir='ltr'>eum</span> <span class='ocrx_word' id='word_1_492' title='bbox 728 2984 949 3026; x_wconf 86' lang='lat' dir='ltr'>dicentem:</span> <span class='ocrx_word' id='word_1_493' title='bbox 980 2984 1173 3038; x_wconf 90' lang='lat' dir='ltr'>quoniam</span> <span class='ocrx_word' id='word_1_494' title='bbox 1203 2985 1314 3025; x_wconf 89' lang='lat' dir='ltr'>Iesus</span> <span class='ocrx_word' id='word_1_495' title='bbox 1344 2984 1576 3024; x_wconf 89' lang='lat' dir='ltr'>Nazarenus</span> <span class='ocrx_word' id='word_1_496' title='bbox 1603 2982 1679 3032; x_wconf 90' lang='lat' dir='ltr'>hic,</span> <span class='ocrx_word' id='word_1_497' title='bbox 1709 2983 1893 3023; x_wconf 89' lang='lat' dir='ltr'>destruet</span> <span class='ocrx_word' id='word_1_498' title='bbox 1919 2982 2052 3024; x_wconf 89' lang='lat' dir='ltr'>locum</span> 
     </span>
     <span class='ocr_line' id='line_1_51' title="bbox 152 3041 2051 3096; baseline -0.002 -11"><span class='ocrx_word' id='word_1_499' title='bbox 152 3044 290 3094; x_wconf 87' lang='lat' dir='ltr'>istum,</span> <span class='ocrx_word' id='word_1_500' title='bbox 321 3048 363 3085; x_wconf 90' lang='lat' dir='ltr'>et</span> <span class='ocrx_word' id='word_1_501' title='bbox 388 3043 570 3085; x_wconf 83' lang='lat' dir='ltr'>mutabit</span> <span class='ocrx_word' id='word_1_502' title='bbox 598 3043 851 3093; x_wconf 85' lang='lat' dir='ltr'>traditiones,</span> <span class='ocrx_word' id='word_1_503' title='bbox 884 3056 983 3096; x_wconf 88' lang='lat' dir='ltr'>quas</span> <span class='ocrx_word' id='word_1_504' title='bbox 1012 3042 1185 3084; x_wconf 89' lang='lat' dir='ltr'>tradidit</span> <span class='ocrx_word' id='word_1_505' title='bbox 1211 3042 1327 3084; x_wconf 90' lang='lat' dir='ltr'>nobis</span> <span class='ocrx_word' id='word_1_506' title='bbox 1355 3042 1527 3095; x_wconf 85' lang='lat' dir='ltr'>Moyses.</span> <span class='ocrx_word' id='word_1_507' title='bbox 1584 3043 1615 3066; x_wconf 74' lang='lat'>15</span> <span class='ocrx_word' id='word_1_508' title='bbox 1644 3042 1700 3082; x_wconf 89' lang='lat' dir='ltr'>Et</span> <span class='ocrx_word' id='word_1_509' title='bbox 1726 3041 1931 3082; x_wconf 88' lang='lat' dir='ltr'>intuentes</span> <span class='ocrx_word' id='word_1_510' title='bbox 1960 3054 2051 3082; x_wconf 90' lang='lat' dir='ltr'>eum</span> 
     </span>
     <span class='ocr_line' id='line_1_52' title="bbox 154 3099 2050 3156; baseline -0.002 -13"><span class='ocrx_word' id='word_1_511' title='bbox 154 3116 304 3153; x_wconf 89' lang='lat' dir='ltr'>omnes,</span> <span class='ocrx_word' id='word_1_512' title='bbox 340 3102 409 3156; x_wconf 90' lang='lat' dir='ltr'>qui</span> <span class='ocrx_word' id='word_1_513' title='bbox 440 3103 640 3144; x_wconf 86' lang='lat' dir='ltr'>sedebant</span> <span class='ocrx_word' id='word_1_514' title='bbox 669 3101 710 3142; x_wconf 90' lang='lat' dir='ltr'>in</span> <span class='ocrx_word' id='word_1_515' title='bbox 743 3101 923 3151; x_wconf 81' lang='lat' dir='ltr'>concilio,</span> <span class='ocrx_word' id='word_1_516' title='bbox 957 3101 1150 3142; x_wconf 91' lang='lat' dir='ltr'>viderunt</span> <span class='ocrx_word' id='word_1_517' title='bbox 1181 3101 1325 3142; x_wconf 83' lang='lat' dir='ltr'>faciem</span> <span class='ocrx_word' id='word_1_518' title='bbox 1358 3100 1441 3141; x_wconf 90' lang='lat' dir='ltr'>eius</span> <span class='ocrx_word' id='word_1_519' title='bbox 1475 3105 1687 3153; x_wconf 88' lang='lat' dir='ltr'>tamquam</span> <span class='ocrx_word' id='word_1_520' title='bbox 1719 3099 1863 3141; x_wconf 85' lang='lat' dir='ltr'>faciem</span> <span class='ocrx_word' id='word_1_521' title='bbox 1896 3099 2050 3153; x_wconf 84' lang='lat' dir='ltr'>Angeli.</span> 
     </span>
    </p>

    <p class='ocr_par' dir='ltr' id='par_1_20' title="bbox 153 3157 2239 3273">
     <span class='ocr_line' id='line_1_53' title="bbox 259 3157 2239 3218; baseline -0.003 -15"><span class='ocrx_word' id='word_1_522' title='bbox 259 3162 296 3205; x_wconf 81' lang='lat'>7.</span> <span class='ocrx_word' id='word_1_523' title='bbox 350 3163 365 3186; x_wconf 84' lang='lat'>¹</span> <span class='ocrx_word' id='word_1_524' title='bbox 393 3160 511 3202; x_wconf 84' lang='lat' dir='ltr'>Dixit</span> <span class='ocrx_word' id='word_1_525' title='bbox 540 3165 679 3202; x_wconf 89' lang='lat' dir='ltr'>autem</span> <span class='ocrx_word' id='word_1_526' title='bbox 710 3160 896 3214; x_wconf 88' lang='lat' dir='ltr'>princeps</span> <span class='ocrx_word' id='word_1_527' title='bbox 927 3161 1203 3202; x_wconf 88' lang='lat' dir='ltr'>sacerdotum:</span> <span class='ocrx_word' id='word_1_528' title='bbox 1236 3159 1277 3200; x_wconf 89' lang='lat' dir='ltr'>Si</span> <span class='ocrx_word' id='word_1_529' title='bbox 1307 3159 1391 3200; x_wconf 85' lang='lat' dir='ltr'>haec</span> <span class='ocrx_word' id='word_1_530' title='bbox 1421 3158 1481 3199; x_wconf 91' lang='lat' dir='ltr'>ita</span> <span class='ocrx_word' id='word_1_531' title='bbox 1510 3171 1551 3199; x_wconf 91' lang='lat' dir='ltr'>se</span> <span class='ocrx_word' id='word_1_532' title='bbox 1581 3157 1760 3199; x_wconf 79' lang='lat' dir='ltr'>habent?</span> <span class='ocrx_word' id='word_1_533' title='bbox 1818 3160 1832 3182; x_wconf 68' lang='lat'>&#39;2</span> <span class='ocrx_word' id='word_1_534' title='bbox 1864 3157 1942 3206; x_wconf 88' lang='lat' dir='ltr'>Qui</span> <span class='ocrx_word' id='word_1_535' title='bbox 1972 3157 2239 3218; x_wconf 56' lang='lat' dir='ltr'>ait:⁹tggffi¹rfz⁰³·</span> 
     </span>
     <span class='ocr_line' id='line_1_54' title="bbox 153 3214 2201 3273; baseline -0.002 -13"><span class='ocrx_word' id='word_1_536' title='bbox 153 3219 237 3261; x_wconf 92' lang='lat' dir='ltr'>Viri</span> <span class='ocrx_word' id='word_1_537' title='bbox 266 3220 423 3269; x_wconf 80' lang='lat' dir='ltr'>fratres,</span> <span class='ocrx_word' id='word_1_538' title='bbox 455 3224 497 3260; x_wconf 91' lang='lat' dir='ltr'>et</span> <span class='ocrx_word' id='word_1_539' title='bbox 524 3224 661 3273; x_wconf 87' lang='lat' dir='ltr'>patres</span> <span class='ocrx_word' id='word_1_540' title='bbox 691 3219 848 3260; x_wconf 88' lang='lat' dir='ltr'>audite:</span> <span class='ocrx_word' id='word_1_541' title='bbox 2197 3214 2201 3217; x_wconf 81' lang='grc'><strong>’</strong></span> 
     </span>
    </p>

    <p class='ocr_par' dir='ltr' id='par_1_21' title="bbox 257 3273 2223 3332">
     <span class='ocr_line' id='line_1_55' title="bbox 257 3273 2223 3332; baseline -0.003 -13"><span class='ocrx_word' id='word_1_542' title='bbox 257 3279 366 3320; x_wconf 90' lang='lat' dir='ltr'>Deus</span> <span class='ocrx_word' id='word_1_543' title='bbox 395 3277 530 3332; x_wconf 82' lang='lat' dir='ltr'>gloriae</span> <span class='ocrx_word' id='word_1_544' title='bbox 558 3277 750 3331; x_wconf 87' lang='lat' dir='ltr'>apparuit</span> <span class='ocrx_word' id='word_1_545' title='bbox 777 3277 885 3331; x_wconf 85' lang='lat' dir='ltr'>patri</span> <span class='ocrx_word' id='word_1_546' title='bbox 914 3282 1053 3319; x_wconf 87' lang='lat' dir='ltr'>nostro</span> <span class='ocrx_word' id='word_1_547' title='bbox 1081 3276 1256 3317; x_wconf 68' lang='lat' dir='ltr'>Abrahae</span> <span class='ocrx_word' id='word_1_548' title='bbox 1284 3289 1376 3317; x_wconf 87' lang='lat' dir='ltr'>cum</span> <span class='ocrx_word' id='word_1_549' title='bbox 1405 3280 1509 3316; x_wconf 88' lang='lat' dir='ltr'>esset</span> <span class='ocrx_word' id='word_1_550' title='bbox 1536 3275 1577 3316; x_wconf 91' lang='lat' dir='ltr'>in</span> <span class='ocrx_word' id='word_1_551' title='bbox 1606 3274 1912 3328; x_wconf 85' lang='lat' dir='ltr'>Mesopotamia,</span> <span class='ocrx_word' id='word_1_552' title='bbox 1942 3273 2051 3327; x_wconf 90' lang='lat' dir='ltr'>prius</span> <span class='ocrx_word' id='word_1_553' title='bbox 2083 3273 2117 3297; x_wconf 63' lang='lat'>‘³0</span> <span class='ocrx_word' id='word_1_554' title='bbox 2138 3273 2223 3296; x_wconf 50' lang='lat' dir='ltr'>“tm“</span> 
     </span>
    </p>
   </div>
   <div class='ocr_carea' id='block_1_13' title="bbox 2093 3307 2212 3338">
    <p class='ocr_par' dir='ltr' id='par_1_22' title="bbox 2093 3307 2212 3338">
     <span class='ocr_line' id='line_1_56' title="bbox 2093 3307 2212 3338; baseline -0.008 -7"><span class='ocrx_word' id='word_1_555' title='bbox 2093 3307 2212 3338; x_wconf 78' lang='lat' dir='ltr'>patriar-</span> 
     </span>
    </p>
   </div>
   <div class='ocr_carea' id='block_1_14' title="bbox 154 3332 2216 3390">
    <p class='ocr_par' dir='ltr' id='par_1_23' title="bbox 154 3332 2216 3390">
     <span class='ocr_line' id='line_1_57' title="bbox 154 3332 2216 3390; baseline -0.005 -11"><span class='ocrx_word' id='word_1_556' title='bbox 154 3349 277 3390; x_wconf 89' lang='lat' dir='ltr'>quam</span> <span class='ocrx_word' id='word_1_557' title='bbox 296 3341 524 3379; x_wconf 83' lang='lat' dir='ltr'>moraretur</span> <span class='ocrx_word' id='word_1_558' title='bbox 541 3335 582 3376; x_wconf 92' lang='lat' dir='ltr'>in</span> <span class='ocrx_word' id='word_1_559' title='bbox 602 3336 771 3376; x_wconf 88' lang='lat' dir='ltr'>Charan.</span> <span class='ocrx_word' id='word_1_560' title='bbox 821 3338 837 3361; x_wconf 80' lang='grc'><strong>3</strong></span> <span class='ocrx_word' id='word_1_561' title='bbox 856 3340 898 3376; x_wconf 90' lang='lat' dir='ltr'>et</span> <span class='ocrx_word' id='word_1_562' title='bbox 915 3335 1021 3378; x_wconf 89' lang='lat' dir='ltr'>dixit</span> <span class='ocrx_word' id='word_1_563' title='bbox 1039 3336 1091 3377; x_wconf 88' lang='lat' dir='ltr'>ad</span> <span class='ocrx_word' id='word_1_564' title='bbox 1109 3334 1241 3376; x_wconf 87' lang='lat' dir='ltr'>illum:</span> <span class='ocrx_word' id='word_1_565' title='bbox 1266 3334 1364 3376; x_wconf 76' lang='lat' dir='ltr'>aExi</span> <span class='ocrx_word' id='word_1_566' title='bbox 1383 3334 1433 3375; x_wconf 90' lang='lat' dir='ltr'>de</span> <span class='ocrx_word' id='word_1_567' title='bbox 1452 3339 1560 3376; x_wconf 87' lang='lat' dir='ltr'>terra</span> <span class='ocrx_word' id='word_1_568' title='bbox 1579 3339 1662 3383; x_wconf 82' lang='lat' dir='ltr'>tua,</span> <span class='ocrx_word' id='word_1_569' title='bbox 1684 3338 1725 3374; x_wconf 89' lang='lat' dir='ltr'>et</span> <span class='ocrx_word' id='word_1_570' title='bbox 1743 3333 1792 3374; x_wconf 90' lang='lat' dir='ltr'>de</span> <span class='ocrx_word' id='word_1_571' title='bbox 1812 3332 2050 3386; x_wconf 80' lang='lat' dir='ltr'>cognatione</span> <span class='ocrx_word' id='word_1_572' title='bbox 2088 3342 2216 3367; x_wconf 76' lang='lat' dir='ltr'>charum.</span> 
     </span>
    </p>
   </div>
   <div class='ocr_carea' id='block_1_15' title="bbox 287 3461 598 3503">
    <p class='ocr_par' dir='ltr' id='par_1_24' title="bbox 287 3461 598 3503">
     <span class='ocr_line' id='line_1_58' title="bbox 287 3461 598 3503; baseline 0.006 -9"><span class='ocrx_word' id='word_1_573' title='bbox 287 3461 317 3503; x_wconf 84' lang='lat'>7,</span> <span class='ocrx_word' id='word_1_574' title='bbox 346 3461 366 3494; x_wconf 86' lang='lat'><em>3</em></span> <span class='ocrx_word' id='word_1_575' title='bbox 391 3462 463 3495; x_wconf 66' lang='lat' dir='ltr'>aen</span> <span class='ocrx_word' id='word_1_576' title='bbox 487 3463 540 3499; x_wconf 75' lang='lat'>12.</span> <span class='ocrx_word' id='word_1_577' title='bbox 569 3464 598 3496; x_wconf 80' lang='lat'>1.</span> 
     </span>
    </p>
   </div>
  </div>
 </body>
</html>
