2356 3760
110 157 163 197 21,
188 158 329 197 11—22,
356 159 398 190 1ss
757 157 899 191 BEATI
924 156 1115 191 ioANMs
1142 157 1366 192 APOSTOLI
1906 161 2010 201 1207

111 250 321 291 civitatem
341 257 526 292 sanctam
548 251 766 292 Ierusalem
785 250 1098 292 descendentem
1118 251 1167 292 de
1187 251 1282 292 caelo
1302 265 1326 292 a
1344 252 1443 300 Deo,
1493 253 1522 275 11
1542 251 1762 293 habentem
1782 252 2010 295 claritatem

110 308 204 349 Dei:
228 314 269 350 et
288 309 426 350 lumen
448 310 531 351 eius
553 309 681 351 simile
701 309 827 362 lapidi
848 309 1025 362 pretioso
1049 316 1262 364 tamquam
1284 310 1410 363 lapidi
1430 310 1609 364 iaspidis,
1633 309 1738 352 sicut
1759 311 2009 364 crystallum.

110 369 142 392 ¹2
164 366 221 408 Et
242 367 424 409 habebat
446 381 609 409 murum
631 380 838 421 magnum,
863 372 903 409 et
926 367 1069 418 altum,
1094 368 1315 410 habentem
1338 373 1477 421 portas
1501 368 1734 410 duodecim:
1759 375 1798 410 et
1822 369 1862 411 in
1885 370 2012 423 portis

109 425 284 479 Angelos
322 426 548 476 duodecim,
588 431 629 468 et
665 426 831 467 nomina
868 425 1075 480 inscripta.
1117 440 1206 480 quae
1242 433 1339 468 sunt
1376 427 1543 468 nomina
1579 426 1793 469 duodecim
1832 428 2013 469 tribuum

110 483 285 526 filiorum
309 485 443 527 Israel.
495 487 527 510 13
547 484 612 526 Ab
634 483 799 526 Oriente
821 491 949 538 portae
971 490 1070 526 tres:
1095 492 1135 527 et
1157 485 1209 526 ab
1231 485 1432 540 Aquilone
1454 490 1583 539 portae
1604 491 1703 527 tres:
1727 491 1768 528 et
1789 485 1841 527 ab
1862 486 2014 528 Austro

110 549 239 596 portae
267 548 366 584 tres:
397 549 438 585 et
467 543 518 584 ab
547 542 703 584 Occasu
732 549 861 597 portae
890 549 982 585 tres.
1040 545 1072 568 11
1101 544 1155 585 Et
1185 557 1323 585 murus
1353 544 1532 585 civitatis
1561 543 1715 585 habens
1744 544 2015 586 fundamenta

110 601 337 651 duodecim,
368 607 408 643 et
436 601 477 642 in
505 601 600 655 ipsis
629 601 844 643 duodecim
872 602 1039 643 nomina
1067 602 1281 643 duodecim
1310 602 1600 656 Apostolorum
1628 602 1744 656 Agni.
1802 604 1833 628 ¹⁵
1861 603 1918 644 Et
1947 604 2015 657 qui

109 660 356 714 loquebatur
372 673 544 710 mecum,
563 659 744 702 habebat
762 673 994 702 mensuram
1013 661 1281 702 arundineam
1300 674 1477 710 auream,
1494 666 1540 702 ut
1558 661 1771 703 metiretur
1788 661 2014 704 civitatem.

110 724 151 760 et
171 725 310 772 portas
331 719 427 768 eius,
449 724 490 760 et
508 731 684 760 murum.
734 721 768 744 ¹⁶
787 725 827 761 et
847 719 991 761 civitas
1011 719 1052 761 in
1075 720 1230 774 quadro
1250 719 1385 773 posita
1404 726 1476 769 est,
1500 726 1540 761 et
1560 719 1771 773 longitudo
1792 720 1875 761 eius
1896 725 2016 761 tanta

110 782 171 818 est
196 784 353 831 quanta
375 784 415 819 et
437 776 633 818 latitudo:
659 782 700 819 et
722 791 884 819 mensus
909 784 969 819 est
992 778 1204 820 civitatem
1228 779 1277 819 de
1301 778 1498 819 arundine
1522 792 1644 819 aurea
1667 791 1737 832 per
1760 778 1895 820 stadia
1917 778 2013 819 duo-

111 835 242 877 decim
261 835 405 877 millia:
428 841 469 877 et
488 835 713 890 longitudo,
736 842 777 878 et
798 836 987 883 altitudo,
1010 843 1050 878 et
1070 837 1248 878 latitudo
1269 837 1352 878 eius
1373 836 1546 891 aequalia
1566 842 1672 878 sunt.
1723 839 1756 861 ¹⁷
1778 837 1833 878 Et
1853 850 2015 878 mensus

110 899 171 936 est
198 908 361 935 murum
389 894 472 936 eius
500 900 665 936 centum
695 895 967 949 quadraginta
996 901 1193 949 quattuor
1221 895 1465 945 cubitorum,
1494 908 1684 936 mensura
1711 895 1898 945 hominis,
1928 908 2017 948 quae

110 958 172 994 est
191 953 333 1007 angeli.
382 954 416 977 18
436 953 489 994 Et
510 959 597 994 erat
616 959 824 995 structura
842 954 947 995 muri
966 954 1049 996 eius
1070 967 1119 995 ex
1137 954 1271 1008 lapide
1291 954 1462 1007 iaspide:
1484 954 1572 1007 ipsa
1591 967 1685 995 vero
1706 954 1851 995 civitas
1871 967 2013 994 aurum

110 1011 311 1053 mundum
329 1011 457 1053 simile
476 1011 584 1053 vitro
603 1013 768 1054 mundo.
818 1014 852 1037 ¹⁹
870 1013 925 1054 Et
943 1013 1216 1054 fundamenta
1233 1013 1338 1054 muri
1357 1013 1537 1054 cixdtatis
1558 1012 1667 1053 omni
1684 1012 1820 1066 lapide
1838 1012 2016 1065 pretioso

111 1076 268 1112 ornata.
290 1070 625 1112 Fundamentum
646 1071 836 1125 primum,
859 1071 1000 1125 iaspis:
1023 1072 1258 1121 secundum,
1282 1071 1514 1125 sapphirus:
1537 1071 1718 1120 tertium,
1741 1071 2015 1112 calcedonius:

111 1134 318 1183 quartum,
350 1129 606 1183 smaragdus:
665 1132 701 1154 ‘2⁰
731 1130 934 1184 quintum.
966 1130 1191 1184 sardonyx:
1223 1135 1398 1179 sextum,
1430 1129 1605 1171 sardius:
1637 1130 1870 1183 septimum,
1902 1130 2018 1182 chry-

110 1187 299 1229 solithus:
320 1193 526 1238 octavum,
548 1188 742 1242 beryllus:
763 1202 928 1234 nonum,
950 1189 1158 1243 topazius:
1179 1188 1394 1238 decimum,
1414 1189 1722 1242 chrysoprasus:
1743 1188 2016 1233 undecimum,

110 1246 377 1300 hyacinthus:
398 1246 698 1297 duodecimum,
718 1247 988 1301 amethystus.
1036 1250 1067 1272 ²¹
1086 1248 1142 1289 Et
1160 1247 1375 1288 duodecim
1393 1254 1533 1301 portae,
1555 1247 1769 1288 duodecim
1787 1246 2017 1300 margaritae

110 1310 219 1354 sunt,
241 1318 313 1359 per
333 1304 528 1359 singulas:
552 1311 593 1347 et
613 1306 781 1359 singulae
801 1312 930 1360 portae
951 1311 1067 1348 erant
1088 1320 1138 1348 ex
1159 1306 1324 1360 singulis
1346 1305 1594 1360 margaritis:
1617 1310 1658 1347 et
1678 1306 1817 1359 platea
1837 1305 2017 1346 civitatis

111 1377 256 1404 aurum
282 1364 497 1414 mundum,
526 1370 740 1419 tamquam
768 1365 922 1406 vitrum
949 1365 1214 1419 perlucidum.

215 1435 247 1458 22
269 1433 325 1474 Et
346 1433 546 1487 templum
569 1447 649 1474 non
673 1434 756 1474 vidi
777 1434 818 1474 in
842 1447 899 1475 ea.
923 1434 1124 1475 Dominus
1147 1434 1255 1475 enim
1276 1434 1387 1474 Deus
1410 1434 1667 1486 omnipotens
1690 1433 1890 1487 templum
1912 1433 2017 1473 illius
2055 1437 2190 1498 clagtew

111 1499 184 1540 est,
205 1497 246 1533 et
262 1492 414 1545 Agnus.
462 1494 494 1516 '²³
515 1492 591 1533 aEt.
609 1492 753 1533 civitas
772 1505 853 1533 non
872 1498 962 1546 eget
980 1492 1073 1541 sole,
1094 1505 1225 1546 neque
1242 1492 1340 1533 luna
1357 1497 1404 1533 ut
1420 1491 1586 1533 luceant
1602 1492 1644 1532 in
1662 1505 1720 1533 ea.
1740 1505 1837 1532 nam
1855 1491 2017 1532 claritas
2050 1480 2195 1534 munitm.

110 1550 186 1591 Dei
206 1550 453 1592 illuminavit
474 1564 576 1601 eam,
599 1558 639 1592 et
658 1551 823 1592 lucerna
842 1551 925 1592 eius
946 1556 1007 1593 est
1026 1551 1178 1605 Agnus.
1228 1553 1259 1575 ²⁴
1280 1551 1334 1592 Et
1354 1550 1629 1591 ambulabunt
1646 1555 1786 1604 gentes
1806 1550 1847 1591 in
1866 1549 2019 1591 lumine
2087 1545 2159 1569 *²¹¹¹*

111 1609 213 1650 eius:
238 1615 279 1651 et
300 1623 410 1663 reges
434 1615 550 1651 terrae
573 1610 744 1652 afferent
765 1610 935 1664 gloriam
957 1623 1086 1658 suam,
1111 1616 1152 1651 et
1174 1609 1369 1650 honorem
1391 1609 1432 1650 in
1454 1609 1579 1652 illam.
1630 1611 1662 1634 25
1687 1609 1763 1650 bEt
1785 1614 1914 1662 portae
1936 1608 2019 1649 eius

111 1681 192 1708 non
210 1667 453 1709 claudentur
469 1682 540 1722 per
557 1668 682 1709 diem:
701 1681 783 1709 nox
800 1669 908 1709 enim
925 1682 1005 1710 non
1024 1668 1099 1710 erit
1116 1668 1207 1710 illic.
1254 1670 1289 1693 2⁶
1305 1668 1361 1709 Et
1378 1668 1550 1709 afferent
1565 1668 1748 1722 gloriam,
1767 1674 1808 1709 et
1824 1667 2020 1708 honorem

109 1726 294 1780 gentium
310 1727 351 1768 in
368 1726 492 1769 illam.
538 1729 572 1752 2⁷
591 1727 683 1768 Non
699 1727 872 1769 intrabit
888 1727 929 1768 in
947 1740 1037 1769 eam
1055 1727 1222 1781 aliquod
1239 1726 1562 1781 coinquinatum,
1582 1732 1654 1767 aut
1671 1726 2020 1767 abominationem

111 1785 276 1835 faciens,
305 1791 346 1827 et
372 1786 644 1836 mendacium,
673 1786 749 1827 nisi
777 1786 846 1840 qui
873 1786 1012 1840 scripti
1039 1792 1135 1827 sunt
1162 1786 1203 1827 in
1230 1786 1332 1827 libro
1361 1785 1456 1827 vitae
1483 1786 1599 1839 Agni.

215 1854 279 1898 22.
335 1857 349 1880 1
378 1855 435 1897 Et
457 1856 637 1897 ostendit
659 1856 758 1896 mihi
780 1856 951 1897 fiuvium
975 1870 1092 1910 aquae
1114 1856 1222 1905 vitae,
1247 1855 1505 1910 splendidum
1529 1863 1743 1908 tamquam
1766 1854 2017 1908 crystallum,
2060 1859 2188 1918 Mllffioet

111 1914 400 1967 procedentem
429 1914 478 1955 de
506 1915 598 1956 sede
626 1915 702 1956 Dei
730 1922 771 1956 et
797 1915 915 1969 Agni.
973 1917 987 1940 2
1018 1915 1064 1956 ln
1093 1914 1226 1956 medio
1255 1914 1401 1969 plateae
1429 1914 1525 1963 eius,
1555 1919 1596 1955 et
1624 1927 1673 1954 ex
1701 1918 1875 1967 utraque
1902 1918 2019 1966 parte
2078 1901 2159 1969 ,vitae

111 1972 288 2013 fluminis
324 1972 479 2026 lignum
517 1973 625 2023 vitae,
665 1974 835 2015 afferens
872 1975 1029 2016 fructus
1068 1973 1294 2023 duodecim,
1333 1987 1404 2027 per
1441 1986 1596 2013 menses
1634 1972 1810 2025 singulos
1848 1971 2019 2012 reddens
2055 1964 2193 1991 matam·

111 2032 292 2072 fructum
322 2045 453 2081 suum,
487 2038 526 2073 et
556 2032 653 2073 folia
681 2032 778 2086 ligni
808 2033 861 2074 ad
891 2033 1111 2075 sanitatem
1141 2032 1349 2074 Gentium.

215 2104 231 2126 3
254 2101 310 2143 Et
335 2114 453 2143 omne
477 2102 741 2144 maledictum
766 2116 847 2144 non
872 2103 946 2144 erit
972 2103 1164 2157 amplius:
1190 2102 1261 2144 sed
1284 2102 1396 2144 sedes
1421 2102 1509 2151 Dei,
1536 2107 1576 2142 et
1600 2101 1705 2154 Agni
1728 2100 1769 2141 in
1793 2100 1862 2141 illa
1885 2107 2016 2148 erunt,
2033 2103 2101 2164 boinni
2114 2109 2219 2162 33:32OE

112 2166 151 2201 et
179 2160 284 2201 servi
310 2160 392 2202 eius
419 2161 597 2202 servient
622 2161 689 2203 illi.
745 2164 760 2186 ‘¹
785 2162 842 2203 Et
868 2162 1069 2203 videbunt
1094 2161 1239 2203 faciem
1266 2161 1368 2203 eius:
1397 2166 1438 2203 et
1463 2173 1611 2201 nomen
1639 2160 1721 2201 eius
1748 2159 1788 2199 in
1814 2158 2017 2200 frontibus
2070 2209 2075 2213 ῃ
2098 2173 2151 2198 Dei

112 2232 263 2260 eorum.
318 2220 333 2244 ⁵
367 2219 439 2261 CEt
464 2233 548 2260 nox
574 2220 683 2261 ultra
708 2233 789 2261 non
817 2220 910 2261 erit:
939 2226 980 2262 et
1006 2234 1088 2261 non
1116 2220 1293 2273 egebunt
1319 2220 1471 2260 lumine
1497 2219 1682 2267 lucernae,
1711 2231 1841 2272 neque
1867 2217 2020 2258 lumine
2048 2208 2202 2234 V¹‘³‘³b¹¹'¹‘'·

112 2277 217 2327 solis,
244 2278 438 2332 quoniam
460 2278 661 2320 Dominus
685 2279 796 2320 Deus
819 2278 1067 2320 illuminabit
1091 2278 1191 2321 illos.
1218 2284 1258 2319 et
1281 2277 1512 2331 regnabunt
1535 2277 1576 2317 in
1600 2276 1746 2317 saecula
1769 2276 2019 2317 saeculorum.

822 2382 1058 2434 Epilogus,
1087 2382 1153 2432 22,
1173 2381 1319 2422 6—21.

221 2453 236 2476 ⁶
250 2451 305 2493 Et
321 2451 425 2493 dixit
440 2452 556 2492 mihi:
576 2452 672 2494 Haec
689 2452 815 2494 verba
830 2452 1063 2494 fidelissima
1077 2457 1185 2496 sunt,
1204 2457 1244 2493 et
1260 2465 1367 2493 vera.
1385 2451 1441 2492 Et
1455 2450 1655 2491 Dominus
1670 2450 1782 2490 Deus
1797 2448 2016 2502 spirituum
2033 2449 2225 2515 θῧζξίῑζζξῑῡ

112 2510 405 2565 prophetarum
438 2510 548 2552 misit
581 2511 783 2565 Angelum
816 2525 935 2553 suum
970 2510 1181 2552 ostendere
1214 2510 1338 2551 servis
1372 2509 1453 2551 suis
1487 2522 1577 2563 quae
1611 2513 1773 2562 oportet
1805 2507 1890 2548 fieri
1923 2506 2015 2547 cito.
2049 2519 2195 2551 angelum.

115 2571 129 2593 ⁷
155 2569 212 2611 Et
236 2583 326 2611 ecce
351 2569 470 2610 venio
496 2569 699 2612 velociter.
729 2571 894 2619 Beatus,
923 2570 992 2624 qui
1017 2569 1198 2611 custodit
1223 2568 1348 2610 verba
1372 2568 1598 2622 prophetiae
1620 2567 1712 2608 libri
1736 2566 1868 2607 huius.
1925 2567 1940 2589 s
1966 2565 2020 2605 Et

114 2640 186 2682 ego
216 2627 400 2678 Ioannes,
431 2628 501 2682 qui
528 2628 680 2679 audivi,
710 2634 752 2671 et
778 2629 863 2670 vidi
890 2629 986 2671 haec.
1017 2628 1072 2670 Et
1098 2633 1321 2682 postquam
1349 2627 1564 2676 audissem,
1594 2632 1636 2668 et
1663 2625 1866 2674 vidissem,
1897 2623 2020 2665 cecidi

114 2692 161 2728 ut
189 2686 400 2728 adorarem
428 2692 524 2728 ante
550 2687 673 2741 pedes
701 2688 846 2742 angeli,
876 2687 945 2742 qui
972 2686 1071 2728 mihi
1098 2687 1183 2728 haec
1212 2685 1473 2728 ostendebat:
1532 2688 1546 2709 ⁹
1574 2690 1615 2726 et
1642 2684 1746 2725 dixit
1772 2682 1889 2724 mihi:
1920 2681 2021 2722 Vide

114 2759 164 2786 ne
188 2744 347 2786 feceris:
376 2758 593 2787 conservus
620 2746 728 2787 enim
754 2752 849 2788 tuus
876 2760 979 2795 sum,
1007 2752 1048 2787 et
1074 2746 1248 2787 fratrum
1275 2750 1440 2786 tuorum
1466 2743 1772 2798 prophetarum,
1802 2747 1841 2783 et
1868 2753 2019 2783 eorum.

114 2803 184 2858 qui
213 2808 380 2845 servant
408 2804 534 2845 verba
560 2805 786 2859 prophetiae
813 2805 905 2847 libri
934 2805 1071 2846 huius:
1102 2805 1236 2845 Deum
1266 2803 1402 2844 adora.

219 2875 255 2898 1⁰
273 2873 329 2915 Et
348 2873 447 2915 dicit
466 2874 584 2915 mihi:
606 2875 667 2916 Ne
687 2874 907 2930 signaveris
928 2874 1053 2916 verba
1071 2873 1296 2927 prophet-ite
1314 2872 1404 2914 libri
1424 2872 1561 2913 huius:
1584 2877 1745 2924 tempus
1765 2871 1872 2912 enim
1892 2883 2017 2924 prope
2035 2875 2085 2900 1³01
2103 2869 2211 2895 16111111·

115 2936 187 2972 est.
244 2933 275 2956 11
302 2932 381 2980 Qui
406 2938 539 2982 nocet,
566 2939 714 2975 noceat
740 2934 892 2975 adhuc:
921 2939 963 2975 et
990 2933 1059 2988 qui
1084 2932 1126 2973 in
1154 2932 1339 2973 sordibus
1367 2937 1439 2980 est,
1469 2930 1675 2971 sordescat
1701 2929 1853 2971 adhuc:
1883 2935 1923 2971 et
1951 2928 2020 2983 qui

114 2990 245 3031 iustus
272 2994 345 3040 est,
371 2989 614 3032 iustificetur
639 2992 791 3033 adhuc:
818 2998 860 3034 et
884 2997 1063 3041 sanctus,
1090 2990 1367 3032 sanctificetur
1393 2989 1537 3030 adhuc.
1592 2990 1623 3013 ¹²
1648 2988 1753 3029 Ecce
1779 2988 1898 3029 venio
1925 2987 2018 3035 cito,

115 3054 157 3090 et
176 3061 327 3089 merces
348 3062 440 3089 mea
459 3062 619 3091 mecum
641 3055 714 3100 est,
736 3050 902 3092 reddere
924 3050 1142 3104 unicuique
1163 3049 1386 3091 secundum
1409 3061 1531 3102 opera
1551 3060 1635 3089 sua.
1684 3049 1717 3072 1³
1739 3046 1848 3101 dEgo
1870 3059 1959 3088 sum
1979 3062 2020 3095 a,

115 3112 157 3149 et
181 3124 232 3156 ω,
258 3106 425 3160 primus,
452 3112 494 3149 et
518 3108 774 3159 novissimus,
801 3108 1059 3163 principium,
1086 3113 1127 3149 et
1152 3107 1254 3149 finis.
1301 3109 1333 3132 ¹4
1358 3106 1489 3155 Beati,
1518 3105 1586 3160 qui
1610 3105 1753 3147 lavant
1779 3105 1902 3147 stolas
1928 3116 2020 3145 suas

114 3165 157 3206 in
175 3165 370 3219 sanguine
388 3165 512 3219 Agni:
532 3172 580 3208 ut
597 3167 650 3208 sit
666 3172 850 3221 potestas
869 3181 1009 3209 eorum
1026 3167 1068 3208 in
1085 3167 1194 3220 ligno
1212 3166 1321 3216 vitae,
1341 3170 1382 3207 et
1399 3178 1471 3219 per
1488 3170 1628 3218 portas
1646 3164 1800 3206 intrent
1817 3163 1859 3204 in
1878 3162 2021 3204 civita-

116 3229 212 3265 tem.
266 3225 298 3248 15
322 3223 436 3265 Foris
461 3238 593 3274 canes,
620 3230 661 3267 et
686 3226 866 3277 venefici,
894 3231 935 3268 et
959 3225 1166 3280 impudici,
1193 3230 1235 3266 et
1258 3224 1483 3268 homicidae.
1511 3229 1552 3265 et
1576 3223 1692 3265 idolis
1718 3223 1951 3271 servientes,
1980 3228 2022 3262 et

117 3282 259 3333 omnis,
282 3282 351 3336 qui
371 3287 496 3332 amat,
517 3287 559 3324 et
577 3283 678 3325 facit
696 3284 967 3326 mendacium.
1015 3286 1050 3309 1⁶
1069 3283 1156 3337 Ego
1179 3283 1289 3324 Iesus
1309 3282 1399 3324 misi
1418 3282 1620 3336 Angelum
1639 3294 1789 3331 meum,
1812 3278 2021 3322 testificari

117 3340 232 3382 vobis
249 3341 334 3383 haec
351 3341 393 3382 in
410 3341 611 3383 Ecclesiis.
631 3342 718 3396 Ego
736 3356 826 3384 sum
843 3343 972 3388 radix,
993 3347 1034 3384 et
1049 3355 1175 3396 genus
1192 3341 1342 3391 David,
1362 3340 1479 3382 stella
1496 3340 1720 3395 splendida,
1741 3344 1782 3381 et
1798 3338 2018 3380 matutina.

116 3484 131 3516 1
173 3482 193 3517 8
234 3436 291 3517 2213
313 3412 457 3518 gaso,
472 3438 523 3472 19.
562 3459 603 3463 —
640 3440 681 3474 20·
706 3440 759 3473 bIs
785 3440 837 3479 eo,
864 3441 914 3472 11.
954 3460 995 3463 -
1032 3439 1085 3481 22,
1123 3440 1142 3473 5
1170 3440 1220 3472 cIs
1245 3438 1297 3479 60,
1330 3438 1380 3472 20.
1420 3459 1461 3462 -
1498 3438 1617 3473 13<11s
1642 3438 1693 3470 41.
1724 3437 1758 3475 4;
1798 3436 1849 3475 44,
1878 3434 1912 3475 6;
1950 3433 2020 3476 Sup
