2356 3760
262 168 359 208 1032
1054 163 1367 198 EVANGELIUM
1904 160 1956 201 20,
1983 160 2101 195 1—20.
2127 160 2170 193 32

257 271 337 299 non
368 258 631 299 inveniebant
663 258 759 311 quid
791 257 969 298 facerent
1000 256 1066 297 illi.
1107 255 1249 297 Omnis
1279 255 1387 296 enim
1417 254 1591 309 populus
1621 266 1839 307 suspensus
1869 259 1968 302 erat,
2001 253 2169 295 audiens

258 317 381 358 illum.

557 376 595 416 4.
626 376 688 415 De
717 373 946 425 potestate
976 372 1077 413 lesu
1107 373 1150 413 et
1180 373 1410 424 baptismo
1442 372 1637 423 loannis,
1664 371 1869 422 20,1-8.

51 452 182 499 ¹'1J‹¹‹1⁵it
199 458 246 499 Ρο-
366 445 431 489 20.
489 448 498 469 ¹
531 445 584 485 Et
608 444 761 484 sactum
786 449 846 483 est
868 443 908 483 in
931 455 1013 483 una
1035 442 1203 485 dierum.
1228 443 1399 484 docente
1422 442 1488 484 illo
1510 441 1709 496 populum
1731 440 1771 481 in
1794 440 1960 494 templo,
1985 446 2025 482 et
2048 453 2171 481 evan-

49 490 139 513 ’ΝΜ
163 488 236 514 ¹⁰³¹¹'
259 504 469 557 gelizante,
495 508 774 544 convenerunt
796 501 996 554 principes
1019 501 1290 546 sacerdotum,
1316 506 1357 542 et
1378 501 1528 543 Scribae
1551 514 1643 541 cum
1665 499 1902 548 senioribus,
1953 501 1968 523 2
1991 504 2032 540 et
2054 499 2172 540 aiunt

259 563 438 604 dicentes
463 562 513 603 ad
537 561 667 601 illum:
693 560 768 600 Dic
792 559 920 604 nobis,
951 559 1010 600 ain
1035 572 1117 614 qua
1139 565 1346 613 potestate
1369 560 1454 601 haec
1477 559 1600 600 facis?
1626 564 1716 600 aut:
1744 558 1841 607 Quis
1865 563 1937 607 est,
1965 558 2034 612 qui
2057 558 2172 599 dedit

259 622 332 662 tibi
360 622 463 662 hanc
491 618 764 673 potestatem?

62 685 239 742 ¹:91¹*11j11vs1'5
363 684 378 703 ³³
399 678 662 732 Respondens
682 683 821 718 autem
842 677 965 721 Iesus.
987 677 1091 718 dixit
1111 678 1162 718 ad
1181 677 1286 719 illos:
1309 677 1575 731 interrogabo
1595 690 1666 718 vos
1685 682 1726 717 et
1744 689 1816 729 ego
1835 688 1964 716 unum
1982 676 2168 717 verbum.

82 723 234 779 ''1¹.¹›'J1's1ii¹‚¹¹s
263 738 519 791 Respondete
549 736 665 777 mihi:
697 738 711 760 ¹
742 736 980 789 Baptismus
1013 736 1175 777 loannis
1205 737 1254 777 de
1284 736 1379 777 caclo
1409 741 1508 780 erat,
1541 749 1593 776 an
1622 748 1671 776 ex
1701 734 1958 777 hominibus?

108 802 196 825 ¹¹¹⁴121'i
361 799 376 820 5
399 797 452 836 At
477 795 530 836 illi
554 795 792 848 cogitabant
814 795 924 835 intra
945 808 997 838 se.
1023 795 1222 836 dicentes:
1248 795 1353 844 Quia
1374 795 1406 835 si
1428 794 1661 841 dixerimus,
1687 794 1736 835 de
1759 793 1865 839 caelo,
1891 793 2010 838 dicet.
2037 793 2172 842 Quare

67 837 237 866 loquundi-fv*

95 872 206 897 mium.
258 869 349 906 crgo
383 867 463 896 non
496 854 722 895 credidistis
756 853 834 894 illi?
898 855 913 878 ⁶
944 854 985 895 Si
1018 859 1157 894 autem
1190 853 1423 903 dixerimus,
1459 853 1523 894 Ex
1555 852 1800 901 hominibus,
1835 852 1949 906 plebs
1981 851 2173 892 universa

257 913 456 967 lapidabit
487 926 577 954 nos:
609 913 708 954 certi
738 918 834 954 sunt
864 912 983 959 enim,
1018 912 1213 954 Ioannem
1244 912 1488 966 prophetam
1519 925 1614 953 esse.
1676 913 1689 935 ⁷
1719 911 1775 952 Et
1803 911 2102 964 responderunt
2131 923 2172 951 se

258 973 406 1013 nescire
437 972 544 1012 unde
574 977 689 1013 esset.

61 1034 244 1064 ¹¹··*¹¹¹*·¹·**¹¹<
365 1034 379 1055 ⁸
407 1031 461 1071 Et
492 1031 602 1071 Iesus
631 1030 687 1071 ait
716 1030 809 1070 illis:
841 1031 982 1084 Neque
1010 1044 1081 1085 ego
1110 1031 1199 1072 dico
1228 1030 1343 1072 vobis
1371 1030 1412 1071 in
1441 1044 1522 1084 qua
1548 1034 1756 1084 potestate
1782 1029 1868 1070 haec
1894 1028 2011 1070 facio.

70 1076 138 1099 resp·
148 1069 232 1093 uniet.

475 1136 513 1176 5.
546 1135 772 1176 Parabola
801 1134 1112 1186 agricolarum
1144 1135 1370 1175 malorum
1400 1134 1692 1188 proponitur,
1720 1134 1787 1185 20,
1806 1133 1959 1174 9-19.

58 1207 240 1267 ἣζξξζγῇἰέζῑιψ
365 1210 379 1229 3
405 1205 539 1260 Coepit
566 1210 704 1246 autem
732 1205 862 1246 dicere
889 1206 941 1246 ad
967 1205 1127 1259 plebem
1154 1205 1393 1259 parabolam
1420 1206 1543 1247 hanc:
1577 1205 1733 1247 bHomo
1760 1204 1968 1259 plantavit
1993 1203 2170 1253 vineam,

70 1251 75 1273 ¹
148 1250 154 1272 ¹
230 1263 233 1265 ’
258 1272 296 1306 et
321 1265 474 1307 locavit
498 1278 587 1305 eam
613 1264 782 1306 colonis:
835 1270 875 1306 et
900 1265 984 1318 ipse
1008 1278 1171 1319 peregre
1196 1265 1276 1306 fuit
1299 1265 1438 1306 multis
1463 1264 1729 1318 temporibus.
1783 1265 1819 1289 ¹⁰
1842 1264 1899 1305 Et
1921 1263 1963 1304 in
1988 1269 2172 1317 tempore

258 1324 367 1365 misit
388 1324 439 1365 ad
460 1323 633 1365 cultores
653 1337 828 1366 servum.
851 1329 898 1365 ut
917 1324 966 1365 de
986 1323 1123 1365 fructu
1143 1324 1272 1365 vineae
1292 1324 1439 1365 darent
1458 1323 1524 1365 illi.
1549 1323 1627 1372 Qui
1647 1336 1795 1364 caesum
1816 1322 2059 1364 dimiserunt
2078 1335 2172 1362 eum

256 1384 431 1424 inanem.
484 1385 515 1407 ¹¹
540 1383 594 1423 Et
619 1382 777 1423 addidit
801 1382 975 1424 alterum
999 1396 1162 1424 servum
1186 1383 1360 1424 mittere.
1389 1383 1450 1423 Hli
1475 1388 1613 1424 autem
1637 1383 1746 1423 hunc
1770 1394 1932 1435 quoque
1956 1381 2169 1429 caedentes,

257 1448 297 1483 et
325 1442 548 1483 afficientes
576 1441 834 1485 contumelia,
865 1441 1107 1483 dimiserunt
1133 1441 1308 1483 inanem.
1364 1444 1396 1466 ¹2
1423 1442 1478 1482 Et
1507 1441 1667 1482 addidit
1694 1441 1862 1482 tertium
1890 1440 2072 1481 mittere:
2102 1439 2171 1493 qui

257 1507 298 1542 et
332 1501 445 1542 illum
480 1500 740 1541 vulnerantes
776 1501 990 1542 eiecerunt.
1054 1503 1086 1525 ¹3
1120 1500 1236 1541 Dixit
1272 1506 1411 1542 autem
1446 1500 1635 1542 dominus
1670 1500 1816 1541 vineae:
1855 1499 1962 1548 Quid
1996 1498 2170 1539 faciam?

257 1560 423 1601 mittam
446 1559 574 1600 filium
598 1573 734 1600 meum
758 1560 970 1600 dilectum:
996 1559 1179 1608 forsitan,
1206 1573 1298 1600 cum
1322 1560 1430 1600 hunc
1454 1560 1643 1606 viderint,
1670 1559 1932 1600 verebuntur.
1985 1560 2016 1582 ¹⁴
2041 1558 2172 1606 Quem

258 1633 350 1660 cum
383 1619 581 1659 vidissent
615 1618 756 1665 coloni,
793 1619 1078 1672 cogitaverunt
1110 1618 1220 1659 intra
1251 1631 1303 1665 se,
1339 1619 1538 1659 dicentes:
1574 1618 1651 1659 Hic
1684 1623 1745 1659 est
1777 1618 1902 1665 heres,
1939 1617 2171 1658 occidamus

257 1678 382 1722 illum,
407 1683 454 1718 ut
473 1683 613 1718 nostra
634 1677 708 1718 fiat
727 1677 943 1719 hereditas.
994 1679 1025 1702 ¹⁵
1046 1677 1100 1718 Et
1122 1677 1296 1718 eiectum
1318 1676 1431 1718 illum
1453 1682 1571 1718 extra
1591 1677 1766 1724 vineam,
1790 1676 2037 1718 occiderunt.
2063 1675 2171 1724 Quid

257 1750 349 1791 ergo
373 1736 493 1777 faciet
516 1736 590 1776 illis
614 1736 802 1777 dominus
825 1736 977 1777 vineae?
1029 1738 1062 1760 ¹⁶
1085 1736 1232 1780 veniet,
1258 1742 1299 1777 et
1320 1736 1464 1789 perdet
1486 1736 1649 1778 colonos
1671 1736 1781 1783 istos,
1807 1741 1848 1776 et
1870 1735 1986 1776 dabit
2008 1734 2171 1775 vineam

258 1795 356 1837 aliis.
390 1796 478 1845 Quo
508 1795 661 1839 audito.
694 1795 886 1836 dixerunt
914 1795 987 1835 illi:
1018 1795 1149 1836 Absit.
1208 1797 1241 1819 ¹⁷
1274 1795 1344 1836 Ille
1374 1800 1512 1837 autem
1543 1795 1740 1849 aspiciens
1769 1808 1835 1836 eos
1865 1794 1941 1835 ait:
1974 1793 2081 1842 Quid
2111 1798 2172 1834 est

258 1868 350 1909 ergo
388 1854 475 1896 hoc.
516 1854 625 1908 quod
663 1854 861 1908 scriptum
899 1860 977 1895 est:

318 1913 543 1967 CLapidem,
584 1926 704 1966 quem
741 1914 1066 1966 reprobaverunt
1103 1913 1362 1957 aedificantes,
1454 1914 1518 1955 hic
1549 1913 1683 1954 factus
1707 1917 1768 1954 est
1791 1912 1832 1953 in
1857 1917 1983 1966 caput
2007 1911 2168 1965 anguli?

363 1973 397 1997 ¹⁸
416 1972 570 2017 Omnis,
591 1972 659 2025 qui
679 1972 868 2013 ceciderit
887 1985 1007 2026 super
1026 1972 1139 2013 illum
1158 1972 1347 2026 lapidem,
1369 1972 1728 2026 conquassabitur:
1751 1984 1872 2025 super
1890 1984 2011 2025 quem
2031 1975 2170 2011 autem

258 2031 459 2080 ceciderit,
499 2031 749 2072 comminuet
783 2030 908 2072 illum.
969 2033 1003 2055 ¹⁹
1033 2031 1087 2072 Et
1119 2031 1358 2085 quaerebant
1395 2031 1596 2085 principes
1634 2031 1906 2075 sacerdotum,
1947 2034 1987 2071 et
2021 2029 2171 2071 Scribae

258 2090 420 2131 mittere
448 2090 488 2130 in
518 2090 630 2130 illum
659 2103 805 2131 manus
828 2090 896 2131 illa
916 2090 1033 2132 hora:
1065 2095 1105 2131 et
1127 2090 1354 2131 timuerunt
1375 2090 1592 2144 populum:
1623 2094 1904 2144 cognoverunt
1928 2089 2035 2130 enim
2059 2088 2170 2142 quod

259 2149 310 2189 ad
340 2148 446 2202 ipsos
477 2149 625 2189 dixerit
655 2149 962 2190 similitudinem
993 2149 1109 2190 hanc.

661 2254 700 2293 6.
730 2253 794 2294 De
822 2253 995 2294 tributo
1027 2253 1202 2294 Caesari
1233 2253 1493 2305 pendendo,
1522 2254 1588 2303 20,
1609 2253 1782 2293 20-26.

52 2320 239 2381 Πιῃῖζζζζζξζω
363 2325 399 2347 20
423 2323 499 2363 dEt
523 2324 786 2364 observantes
810 2323 1008 2364 miserunt
1030 2323 1299 2370 insidiatores,
1326 2323 1395 2377 qui
1418 2336 1458 2364 se
1480 2323 1608 2364 iustos
1632 2323 1882 2366 simularent.
1908 2328 1955 2364 ut
1978 2327 2171 2376 caperent

100 2380 103 2381 ⁷
160 2377 175 2387 ⁹
258 2395 348 2422 eum
366 2382 406 2422 in
426 2395 621 2426 sermone,
638 2388 683 2423 ut
703 2382 912 2423 traderent
933 2382 1045 2423 illum
1062 2382 1322 2436 principatui,
1338 2387 1379 2423 et
1395 2382 1593 2436 potestati
1609 2382 1801 2436 praesidis.
1833 2384 1866 2407 ‘²¹
1879 2382 1934 2423 Et
1948 2381 2170 2436 interroga-

259 2446 405 2481 verunt
419 2454 523 2487 eum,
539 2441 737 2482 dicentes:
759 2441 962 2495 Magister,
979 2442 1127 2482 scimus
1143 2441 1239 2495 quia
1257 2447 1365 2482 recte
1379 2441 1488 2488 dicis,
1505 2446 1546 2482 et
1561 2441 1698 2482 doces:
1719 2447 1759 2482 et
1774 2455 1855 2482 non
1872 2440 2019 2494 accipis
2035 2454 2169 2494 perso-

258 2513 364 2542 nam.
390 2500 459 2541 sed
482 2500 592 2540 viam
612 2500 687 2541 Dei
711 2500 751 2540 in
774 2500 948 2541 veritate
968 2501 1105 2541 doces:
1154 2502 1185 2524 22
1204 2500 1298 2541 licet
1318 2500 1434 2542 nobis
1458 2500 1662 2541 tributum
1686 2501 1782 2541 dare
1806 2499 1963 2542 Caesari.
1986 2513 2037 2540 an
2061 2499 2168 2541 non?

90 2559 221 2616 stim-n.
364 2560 396 2583 23
415 2559 682 2600 Considerans
703 2564 841 2600 autem
862 2559 1001 2601 dolum
1021 2559 1192 2602 illorum.
1215 2559 1319 2600 dixit
1340 2559 1392 2600 ad
1411 2572 1496 2601 eos:
1520 2559 1625 2608 Quid
1645 2572 1709 2600 me
1729 2558 1924 2600 tentatis?
1972 2561 2005 2583 '2⁴
2024 2559 2170 2600 Osten-

227 2614 229 2617 ’
260 2617 343 2657 dite
359 2617 457 2657 mihi
473 2618 703 2658 denarium:
720 2617 842 2659 Cuius
858 2618 983 2659 habet
998 2618 1228 2673 imaginem.
1247 2624 1287 2659 et
1302 2617 1633 2671 inscriptionem?
1654 2618 1962 2671 Respondentes
1977 2617 2171 2658 dixerunt

258 2676 309 2715 ei:
337 2676 513 2717 Faesaris.
568 2679 600 2701 '25
626 2677 680 2717 Et
707 2677 764 2717 ait
789 2676 882 2717 illis:
917 2677 1111 2718 eReddite
1137 2691 1229 2731 ergo
1256 2691 1346 2731 quae
1370 2683 1466 2718 sunt
1492 2677 1669 2721 Caesaris,
1698 2676 1862 2718 Caesari:
1890 2682 1931 2717 et
1957 2690 2047 2730 quae
2072 2681 2168 2717 sunt

263 2734 343 2776 Dei.
372 2735 469 2776 Deo.
523 2738 558 2759 ‘2⁶
583 2736 639 2776 Et
664 2749 744 2777 non
770 2741 994 2789 potuerunt
1019 2737 1190 2777 verbum
1216 2736 1299 2777 eius
1324 2736 1616 2790 reprehendere
1641 2749 1777 2777 coram
1802 2735 1937 2789 plebe:
1965 2740 2006 2776 et
2030 2734 2168 2775 mirati

259 2806 297 2831 m
328 2806 517 2847 responso
548 2794 643 2839 eius,
677 2800 905 2836 tacuerunt.

661 2889 699 2928 7.
730 2888 794 2929 De
823 2888 1161 2928 resurrectione
1191 2888 1497 2939 mortuorum,
1524 2890 1591 2938 20,
1610 2888 1781 2928 27—40.

55 3001 57 3012 Σ
104 2958 123 2977 ”
170 2964 207 3013 ¹¹¹¹
365 2959 398 2980 ²⁷
434 2959 711 2998 1'Accesserunt
735 2963 874 2998 autem
898 2957 1066 3010 quidam
1089 2957 1418 3001 Sadducaeorum,
1446 2957 1514 3010 qui
1537 2962 1689 3010 negant
1711 2969 1795 2997 esse
1817 2955 2165 3000 resurrectionem,

68 3022 300 3056 vmmnmnet
332 3014 683 3063 intorrogaverunt
713 3029 817 3060 cum.
876 3017 910 3040 23
940 3016 1137 3056 dicentes:
1169 3016 1372 3070 Magister.
1405 3016 1565 3069 Moyses
1594 3015 1754 3068 scripsit
1783 3014 1917 3056 nobis:
1953 3014 2013 3055 asi
2042 3014 2169 3055 frater

262 3073 428 3113 alicuius
457 3079 639 3114 mortuus
668 3074 788 3116 fucrit
816 3075 969 3115 habens
999 3087 1177 3116 uxorem.
1208 3082 1248 3115 et
1275 3075 1338 3115 hic
1367 3075 1450 3115 sine
1477 3074 1610 3114 liberis
1638 3073 1771 3117 fuerit.
1802 3078 1848 3114 ut
1876 3073 2049 3126 accipiat
2077 3087 2166 3114 eam

263 3131 386 3171 frater
417 3133 499 3172 eius
533 3146 709 3175 uxorem.
743 3140 783 3174 ct
814 3134 981 3174 suscitet
1013 3146 1149 3173 semen
1181 3133 1296 3173 fratri
1327 3147 1418 3174 suo:
1477 3135 1512 3157 2⁹
1543 3138 1698 3186 septem
1730 3145 1822 3186 ergo
1854 3132 1999 3172 fratres
2031 3137 2165 3172 erant:

262 3198 301 3229 et
328 3190 480 3242 primus
507 3192 659 3243 accepit
687 3206 865 3236 uxorem,
894 3198 935 3233 et
960 3197 1145 3233 mortuus
1171 3198 1232 3232 est
1257 3192 1341 3232 sine
1368 3192 1467 3233 filiis.
1521 3194 1558 3216 ³⁰
1582 3191 1637 3232 Et
1662 3204 1833 3244 sequens
1860 3190 2017 3244 accepit
2041 3190 2164 3235 illam.

262 3255 301 3287 et
324 3249 405 3301 ipse
426 3257 609 3290 mortuus
630 3257 687 3289 est
709 3251 792 3291 sine
812 3251 903 3292 filio.
952 3253 983 3275 ³¹
1004 3251 1060 3291 Et
1079 3250 1223 3291 tertius
1243 3251 1399 3304 aceepit
1420 3250 1541 3291 illam.
1563 3249 1757 3291 Similiter
1776 3256 1815 3290 et
1836 3262 1974 3291 omnes
1994 3255 2163 3302 septem,

262 3314 301 3347 et
332 3320 409 3348 non
442 3308 688 3361 reliquerunt
719 3323 864 3352 semen.
897 3315 938 3350 et
966 3309 1118 3351 mortui
1147 3316 1254 3350 sunt.
1311 3312 1343 3333 32
1374 3309 1602 3351 Novissime
1632 3309 1814 3350 omnium
1844 3313 2008 3349 mortua
2036 3314 2096 3348 est
2126 3314 2167 3349 et

394 3409 498 3453 20,Λέ
524 3411 592 3443 aMt
619 3412 670 3444 21.
698 3413 753 3447 23:
783 3413 834 3445 Mc
861 3416 910 3447 11.
937 3414 987 3446 28.
1019 3435 1028 3436 ff
1047 3436 1056 3437 ff
1081 3414 1101 3446 9
1127 3413 1179 3446 bIs
1204 3414 1295 3451 5,1;
1324 3414 1357 3446 Ιι·
1381 3414 1411 3448 2.
1438 3415 1494 3453 21;
1523 3413 1573 3446 Mt
1597 3414 1649 3453 21,
1675 3413 1731 3448 33:
1760 3413 1812 3445 Mc
1839 3413 1944 3447 12.1.
1972 3433 2013 3436 ἣ
2039 3414 2079 3446 17
2108 3413 2167 3446 cPs

262 3457 334 3493 117,
355 3457 410 3491 22:
440 3457 470 3489 ls
497 3457 548 3493 28,
576 3458 630 3493 16:
660 3460 723 3491 Act
749 3461 778 3494 4,
802 3462 853 3494 11:
883 3460 969 3493 Rom
992 3464 1022 3494 9.
1045 3461 1101 3496 33:
1130 3462 1145 3493 1
1172 3460 1232 3493 Ptr
1252 3461 1282 3497 2,
1307 3461 1334 3493 7.
1366 3482 1383 3483 ψ
1415 3461 1457 3493 :30
1474 3461 1546 3494 th
1567 3461 1619 3499 22,
1641 3460 1695 3499 153
1721 3460 1772 3493 Mc
1795 3460 1846 3499 12,
1866 3459 1917 3493 13.
1939 3480 1980 3483 ἡ
1997 3459 2039 3493 25
2060 3459 2166 3493 ΘΗΟΠ]

265 3504 313 3538 13,
342 3505 368 3537 T.
398 3525 436 3527 ἓ
464 3505 503 3537 Γ
538 3505 599 3537 fMt
626 3506 677 3540 22,
704 3506 759 3540 ’231
789 3506 839 3538 M(-
877 3508 923 3540 12.
957 3508 1007 3540 18.
1102 3508 1142 3540 ³23
1175 3507 1252 3542 th.
1285 3508 1337 3543 25,
1369 3509 1399 3541 Γ).
