2356 3760
137 286 232 314 patres

128 320 241 348 tun-ent,

134 355 238 384 impios

116 390 257 419 pei-ituros

161 436 163 440 .
175 432 194 444 ,ς
206 434 209 440 .

151 1269 226 1293 Deus

118 1305 180 1334 pios
202 1312 258 1328 nou

134 1339 246 1368 proicit.

111 1681 181 1703 cuni
206 1678 264 1702 Diui

110 1714 266 1738 fortissimo

108 1750 159 1774 Iol»
182 1750 269 1773 inibe-

95 1785 177 1809 eillus
190 1786 280 1809 neuti-

103 1828 189 1851 quam
209 1828 273 1845 con-

129 1856 246 1880 tendere

137 1894 240 1921 potest,

142 3023 239 3045 tamen

124 3063 258 3080 innocens

147 3092 184 3115 ab
206 3100 238 3116 vo

109 3126 277 3157 flagellatur,

291 192 366 232 462
1169 188 1313 221 LlBER
1978 188 2009 229 8,
2034 188 2132 228 8—9,
2157 189 2200 222 26

310 286 325 307 11
351 284 561 336 Interroga
591 283 696 323 enim
724 282 1027 336 generationem
1060 281 1288 334 pristinam.
1373 286 1414 322 et
1444 281 1659 333 diligenter
1686 280 1889 335 investiga
1918 288 2085 335 patrum
2116 296 2199 324 me-

555 342 724 382 moriam
738 355 745 380 :

312 404 326 425 ‘³
350 401 559 453 (Hesterni
586 401 736 453 quippe
762 413 913 441 sumus.
940 404 979 439 et
1006 399 1238 452 ignoramus
1296 399 1488 453 quoniam
1519 399 1644 440 asicut
1669 399 1815 439 umbra
1840 399 1924 440 dies
1949 400 2078 440 nostri
2103 406 2199 441 sunt

557 471 677 512 super
706 459 890 508 terram.)

296 521 329 543 ¹⁰
352 519 407 559 Et
436 519 511 571 ipsi
541 518 746 558 docebunt
778 523 836 557 te:
867 517 1087 571 loquentur
1116 517 1202 560 tibi.
1284 523 1325 557 et
1354 517 1402 557 de
1432 516 1551 557 corde
1580 529 1652 557 suo
1682 517 1890 569 proferent
1919 516 2091 571 eloquia.

294 580 321 601 ¹¹
354 576 564 630 Numquid
595 576 724 616 virere
755 582 890 629 potest
924 576 1077 629 scirpus
1109 577 1263 629 absque
1294 575 1488 616 humore?
1568 580 1640 615 aut
1671 588 1845 616 crescere
1877 581 2083 616 carectum
2115 575 2200 616 sine

556 635 689 688 aqua?

295 697 325 719 ¹²
352 696 451 735 (juin
482 694 615 735 adhuc
643 693 693 734 sit
723 694 762 734 in
794 694 901 737 flore.
931 707 1004 735 nec
1032 700 1225 747 carpatur
1252 707 1389 739 manu,
1466 698 1561 733 ante
1589 705 1728 734 omnes
1757 693 1901 734 herbas
1929 693 2093 734 arescit:

295 756 325 777 ¹³
352 753 416 794 Sic
446 753 522 794 vise
550 753 746 797 omnium,
779 753 848 806 qui
878 752 1176 795 obliviscuntur
1204 753 1351 798 Deum,
1436 757 1477 793 et
1506 764 1595 805 spes
1624 751 1851 805 hypocritae
1879 752 2046 806 peribit:

295 815 325 837 11
357 813 444 853 Non
475 812 509 852 ei
539 811 715 865 placebit
746 812 935 853 vecordia
964 825 1048 857 sua,
1133 816 1175 852 et
1203 811 1309 852 sicut
1337 810 1420 852 tela
1449 823 1689 852 aranearum
1720 811 1869 852 fiducia
1897 811 1993 852 eius.

296 873 326 895 ¹⁵
355 871 561 912 innitetur
587 884 708 924 super
735 871 903 911 domum
932 884 1060 915 suani,
1090 877 1131 911 et
1159 883 1240 911 non
1267 870 1414 911 stabit:
1482 869 1623 910 fulciet
1651 882 1752 917 eam,
1783 873 1933 911 et‘non
1961 875 2198 923 consurget:

297 932 330 953 ¹⁶
356 930 584 971 Humectus
605 930 770 971 videtur
790 936 1012 984 antequam
1036 929 1176 970 veniat
1196 929 1274 972 Sol.
1334 935 1375 970 et
1395 929 1435 970 in
1457 934 1549 970 ortu
1571 942 1642 970 suo
1663 942 1828 982 germen
1850 929 1934 970 eius
1955 929 2197 982 egredietur.

297 990 329 1013 ¹⁷
353 990 483 1042 Super
518 1001 706 1029 acervum
745 995 954 1042 petrarum
991 988 1144 1030 radices
1181 988 1264 1029 eius
1301 989 1595 1034 densabuntur,
1684 993 1725 1028 et
1759 987 1866 1028 inter
1900 987 2055 1041 lapides
2092 1001 2200 1029 com-

559 1047 797 1088 morabitur.

297 1109 330 1131 15
354 1106 394 1148 Si
422 1106 678 1147 absorbuerit
704 1120 794 1146 eum
824 1107 873 1147 de
898 1106 985 1148 loco
1013 1120 1098 1151 suo,
1179 1106 1347 1161 negabit
1373 1119 1479 1156 euin,
1508 1112 1549 1147 et
1575 1105 1700 1147 dicet:
1731 1106 1822 1147 Non
1849 1105 1946 1146 novi
1973 1111 2024 1147 te.

295 1167 330 1190 ¹⁹
354 1165 451 1206 Haec
483 1171 544 1206 est
574 1165 680 1206 enim
711 1165 856 1206 laetitia
885 1166 961 1206 viae
991 1166 1087 1210 eius.
1164 1172 1211 1207 ut
1240 1178 1401 1206 rursum
1433 1165 1482 1206 de
1513 1171 1623 1206 terra
1652 1164 1719 1205 alii
1748 1164 2039 1218 germinentur.

293 1272 329 1295 '2⁰
352 1271 463 1312 Deus
494 1283 576 1312 non
606 1270 791 1324 proiiciet
821 1270 1057 1323 simplicem,
1144 1284 1216 1311 nec
1246 1271 1427 1325 porriget
1456 1283 1626 1312 manum
1657 1269 1863 1323 malignis:

296 1332 326 1354 2¹
358 1330 499 1371 Donec
528 1329 750 1383 impleatur
778 1329 859 1370 risu
891 1344 934 1371 03
965 1336 1096 1376 tuum,
1183 1336 1224 1371 et
1252 1329 1363 1371 labia
1393 1334 1467 1370 tua
1495 1329 1633 1370 iubilo.

295 1390 326 1413 ²²
354 1388 433 1438 Qui
451 1389 625 1430 oderunt
644 1394 696 1431 te.
713 1389 935 1429 induentur
953 1389 1206 1430 confusione:
1265 1394 1307 1430 et.
1322 1388 1635 1430 tabernaculum
1653 1387 1873 1442 impiorum
1890 1400 1973 1429 non
1991 1387 2199 1429 subsistet.

829 1505 867 1544 4.
898 1504 974 1545 lob
1004 1505 1169 1544 iterum
1201 1506 1357 1556 negat,
1386 1505 1426 1555 9,
1445 1505 1592 1554 1—10‚
1612 1505 1678 1544 22.

401 1576 438 1619 9.
495 1578 507 1599 ¹
538 1576 594 1617 Et
623 1576 871 1629 respondens
903 1576 988 1620 1010,
1022 1575 1097 1616 ait:

314 1683 328 1704 2
354 1681 454 1721 Vere
481 1681 561 1721 scio
591 1681 700 1735 quod
726 1681 787 1721 ita
812 1681 875 1723 sit.
959 1686 1000 1722 et
1027 1682 1137 1735 quod
1164 1694 1245 1722 non
1272 1680 1516 1722 iustificetur
1541 1681 1664 1722 homo
1692 1680 1943 1734 compositus
1971 1680 2070 1721 Deo.

314 1742 329 1763 ³
353 1739 393 1780 81
421 1739 595 1781 voluerit
622 1741 867 1781 contendere
894 1753 986 1780 cum
1014 1754 1072 1789 60,
1151 1753 1233 1782 11011
1259 1739 1412 1794 poterit
1439 1739 1474 1780 ei
1499 1739 1743 1793 respondere
1770 1752 1899 1780 unum
1925 1751 1998 1793 pro
2026 1738 2147 1779 mille.

314 1801 329 1823 ⁴
353 1799 522 1852 Sapiens
551 1799 669 1840 corde
698 1805 770 1843 est.
801 1805 842 1840 et
868 1799 985 1840 fortis
1013 1800 1174 1841 robore:
1258 1799 1347 1853 quis
1374 1798 1527 1840 restitit
1555 1799 1601 1847 ei,
1632 1804 1673 1839 et
1700 1811 1842 1852 pacem
1870 1797 2043 1839 habuit?

314 1860 328 1882 ⁵
353 1858 431 1906 Qui
461 1858 673 1899 transtulit
702 1865 875 1904 montes,
907 1864 948 1899 et
976 1859 1207 1900 nescierunt
1288 1858 1329 1899 hi
1360 1871 1460 1912 quos
1489 1858 1695 1899 subvertit
1722 1858 1764 1898 in
1792 1857 1928 1899 furore
1957 1870 2042 1898 suo.

317 1919 331 1941 ⁶
354 1917 434 1965 Qui
463 1922 697 1959 commovet
726 1922 877 1958 terram
907 1918 956 1958 de
984 1917 1072 1959 loco
1102 1931 1186 1964 suo,
1271 1923 1313 1958 et
1341 1917 1541 1958 columnae
1570 1917 1654 1958 eius
1684 1917 1989 1958 concutiuntur.
2033 1937 2036 1939 ·

317 1978 329 1999 ⁷
355 1976 433 2025 Qui
463 1976 648 2030 praecipit
677 1976 770 2022 Soli,
804 1983 843 2017 et
874 1990 955 2018 non
986 1976 1132 2018 oritur:
1218 1982 1259 2017 et
1289 1976 1425 2018 stellas
1456 1976 1611 2017 claudit
1643 1975 1759 2030 quasi
1788 1976 1864 2017 sub
1894 1974 2121 2029 signaculo:

315 2037 330 2059 ²³
354 2035 433 2084 Qui
463 2035 649 2076 extendit
678 2035 794 2077 caelos
824 2035 943 2085 solus,
1028 2042 1069 2077 et
1096 2035 1282 2090 graditur
1311 2048 1432 2089 super
1462 2035 1612 2076 fluctus
1641 2035 1776 2076 maris.

315 2097 331 2118 ⁹
353 2094 433 2143 Qui
463 2094 562 2135 facit
592 2095 826 2141 Arcturum,
861 2100 902 2136 et
932 2095 1095 2142 Oriona,
1182 2101 1223 2136 et
1255 2095 1437 2149 Hyadas,
1472 2100 1512 2135 et
1542 2094 1738 2136 interiora
1769 2093 1908 2135 austri.

298 2156 332 2177 ¹⁰
355 2153 433 2202 Qui
453 2153 551 2194 facit
573 2167 733 2207 magna,
757 2160 797 2195 et
818 2153 1253 2208 incomprehensibi]ia,
1313 2160 1353 2194 et
1376 2153 1590 2201 mirabilia,
1617 2166 1791 2207 quorum
1812 2166 1893 2194 non
1915 2157 1976 2194 est
1996 2164 2201 2193 numerus.

297 2215 326 2236 ¹¹
354 2213 395 2254 Si
426 2212 581 2253 venerit
612 2213 664 2253 ad
694 2226 769 2257 me,
802 2226 882 2254 non
912 2213 1060 2254 videbo
1091 2227 1202 2254 eum:
1287 2213 1318 2253 si
1349 2212 1505 2257 abierit,
1538 2226 1620 2253 non
1649 2211 1886 2266 intelligam.

298 2273 328 2296 ¹²
354 2271 396 2312 Si
416 2278 582 2325 repente
603 2272 835 2325 interroget,
861 2272 949 2325 quis
969 2272 1233 2326 respondebit
1253 2272 1312 2314 ei?
1370 2271 1435 2312 vel
1456 2271 1545 2325 quis
1568 2271 1699 2312 dicere
1719 2276 1875 2324 potest:
1899 2271 1978 2312 Cur
1998 2270 2058 2311 ita
2076 2269 2202 2311 facis?

298 2333 329 2355 ¹³
354 2331 477 2374 Deus,
500 2331 612 2371 cuius
633 2331 699 2372 irae
718 2344 836 2372 nemo
857 2331 1040 2372 resistere
1059 2337 1208 2385 potest,
1267 2337 1309 2373 et
1327 2331 1402 2372 sub
1424 2344 1503 2385 quo
1526 2336 1752 2371 curvantur
1772 2330 1841 2384 qui
1859 2335 2030 2384 portant
2049 2330 2201 2371 orbem.

297 2392 327 2413 ¹⁴
355 2390 544 2438 Quantus
571 2403 662 2443 ergo
690 2403 779 2431 sum
807 2403 890 2443 ego,
920 2396 967 2431 ut
992 2391 1260 2444 respondeam
1287 2390 1333 2438 ei,
1416 2395 1457 2431 et
1481 2389 1626 2444 loquar
1652 2389 1785 2430 verbis
1811 2389 1910 2430 meis
1937 2402 2030 2430 cum
2057 2388 2128 2430 eo?

298 2451 328 2473 ¹5
355 2449 433 2497 Qui
462 2449 586 2489 etiam
614 2449 645 2489 si
671 2449 852 2491 habuero
881 2449 1092 2503 quippiam
1120 2450 1286 2499 iustum,
1317 2463 1398 2491 non
1425 2449 1691 2502 respondebo,
1768 2449 1838 2489 sed
1865 2461 2002 2489 meum
2029 2447 2204 2489 iudicem

560 2509 819 2561 deprecabor.

297 2568 331 2591 ¹⁶
355 2567 409 2607 Et
441 2581 532 2607 cum
564 2567 825 2608 invocantem
857 2568 1084 2608 exaudierit
1115 2581 1190 2617 1116,
1276 2581 1358 2610 11011
1388 2568 1506 2608 credo
1539 2567 1649 2621 quod
1680 2566 1856 2608 audierit
1881 2579 2024 2608 vocem
2054 2579 2201 2609 meam.

298 2627 330 2649 ¹⁷
357 2626 404 2666 ln
431 2626 592 2667 turbine
619 2626 725 2666 enim
752 2632 936 2667 conteret
960 2640 1036 2671 me.
1110 2632 1151 2668 et
1175 2626 1467 2681 multiplicabit
1494 2626 1664 2667 vulnera
1688 2638 1781 2666 mea
1805 2625 1930 2666 etiam
1955 2625 2040 2666 sine
2066 2638 2200 2668 causa.

296 2686 331 2709 ¹⁸
356 2685 447 2726 Non
486 2685 672 2726 concedit
709 2685 957 2739 requiescere
994 2685 1183 2739 spiritum
1226 2700 1375 2735 meum,
1484 2692 1523 2726 et
1561 2684 1706 2739 implet
1742 2698 1806 2725 me
1844 2684 2200 2727 amaritudinibus.

297 2746 331 2768 ¹⁹
353 2744 395 2785 Si
424 2744 623 2785 fortitudo
654 2744 860 2798 quaeritur,
891 2745 1197 2786 robustissimus
1227 2751 1306 2786 est:
1386 2744 1418 2785 si
1446 2744 1619 2798 aequitas
1647 2743 1796 2791 iudicii,
1828 2757 1946 2785 nemo
1976 2745 2103 2786 audet
2130 2759 2202 2799 pro

559 2817 624 2844 me
653 2803 935 2845 testimonium
966 2804 1108 2845 dicere.

298 2864 333 2885 2⁰
355 2862 395 2902 Si
418 2862 636 2904 iustificare
658 2875 722 2903 me
744 2862 922 2911 voluero,
948 2876 991 2903 os
1013 2876 1149 2904 meum
1173 2862 1465 2905 condemnabit
1486 2875 1569 2903 me:
1636 2862 1668 2904 si
1689 2862 1949 2903 innocentem
1972 2863 2200 2911 ostendero,

560 2934 735 2974 pravum
765 2935 830 2962 me
859 2922 1156 2975 comprobabit.

296 3027 324 3049 ‘2¹
354 3025 492 3066 Etiam
525 3026 557 3066 si
588 3027 759 3080 simplex
791 3027 916 3070 fuero.
1004 3026 1080 3068 hoc
1111 3027 1243 3081 ipsum
1277 3027 1482 3080 ignorabit
1513 3026 1651 3068 anima
1682 3039 1785 3075 mea,
1866 3032 1907 3068 et
1938 3027 2108 3069 taedebit
2138 3041 2203 3069 me

562 3085 657 3125 vitae
686 3099 796 3127 meae.

299 3146 329 3167 22
359 3143 494 3183 Unum
528 3151 586 3183 est
619 3145 727 3197 quod
758 3144 919 3186 locutus
949 3158 1051 3192 sum,
1138 3150 1178 3185 et
1208 3145 1467 3186 innocentem
1499 3151 1540 3186 et
1569 3144 1740 3198 impium
1771 3144 1856 3198 ipse
1887 3145 2102 3186 consumit.

299 3204 330 3225 ²³
356 3202 395 3243 Si
429 3201 618 3255 flagellat,
651 3203 810 3244 occidat
841 3203 974 3248 semel,
1060 3209 1101 3244 et
1129 3217 1210 3245 non
1241 3204 1290 3244 de
1319 3204 1450 3258 poenis
1479 3203 1745 3245 innocentum
1774 3203 1918 3244 rideat.

298 3263 329 3285 ²⁴
357 3261 479 3301 Terra
509 3261 607 3301 data
637 3268 696 3302 est
727 3263 764 3302 in
797 3276 942 3304 manus
972 3262 1097 3316 impii,
1183 3262 1345 3304 vultum
1374 3262 1555 3304 iudicum
1585 3262 1670 3303 eius
1699 3262 1842 3316 operit.
1921 3263 2030 3316 quod
2060 3262 2091 3303 si
2120 3276 2202 3304 non

562 3319 625 3360 ille
656 3326 727 3362 est,
762 3321 849 3373 quis
879 3335 971 3375 ergo
1002 3321 1087 3363 est?

298 3380 330 3402 2⁵
353 3379 448 3419 Dies
478 3379 557 3419 mei
587 3378 804 3420 velociores
835 3380 1001 3422 fuerunt
1030 3393 1208 3421 cursore:
1292 3381 1496 3434 fugerunt,
1528 3385 1570 3421 et
1598 3393 1680 3421 non
1710 3380 1903 3421 viderunt
1932 3380 2098 3422 bonum.

299 3438 334 3461 ²⁶
356 3437 685 3478 Pertransierunt
720 3439 833 3491 quasi
868 3453 992 3480 naves
1024 3452 1148 3493 poma
1179 3445 1404 3493 portantes,
1489 3439 1594 3480 sicut
1626 3438 1764 3493 aquila
1794 3438 1937 3480 volans
1970 3439 2023 3481 ad
2054 3451 2200 3481 escam.

429 3541 460 3582 8,
484 3541 505 3574 9
531 3540 606 3574 alni
630 3542 683 3581 14,
708 3542 743 3582 :23
771 3542 813 3575 Ps
839 3543 913 3583 143,
938 3544 968 3577 4.
