<?xml version="1.0" encoding="UTF-8"?>
<!DOCTYPE html PUBLIC "-//W3C//DTD XHTML 1.0 Transitional//EN"
    "http://www.w3.org/TR/xhtml1/DTD/xhtml1-transitional.dtd">
<html xmlns="http://www.w3.org/1999/xhtml" xml:lang="en" lang="en">
 <head>
  <title>
</title>
<meta http-equiv="Content-Type" content="text/html;charset=utf-8" />
  <meta name='ocr-system' content='tesseract 3.04.00' />
  <meta name='ocr-capabilities' content='ocr_page ocr_carea ocr_par ocr_line ocrx_word'/>
</head>
<body>
  <div class='ocr_page' id='page_1' title='image "./bibliasacravulga00helzuoft_0399.png"; bbox 0 0 2356 3760; ppageno 0'>
   <div class='ocr_carea' id='block_1_1' title="bbox 113 88 2013 139">
    <p class='ocr_par' dir='ltr' id='par_1_1' title="bbox 113 88 2013 139">
     <span class='ocr_line' id='line_1_1' title="bbox 113 88 2013 139; baseline -0.002 -15"><span class='ocrx_word' id='word_1_1' title='bbox 113 91 144 129; x_wconf 83' lang='lat'>9.</span> <span class='ocrx_word' id='word_1_2' title='bbox 170 91 266 131; x_wconf 75' lang='lat' dir='ltr'>ss—9‚</span> <span class='ocrx_word' id='word_1_3' title='bbox 291 91 332 124; x_wconf 83' lang='lat'>31</span> <span class='ocrx_word' id='word_1_4' title='bbox 866 88 1271 123; x_wconf 82' lang='lat' dir='ltr'>PARALIPOMENON</span> <span class='ocrx_word' id='word_1_5' title='bbox 1937 98 2013 139; x_wconf 86' lang='lat'>375</span> 
     </span>
    </p>
   </div>
   <div class='ocr_carea' id='block_1_2' title="bbox 114 174 2015 586">
    <p class='ocr_par' dir='ltr' id='par_1_2' title="bbox 114 174 2015 586">
     <span class='ocr_line' id='line_1_2' title="bbox 115 174 2013 238; baseline -0.001 -12"><span class='ocrx_word' id='word_1_6' title='bbox 115 190 155 226; x_wconf 88' lang='lat' dir='ltr'>et</span> <span class='ocrx_word' id='word_1_7' title='bbox 183 184 385 238; x_wconf 76' lang='lat' dir='ltr'>sapientia</span> <span class='ocrx_word' id='word_1_8' title='bbox 412 188 494 224; x_wconf 86' lang='lat' dir='ltr'>tua.</span> <span class='ocrx_word' id='word_1_9' title='bbox 554 184 569 207; x_wconf 80' lang='lat'><strong>⁶</strong></span> <span class='ocrx_word' id='word_1_10' title='bbox 596 182 687 223; x_wconf 93' lang='lat' dir='ltr'>Non</span> <span class='ocrx_word' id='word_1_11' title='bbox 715 182 928 222; x_wconf 76' lang='lat' dir='ltr'>credebam</span> <span class='ocrx_word' id='word_1_12' title='bbox 955 182 1218 222; x_wconf 87' lang='lat' dir='ltr'>narrantibus</span> <span class='ocrx_word' id='word_1_13' title='bbox 1244 174 1371 223; x_wconf 90' lang='lat' dir='ltr'>donec</span> <span class='ocrx_word' id='word_1_14' title='bbox 1398 183 1486 236; x_wconf 88' lang='lat' dir='ltr'>ipsa</span> <span class='ocrx_word' id='word_1_15' title='bbox 1512 184 1722 233; x_wconf 79' lang='lat' dir='ltr'>venissem,</span> <span class='ocrx_word' id='word_1_16' title='bbox 1751 193 1792 229; x_wconf 85' lang='lat' dir='ltr'>et</span> <span class='ocrx_word' id='word_1_17' title='bbox 1818 190 2013 231; x_wconf 74' lang='lat' dir='ltr'>vidissent</span> 
     </span>
     <span class='ocr_line' id='line_1_3' title="bbox 116 240 2013 296; baseline 0.003 -12"><span class='ocrx_word' id='word_1_18' title='bbox 116 243 220 284; x_wconf 86' lang='lat' dir='ltr'>oculi</span> <span class='ocrx_word' id='word_1_19' title='bbox 240 243 330 287; x_wconf 82' lang='lat' dir='ltr'>mei.</span> <span class='ocrx_word' id='word_1_20' title='bbox 354 248 395 284; x_wconf 90' lang='grc'>61</span> <span class='ocrx_word' id='word_1_21' title='bbox 414 242 648 296; x_wconf 82' lang='lat' dir='ltr'>probassem</span> <span class='ocrx_word' id='word_1_22' title='bbox 670 240 739 280; x_wconf 87' lang='lat' dir='ltr'>vix</span> <span class='ocrx_word' id='word_1_23' title='bbox 759 240 1023 280; x_wconf 83' lang='lat' dir='ltr'>medietatem</span> <span class='ocrx_word' id='word_1_24' title='bbox 1044 240 1253 293; x_wconf 74' lang='lat' dir='ltr'>sapientiae</span> <span class='ocrx_word' id='word_1_25' title='bbox 1272 246 1354 282; x_wconf 84' lang='lat' dir='ltr'>tuae</span> <span class='ocrx_word' id='word_1_26' title='bbox 1373 241 1472 282; x_wconf 89' lang='lat' dir='ltr'>mihi</span> <span class='ocrx_word' id='word_1_27' title='bbox 1492 242 1613 283; x_wconf 76' lang='lat' dir='ltr'>fuisse</span> <span class='ocrx_word' id='word_1_28' title='bbox 1633 250 1858 286; x_wconf 78' lang='lat' dir='ltr'>narratam:</span> <span class='ocrx_word' id='word_1_29' title='bbox 1882 249 2013 289; x_wconf 89' lang='lat' dir='ltr'>vicisti</span> 
     </span>
     <span class='ocr_line' id='line_1_4' title="bbox 114 297 2013 354; baseline 0.002 -12"><span class='ocrx_word' id='word_1_30' title='bbox 114 302 268 342; x_wconf 80' lang='lat' dir='ltr'>famam</span> <span class='ocrx_word' id='word_1_31' title='bbox 300 300 522 342; x_wconf 86' lang='lat' dir='ltr'>virtutibus</span> <span class='ocrx_word' id='word_1_32' title='bbox 552 298 645 338; x_wconf 88' lang='lat' dir='ltr'>tuis.</span> <span class='ocrx_word' id='word_1_33' title='bbox 706 300 720 322; x_wconf 78' lang='lat'><em>⁷</em></span> <span class='ocrx_word' id='word_1_34' title='bbox 751 298 869 338; x_wconf 89' lang='lat' dir='ltr'>Beati</span> <span class='ocrx_word' id='word_1_35' title='bbox 899 297 974 338; x_wconf 84' lang='lat' dir='ltr'>viri</span> <span class='ocrx_word' id='word_1_36' title='bbox 1004 298 1076 340; x_wconf 86' lang='lat' dir='ltr'>tui.</span> <span class='ocrx_word' id='word_1_37' title='bbox 1110 303 1150 339; x_wconf 90' lang='lat' dir='ltr'>et</span> <span class='ocrx_word' id='word_1_38' title='bbox 1179 299 1289 339; x_wconf 90' lang='lat' dir='ltr'>beati</span> <span class='ocrx_word' id='word_1_39' title='bbox 1318 299 1422 340; x_wconf 80' lang='lat' dir='ltr'>servi</span> <span class='ocrx_word' id='word_1_40' title='bbox 1451 299 1524 343; x_wconf 87' lang='lat' dir='ltr'>tui.</span> <span class='ocrx_word' id='word_1_41' title='bbox 1558 300 1625 354; x_wconf 91' lang='lat' dir='ltr'>qui</span> <span class='ocrx_word' id='word_1_42' title='bbox 1656 302 1851 344; x_wconf 87' lang='lat' dir='ltr'>assistunt</span> <span class='ocrx_word' id='word_1_43' title='bbox 1880 319 2013 346; x_wconf 83' lang='lat' dir='ltr'>coram</span> 
     </span>
     <span class='ocr_line' id='line_1_5' title="bbox 116 356 2012 413; baseline 0.001 -11"><span class='ocrx_word' id='word_1_44' title='bbox 116 366 155 401; x_wconf 87' lang='lat' dir='ltr'>te</span> <span class='ocrx_word' id='word_1_45' title='bbox 173 362 283 402; x_wconf 89' lang='lat' dir='ltr'>omni</span> <span class='ocrx_word' id='word_1_46' title='bbox 301 366 494 413; x_wconf 83' lang='lat' dir='ltr'>tempore.</span> <span class='ocrx_word' id='word_1_47' title='bbox 514 361 554 397; x_wconf 87' lang='lat' dir='ltr'>et</span> <span class='ocrx_word' id='word_1_48' title='bbox 573 357 746 397; x_wconf 89' lang='lat' dir='ltr'>audiunt</span> <span class='ocrx_word' id='word_1_49' title='bbox 763 356 1007 410; x_wconf 85' lang='lat' dir='ltr'>sapientiam</span> <span class='ocrx_word' id='word_1_50' title='bbox 1024 361 1152 398; x_wconf 88' lang='lat' dir='ltr'>tuam.</span> <span class='ocrx_word' id='word_1_51' title='bbox 1201 359 1216 381; x_wconf 73' lang='lat'><strong>⁸</strong></span> <span class='ocrx_word' id='word_1_52' title='bbox 1233 358 1294 398; x_wconf 91' lang='lat' dir='ltr'>Sit</span> <span class='ocrx_word' id='word_1_53' title='bbox 1310 358 1510 399; x_wconf 89' lang='lat' dir='ltr'>Dominus</span> <span class='ocrx_word' id='word_1_54' title='bbox 1527 359 1636 400; x_wconf 91' lang='lat' dir='ltr'>Deus</span> <span class='ocrx_word' id='word_1_55' title='bbox 1654 364 1748 401; x_wconf 90' lang='lat' dir='ltr'>tuus</span> <span class='ocrx_word' id='word_1_56' title='bbox 1766 362 2012 409; x_wconf 85' lang='lat' dir='ltr'>benedictus,</span> 
     </span>
     <span class='ocr_line' id='line_1_6' title="bbox 117 415 2015 473; baseline 0.001 -13"><span class='ocrx_word' id='word_1_57' title='bbox 117 419 186 473; x_wconf 93' lang='lat' dir='ltr'>qui</span> <span class='ocrx_word' id='word_1_58' title='bbox 213 419 344 460; x_wconf 90' lang='lat' dir='ltr'>voluit</span> <span class='ocrx_word' id='word_1_59' title='bbox 370 423 410 458; x_wconf 90' lang='lat' dir='ltr'>te</span> <span class='ocrx_word' id='word_1_60' title='bbox 436 415 622 457; x_wconf 85' lang='lat' dir='ltr'>ordinare</span> <span class='ocrx_word' id='word_1_61' title='bbox 649 427 769 468; x_wconf 88' lang='lat' dir='ltr'>super</span> <span class='ocrx_word' id='word_1_62' title='bbox 795 415 991 456; x_wconf 84' lang='lat' dir='ltr'>thronum</span> <span class='ocrx_word' id='word_1_63' title='bbox 1017 428 1148 463; x_wconf 88' lang='lat' dir='ltr'>suum,</span> <span class='ocrx_word' id='word_1_64' title='bbox 1176 428 1309 468; x_wconf 83' lang='lat' dir='ltr'>regem</span> <span class='ocrx_word' id='word_1_65' title='bbox 1336 417 1501 457; x_wconf 89' lang='lat' dir='ltr'>Domini</span> <span class='ocrx_word' id='word_1_66' title='bbox 1527 417 1603 458; x_wconf 93' lang='lat' dir='ltr'>Dei</span> <span class='ocrx_word' id='word_1_67' title='bbox 1630 419 1701 459; x_wconf 89' lang='lat' dir='ltr'>tui.</span> <span class='ocrx_word' id='word_1_68' title='bbox 1757 419 1862 467; x_wconf 81' lang='lat' dir='ltr'>Quia</span> <span class='ocrx_word' id='word_1_69' title='bbox 1888 420 2015 469; x_wconf 74' lang='lat' dir='ltr'>diligit</span> 
     </span>
     <span class='ocr_line' id='line_1_7' title="bbox 115 472 2015 531; baseline 0 -12"><span class='ocrx_word' id='word_1_70' title='bbox 115 479 226 519; x_wconf 91' lang='lat' dir='ltr'>Deus</span> <span class='ocrx_word' id='word_1_71' title='bbox 253 473 388 524; x_wconf 87' lang='lat' dir='ltr'>Israel,</span> <span class='ocrx_word' id='word_1_72' title='bbox 418 480 458 515; x_wconf 92' lang='lat' dir='ltr'>et</span> <span class='ocrx_word' id='word_1_73' title='bbox 485 473 575 514; x_wconf 85' lang='lat' dir='ltr'>vult</span> <span class='ocrx_word' id='word_1_74' title='bbox 602 487 761 514; x_wconf 85' lang='lat' dir='ltr'>servare</span> <span class='ocrx_word' id='word_1_75' title='bbox 788 486 881 514; x_wconf 83' lang='grc'><strong>611111</strong></span> <span class='ocrx_word' id='word_1_76' title='bbox 907 473 948 513; x_wconf 92' lang='grc'>111</span> <span class='ocrx_word' id='word_1_77' title='bbox 976 479 1186 522; x_wconf 76' lang='lat' dir='ltr'>aeternum,</span> <span class='ocrx_word' id='word_1_78' title='bbox 1216 475 1362 515; x_wconf 85' lang='lat' dir='ltr'>idcirco</span> <span class='ocrx_word' id='word_1_79' title='bbox 1389 476 1527 529; x_wconf 81' lang='lat' dir='ltr'>posuit</span> <span class='ocrx_word' id='word_1_80' title='bbox 1553 480 1593 516; x_wconf 90' lang='lat' dir='ltr'>te</span> <span class='ocrx_word' id='word_1_81' title='bbox 1620 489 1740 530; x_wconf 90' lang='lat' dir='ltr'>super</span> <span class='ocrx_word' id='word_1_82' title='bbox 1766 491 1857 518; x_wconf 91' lang='lat' dir='ltr'>eum</span> <span class='ocrx_word' id='word_1_83' title='bbox 1885 472 2015 531; x_wconf 81' lang='lat' dir='ltr'>regem</span> 
     </span>
     <span class='ocr_line' id='line_1_8' title="bbox 116 532 887 586; baseline -0.006 -9"><span class='ocrx_word' id='word_1_84' title='bbox 116 542 162 578; x_wconf 90' lang='lat' dir='ltr'>ut</span> <span class='ocrx_word' id='word_1_85' title='bbox 191 536 315 576; x_wconf 82' lang='lat' dir='ltr'>facias</span> <span class='ocrx_word' id='word_1_86' title='bbox 344 533 493 575; x_wconf 83' lang='lat' dir='ltr'>iudicia</span> <span class='ocrx_word' id='word_1_87' title='bbox 522 538 646 586; x_wconf 88' lang='lat' dir='ltr'>atque</span> <span class='ocrx_word' id='word_1_88' title='bbox 675 532 887 573; x_wconf 88' lang='lat' dir='ltr'>iustitiam.</span> 
     </span>
    </p>
   </div>
   <div class='ocr_carea' id='block_1_3' title="bbox 115 601 2180 1070">
    <p class='ocr_par' dir='ltr' id='par_1_3' title="bbox 115 601 2180 1070">
     <span class='ocr_line' id='line_1_9' title="bbox 222 601 2180 656; baseline -0.001 -10"><span class='ocrx_word' id='word_1_89' title='bbox 222 607 237 630; x_wconf 83' lang='lat'>⁹</span> <span class='ocrx_word' id='word_1_90' title='bbox 264 604 391 645; x_wconf 89' lang='lat' dir='ltr'>Dedit</span> <span class='ocrx_word' id='word_1_91' title='bbox 420 609 557 644; x_wconf 92' lang='lat' dir='ltr'>autem</span> <span class='ocrx_word' id='word_1_92' title='bbox 585 603 668 656; x_wconf 86' lang='lat' dir='ltr'>regi</span> <span class='ocrx_word' id='word_1_93' title='bbox 705 607 869 643; x_wconf 90' lang='lat' dir='ltr'>centum</span> <span class='ocrx_word' id='word_1_94' title='bbox 898 601 1043 655; x_wconf 87' lang='lat' dir='ltr'>viginti</span> <span class='ocrx_word' id='word_1_95' title='bbox 1081 601 1239 642; x_wconf 83' lang='lat' dir='ltr'>talenta</span> <span class='ocrx_word' id='word_1_96' title='bbox 1275 602 1380 647; x_wconf 88' lang='lat' dir='ltr'>auri,</span> <span class='ocrx_word' id='word_1_97' title='bbox 1420 608 1460 643; x_wconf 91' lang='lat' dir='ltr'>et</span> <span class='ocrx_word' id='word_1_98' title='bbox 1497 608 1682 644; x_wconf 87' lang='lat' dir='ltr'>aromata</span> <span class='ocrx_word' id='word_1_99' title='bbox 1717 605 1848 645; x_wconf 85' lang='lat' dir='ltr'>multa</span> <span class='ocrx_word' id='word_1_100' title='bbox 1882 607 2012 652; x_wconf 87' lang='lat' dir='ltr'>nimis,</span> <span class='ocrx_word' id='word_1_101' title='bbox 2063 616 2180 634; x_wconf 62' lang='lat' dir='ltr'>munera</span> 
     </span>
     <span class='ocr_line' id='line_1_10' title="bbox 115 644 2180 718; baseline -0 -14"><span class='ocrx_word' id='word_1_102' title='bbox 115 669 156 704; x_wconf 92' lang='lat' dir='ltr'>et</span> <span class='ocrx_word' id='word_1_103' title='bbox 183 676 365 718; x_wconf 86' lang='lat' dir='ltr'>gemmas</span> <span class='ocrx_word' id='word_1_104' title='bbox 389 661 717 717; x_wconf 86' lang='lat' dir='ltr'>pretiosissimas:</span> <span class='ocrx_word' id='word_1_105' title='bbox 752 674 834 701; x_wconf 91' lang='lat' dir='ltr'>non</span> <span class='ocrx_word' id='word_1_106' title='bbox 866 660 1033 701; x_wconf 82' lang='lat' dir='ltr'>fuerunt</span> <span class='ocrx_word' id='word_1_107' title='bbox 1066 665 1253 701; x_wconf 85' lang='lat' dir='ltr'>aromata</span> <span class='ocrx_word' id='word_1_108' title='bbox 1285 660 1385 701; x_wconf 88' lang='lat' dir='ltr'>talia</span> <span class='ocrx_word' id='word_1_109' title='bbox 1416 666 1462 701; x_wconf 92' lang='lat' dir='ltr'>ut</span> <span class='ocrx_word' id='word_1_110' title='bbox 1494 661 1589 709; x_wconf 85' lang='lat' dir='ltr'>haec,</span> <span class='ocrx_word' id='word_1_111' title='bbox 1627 675 1715 715; x_wconf 80' lang='lat' dir='ltr'>quae</span> <span class='ocrx_word' id='word_1_112' title='bbox 1745 664 1858 704; x_wconf 85' lang='lat' dir='ltr'>dedit</span> <span class='ocrx_word' id='word_1_113' title='bbox 1882 665 2018 717; x_wconf 81' lang='lat' dir='ltr'>regina</span> <span class='ocrx_word' id='word_1_114' title='bbox 2065 644 2180 709; x_wconf 50' lang='lat' dir='ltr'>{¹015ss</span> 
     </span>
     <span class='ocr_line' id='line_1_11' title="bbox 115 719 2019 776; baseline -0.001 -12"><span class='ocrx_word' id='word_1_115' title='bbox 115 723 225 764; x_wconf 86' lang='lat' dir='ltr'>Saba</span> <span class='ocrx_word' id='word_1_116' title='bbox 262 722 343 776; x_wconf 88' lang='lat' dir='ltr'>regi</span> <span class='ocrx_word' id='word_1_117' title='bbox 376 720 595 764; x_wconf 84' lang='lat' dir='ltr'>Salomoni.</span> <span class='ocrx_word' id='word_1_118' title='bbox 658 721 695 744; x_wconf 89' lang='lat'>¹0</span> <span class='ocrx_word' id='word_1_119' title='bbox 726 720 805 761; x_wconf 91' lang='lat' dir='ltr'>Sed</span> <span class='ocrx_word' id='word_1_120' title='bbox 839 724 880 760; x_wconf 90' lang='lat' dir='ltr'>et</span> <span class='ocrx_word' id='word_1_121' title='bbox 914 719 1018 759; x_wconf 85' lang='lat' dir='ltr'>servi</span> <span class='ocrx_word' id='word_1_122' title='bbox 1054 719 1196 760; x_wconf 87' lang='lat' dir='ltr'>Hiram</span> <span class='ocrx_word' id='word_1_123' title='bbox 1231 732 1323 760; x_wconf 89' lang='lat' dir='ltr'>cum</span> <span class='ocrx_word' id='word_1_124' title='bbox 1365 719 1489 760; x_wconf 89' lang='lat' dir='ltr'>servis</span> <span class='ocrx_word' id='word_1_125' title='bbox 1522 720 1749 761; x_wconf 90' lang='lat' dir='ltr'>Salomonis</span> <span class='ocrx_word' id='word_1_126' title='bbox 1792 722 2019 764; x_wconf 87' lang='lat' dir='ltr'>attulerunt</span> 
     </span>
     <span class='ocr_line' id='line_1_12' title="bbox 117 777 2020 833; baseline -0.001 -11"><span class='ocrx_word' id='word_1_127' title='bbox 117 794 261 822; x_wconf 90' lang='lat' dir='ltr'>aurum</span> <span class='ocrx_word' id='word_1_128' title='bbox 295 782 344 821; x_wconf 94' lang='lat' dir='ltr'>de</span> <span class='ocrx_word' id='word_1_129' title='bbox 371 779 511 833; x_wconf 87' lang='lat' dir='ltr'>Ophir,</span> <span class='ocrx_word' id='word_1_130' title='bbox 546 784 587 820; x_wconf 90' lang='lat' dir='ltr'>et</span> <span class='ocrx_word' id='word_1_131' title='bbox 616 777 724 832; x_wconf 85' lang='lat' dir='ltr'>ligna</span> <span class='ocrx_word' id='word_1_132' title='bbox 746 778 904 832; x_wconf 86' lang='lat' dir='ltr'>thyina,</span> <span class='ocrx_word' id='word_1_133' title='bbox 939 782 980 818; x_wconf 91' lang='lat' dir='ltr'>et</span> <span class='ocrx_word' id='word_1_134' title='bbox 1010 791 1192 831; x_wconf 83' lang='lat' dir='ltr'>gemmas</span> <span class='ocrx_word' id='word_1_135' title='bbox 1222 778 1552 831; x_wconf 88' lang='lat' dir='ltr'>pretiosissimas:</span> <span class='ocrx_word' id='word_1_136' title='bbox 1605 781 1636 803; x_wconf 90' lang='lat'>¹¹</span> <span class='ocrx_word' id='word_1_137' title='bbox 1661 780 1709 820; x_wconf 93' lang='lat' dir='ltr'>de</span> <span class='ocrx_word' id='word_1_138' title='bbox 1742 780 1888 833; x_wconf 88' lang='lat' dir='ltr'>quibus</span> <span class='ocrx_word' id='word_1_139' title='bbox 1923 781 2020 822; x_wconf 83' lang='lat' dir='ltr'>fecit</span> 
     </span>
     <span class='ocr_line' id='line_1_13' title="bbox 116 836 2019 893; baseline -0.001 -12"><span class='ocrx_word' id='word_1_140' title='bbox 116 854 197 887; x_wconf 88' lang='lat' dir='ltr'>rex,</span> <span class='ocrx_word' id='word_1_141' title='bbox 224 841 272 881; x_wconf 91' lang='lat' dir='ltr'>de</span> <span class='ocrx_word' id='word_1_142' title='bbox 295 839 412 893; x_wconf 87' lang='lat' dir='ltr'>lignis</span> <span class='ocrx_word' id='word_1_143' title='bbox 443 838 595 879; x_wconf 78' lang='lat' dir='ltr'>scilicet</span> <span class='ocrx_word' id='word_1_144' title='bbox 626 837 792 891; x_wconf 81' lang='lat' dir='ltr'>thyinis,</span> <span class='ocrx_word' id='word_1_145' title='bbox 825 836 975 890; x_wconf 86' lang='lat' dir='ltr'>gradus</span> <span class='ocrx_word' id='word_1_146' title='bbox 1005 837 1045 876; x_wconf 92' lang='lat' dir='ltr'>in</span> <span class='ocrx_word' id='word_1_147' title='bbox 1079 837 1199 878; x_wconf 91' lang='lat' dir='ltr'>domo</span> <span class='ocrx_word' id='word_1_148' title='bbox 1231 837 1409 881; x_wconf 89' lang='lat' dir='ltr'>Domini.</span> <span class='ocrx_word' id='word_1_149' title='bbox 1443 841 1484 877; x_wconf 92' lang='lat' dir='ltr'>et</span> <span class='ocrx_word' id='word_1_150' title='bbox 1515 837 1555 877; x_wconf 92' lang='lat' dir='ltr'>in</span> <span class='ocrx_word' id='word_1_151' title='bbox 1587 837 1707 879; x_wconf 90' lang='lat' dir='ltr'>domo</span> <span class='ocrx_word' id='word_1_152' title='bbox 1739 839 1858 891; x_wconf 85' lang='lat' dir='ltr'>regia,</span> <span class='ocrx_word' id='word_1_153' title='bbox 1893 839 2019 879; x_wconf 85' lang='lat' dir='ltr'>citha-</span> 
     </span>
     <span class='ocr_line' id='line_1_14' title="bbox 115 895 2023 952; baseline -0.001 -13"><span class='ocrx_word' id='word_1_154' title='bbox 115 912 179 939; x_wconf 92' lang='lat' dir='ltr'>ras</span> <span class='ocrx_word' id='word_1_155' title='bbox 213 911 386 952; x_wconf 88' lang='lat' dir='ltr'>quoque,</span> <span class='ocrx_word' id='word_1_156' title='bbox 429 903 470 939; x_wconf 92' lang='lat' dir='ltr'>et</span> <span class='ocrx_word' id='word_1_157' title='bbox 506 896 701 951; x_wconf 86' lang='lat' dir='ltr'>psalteria</span> <span class='ocrx_word' id='word_1_158' title='bbox 737 895 991 937; x_wconf 86' lang='lat' dir='ltr'>cantoribus:</span> <span class='ocrx_word' id='word_1_159' title='bbox 1029 908 1255 949; x_wconf 89' lang='lat' dir='ltr'>numquam</span> <span class='ocrx_word' id='word_1_160' title='bbox 1295 896 1384 936; x_wconf 91' lang='lat' dir='ltr'>visa</span> <span class='ocrx_word' id='word_1_161' title='bbox 1419 900 1516 936; x_wconf 88' lang='lat' dir='ltr'>sunt</span> <span class='ocrx_word' id='word_1_162' title='bbox 1553 896 1593 937; x_wconf 93' lang='lat' dir='ltr'>in</span> <span class='ocrx_word' id='word_1_163' title='bbox 1624 897 1746 937; x_wconf 90' lang='lat' dir='ltr'>Terra</span> <span class='ocrx_word' id='word_1_164' title='bbox 1777 897 1880 938; x_wconf 91' lang='lat' dir='ltr'>Iuda</span> <span class='ocrx_word' id='word_1_165' title='bbox 1915 897 2023 951; x_wconf 86' lang='lat' dir='ltr'>ligna</span> 
     </span>
     <span class='ocr_line' id='line_1_15' title="bbox 116 954 2023 1009; baseline -0.001 -11"><span class='ocrx_word' id='word_1_166' title='bbox 116 957 227 998; x_wconf 87' lang='lat' dir='ltr'>talia.</span> <span class='ocrx_word' id='word_1_167' title='bbox 287 959 317 981; x_wconf 91' lang='grc'>12</span> <span class='ocrx_word' id='word_1_168' title='bbox 349 957 438 997; x_wconf 85' lang='lat' dir='ltr'>Rex</span> <span class='ocrx_word' id='word_1_169' title='bbox 480 961 618 997; x_wconf 90' lang='lat' dir='ltr'>autem</span> <span class='ocrx_word' id='word_1_170' title='bbox 656 955 849 997; x_wconf 87' lang='lat' dir='ltr'>Salomon</span> <span class='ocrx_word' id='word_1_171' title='bbox 885 954 999 995; x_wconf 88' lang='lat' dir='ltr'>dedit</span> <span class='ocrx_word' id='word_1_172' title='bbox 1038 955 1185 1008; x_wconf 79' lang='lat' dir='ltr'>reginae</span> <span class='ocrx_word' id='word_1_173' title='bbox 1219 954 1328 995; x_wconf 87' lang='lat' dir='ltr'>Saba</span> <span class='ocrx_word' id='word_1_174' title='bbox 1365 959 1514 996; x_wconf 84' lang='lat' dir='ltr'>cuncta</span> <span class='ocrx_word' id='word_1_175' title='bbox 1553 969 1642 1009; x_wconf 84' lang='lat' dir='ltr'>quae</span> <span class='ocrx_word' id='word_1_176' title='bbox 1677 955 1819 1005; x_wconf 89' lang='lat' dir='ltr'>voluit,</span> <span class='ocrx_word' id='word_1_177' title='bbox 1857 961 1898 997; x_wconf 92' lang='lat' dir='ltr'>et</span> <span class='ocrx_word' id='word_1_178' title='bbox 1934 969 2023 1009; x_wconf 87' lang='lat' dir='ltr'>quae</span> 
     </span>
     <span class='ocr_line' id='line_1_16' title="bbox 115 1013 2022 1070; baseline -0.001 -13"><span class='ocrx_word' id='word_1_179' title='bbox 115 1016 357 1070; x_wconf 87' lang='lat' dir='ltr'>postulavit,</span> <span class='ocrx_word' id='word_1_180' title='bbox 382 1020 423 1056; x_wconf 90' lang='lat' dir='ltr'>et</span> <span class='ocrx_word' id='word_1_181' title='bbox 452 1015 583 1056; x_wconf 89' lang='grc'><strong>11111110</strong></span> <span class='ocrx_word' id='word_1_182' title='bbox 614 1013 732 1068; x_wconf 92' lang='lat' dir='ltr'>plura</span> <span class='ocrx_word' id='word_1_183' title='bbox 762 1026 885 1067; x_wconf 89' lang='lat' dir='ltr'>quam</span> <span class='ocrx_word' id='word_1_184' title='bbox 914 1013 1113 1054; x_wconf 89' lang='lat' dir='ltr'>attulerat</span> <span class='ocrx_word' id='word_1_185' title='bbox 1140 1013 1193 1054; x_wconf 90' lang='lat' dir='ltr'>ad</span> <span class='ocrx_word' id='word_1_186' title='bbox 1220 1027 1330 1054; x_wconf 89' lang='lat' dir='ltr'>eum:</span> <span class='ocrx_word' id='word_1_187' title='bbox 1362 1027 1451 1067; x_wconf 86' lang='lat' dir='ltr'>quae</span> <span class='ocrx_word' id='word_1_188' title='bbox 1477 1026 1649 1063; x_wconf 87' lang='lat' dir='ltr'>reversa,</span> <span class='ocrx_word' id='word_1_189' title='bbox 1676 1015 1777 1056; x_wconf 90' lang='lat' dir='ltr'>abiit</span> <span class='ocrx_word' id='word_1_190' title='bbox 1803 1015 1844 1055; x_wconf 91' lang='lat' dir='ltr'>in</span> <span class='ocrx_word' id='word_1_191' title='bbox 1872 1020 2022 1056; x_wconf 87' lang='lat' dir='ltr'>terram</span> 
     </span>
    </p>
   </div>
   <div class='ocr_carea' id='block_1_4' title="bbox 116 1073 628 1116">
    <p class='ocr_par' dir='ltr' id='par_1_4' title="bbox 116 1073 628 1116">
     <span class='ocr_line' id='line_1_17' title="bbox 116 1073 628 1116; baseline -0.004 0"><span class='ocrx_word' id='word_1_192' title='bbox 116 1088 233 1116; x_wconf 90' lang='lat' dir='ltr'>suam</span> <span class='ocrx_word' id='word_1_193' title='bbox 262 1088 354 1116; x_wconf 91' lang='lat' dir='ltr'>cum</span> <span class='ocrx_word' id='word_1_194' title='bbox 381 1074 506 1115; x_wconf 88' lang='lat' dir='ltr'>servis</span> <span class='ocrx_word' id='word_1_195' title='bbox 534 1073 628 1114; x_wconf 83' lang='lat' dir='ltr'>suis.</span> 
     </span>
    </p>
   </div>
   <div class='ocr_carea' id='block_1_5' title="bbox 442 1175 1696 1229">
    <p class='ocr_par' dir='ltr' id='par_1_5' title="bbox 442 1175 1696 1229">
     <span class='ocr_line' id='line_1_18' title="bbox 442 1175 1696 1229; baseline -0.002 -11"><span class='ocrx_word' id='word_1_196' title='bbox 442 1179 481 1219; x_wconf 86' lang='lat'>3.</span> <span class='ocrx_word' id='word_1_197' title='bbox 511 1177 687 1218; x_wconf 78' lang='lat' dir='ltr'>Divitiae</span> <span class='ocrx_word' id='word_1_198' title='bbox 718 1178 761 1218; x_wconf 86' lang='lat' dir='ltr'>et</span> <span class='ocrx_word' id='word_1_199' title='bbox 791 1176 1131 1229; x_wconf 78' lang='lat' dir='ltr'>magnificentia</span> <span class='ocrx_word' id='word_1_200' title='bbox 1161 1175 1437 1226; x_wconf 79' lang='grc' dir='ltr'><strong>8610111οηί3,</strong></span> <span class='ocrx_word' id='word_1_201' title='bbox 1465 1175 1505 1225; x_wconf 90' lang='lat'>9,</span> <span class='ocrx_word' id='word_1_202' title='bbox 1525 1176 1696 1216; x_wconf 85' lang='lat'>13—31.</span> 
     </span>
    </p>
   </div>
   <div class='ocr_carea' id='block_1_6' title="bbox 116 1244 2192 1479">
    <p class='ocr_par' dir='ltr' id='par_1_6' title="bbox 116 1244 2192 1479">
     <span class='ocr_line' id='line_1_19' title="bbox 222 1244 2192 1306; baseline -0.003 -15"><span class='ocrx_word' id='word_1_203' title='bbox 222 1253 254 1276; x_wconf 76' lang='lat'>¹3</span> <span class='ocrx_word' id='word_1_204' title='bbox 285 1250 387 1291; x_wconf 89' lang='lat' dir='ltr'>Erat</span> <span class='ocrx_word' id='word_1_205' title='bbox 419 1253 557 1290; x_wconf 88' lang='lat' dir='ltr'>autem</span> <span class='ocrx_word' id='word_1_206' title='bbox 589 1247 750 1301; x_wconf 87' lang='lat' dir='ltr'>pondus</span> <span class='ocrx_word' id='word_1_207' title='bbox 782 1247 880 1295; x_wconf 87' lang='lat' dir='ltr'>auri,</span> <span class='ocrx_word' id='word_1_208' title='bbox 916 1247 1025 1300; x_wconf 92' lang='lat' dir='ltr'>quod</span> <span class='ocrx_word' id='word_1_209' title='bbox 1058 1247 1306 1287; x_wconf 80' lang='lat' dir='ltr'>afferebatur</span> <span class='ocrx_word' id='word_1_210' title='bbox 1336 1244 1542 1287; x_wconf 90' lang='lat' dir='ltr'>Salomoni</span> <span class='ocrx_word' id='word_1_211' title='bbox 1574 1258 1644 1299; x_wconf 90' lang='lat' dir='ltr'>per</span> <span class='ocrx_word' id='word_1_212' title='bbox 1675 1245 1850 1299; x_wconf 87' lang='lat' dir='ltr'>singulos</span> <span class='ocrx_word' id='word_1_213' title='bbox 1883 1261 2022 1297; x_wconf 88' lang='lat' dir='ltr'>annos,</span> <span class='ocrx_word' id='word_1_214' title='bbox 2070 1246 2192 1306; x_wconf 43' lang='lat'>{33¹³</span> 
     </span>
     <span class='ocr_line' id='line_1_20' title="bbox 117 1289 2179 1362; baseline -0.003 -10"><span class='ocrx_word' id='word_1_215' title='bbox 117 1315 311 1351; x_wconf 80' lang='lat' dir='ltr'>sexcenta</span> <span class='ocrx_word' id='word_1_216' title='bbox 329 1308 544 1362; x_wconf 82' lang='lat' dir='ltr'>sexaginta</span> <span class='ocrx_word' id='word_1_217' title='bbox 562 1320 632 1347; x_wconf 86' lang='lat' dir='ltr'>sex</span> <span class='ocrx_word' id='word_1_218' title='bbox 651 1306 811 1346; x_wconf 89' lang='lat' dir='ltr'>talenta</span> <span class='ocrx_word' id='word_1_219' title='bbox 830 1305 934 1346; x_wconf 87' lang='lat' dir='ltr'>auri:</span> <span class='ocrx_word' id='word_1_220' title='bbox 984 1307 1015 1330; x_wconf 69' lang='lat'>¹4</span> <span class='ocrx_word' id='word_1_221' title='bbox 1035 1309 1208 1358; x_wconf 85' lang='lat' dir='ltr'>excepta</span> <span class='ocrx_word' id='word_1_222' title='bbox 1227 1317 1274 1344; x_wconf 89' lang='lat' dir='ltr'>ea</span> <span class='ocrx_word' id='word_1_223' title='bbox 1293 1317 1464 1351; x_wconf 82' lang='lat' dir='ltr'>summa,</span> <span class='ocrx_word' id='word_1_224' title='bbox 1489 1317 1611 1358; x_wconf 89' lang='lat' dir='ltr'>quam</span> <span class='ocrx_word' id='word_1_225' title='bbox 1631 1303 1754 1357; x_wconf 86' lang='lat' dir='ltr'>legati</span> <span class='ocrx_word' id='word_1_226' title='bbox 1773 1305 2023 1347; x_wconf 83' lang='lat' dir='ltr'>diversarum</span> <span class='ocrx_word' id='word_1_227' title='bbox 2162 1289 2179 1311; x_wconf 62' lang='lat'>¹&#39;</span> 
     </span>
     <span class='ocr_line' id='line_1_21' title="bbox 116 1363 2026 1423; baseline -0.002 -13"><span class='ocrx_word' id='word_1_228' title='bbox 116 1369 312 1423; x_wconf 86' lang='lat' dir='ltr'>gentium,</span> <span class='ocrx_word' id='word_1_229' title='bbox 340 1373 381 1409; x_wconf 92' lang='lat' dir='ltr'>et</span> <span class='ocrx_word' id='word_1_230' title='bbox 405 1366 678 1420; x_wconf 84' lang='lat' dir='ltr'>negotiatores</span> <span class='ocrx_word' id='word_1_231' title='bbox 704 1364 846 1404; x_wconf 80' lang='lat' dir='ltr'>afferre</span> <span class='ocrx_word' id='word_1_232' title='bbox 872 1368 1180 1409; x_wconf 83' lang='lat' dir='ltr'>consueverant.</span> <span class='ocrx_word' id='word_1_233' title='bbox 1208 1376 1430 1416; x_wconf 89' lang='lat' dir='ltr'>omnesque</span> <span class='ocrx_word' id='word_1_234' title='bbox 1454 1375 1565 1416; x_wconf 90' lang='lat' dir='ltr'>reges</span> <span class='ocrx_word' id='word_1_235' title='bbox 1589 1363 1760 1408; x_wconf 83' lang='lat' dir='ltr'>Arabiae.</span> <span class='ocrx_word' id='word_1_236' title='bbox 1788 1369 1829 1404; x_wconf 91' lang='lat' dir='ltr'>et</span> <span class='ocrx_word' id='word_1_237' title='bbox 1852 1369 2026 1418; x_wconf 82' lang='lat' dir='ltr'>satrapae</span> 
     </span>
     <span class='ocr_line' id='line_1_22' title="bbox 117 1421 1527 1479; baseline -0.004 -10"><span class='ocrx_word' id='word_1_238' title='bbox 117 1434 330 1476; x_wconf 90' lang='lat' dir='ltr'>terrarum,</span> <span class='ocrx_word' id='word_1_239' title='bbox 362 1426 431 1479; x_wconf 91' lang='lat' dir='ltr'>qui</span> <span class='ocrx_word' id='word_1_240' title='bbox 460 1423 778 1477; x_wconf 83' lang='lat' dir='ltr'>comportabant</span> <span class='ocrx_word' id='word_1_241' title='bbox 807 1434 963 1466; x_wconf 88' lang='lat' dir='ltr'>aurum,</span> <span class='ocrx_word' id='word_1_242' title='bbox 995 1427 1037 1463; x_wconf 90' lang='lat' dir='ltr'>et</span> <span class='ocrx_word' id='word_1_243' title='bbox 1066 1426 1280 1476; x_wconf 87' lang='lat' dir='ltr'>argentum</span> <span class='ocrx_word' id='word_1_244' title='bbox 1309 1421 1527 1463; x_wconf 86' lang='lat' dir='ltr'>Salomoni.</span> 
     </span>
    </p>
   </div>
   <div class='ocr_carea' id='block_1_7' title="bbox 117 1492 2233 1725">
    <p class='ocr_par' dir='ltr' id='par_1_7' title="bbox 117 1492 2233 1725">
     <span class='ocr_line' id='line_1_23' title="bbox 222 1492 2207 1555; baseline -0.003 -17"><span class='ocrx_word' id='word_1_245' title='bbox 222 1500 253 1522; x_wconf 82' lang='lat'>¹5</span> <span class='ocrx_word' id='word_1_246' title='bbox 283 1496 398 1537; x_wconf 85' lang='lat' dir='ltr'>Fecit</span> <span class='ocrx_word' id='word_1_247' title='bbox 426 1494 550 1549; x_wconf 84' lang='lat' dir='ltr'>igitur</span> <span class='ocrx_word' id='word_1_248' title='bbox 578 1507 649 1534; x_wconf 91' lang='lat' dir='ltr'>rex</span> <span class='ocrx_word' id='word_1_249' title='bbox 679 1492 871 1534; x_wconf 88' lang='lat' dir='ltr'>Salomon</span> <span class='ocrx_word' id='word_1_250' title='bbox 902 1493 1100 1533; x_wconf 87' lang='lat' dir='ltr'>ducentas</span> <span class='ocrx_word' id='word_1_251' title='bbox 1129 1492 1270 1533; x_wconf 89' lang='lat' dir='ltr'>hastas</span> <span class='ocrx_word' id='word_1_252' title='bbox 1300 1505 1442 1533; x_wconf 89' lang='lat' dir='ltr'>aureas</span> <span class='ocrx_word' id='word_1_253' title='bbox 1473 1492 1521 1534; x_wconf 90' lang='lat' dir='ltr'>de</span> <span class='ocrx_word' id='word_1_254' title='bbox 1551 1505 1713 1533; x_wconf 85' lang='lat' dir='ltr'>summa</span> <span class='ocrx_word' id='word_1_255' title='bbox 1741 1499 2025 1535; x_wconf 86' lang='lat' dir='ltr'>sexcentorum</span> <span class='ocrx_word' id='word_1_256' title='bbox 2058 1495 2148 1555; x_wconf 40' lang='lat'>¹¹⁸3&amp;</span> <span class='ocrx_word' id='word_1_257' title='bbox 2177 1495 2207 1519; x_wconf 61' lang='lat' dir='ltr'>et</span> 
     </span>
     <span class='ocr_line' id='line_1_24' title="bbox 117 1536 2233 1609; baseline -0.003 -11"><span class='ocrx_word' id='word_1_258' title='bbox 117 1569 345 1605; x_wconf 88' lang='lat' dir='ltr'>aureorum,</span> <span class='ocrx_word' id='word_1_259' title='bbox 375 1554 444 1609; x_wconf 93' lang='lat' dir='ltr'>qui</span> <span class='ocrx_word' id='word_1_260' title='bbox 471 1554 511 1594; x_wconf 88' lang='lat' dir='ltr'>in</span> <span class='ocrx_word' id='word_1_261' title='bbox 539 1552 705 1606; x_wconf 90' lang='lat' dir='ltr'>singulis</span> <span class='ocrx_word' id='word_1_262' title='bbox 731 1551 861 1592; x_wconf 91' lang='lat' dir='ltr'>hastis</span> <span class='ocrx_word' id='word_1_263' title='bbox 888 1551 1244 1605; x_wconf 87' lang='lat' dir='ltr'>expendebantur:</span> <span class='ocrx_word' id='word_1_264' title='bbox 1300 1553 1336 1575; x_wconf 76' lang='lat'>¹⁶</span> <span class='ocrx_word' id='word_1_265' title='bbox 1363 1556 1546 1592; x_wconf 83' lang='lat' dir='ltr'>trecenta</span> <span class='ocrx_word' id='word_1_266' title='bbox 1573 1565 1735 1605; x_wconf 91' lang='lat' dir='ltr'>quoque</span> <span class='ocrx_word' id='word_1_267' title='bbox 1762 1557 1879 1593; x_wconf 91' lang='lat' dir='ltr'>scuta</span> <span class='ocrx_word' id='word_1_268' title='bbox 1905 1566 2027 1593; x_wconf 88' lang='lat' dir='ltr'>aurea</span> <span class='ocrx_word' id='word_1_269' title='bbox 2041 1536 2091 1555; x_wconf 61' lang='lat' dir='ltr'>scu</span> <span class='ocrx_word' id='word_1_270' title='bbox 2107 1536 2233 1560; x_wconf 38' lang='lat' dir='ltr'>mure&amp;</span> 
     </span>
     <span class='ocr_line' id='line_1_25' title="bbox 117 1609 2011 1664; baseline -0.003 -7"><span class='ocrx_word' id='word_1_271' title='bbox 117 1620 392 1657; x_wconf 90' lang='lat' dir='ltr'>trecentorum</span> <span class='ocrx_word' id='word_1_272' title='bbox 430 1625 657 1660; x_wconf 86' lang='lat' dir='ltr'>aureorum,</span> <span class='ocrx_word' id='word_1_273' title='bbox 697 1611 845 1664; x_wconf 90' lang='lat' dir='ltr'>quibus</span> <span class='ocrx_word' id='word_1_274' title='bbox 881 1611 1126 1664; x_wconf 84' lang='lat' dir='ltr'>tegebantur</span> <span class='ocrx_word' id='word_1_275' title='bbox 1162 1609 1321 1664; x_wconf 81' lang='lat' dir='ltr'>singula</span> <span class='ocrx_word' id='word_1_276' title='bbox 1356 1616 1490 1651; x_wconf 89' lang='lat' dir='ltr'>scuta:</span> <span class='ocrx_word' id='word_1_277' title='bbox 1529 1610 1747 1664; x_wconf 90' lang='lat' dir='ltr'>posuitque</span> <span class='ocrx_word' id='word_1_278' title='bbox 1783 1624 1831 1651; x_wconf 87' lang='lat' dir='ltr'>ea</span> <span class='ocrx_word' id='word_1_279' title='bbox 1866 1624 1935 1652; x_wconf 89' lang='lat' dir='ltr'>rex</span> <span class='ocrx_word' id='word_1_280' title='bbox 1971 1612 2011 1652; x_wconf 90' lang='lat' dir='ltr'>in</span> 
     </span>
     <span class='ocr_line' id='line_1_26' title="bbox 118 1669 1139 1725; baseline -0.005 -9"><span class='ocrx_word' id='word_1_281' title='bbox 118 1672 446 1721; x_wconf 87' lang='lat' dir='ltr'>armamentario,</span> <span class='ocrx_word' id='word_1_282' title='bbox 478 1671 587 1725; x_wconf 87' lang='lat' dir='ltr'>quod</span> <span class='ocrx_word' id='word_1_283' title='bbox 616 1676 704 1711; x_wconf 87' lang='lat' dir='ltr'>erat</span> <span class='ocrx_word' id='word_1_284' title='bbox 732 1669 935 1710; x_wconf 90' lang='lat' dir='ltr'>consitum</span> <span class='ocrx_word' id='word_1_285' title='bbox 964 1682 1139 1711; x_wconf 90' lang='lat' dir='ltr'>nemore.</span> 
     </span>
    </p>
   </div>
   <div class='ocr_carea' id='block_1_8' title="bbox 117 1737 2216 2032">
    <p class='ocr_par' dir='ltr' id='par_1_8' title="bbox 117 1737 2216 2032">
     <span class='ocr_line' id='line_1_27' title="bbox 222 1737 2207 1799; baseline -0.003 -14"><span class='ocrx_word' id='word_1_286' title='bbox 222 1747 256 1770; x_wconf 91' lang='lat'>¹⁷</span> <span class='ocrx_word' id='word_1_287' title='bbox 274 1744 389 1785; x_wconf 86' lang='lat' dir='ltr'>Fecit</span> <span class='ocrx_word' id='word_1_288' title='bbox 407 1756 569 1797; x_wconf 91' lang='lat' dir='ltr'>quoque</span> <span class='ocrx_word' id='word_1_289' title='bbox 587 1755 657 1782; x_wconf 89' lang='lat' dir='ltr'>rex</span> <span class='ocrx_word' id='word_1_290' title='bbox 675 1741 821 1782; x_wconf 89' lang='lat' dir='ltr'>solium</span> <span class='ocrx_word' id='word_1_291' title='bbox 839 1741 1063 1782; x_wconf 88' lang='lat' dir='ltr'>eburneum</span> <span class='ocrx_word' id='word_1_292' title='bbox 1081 1740 1246 1794; x_wconf 82' lang='lat' dir='ltr'>grande,</span> <span class='ocrx_word' id='word_1_293' title='bbox 1267 1746 1308 1780; x_wconf 94' lang='lat' dir='ltr'>et</span> <span class='ocrx_word' id='word_1_294' title='bbox 1326 1739 1494 1782; x_wconf 84' lang='lat' dir='ltr'>vestivit</span> <span class='ocrx_word' id='word_1_295' title='bbox 1511 1739 1611 1780; x_wconf 91' lang='lat' dir='ltr'>illud</span> <span class='ocrx_word' id='word_1_296' title='bbox 1629 1752 1726 1781; x_wconf 88' lang='lat' dir='ltr'>auro</span> <span class='ocrx_word' id='word_1_297' title='bbox 1744 1740 2022 1781; x_wconf 85' lang='lat' dir='ltr'>mundissimo.</span> <span class='ocrx_word' id='word_1_298' title='bbox 2049 1737 2207 1799; x_wconf 48' lang='lat' dir='ltr'>ebsffsslissffm</span> 
     </span>
     <span class='ocr_line' id='line_1_28' title="bbox 119 1793 2216 1857; baseline -0.002 -12"><span class='ocrx_word' id='word_1_299' title='bbox 119 1807 153 1829; x_wconf 74' lang='lat'>¹⁸</span> <span class='ocrx_word' id='word_1_300' title='bbox 182 1805 261 1846; x_wconf 88' lang='lat' dir='ltr'>Sex</span> <span class='ocrx_word' id='word_1_301' title='bbox 292 1815 453 1857; x_wconf 92' lang='lat' dir='ltr'>quoque</span> <span class='ocrx_word' id='word_1_302' title='bbox 482 1801 644 1855; x_wconf 85' lang='lat' dir='ltr'>gradus,</span> <span class='ocrx_word' id='word_1_303' title='bbox 677 1801 824 1854; x_wconf 88' lang='lat' dir='ltr'>quibus</span> <span class='ocrx_word' id='word_1_304' title='bbox 856 1800 1153 1841; x_wconf 87' lang='lat' dir='ltr'>ascendebatur</span> <span class='ocrx_word' id='word_1_305' title='bbox 1183 1799 1234 1840; x_wconf 90' lang='lat' dir='ltr'>ad</span> <span class='ocrx_word' id='word_1_306' title='bbox 1264 1798 1422 1847; x_wconf 86' lang='lat' dir='ltr'>solium,</span> <span class='ocrx_word' id='word_1_307' title='bbox 1454 1802 1496 1839; x_wconf 89' lang='lat' dir='ltr'>et</span> <span class='ocrx_word' id='word_1_308' title='bbox 1524 1798 1744 1839; x_wconf 86' lang='lat' dir='ltr'>scabellum</span> <span class='ocrx_word' id='word_1_309' title='bbox 1775 1811 1953 1847; x_wconf 81' lang='lat' dir='ltr'>aureum,</span> <span class='ocrx_word' id='word_1_310' title='bbox 1986 1804 2027 1840; x_wconf 93' lang='lat' dir='ltr'>et</span> <span class='ocrx_word' id='word_1_311' title='bbox 2211 1793 2216 1803; x_wconf 87' lang='grc'>’</span> 
     </span>
     <span class='ocr_line' id='line_1_29' title="bbox 119 1857 2027 1907; baseline -0.003 -2"><span class='ocrx_word' id='word_1_312' title='bbox 119 1862 326 1905; x_wconf 88' lang='lat' dir='ltr'>brachiola</span> <span class='ocrx_word' id='word_1_313' title='bbox 351 1862 432 1903; x_wconf 91' lang='lat' dir='ltr'>duo</span> <span class='ocrx_word' id='word_1_314' title='bbox 460 1860 710 1903; x_wconf 79' lang='lat' dir='ltr'>altrinsecus.</span> <span class='ocrx_word' id='word_1_315' title='bbox 740 1865 782 1900; x_wconf 91' lang='lat' dir='ltr'>et</span> <span class='ocrx_word' id='word_1_316' title='bbox 808 1859 910 1900; x_wconf 90' lang='lat' dir='ltr'>duos</span> <span class='ocrx_word' id='word_1_317' title='bbox 936 1858 1070 1899; x_wconf 90' lang='lat' dir='ltr'>leones</span> <span class='ocrx_word' id='word_1_318' title='bbox 1098 1862 1255 1899; x_wconf 89' lang='lat' dir='ltr'>stantes</span> <span class='ocrx_word' id='word_1_319' title='bbox 1284 1857 1402 1898; x_wconf 89' lang='lat' dir='ltr'>iuxta</span> <span class='ocrx_word' id='word_1_320' title='bbox 1430 1857 1648 1907; x_wconf 86' lang='lat' dir='ltr'>brachiola⁷</span> <span class='ocrx_word' id='word_1_321' title='bbox 1704 1860 1739 1882; x_wconf 84' lang='lat'>¹⁹</span> <span class='ocrx_word' id='word_1_322' title='bbox 1765 1857 1835 1898; x_wconf 91' lang='lat' dir='ltr'>sed</span> <span class='ocrx_word' id='word_1_323' title='bbox 1862 1862 1903 1898; x_wconf 91' lang='lat' dir='ltr'>et</span> <span class='ocrx_word' id='word_1_324' title='bbox 1929 1857 2027 1899; x_wconf 91' lang='lat' dir='ltr'>alios</span> 
     </span>
     <span class='ocr_line' id='line_1_30' title="bbox 118 1916 2027 1971; baseline -0.004 -7"><span class='ocrx_word' id='word_1_325' title='bbox 118 1922 332 1964; x_wconf 87' lang='lat' dir='ltr'>duodecim</span> <span class='ocrx_word' id='word_1_326' title='bbox 352 1919 561 1961; x_wconf 87' lang='lat' dir='ltr'>leunculos</span> <span class='ocrx_word' id='word_1_327' title='bbox 581 1923 740 1959; x_wconf 91' lang='lat' dir='ltr'>stantes</span> <span class='ocrx_word' id='word_1_328' title='bbox 759 1930 880 1971; x_wconf 91' lang='lat' dir='ltr'>super</span> <span class='ocrx_word' id='word_1_329' title='bbox 900 1930 970 1958; x_wconf 89' lang='lat' dir='ltr'>sex</span> <span class='ocrx_word' id='word_1_330' title='bbox 989 1917 1139 1971; x_wconf 89' lang='lat' dir='ltr'>gradus</span> <span class='ocrx_word' id='word_1_331' title='bbox 1159 1930 1209 1957; x_wconf 89' lang='lat' dir='ltr'>ex</span> <span class='ocrx_word' id='word_1_332' title='bbox 1229 1921 1403 1970; x_wconf 86' lang='lat' dir='ltr'>utraque</span> <span class='ocrx_word' id='word_1_333' title='bbox 1424 1921 1558 1970; x_wconf 88' lang='lat' dir='ltr'>parte:</span> <span class='ocrx_word' id='word_1_334' title='bbox 1581 1929 1662 1957; x_wconf 90' lang='lat' dir='ltr'>non</span> <span class='ocrx_word' id='word_1_335' title='bbox 1682 1916 1762 1957; x_wconf 78' lang='lat' dir='ltr'>fuit</span> <span class='ocrx_word' id='word_1_336' title='bbox 1781 1916 1862 1957; x_wconf 88' lang='lat' dir='ltr'>tale</span> <span class='ocrx_word' id='word_1_337' title='bbox 1883 1916 2027 1957; x_wconf 90' lang='lat' dir='ltr'>solium</span> 
     </span>
     <span class='ocr_line' id='line_1_31' title="bbox 117 1977 557 2032; baseline -0.009 -10"><span class='ocrx_word' id='word_1_338' title='bbox 117 1982 158 2022; x_wconf 93' lang='lat' dir='ltr'>in</span> <span class='ocrx_word' id='word_1_339' title='bbox 188 1979 387 2022; x_wconf 89' lang='lat' dir='ltr'>universis</span> <span class='ocrx_word' id='word_1_340' title='bbox 414 1977 557 2032; x_wconf 85' lang='lat' dir='ltr'>regnis.</span> 
     </span>
    </p>
   </div>
   <div class='ocr_carea' id='block_1_9' title="bbox 118 2044 2224 2277">
    <p class='ocr_par' dir='ltr' id='par_1_9' title="bbox 118 2044 2224 2277">
     <span class='ocr_line' id='line_1_32' title="bbox 223 2044 2224 2101; baseline -0.003 -11"><span class='ocrx_word' id='word_1_341' title='bbox 223 2052 259 2075; x_wconf 81' lang='lat'>2⁰</span> <span class='ocrx_word' id='word_1_342' title='bbox 280 2049 429 2091; x_wconf 88' lang='lat' dir='ltr'>Omnia</span> <span class='ocrx_word' id='word_1_343' title='bbox 452 2059 615 2101; x_wconf 90' lang='lat' dir='ltr'>quoque</span> <span class='ocrx_word' id='word_1_344' title='bbox 636 2059 736 2087; x_wconf 89' lang='lat' dir='ltr'>vasa</span> <span class='ocrx_word' id='word_1_345' title='bbox 758 2046 936 2087; x_wconf 90' lang='lat' dir='ltr'>convivii</span> <span class='ocrx_word' id='word_1_346' title='bbox 958 2046 1060 2098; x_wconf 83' lang='lat' dir='ltr'>regis</span> <span class='ocrx_word' id='word_1_347' title='bbox 1083 2050 1200 2086; x_wconf 88' lang='lat' dir='ltr'>erant</span> <span class='ocrx_word' id='word_1_348' title='bbox 1223 2058 1356 2093; x_wconf 81' lang='lat' dir='ltr'>aurea,</span> <span class='ocrx_word' id='word_1_349' title='bbox 1381 2050 1423 2085; x_wconf 92' lang='lat' dir='ltr'>et</span> <span class='ocrx_word' id='word_1_350' title='bbox 1445 2058 1545 2085; x_wconf 86' lang='lat' dir='ltr'>vasa</span> <span class='ocrx_word' id='word_1_351' title='bbox 1566 2044 1712 2085; x_wconf 88' lang='lat' dir='ltr'>domus</span> <span class='ocrx_word' id='word_1_352' title='bbox 1733 2044 1862 2085; x_wconf 88' lang='lat' dir='ltr'>saltus</span> <span class='ocrx_word' id='word_1_353' title='bbox 1884 2044 2029 2085; x_wconf 90' lang='lat' dir='ltr'>Libani</span> <span class='ocrx_word' id='word_1_354' title='bbox 2045 2047 2114 2066; x_wconf 58' lang='lat' dir='ltr'>vasa</span> <span class='ocrx_word' id='word_1_355' title='bbox 2128 2047 2224 2071; x_wconf 44' lang='lat'>³⁰¹²*</span> 
     </span>
     <span class='ocr_line' id='line_1_33' title="bbox 118 2102 2029 2162; baseline -0.004 -11"><span class='ocrx_word' id='word_1_356' title='bbox 118 2124 168 2151; x_wconf 88' lang='lat' dir='ltr'>ex</span> <span class='ocrx_word' id='word_1_357' title='bbox 189 2122 287 2151; x_wconf 90' lang='lat' dir='ltr'>auro</span> <span class='ocrx_word' id='word_1_358' title='bbox 306 2106 535 2162; x_wconf 89' lang='lat' dir='ltr'>purissimo.</span> <span class='ocrx_word' id='word_1_359' title='bbox 557 2106 785 2159; x_wconf 78' lang='lat' dir='ltr'>Argentum</span> <span class='ocrx_word' id='word_1_360' title='bbox 806 2105 913 2146; x_wconf 88' lang='lat' dir='ltr'>enim</span> <span class='ocrx_word' id='word_1_361' title='bbox 933 2104 974 2145; x_wconf 92' lang='lat' dir='ltr'>in</span> <span class='ocrx_word' id='word_1_362' title='bbox 994 2104 1136 2145; x_wconf 91' lang='lat' dir='ltr'>diebus</span> <span class='ocrx_word' id='word_1_363' title='bbox 1157 2103 1234 2144; x_wconf 88' lang='lat' dir='ltr'>illis</span> <span class='ocrx_word' id='word_1_364' title='bbox 1253 2116 1324 2157; x_wconf 92' lang='lat' dir='ltr'>pro</span> <span class='ocrx_word' id='word_1_365' title='bbox 1345 2102 1470 2144; x_wconf 89' lang='lat' dir='ltr'>nihilo</span> <span class='ocrx_word' id='word_1_366' title='bbox 1490 2104 1772 2157; x_wconf 86' lang='lat' dir='ltr'>reputabatur.</span> <span class='ocrx_word' id='word_1_367' title='bbox 1847 2105 1879 2127; x_wconf 92' lang='grc'>21</span> <span class='ocrx_word' id='word_1_368' title='bbox 1898 2103 2029 2157; x_wconf 92' lang='lat' dir='ltr'>Siqui-</span> 
     </span>
     <span class='ocr_line' id='line_1_34' title="bbox 119 2162 2028 2219; baseline -0.004 -9"><span class='ocrx_word' id='word_1_369' title='bbox 119 2170 211 2211; x_wconf 92' lang='lat' dir='ltr'>dem</span> <span class='ocrx_word' id='word_1_370' title='bbox 230 2180 357 2209; x_wconf 89' lang='lat' dir='ltr'>naves</span> <span class='ocrx_word' id='word_1_371' title='bbox 375 2165 478 2219; x_wconf 87' lang='lat' dir='ltr'>regis</span> <span class='ocrx_word' id='word_1_372' title='bbox 497 2165 614 2206; x_wconf 91' lang='lat' dir='ltr'>ibant</span> <span class='ocrx_word' id='word_1_373' title='bbox 632 2164 673 2204; x_wconf 93' lang='lat' dir='ltr'>in</span> <span class='ocrx_word' id='word_1_374' title='bbox 692 2164 856 2205; x_wconf 89' lang='lat' dir='ltr'>Tharsis</span> <span class='ocrx_word' id='word_1_375' title='bbox 875 2177 968 2204; x_wconf 88' lang='lat' dir='ltr'>cum</span> <span class='ocrx_word' id='word_1_376' title='bbox 988 2163 1113 2204; x_wconf 91' lang='lat' dir='ltr'>servis</span> <span class='ocrx_word' id='word_1_377' title='bbox 1134 2163 1290 2211; x_wconf 88' lang='lat' dir='ltr'>Hiram,</span> <span class='ocrx_word' id='word_1_378' title='bbox 1311 2162 1434 2203; x_wconf 91' lang='lat' dir='ltr'>semel</span> <span class='ocrx_word' id='word_1_379' title='bbox 1452 2162 1494 2202; x_wconf 93' lang='lat' dir='ltr'>in</span> <span class='ocrx_word' id='word_1_380' title='bbox 1514 2162 1630 2203; x_wconf 88' lang='lat' dir='ltr'>annis</span> <span class='ocrx_word' id='word_1_381' title='bbox 1649 2162 1797 2203; x_wconf 90' lang='lat' dir='ltr'>tribus:</span> <span class='ocrx_word' id='word_1_382' title='bbox 1819 2167 1860 2203; x_wconf 91' lang='lat' dir='ltr'>et</span> <span class='ocrx_word' id='word_1_383' title='bbox 1878 2162 2028 2203; x_wconf 85' lang='lat' dir='ltr'>defere-</span> 
     </span>
     <span class='ocr_line' id='line_1_35' title="bbox 119 2222 1555 2277; baseline -0.006 -8"><span class='ocrx_word' id='word_1_384' title='bbox 119 2229 222 2270; x_wconf 88' lang='lat' dir='ltr'>bant</span> <span class='ocrx_word' id='word_1_385' title='bbox 250 2227 344 2268; x_wconf 91' lang='lat' dir='ltr'>inde</span> <span class='ocrx_word' id='word_1_386' title='bbox 374 2237 519 2266; x_wconf 90' lang='lat' dir='ltr'>aurum</span> <span class='ocrx_word' id='word_1_387' title='bbox 550 2229 591 2265; x_wconf 94' lang='lat' dir='ltr'>et</span> <span class='ocrx_word' id='word_1_388' title='bbox 620 2228 848 2277; x_wconf 87' lang='lat' dir='ltr'>argentum,</span> <span class='ocrx_word' id='word_1_389' title='bbox 881 2228 922 2263; x_wconf 91' lang='lat' dir='ltr'>et</span> <span class='ocrx_word' id='word_1_390' title='bbox 951 2223 1062 2271; x_wconf 82' lang='lat' dir='ltr'>ebur,</span> <span class='ocrx_word' id='word_1_391' title='bbox 1094 2227 1136 2262; x_wconf 89' lang='lat' dir='ltr'>et</span> <span class='ocrx_word' id='word_1_392' title='bbox 1165 2222 1313 2269; x_wconf 88' lang='lat' dir='ltr'>simias,</span> <span class='ocrx_word' id='word_1_393' title='bbox 1346 2227 1387 2262; x_wconf 90' lang='lat' dir='ltr'>et</span> <span class='ocrx_word' id='word_1_394' title='bbox 1416 2234 1555 2275; x_wconf 89' lang='lat' dir='ltr'>pavos.</span> 
     </span>
    </p>
   </div>
   <div class='ocr_carea' id='block_1_10' title="bbox 118 2291 2214 2576">
    <p class='ocr_par' dir='ltr' id='par_1_10' title="bbox 118 2291 2214 2576">
     <span class='ocr_line' id='line_1_36' title="bbox 223 2291 2214 2350; baseline -0.004 -12"><span class='ocrx_word' id='word_1_395' title='bbox 223 2299 255 2322; x_wconf 89' lang='grc'>22</span> <span class='ocrx_word' id='word_1_396' title='bbox 287 2295 573 2350; x_wconf 88' lang='lat' dir='ltr'>Magnificatus</span> <span class='ocrx_word' id='word_1_397' title='bbox 605 2298 667 2335; x_wconf 91' lang='lat' dir='ltr'>est</span> <span class='ocrx_word' id='word_1_398' title='bbox 697 2293 821 2347; x_wconf 88' lang='lat' dir='ltr'>igitur</span> <span class='ocrx_word' id='word_1_399' title='bbox 851 2292 1045 2334; x_wconf 91' lang='lat' dir='ltr'>Salomon</span> <span class='ocrx_word' id='word_1_400' title='bbox 1077 2305 1197 2346; x_wconf 88' lang='lat' dir='ltr'>super</span> <span class='ocrx_word' id='word_1_401' title='bbox 1228 2305 1368 2333; x_wconf 91' lang='lat' dir='ltr'>omnes</span> <span class='ocrx_word' id='word_1_402' title='bbox 1400 2304 1510 2345; x_wconf 86' lang='lat' dir='ltr'>reges</span> <span class='ocrx_word' id='word_1_403' title='bbox 1542 2296 1659 2332; x_wconf 80' lang='lat' dir='ltr'>terrae</span> <span class='ocrx_word' id='word_1_404' title='bbox 1690 2304 1772 2344; x_wconf 83' lang='lat' dir='ltr'>prae</span> <span class='ocrx_word' id='word_1_405' title='bbox 1803 2291 1957 2332; x_wconf 82' lang='lat' dir='ltr'>divitiis</span> <span class='ocrx_word' id='word_1_406' title='bbox 1989 2296 2029 2332; x_wconf 89' lang='lat' dir='ltr'>et</span> <span class='ocrx_word' id='word_1_407' title='bbox 2056 2296 2214 2350; x_wconf 43' lang='lat' dir='ltr'>rgnssntgffi-</span> 
     </span>
     <span class='ocr_line' id='line_1_37' title="bbox 118 2332 2202 2412; baseline -0.005 -14"><span class='ocrx_word' id='word_1_408' title='bbox 118 2357 256 2412; x_wconf 86' lang='lat' dir='ltr'>gloria.</span> <span class='ocrx_word' id='word_1_409' title='bbox 318 2357 352 2380; x_wconf 82' lang='lat'>2³</span> <span class='ocrx_word' id='word_1_410' title='bbox 385 2355 618 2407; x_wconf 88' lang='lat' dir='ltr'>Omnesque</span> <span class='ocrx_word' id='word_1_411' title='bbox 652 2365 764 2406; x_wconf 87' lang='lat' dir='ltr'>reges</span> <span class='ocrx_word' id='word_1_412' title='bbox 798 2358 999 2393; x_wconf 88' lang='lat' dir='ltr'>terrarum</span> <span class='ocrx_word' id='word_1_413' title='bbox 1034 2351 1323 2392; x_wconf 88' lang='lat' dir='ltr'>desiderabant</span> <span class='ocrx_word' id='word_1_414' title='bbox 1357 2351 1494 2391; x_wconf 90' lang='lat' dir='ltr'>videre</span> <span class='ocrx_word' id='word_1_415' title='bbox 1527 2350 1672 2391; x_wconf 84' lang='lat' dir='ltr'>faciem</span> <span class='ocrx_word' id='word_1_416' title='bbox 1707 2350 1945 2399; x_wconf 84' lang='lat' dir='ltr'>Salomonis,</span> <span class='ocrx_word' id='word_1_417' title='bbox 1982 2355 2029 2390; x_wconf 90' lang='lat' dir='ltr'>ut</span> <span class='ocrx_word' id='word_1_418' title='bbox 2086 2332 2202 2385; x_wconf 46' lang='lat' dir='ltr'>infles</span> 
     </span>
     <span class='ocr_line' id='line_1_38' title="bbox 120 2395 2189 2467; baseline -0.006 -10"><span class='ocrx_word' id='word_1_419' title='bbox 120 2416 310 2458; x_wconf 88' lang='lat' dir='ltr'>audirent</span> <span class='ocrx_word' id='word_1_420' title='bbox 328 2413 586 2467; x_wconf 85' lang='lat' dir='ltr'>sapientiam,</span> <span class='ocrx_word' id='word_1_421' title='bbox 609 2424 733 2465; x_wconf 89' lang='lat' dir='ltr'>quam</span> <span class='ocrx_word' id='word_1_422' title='bbox 753 2411 923 2452; x_wconf 85' lang='lat' dir='ltr'>dederat</span> <span class='ocrx_word' id='word_1_423' title='bbox 942 2411 1053 2451; x_wconf 89' lang='lat' dir='ltr'>Deus</span> <span class='ocrx_word' id='word_1_424' title='bbox 1071 2410 1113 2451; x_wconf 91' lang='lat' dir='ltr'>in</span> <span class='ocrx_word' id='word_1_425' title='bbox 1133 2410 1251 2451; x_wconf 89' lang='lat' dir='ltr'>corde</span> <span class='ocrx_word' id='word_1_426' title='bbox 1272 2409 1374 2450; x_wconf 88' lang='lat' dir='ltr'>eius:</span> <span class='ocrx_word' id='word_1_427' title='bbox 1422 2411 1454 2434; x_wconf 75' lang='lat'>²4</span> <span class='ocrx_word' id='word_1_428' title='bbox 1473 2414 1515 2450; x_wconf 93' lang='lat' dir='ltr'>et</span> <span class='ocrx_word' id='word_1_429' title='bbox 1534 2409 1773 2450; x_wconf 83' lang='lat' dir='ltr'>deferebant</span> <span class='ocrx_word' id='word_1_430' title='bbox 1792 2409 1827 2449; x_wconf 91' lang='lat' dir='ltr'>ei</span> <span class='ocrx_word' id='word_1_431' title='bbox 1846 2421 2026 2457; x_wconf 85' lang='lat' dir='ltr'>munera,</span> <span class='ocrx_word' id='word_1_432' title='bbox 2079 2395 2189 2425; x_wconf 60' lang='lat' dir='ltr'>‘&#39;¹³¹³‘a’</span> 
     </span>
     <span class='ocr_line' id='line_1_39' title="bbox 120 2467 2028 2527; baseline -0.004 -11"><span class='ocrx_word' id='word_1_433' title='bbox 120 2488 220 2516; x_wconf 90' lang='lat' dir='ltr'>vasa</span> <span class='ocrx_word' id='word_1_434' title='bbox 237 2478 441 2527; x_wconf 87' lang='lat' dir='ltr'>argentea,</span> <span class='ocrx_word' id='word_1_435' title='bbox 462 2476 503 2512; x_wconf 88' lang='lat' dir='ltr'>et</span> <span class='ocrx_word' id='word_1_436' title='bbox 521 2483 655 2515; x_wconf 83' lang='lat' dir='ltr'>aurea,</span> <span class='ocrx_word' id='word_1_437' title='bbox 676 2476 718 2511; x_wconf 89' lang='lat' dir='ltr'>et</span> <span class='ocrx_word' id='word_1_438' title='bbox 736 2475 881 2517; x_wconf 85' lang='lat' dir='ltr'>vestes,</span> <span class='ocrx_word' id='word_1_439' title='bbox 902 2474 943 2511; x_wconf 92' lang='lat' dir='ltr'>et</span> <span class='ocrx_word' id='word_1_440' title='bbox 961 2482 1086 2515; x_wconf 79' lang='lat' dir='ltr'>arma.</span> <span class='ocrx_word' id='word_1_441' title='bbox 1107 2474 1149 2510; x_wconf 89' lang='lat' dir='ltr'>et</span> <span class='ocrx_word' id='word_1_442' title='bbox 1167 2474 1365 2513; x_wconf 84' lang='lat' dir='ltr'>aromata.</span> <span class='ocrx_word' id='word_1_443' title='bbox 1386 2481 1522 2522; x_wconf 89' lang='lat' dir='ltr'>equos,</span> <span class='ocrx_word' id='word_1_444' title='bbox 1544 2473 1585 2509; x_wconf 91' lang='lat' dir='ltr'>et</span> <span class='ocrx_word' id='word_1_445' title='bbox 1602 2468 1745 2515; x_wconf 85' lang='lat' dir='ltr'>mulos,</span> <span class='ocrx_word' id='word_1_446' title='bbox 1765 2480 1836 2521; x_wconf 92' lang='lat' dir='ltr'>per</span> <span class='ocrx_word' id='word_1_447' title='bbox 1853 2467 2028 2521; x_wconf 86' lang='lat' dir='ltr'>singulos</span> 
     </span>
     <span class='ocr_line' id='line_1_40' title="bbox 120 2546 259 2576; baseline -0.014 0"><span class='ocrx_word' id='word_1_448' title='bbox 120 2546 259 2576; x_wconf 89' lang='lat' dir='ltr'>annos.</span> 
     </span>
    </p>
   </div>
   <div class='ocr_carea' id='block_1_11' title="bbox 120 2593 2235 2836">
    <p class='ocr_par' dir='ltr' id='par_1_11' title="bbox 120 2593 2235 2836">
     <span class='ocr_line' id='line_1_41' title="bbox 224 2593 2235 2659; baseline -0.004 -16"><span class='ocrx_word' id='word_1_449' title='bbox 224 2605 257 2629; x_wconf 84' lang='lat'>2⁵</span> <span class='ocrx_word' id='word_1_450' title='bbox 277 2601 436 2643; x_wconf 89' lang='lat' dir='ltr'>Habuit</span> <span class='ocrx_word' id='word_1_451' title='bbox 455 2613 618 2654; x_wconf 90' lang='lat' dir='ltr'>quoque</span> <span class='ocrx_word' id='word_1_452' title='bbox 636 2599 829 2641; x_wconf 88' lang='lat' dir='ltr'>Salomon</span> <span class='ocrx_word' id='word_1_453' title='bbox 848 2598 1123 2653; x_wconf 85' lang='lat' dir='ltr'>quadraginta</span> <span class='ocrx_word' id='word_1_454' title='bbox 1140 2597 1267 2639; x_wconf 82' lang='lat' dir='ltr'>millia</span> <span class='ocrx_word' id='word_1_455' title='bbox 1284 2610 1481 2652; x_wconf 90' lang='lat' dir='ltr'>equorum</span> <span class='ocrx_word' id='word_1_456' title='bbox 1500 2597 1542 2638; x_wconf 93' lang='lat' dir='ltr'>in</span> <span class='ocrx_word' id='word_1_457' title='bbox 1561 2596 1743 2645; x_wconf 89' lang='lat' dir='ltr'>stabulis,</span> <span class='ocrx_word' id='word_1_458' title='bbox 1765 2602 1805 2637; x_wconf 93' lang='lat' dir='ltr'>et</span> <span class='ocrx_word' id='word_1_459' title='bbox 1824 2609 2026 2644; x_wconf 90' lang='lat' dir='ltr'>curruum,</span> <span class='ocrx_word' id='word_1_460' title='bbox 2040 2593 2235 2659; x_wconf 51' lang='lat' dir='ltr'>⁰qg¹sjffgg¹¹³¹</span> 
     </span>
     <span class='ocr_line' id='line_1_42' title="bbox 121 2647 2196 2718; baseline -0.005 -13"><span class='ocrx_word' id='word_1_461' title='bbox 121 2663 388 2718; x_wconf 85' lang='lat' dir='ltr'>equitumque</span> <span class='ocrx_word' id='word_1_462' title='bbox 421 2658 636 2701; x_wconf 88' lang='lat' dir='ltr'>duodecim</span> <span class='ocrx_word' id='word_1_463' title='bbox 669 2657 806 2707; x_wconf 89' lang='lat' dir='ltr'>millia,</span> <span class='ocrx_word' id='word_1_464' title='bbox 843 2657 1140 2711; x_wconf 90' lang='lat' dir='ltr'>constituitque</span> <span class='ocrx_word' id='word_1_465' title='bbox 1173 2670 1241 2698; x_wconf 90' lang='lat' dir='ltr'>eos</span> <span class='ocrx_word' id='word_1_466' title='bbox 1273 2656 1314 2697; x_wconf 94' lang='lat' dir='ltr'>in</span> <span class='ocrx_word' id='word_1_467' title='bbox 1347 2656 1517 2697; x_wconf 90' lang='lat' dir='ltr'>urbibus</span> <span class='ocrx_word' id='word_1_468' title='bbox 1550 2655 1850 2709; x_wconf 88' lang='lat' dir='ltr'>quadrigarum,</span> <span class='ocrx_word' id='word_1_469' title='bbox 1887 2659 1927 2695; x_wconf 92' lang='lat' dir='ltr'>et</span> <span class='ocrx_word' id='word_1_470' title='bbox 1959 2654 2029 2695; x_wconf 91' lang='lat' dir='ltr'>ubi</span> <span class='ocrx_word' id='word_1_471' title='bbox 2190 2647 2196 2657; x_wconf 77' lang='grc'>’</span> 
     </span>
     <span class='ocr_line' id='line_1_43' title="bbox 121 2713 2029 2770; baseline -0.006 -5"><span class='ocrx_word' id='word_1_472' title='bbox 121 2727 209 2765; x_wconf 88' lang='grc'><strong>6161</strong></span> <span class='ocrx_word' id='word_1_473' title='bbox 228 2734 299 2763; x_wconf 87' lang='lat' dir='ltr'>rex</span> <span class='ocrx_word' id='word_1_474' title='bbox 318 2720 361 2761; x_wconf 90' lang='lat' dir='ltr'>in</span> <span class='ocrx_word' id='word_1_475' title='bbox 384 2717 615 2760; x_wconf 89' lang='lat' dir='ltr'>Ierusalem.</span> <span class='ocrx_word' id='word_1_476' title='bbox 665 2719 701 2742; x_wconf 79' lang='lat'>2⁶</span> <span class='ocrx_word' id='word_1_477' title='bbox 721 2717 917 2758; x_wconf 86' lang='lat' dir='ltr'>Exercuit</span> <span class='ocrx_word' id='word_1_478' title='bbox 938 2716 1062 2757; x_wconf 90' lang='lat' dir='ltr'>etiam</span> <span class='ocrx_word' id='word_1_479' title='bbox 1083 2721 1334 2770; x_wconf 90' lang='lat' dir='ltr'>potestatem</span> <span class='ocrx_word' id='word_1_480' title='bbox 1356 2728 1477 2769; x_wconf 90' lang='lat' dir='ltr'>super</span> <span class='ocrx_word' id='word_1_481' title='bbox 1497 2720 1664 2756; x_wconf 89' lang='lat' dir='ltr'>cunctos</span> <span class='ocrx_word' id='word_1_482' title='bbox 1686 2727 1795 2767; x_wconf 88' lang='lat' dir='ltr'>reges</span> <span class='ocrx_word' id='word_1_483' title='bbox 1817 2726 1842 2754; x_wconf 90' lang='lat' dir='ltr'>a</span> <span class='ocrx_word' id='word_1_484' title='bbox 1863 2713 2029 2754; x_wconf 90' lang='lat' dir='ltr'>flumine</span> 
     </span>
     <span class='ocr_line' id='line_1_44' title="bbox 120 2772 1869 2836; baseline -0.006 -13"><span class='ocrx_word' id='word_1_485' title='bbox 120 2781 333 2836; x_wconf 81' lang='lat' dir='ltr'>Euphrate</span> <span class='ocrx_word' id='word_1_486' title='bbox 361 2790 489 2831; x_wconf 92' lang='lat' dir='ltr'>usque</span> <span class='ocrx_word' id='word_1_487' title='bbox 519 2777 572 2818; x_wconf 91' lang='lat' dir='ltr'>ad</span> <span class='ocrx_word' id='word_1_488' title='bbox 599 2782 750 2817; x_wconf 91' lang='lat' dir='ltr'>terram</span> <span class='ocrx_word' id='word_1_489' title='bbox 779 2775 1130 2823; x_wconf 89' lang='lat' dir='ltr'>Philisthinorum,</span> <span class='ocrx_word' id='word_1_490' title='bbox 1161 2779 1203 2816; x_wconf 89' lang='grc'>61</span> <span class='ocrx_word' id='word_1_491' title='bbox 1230 2787 1358 2828; x_wconf 90' lang='lat' dir='ltr'>usque</span> <span class='ocrx_word' id='word_1_492' title='bbox 1388 2774 1439 2815; x_wconf 90' lang='lat' dir='ltr'>ad</span> <span class='ocrx_word' id='word_1_493' title='bbox 1468 2773 1662 2815; x_wconf 89' lang='lat' dir='ltr'>terminos</span> <span class='ocrx_word' id='word_1_494' title='bbox 1690 2772 1869 2826; x_wconf 84' lang='lat' dir='ltr'>AEgypti.</span> 
     </span>
    </p>
   </div>
   <div class='ocr_carea' id='block_1_12' title="bbox 122 2842 2167 2995">
    <p class='ocr_par' dir='ltr' id='par_1_12' title="bbox 122 2842 2167 2995">
     <span class='ocr_line' id='line_1_45' title="bbox 224 2842 2029 2902; baseline -0.004 -12"><span class='ocrx_word' id='word_1_495' title='bbox 224 2852 259 2876; x_wconf 82' lang='lat'>2⁷</span> <span class='ocrx_word' id='word_1_496' title='bbox 277 2850 537 2902; x_wconf 89' lang='lat' dir='ltr'>Tantamque</span> <span class='ocrx_word' id='word_1_497' title='bbox 556 2847 715 2901; x_wconf 88' lang='lat' dir='ltr'>copiam</span> <span class='ocrx_word' id='word_1_498' title='bbox 733 2846 909 2900; x_wconf 83' lang='lat' dir='ltr'>praebuit</span> <span class='ocrx_word' id='word_1_499' title='bbox 928 2845 1085 2899; x_wconf 88' lang='lat' dir='ltr'>argenti</span> <span class='ocrx_word' id='word_1_500' title='bbox 1102 2845 1145 2886; x_wconf 89' lang='lat' dir='ltr'>in</span> <span class='ocrx_word' id='word_1_501' title='bbox 1165 2844 1383 2886; x_wconf 90' lang='lat' dir='ltr'>Ierusalem</span> <span class='ocrx_word' id='word_1_502' title='bbox 1404 2844 1520 2898; x_wconf 89' lang='lat' dir='ltr'>quasi</span> <span class='ocrx_word' id='word_1_503' title='bbox 1537 2843 1738 2896; x_wconf 89' lang='lat' dir='ltr'>lapidum:</span> <span class='ocrx_word' id='word_1_504' title='bbox 1759 2848 1805 2883; x_wconf 86' lang='lat' dir='ltr'>et</span> <span class='ocrx_word' id='word_1_505' title='bbox 1819 2842 2029 2883; x_wconf 88' lang='lat' dir='ltr'>cedrorum</span> 
     </span>
     <span class='ocr_line' id='line_1_46' title="bbox 122 2901 1870 2958; baseline -0.006 -7"><span class='ocrx_word' id='word_1_506' title='bbox 122 2915 284 2952; x_wconf 85' lang='lat' dir='ltr'>tantam</span> <span class='ocrx_word' id='word_1_507' title='bbox 309 2906 619 2948; x_wconf 89' lang='lat' dir='ltr'>multitudinem</span> <span class='ocrx_word' id='word_1_508' title='bbox 645 2905 760 2946; x_wconf 88' lang='lat' dir='ltr'>velut</span> <span class='ocrx_word' id='word_1_509' title='bbox 785 2917 1103 2958; x_wconf 81' lang='lat' dir='ltr'>sycomororum,</span> <span class='ocrx_word' id='word_1_510' title='bbox 1133 2917 1223 2958; x_wconf 83' lang='lat' dir='ltr'>quae</span> <span class='ocrx_word' id='word_1_511' title='bbox 1247 2904 1471 2958; x_wconf 85' lang='lat' dir='ltr'>gignuntur</span> <span class='ocrx_word' id='word_1_512' title='bbox 1496 2903 1536 2942; x_wconf 94' lang='lat' dir='ltr'>in</span> <span class='ocrx_word' id='word_1_513' title='bbox 1563 2901 1870 2955; x_wconf 89' lang='lat' dir='ltr'>campestribus.</span> 
     </span>
     <span class='ocr_line' id='line_1_47' title="bbox 2102 2965 2167 2995; baseline -0.015 -6"><span class='ocrx_word' id='word_1_514' title='bbox 2102 2965 2167 2995; x_wconf 85' lang='lat' dir='ltr'>equi</span> 
     </span>
    </p>
   </div>
   <div class='ocr_carea' id='block_1_13' title="bbox 224 2972 2216 3030">
    <p class='ocr_par' dir='ltr' id='par_1_13' title="bbox 224 2972 2216 3030">
     <span class='ocr_line' id='line_1_48' title="bbox 224 2972 2216 3030; baseline -0.004 -12"><span class='ocrx_word' id='word_1_515' title='bbox 224 2979 259 3002; x_wconf 75' lang='lat'>2⁸</span> <span class='ocrx_word' id='word_1_516' title='bbox 283 2977 608 3018; x_wconf 88' lang='lat' dir='ltr'>Adducebantur</span> <span class='ocrx_word' id='word_1_517' title='bbox 631 2981 771 3017; x_wconf 90' lang='lat' dir='ltr'>autem</span> <span class='ocrx_word' id='word_1_518' title='bbox 795 2975 830 3016; x_wconf 91' lang='lat' dir='ltr'>ei</span> <span class='ocrx_word' id='word_1_519' title='bbox 854 2975 947 3029; x_wconf 89' lang='lat' dir='ltr'>equi</span> <span class='ocrx_word' id='word_1_520' title='bbox 972 2975 1021 3016; x_wconf 91' lang='lat' dir='ltr'>de</span> <span class='ocrx_word' id='word_1_521' title='bbox 1046 2974 1239 3029; x_wconf 85' lang='lat' dir='ltr'>AEgypto‚</span> <span class='ocrx_word' id='word_1_522' title='bbox 1266 2973 1504 3027; x_wconf 91' lang='lat' dir='ltr'>cunctisque</span> <span class='ocrx_word' id='word_1_523' title='bbox 1528 2972 1769 3026; x_wconf 85' lang='lat' dir='ltr'>regionibus.</span> <span class='ocrx_word' id='word_1_524' title='bbox 2053 3000 2216 3030; x_wconf 48' lang='lat' dir='ltr'>imponam</span> 
     </span>
    </p>
   </div>
   <div class='ocr_carea' id='block_1_14' title="bbox 120 3041 2223 3336">
    <p class='ocr_par' dir='ltr' id='par_1_14' title="bbox 120 3041 2223 3336">
     <span class='ocr_line' id='line_1_49' title="bbox 225 3041 2215 3101; baseline -0.005 -13"><span class='ocrx_word' id='word_1_525' title='bbox 225 3049 260 3072; x_wconf 81' lang='lat'>²⁹</span> <span class='ocrx_word' id='word_1_526' title='bbox 291 3047 466 3101; x_wconf 86' lang='lat' dir='ltr'>Reliqua</span> <span class='ocrx_word' id='word_1_527' title='bbox 496 3051 635 3087; x_wconf 88' lang='lat' dir='ltr'>autem</span> <span class='ocrx_word' id='word_1_528' title='bbox 666 3058 834 3099; x_wconf 91' lang='lat' dir='ltr'>operum</span> <span class='ocrx_word' id='word_1_529' title='bbox 864 3044 1093 3087; x_wconf 91' lang='lat' dir='ltr'>Salomonis</span> <span class='ocrx_word' id='word_1_530' title='bbox 1124 3044 1304 3098; x_wconf 90' lang='lat' dir='ltr'>priorum</span> <span class='ocrx_word' id='word_1_531' title='bbox 1335 3048 1376 3084; x_wconf 91' lang='lat' dir='ltr'>et</span> <span class='ocrx_word' id='word_1_532' title='bbox 1406 3042 1719 3084; x_wconf 88' lang='lat' dir='ltr'>novissimorum</span> <span class='ocrx_word' id='word_1_533' title='bbox 1751 3041 1903 3095; x_wconf 87' lang='lat' dir='ltr'>scripta</span> <span class='ocrx_word' id='word_1_534' title='bbox 1932 3045 2028 3081; x_wconf 88' lang='lat' dir='ltr'>sunt</span> <span class='ocrx_word' id='word_1_535' title='bbox 2054 3046 2163 3087; x_wconf 61' lang='lat' dir='ltr'>reliqua</span> <span class='ocrx_word' id='word_1_536' title='bbox 2186 3047 2215 3071; x_wconf 83' lang='lat' dir='ltr'>in</span> 
     </span>
     <span class='ocr_line' id='line_1_50' title="bbox 120 3082 2223 3158; baseline -0.002 -11"><span class='ocrx_word' id='word_1_537' title='bbox 120 3106 161 3147; x_wconf 93' lang='lat' dir='ltr'>in</span> <span class='ocrx_word' id='word_1_538' title='bbox 191 3107 325 3147; x_wconf 87' lang='lat' dir='ltr'>verbis</span> <span class='ocrx_word' id='word_1_539' title='bbox 355 3105 524 3147; x_wconf 88' lang='lat' dir='ltr'>Nathan</span> <span class='ocrx_word' id='word_1_540' title='bbox 553 3104 780 3158; x_wconf 86' lang='lat' dir='ltr'>Prophetae,</span> <span class='ocrx_word' id='word_1_541' title='bbox 813 3108 855 3145; x_wconf 90' lang='lat' dir='ltr'>et</span> <span class='ocrx_word' id='word_1_542' title='bbox 883 3103 925 3144; x_wconf 92' lang='lat' dir='ltr'>in</span> <span class='ocrx_word' id='word_1_543' title='bbox 953 3103 1065 3144; x_wconf 88' lang='lat' dir='ltr'>libris</span> <span class='ocrx_word' id='word_1_544' title='bbox 1095 3103 1209 3144; x_wconf 85' lang='lat' dir='ltr'>Ahiae</span> <span class='ocrx_word' id='word_1_545' title='bbox 1239 3102 1430 3149; x_wconf 86' lang='lat' dir='ltr'>Silonitis,</span> <span class='ocrx_word' id='word_1_546' title='bbox 1462 3101 1504 3141; x_wconf 92' lang='lat' dir='ltr'>in</span> <span class='ocrx_word' id='word_1_547' title='bbox 1533 3100 1687 3141; x_wconf 90' lang='lat' dir='ltr'>visione</span> <span class='ocrx_word' id='word_1_548' title='bbox 1719 3112 1880 3154; x_wconf 91' lang='lat' dir='ltr'>quoque</span> <span class='ocrx_word' id='word_1_549' title='bbox 1910 3099 2027 3140; x_wconf 90' lang='lat' dir='ltr'>Addo</span> <span class='ocrx_word' id='word_1_550' title='bbox 2042 3082 2223 3145; x_wconf 46' lang='lat' dir='ltr'>&amp;3335ss</span> 
     </span>
     <span class='ocr_line' id='line_1_51' title="bbox 121 3152 2179 3215; baseline -0.005 -9"><span class='ocrx_word' id='word_1_551' title='bbox 121 3165 319 3214; x_wconf 86' lang='lat' dir='ltr'>Videntis,</span> <span class='ocrx_word' id='word_1_552' title='bbox 342 3169 487 3206; x_wconf 86' lang='lat' dir='ltr'>contra</span> <span class='ocrx_word' id='word_1_553' title='bbox 508 3163 720 3204; x_wconf 87' lang='lat' dir='ltr'>Ieroboam</span> <span class='ocrx_word' id='word_1_554' title='bbox 741 3163 869 3203; x_wconf 88' lang='lat' dir='ltr'>fflium</span> <span class='ocrx_word' id='word_1_555' title='bbox 892 3163 1042 3204; x_wconf 85' lang='lat' dir='ltr'>Nabat.</span> <span class='ocrx_word' id='word_1_556' title='bbox 1092 3164 1129 3187; x_wconf 81' lang='lat'>3⁰</span> <span class='ocrx_word' id='word_1_557' title='bbox 1149 3161 1355 3215; x_wconf 84' lang='lat' dir='ltr'>Regnavit</span> <span class='ocrx_word' id='word_1_558' title='bbox 1376 3165 1514 3201; x_wconf 89' lang='lat' dir='ltr'>autem</span> <span class='ocrx_word' id='word_1_559' title='bbox 1535 3158 1727 3201; x_wconf 90' lang='lat' dir='ltr'>Salomon</span> <span class='ocrx_word' id='word_1_560' title='bbox 1747 3159 1788 3199; x_wconf 91' lang='lat' dir='ltr'>in</span> <span class='ocrx_word' id='word_1_561' title='bbox 1812 3157 2028 3199; x_wconf 89' lang='lat' dir='ltr'>Ierusalem</span> <span class='ocrx_word' id='word_1_562' title='bbox 2088 3152 2179 3177; x_wconf 40' lang='grc' dir='ltr'>ΜΦ)</span> 
     </span>
     <span class='ocr_line' id='line_1_52' title="bbox 121 3217 2029 3277; baseline -0.004 -13"><span class='ocrx_word' id='word_1_563' title='bbox 121 3237 241 3277; x_wconf 89' lang='lat' dir='ltr'>super</span> <span class='ocrx_word' id='word_1_564' title='bbox 274 3236 436 3265; x_wconf 90' lang='lat' dir='ltr'>omnem</span> <span class='ocrx_word' id='word_1_565' title='bbox 472 3221 597 3264; x_wconf 88' lang='lat' dir='ltr'>Israel</span> <span class='ocrx_word' id='word_1_566' title='bbox 631 3222 904 3275; x_wconf 87' lang='lat' dir='ltr'>quadraginta</span> <span class='ocrx_word' id='word_1_567' title='bbox 937 3221 1064 3262; x_wconf 88' lang='lat' dir='ltr'>annis.</span> <span class='ocrx_word' id='word_1_568' title='bbox 1127 3223 1159 3246; x_wconf 82' lang='lat'>3¹</span> <span class='ocrx_word' id='word_1_569' title='bbox 1192 3219 1480 3272; x_wconf 88' lang='lat' dir='ltr'>Dormivitque</span> <span class='ocrx_word' id='word_1_570' title='bbox 1514 3231 1607 3259; x_wconf 91' lang='lat' dir='ltr'>cum</span> <span class='ocrx_word' id='word_1_571' title='bbox 1640 3218 1825 3271; x_wconf 86' lang='lat' dir='ltr'>patribus</span> <span class='ocrx_word' id='word_1_572' title='bbox 1859 3217 1952 3265; x_wconf 83' lang='lat' dir='ltr'>suis,</span> <span class='ocrx_word' id='word_1_573' title='bbox 1988 3220 2029 3257; x_wconf 88' lang='lat' dir='ltr'>et</span> 
     </span>
     <span class='ocr_line' id='line_1_53' title="bbox 122 3276 1894 3336; baseline -0.004 -13"><span class='ocrx_word' id='word_1_574' title='bbox 122 3282 367 3336; x_wconf 88' lang='lat' dir='ltr'>sepelierunt</span> <span class='ocrx_word' id='word_1_575' title='bbox 394 3295 488 3323; x_wconf 86' lang='grc'><strong>611111</strong></span> <span class='ocrx_word' id='word_1_576' title='bbox 515 3281 557 3321; x_wconf 87' lang='grc'>111</span> <span class='ocrx_word' id='word_1_577' title='bbox 586 3280 763 3322; x_wconf 87' lang='lat' dir='ltr'>Civitate</span> <span class='ocrx_word' id='word_1_578' title='bbox 792 3279 947 3321; x_wconf 87' lang='lat' dir='ltr'>David:</span> <span class='ocrx_word' id='word_1_579' title='bbox 977 3280 1245 3334; x_wconf 86' lang='lat' dir='ltr'>regnavitque</span> <span class='ocrx_word' id='word_1_580' title='bbox 1275 3277 1462 3319; x_wconf 88' lang='lat' dir='ltr'>Roboam</span> <span class='ocrx_word' id='word_1_581' title='bbox 1491 3276 1597 3318; x_wconf 82' lang='lat' dir='ltr'>filius</span> <span class='ocrx_word' id='word_1_582' title='bbox 1624 3277 1708 3317; x_wconf 92' lang='lat' dir='ltr'>eius</span> <span class='ocrx_word' id='word_1_583' title='bbox 1736 3289 1808 3329; x_wconf 92' lang='lat' dir='ltr'>pro</span> <span class='ocrx_word' id='word_1_584' title='bbox 1837 3288 1894 3316; x_wconf 92' lang='grc' dir='ltr'>6ο.</span> 
     </span>
    </p>
   </div>
   <div class='ocr_carea' id='block_1_15' title="bbox 2059 2836 2210 2901">
    <p class='ocr_par' dir='ltr' id='par_1_15' title="bbox 2059 2836 2210 2901">
     <span class='ocr_line' id='line_1_54' title="bbox 2059 2836 2210 2867; baseline -0.013 -6"><span class='ocrx_word' id='word_1_585' title='bbox 2059 2836 2210 2867; x_wconf 79' lang='lat' dir='ltr'>argentum</span> 
     </span>
     <span class='ocr_line' id='line_1_55' title="bbox 2066 2871 2203 2901; baseline -0.007 -5"><span class='ocrx_word' id='word_1_586' title='bbox 2066 2872 2096 2896; x_wconf 79' lang='lat' dir='ltr'>et</span> <span class='ocrx_word' id='word_1_587' title='bbox 2117 2871 2203 2901; x_wconf 88' lang='lat' dir='ltr'>cedri,</span> 
     </span>
    </p>
   </div>
  </div>
 </body>
</html>
