2356 3760
113 104 143 143 (5,
168 102 288 143 39—7,
315 101 356 134 22
862 97 1267 131 PARALIPOMENON
1932 105 2007 145 373

114 202 154 237 et
184 195 306 243 urbis,
345 207 467 248 quam
499 192 664 246 elegisti,
702 196 742 231 et
771 191 928 237 (10111118,
966 203 1089 244 quam
1124 191 1321 231 aedificavi
1351 191 1501 232 nomini
1532 195 1622 231 tuo:
1674 195 1709 217 3⁹
1738 199 1782 234 tu
1820 197 2008 238 exaudies

114 256 162 296 de
192 253 300 302 caelo,
337 254 413 294 hoc
444 258 516 300 est,
556 251 605 291 de
636 250 751 289 firmo
781 248 1015 290 habitaculo
1046 253 1117 289 tuo
1147 262 1284 301 preces
1313 262 1463 295 eorum,
1504 254 1543 289 et
1573 250 1695 290 facias
1726 252 1927 298 iudicium,
1969 261 2010 296 et

115 313 300 354 dimittas
337 310 488 366 populo
521 314 605 355 tuo,
650 307 837 360 quamvis
876 307 1098 360 peccatori:
1158 309 1194 331 ‘¹⁰
1226 312 1271 348 tu
1304 320 1344 348 es
1376 307 1482 348 enim
1515 308 1624 348 Deus
1658 322 1787 349 meus:
1830 313 2009 363 aperian-

114 377 193 421 tur,
230 384 376 426 quaeso,
421 366 525 409 oculi
560 366 634 413 tui,
672 370 713 406 et
750 378 866 406 aures
902 370 983 405 tuae
1010 365 1179 405 intentae
1207 366 1287 406 sint
1315 367 1366 406 ad
1394 366 1631 412 orationem,
1670 380 1758 420 quae
1786 369 1832 408 fit
1859 370 1898 408 in
1927 370 2009 411 loco

116 431 205 472 isto.
262 432 294 455 41
323 429 440 469 Nunc
467 425 591 479 igitur
624 437 837 477 aconsurge
860 424 1035 465 Domine
1057 424 1168 464 Deus
1197 424 1237 464 111
1267 425 1446 477 requiem
1476 429 1602 471 tuam,
1635 430 1679 465 tu
1710 431 1750 466 et
1779 439 1872 467 arca
1900 428 2011 468 forti-

116 489 268 530 tudinis
313 491 412 526 1111οῑ
463 484 701 525 Sacerdotes
745 483 804 523 tui
842 482 1017 523 Domine
1057 482 1167 522 Deus
1212 482 1436 523 induantur
1471 483 1656 527 salutem,
1701 489 1741 524 et
1785 486 1914 525 sancti
1954 486 2013 526 tui

114 548 303 589 laetentur
332 545 372 585 111
405 543 532 584 bonis.
591 544 623 566 42
655 542 829 582 Domine
859 542 970 581 Deus
1008 554 1057 581 ne
1095 541 1290 581 averteris
1328 542 1471 582 faciem
1511 541 1648 582 christi
1687 543 1764 583 tui:
1809 549 2012 585 memento

115 604 481 646 misericordiarum
512 601 650 642 David
679 600 783 640 servi
814 600 885 641 tui.

221 663 256 706 7.
312 665 326 686 1
356 662 538 713 Cumque
572 659 832 712 bcomplesset
860 657 1051 699 Salomon
1080 658 1254 699 fundens
1283 671 1431 711 preces,
1463 658 1564 712 ignis
1593 659 1799 700 descendit
1830 661 1877 701 de
1907 660 2012 709 caelo,
2074 665 2175 709 ignaui

114 727 154 763 et
179 721 393 763 devoravit
418 719 658 760 holocausta
682 723 722 758 et
747 718 953 758 victimas:
981 723 1021 757 et
1045 717 1238 757 maiestas
1261 717 1427 757 Domini
1451 716 1637 770 implevit
1662 717 1840 759 domum.
1893 721 1907 742 '2
1934 719 2015 759 Nec
2035 699 2205 760 (1339οεῖ33111-

114 785 307 835 poterant
332 778 561 820 sacerdotes
586 777 741 830 ingredi
766 775 965 829 templum
991 776 1169 819 Domini,
1197 788 1242 816 eo
1271 775 1379 829 quod
1405 775 1610 828 implesset
1635 776 1825 816 maiestas
1850 777 2015 817 Domini
2035 771 2095 795 “²¹¹¹
2116 771 2205 799 πώ

115 839 314 892 templum
344 837 522 878 Domini.
581 838 596 860 ²³
626 836 704 876 Sed
735 841 775 876 et
806 848 944 876 01111108
975 834 1043 874 filii
1077 834 1199 875 Israel
1229 834 1427 875 videbant
1457 834 1768 874 descendentem
1800 835 1944 885 ignem,
1977 840 2017 875 et

113 898 284 951 gloriam
311 896 478 937 Domini
506 907 625 948 super
653 895 839 935 domum:
870 898 910 934 et
938 899 1171 935 corruentes
1198 893 1314 947 proni
1343 893 1382 933 111
1411 898 1561 933 terram
1589 906 1708 947 super
1735 893 2017 946 pavimentum

114 961 290 997 stratum
316 955 461 1008 lapide,
488 954 775 997 adoraverunt,
802 957 842 993 et
865 952 1140 993 laudaverunt
1162 952 1404 993 Dominum:
1431 952 1632 1000 Quoniam
1658 952 1798 998 bonus,
1827 952 2018 1005 quoniam

114 1016 154 1056 111
180 1014 372 1056 saeculum
398 1013 673 1053 misericordia
698 1012 793 1052 eius.
848 1013 863 1036 4
890 1012 978 1052 Rex
1005 1016 1155 1057 autem,
1185 1016 1226 1052 et
1251 1011 1381 1052 01111118
1406 1010 1580 1063 populus
1606 1010 1876 1051 immolabant
1902 1011 2018 1051 victi-

114 1087 201 1115 mas
231 1086 366 1115 coram
396 1072 585 1113 Domino.

217 1134 233 1157 5
258 1131 476 1172 CMactavit
492 1130 615 1184 igitur
632 1143 702 1170 rex
720 1129 911 1170 Salomon
930 1129 1095 1175 hostias,
1116 1129 1240 1169 boum
1259 1128 1487 1181 vigintiduo
1506 1127 1642 1175 millia,
1663 1128 1834 1168 arietum
1854 1133 2017 1169 centum
2052 1131 2194 1161 imm0¹³t›

115 1191 261 1245 viginti
288 1190 432 1231 millia:
464 1194 505 1230 et
533 1189 740 1230 dedicavit
769 1188 937 1229 domum
965 1188 1041 1228 Dei
1070 1200 1151 1235 rex,
1184 1192 1224 1228 et
1252 1187 1463 1227 universus
1492 1186 1677 1239 populus.
1739 1188 1753 1209 ⁶
1781 1187 2018 1228 Sacerdotes

115 1256 254 1291 autem
281 1250 451 1290 stabant
478 1248 518 1288 in
547 1248 687 1288 officiis
716 1248 815 1288 suis:
845 1252 886 1288 et
912 1247 1067 1287 Levitae
1093 1246 1133 1286 in
1162 1245 1321 1298 organis
1349 1245 1574 1285 carminum
1601 1245 1778 1293 Domini,
1809 1258 1898 1298 (111εο
1924 1246 2020 1286 fecit

114 1309 252 1350 David
289 1322 359 1349 rex
397 1308 449 1348 ad
486 1307 739 1347 laudandum
777 1306 1019 1347 Dominum:
1060 1304 1262 1352 Quoniam
1299 1304 1340 1344 in
1378 1309 1575 1344 {eternum
1613 1303 1885 1344 misericordia
1922 1304 2017 1352 eius,

114 1368 288 1421 hymnos
319 1366 457 1407 David
488 1370 678 1406 canentes
711 1377 781 1417 per
810 1377 957 1404 manus
987 1376 1098 1404 suas:
1131 1376 1250 1416 porro
1282 1362 1520 1403 Sacerdotes
1551 1363 1755 1403 canebant
1785 1363 1894 1403 tubis
1926 1367 2021 1403 ante

115 1440 193 1475 eos,
221 1430 473 1477 cunctusque
500 1422 623 1463 Israel
647 1423 798 1463 stabat.
855 1423 869 1445 ⁷
894 1421 1177 1463 Sanctificavit
1202 1434 1363 1475 quoque
1388 1420 1579 1462 Salomon
1604 1421 1783 1462 medium
1809 1421 1901 1461 atrii
1926 1427 2021 1461 ante

116 1484 315 1538 templum
337 1482 521 1524 Domini:
547 1480 752 1522 obtulerat
777 1480 883 1521 enim
906 1481 961 1521 ibi
984 1480 1224 1521 holocausta
1247 1485 1287 1521 et
1310 1480 1448 1533 adipes
1471 1480 1750 1534 pacificorum:
1777 1480 1872 1533 quia
1894 1479 2021 1520 altare

115 1556 284 1592 aeneum,
323 1542 432 1595 quod
467 1542 630 1589 fecerat,
668 1553 749 1582 non
784 1544 948 1593 poterat
983 1539 1180 1580 sustinere
1215 1538 1454 1580 holocausta
1489 1543 1530 1579 et
1564 1539 1759 1579 sacrificia
1793 1544 1833 1579 et
1868 1538 2018 1592 adipes.

223 1603 238 1625 8
263 1601 377 1641 Fecit
404 1613 496 1653 ergo
524 1599 716 1641 Salomon
744 1598 1060 1640 sollemnitatem
1088 1598 1127 1638 in
1154 1603 1337 1652 tempore
1365 1597 1432 1639 illo
1458 1602 1613 1651 septem
1641 1598 1793 1645 diebus,
1823 1603 1862 1638 et
1891 1597 2020 1638 omnis
2037 1598 2203 1657 diffcssva

118 1660 240 1702 Israel
257 1673 349 1701 cum
367 1672 424 1705 00,
445 1658 611 1699 ecclesia
626 1671 776 1711 magna
792 1657 923 1704 valde,
943 1658 994 1698 ab
1011 1657 1182 1698 introitu
1200 1656 1354 1697 Emath
1371 1670 1498 1710 usque
1515 1657 1567 1697 ad
1584 1657 1820 1698 Torrentem
1838 1656 2016 1710 AEgypti.
2056 1639 2196 1696 {3333}

119 1722 134 1745 ⁹
159 1719 355 1772 Fecitque
382 1718 445 1759 (110
472 1722 619 1759 octavo
647 1717 871 1766 collectam,
900 1730 945 1758 eo
974 1716 1083 1770 quod
1109 1716 1336 1757 dedicasset
1362 1715 1489 1756 altare
1515 1719 1670 1769 septem
1698 1715 1851 1765 diebus,
1880 1720 1920 1756 et
1946 1714 2021 1755 sol-

116 1778 371 1819 lemnitatem
407 1776 648 1818 celebrasset
682 1776 824 1817 diebus
857 1780 1025 1830 septem.
1089 1777 1124 1799 1⁰
1159 1775 1288 1828 Igitur
1321 1774 1361 1815 in
1395 1775 1458 1815 die
1492 1774 1685 1828 vigesimo
1720 1774 1839 1815 tertio
1874 1773 2021 1814 mensis

117 1837 279 1891 septimi
303 1836 457 1878 dimisit
480 1835 652 1889 populos
677 1835 729 1876 ad
754 1834 1018 1876 tabernacula
1041 1848 1125 1883 sua,
1151 1834 1338 1875 laetantes
1363 1838 1486 1887 atque
1509 1833 1733 1886 gaudentes
1757 1845 1876 1886 super
1900 1833 2018 1879 110110,

118 1897 227 1950 quod
253 1896 404 1936 fecerat
430 1895 632 1935 Dominus
657 1894 821 1939 Davidi,
850 1898 891 1934 et
917 1893 1135 1941 Salomoni,
1165 1899 1205 1933 et
1233 1892 1369 1933 Israeli
1396 1891 1545 1946 populo
1571 1905 1656 1933 suo.

222 1957 252 1979 ¹¹
287 1953 618 2007 dComplevitque
648 1952 841 1993 Salomon
871 1952 1039 1993 domum
1069 1952 1246 2000 Domini,
1280 1956 1321 1992 et
1351 1951 1517 1992 domum
1548 1950 1662 2004 regis,
1695 1955 1736 1991 01
1767 1950 1903 1991 omnia
1933 1963 2022 2003 quae
2058 1947 2198 2008 ῑζξθᾞζξῐῑῗ

118 2014 374 2067 disposuerat
392 2012 433 2052 in
453 2012 572 2052 corde
591 2024 675 2059 suo,
698 2016 744 2051 ut
762 2011 914 2052 faceret
934 2011 974 2051 in
994 2011 1115 2051 domo
1134 2010 1312 2057 Domini,
1335 2015 1375 2050 et
1394 2010 1435 2050 in
1455 2010 1574 2051 domo
1596 2022 1679 2057 sua,
1702 2013 1743 2049 et
1762 2012 2022 2062 prosperatus
2054 2017 2200 2044 Salomoni

118 2076 190 2113 est.
242 2073 274 2095 ¹²
295 2070 500 2124 Apparuit
524 2075 662 2110 autem
686 2070 721 2110 ei
742 2069 943 2110 Dominus
966 2074 1097 2116 nocte,
1123 2074 1164 2109 et
1187 2069 1262 2109 ait:
1287 2068 1437 2109 Audivi
1461 2068 1685 2109 orationem
1709 2072 1836 2116 tuam,
1862 2073 1902 2109 et
1924 2067 2022 2120 elegi
2061 2054 2192 2084 apparet.

118 2131 251 2172 locum
271 2130 396 2171 istum
417 2128 516 2170 mihi
536 2129 577 2169 in
598 2129 766 2170 domum
788 2128 982 2170 sacrificii.
1032 2130 1064 2153 ¹³
1084 2128 1125 2169 Si
1146 2127 1324 2168 clausero
1346 2127 1499 2173 caelum,
1523 2132 1563 2168 et
1582 2127 1723 2181 pluvia
1742 2139 1823 2168 non
1846 2126 2020 2175 fluxerit,

118 2195 159 2231 et
184 2189 434 2230 mandavero
461 2193 502 2229 et
526 2200 754 2241 praecepero
779 2187 958 2232 locustae,
986 2191 1033 2228 ut
1059 2187 1228 2227 devoret
1254 2192 1416 2232 terram,
1445 2191 1486 2227 et
1510 2186 1654 2227 misero
1680 2185 1955 2239 pestilentiam
1981 2185 2022 2225 in

118 2248 316 2303 populum
346 2260 502 2288 meum:
563 2248 594 2271 1⁴
626 2259 844 2287 conversus
876 2250 1014 2287 autem
1046 2245 1221 2300 populus
1252 2258 1376 2290 111οι18,
1411 2258 1531 2298 super
1563 2258 1662 2298 quos
1693 2245 1930 2285 invocatum
1963 2248 2023 2284 est

118 2321 266 2349 nomen
294 2320 442 2355 meum,
474 2306 714 2359 deprecatus
742 2318 806 2346 me
834 2305 968 2354 fuerit,
998 2310 1040 2346 et
1068 2304 1303 2358 exquisierit
1329 2304 1474 2345 faciem
1502 2317 1647 2353 meam,
1678 2308 1718 2344 et
1745 2303 1868 2357 egerit
1896 2302 2023 2356 poeni-

120 2367 293 2407 tentiam
323 2379 347 2406 a
374 2365 448 2405 viis
478 2365 558 2405 suis
588 2364 789 2418 pessimis:
820 2369 861 2405 et
889 2378 961 2418 ego
991 2364 1208 2405 exaudiam
1237 2363 1287 2404 de
1316 2363 1422 2409 caelo,
1454 2367 1495 2404 et
1523 2362 1723 2416 propitius
1752 2375 1816 2403 ero
1846 2361 2023 2415 peccatis

120 2438 271 2473 eorum,
299 2429 340 2465 et
364 2424 517 2464 sanabo
542 2428 693 2464 terram
718 2436 869 2465 eorum.
923 2425 954 2447 1⁵
979 2422 1095 2464 Oculi
1121 2435 1283 2476 quoque
1306 2422 1385 2463 11101
1409 2426 1529 2462 erunt
1553 2421 1694 2475 aperti,
1721 2426 1761 2462 et
1786 2433 1900 2461 aures
1924 2432 2024 2460 1110εο

120 2489 262 2525 erectae
287 2483 340 2524 ad
366 2483 591 2524 orationem
617 2482 713 2531 eius,
742 2482 810 2536 qui
836 2482 876 2523 in
900 2481 988 2524 loco
1014 2482 1091 2523 isto
1119 2481 1307 2523 oraverit.
1362 2482 1396 2505 1⁶
1422 2480 1534 2534 Elegi
1560 2480 1679 2529 enim,
1707 2485 1748 2521 et
1772 2478 2024 2520 sanctificavi

120 2543 253 2584 locum
282 2542 419 2591 istum,
449 2546 497 2582 ut
525 2541 577 2582 sit
605 2554 753 2582 nomen
781 2554 918 2582 meum
946 2541 1001 2582 ibi
1030 2541 1070 2581 in
1099 2541 1405 2594 sempiternum,
1437 2544 1477 2581 et
1504 2543 1772 2593 permaneant
1801 2537 1903 2580 oculi
1932 2537 2022 2584 mei,

121 2606 161 2643 et
191 2614 258 2643 cor
286 2614 422 2642 meum
452 2600 508 2641 ibi
538 2600 693 2641 cunctis
723 2600 877 2642 diebus.
936 2602 969 2624 1⁷
1001 2600 1061 2641 'Pu
1093 2613 1254 2653 quoque
1284 2599 1316 2640 si
1346 2598 1618 2639 ambulaveris
1648 2610 1783 2639 coram
1812 2609 1888 2645 1110,
1920 2596 2025 2636 sicut

121 2660 350 2702 ambulavit
373 2659 511 2700 David
535 2664 653 2712 pater
676 2663 784 2708 tuus,
812 2664 853 2700 et
876 2659 1016 2700 feceris
1041 2659 1159 2699 iuxta
1183 2658 1331 2707 omnia,
1360 2671 1449 2712 quae
1473 2657 1644 2711 praecepi
1668 2656 1755 2705 tibi,
1783 2660 1823 2696 et
1846 2655 2024 2696 iustitias

121 2733 230 2760 meas
256 2719 485 2772 iudiciaque
511 2718 753 2758 servaveris:
830 2719 864 2742 1⁸
889 2718 1095 2759 suscitabo
1121 2717 1316 2758 thronum
1342 2716 1452 2770 regni
1478 2716 1550 2765 tui,
1578 2716 1682 2756 sicut
1706 2714 1909 2768 pollicitus
1934 2726 2023 2754 sum

120 2778 258 2819 David
279 2778 387 2832 patri
409 2782 493 2826 tuo,
518 2777 672 2818 dicens:
698 2777 790 2818 Non
812 2777 1019 2817 auferetur
1040 2777 1089 2817 de
1111 2777 1236 2830 stirpe
1259 2781 1333 2816 tua
1354 2776 1426 2821 vir,
1452 2775 1520 2829 qui
1542 2775 1594 2815 sit
1615 2774 1800 2828 princeps
1822 2773 1862 2813 in
1887 2771 2021 2813 Israel.

121 2839 156 2862 1⁹
181 2837 223 2878 Si
249 2842 387 2877 autem
414 2836 545 2877 aversi
570 2835 739 2882 fueritis
768 2840 810 2876 et
835 2835 1129 2890 dereliqueritis
1155 2835 1333 2876 iustitias
1359 2847 1481 2881 meaS,
1510 2838 1551 2874 et
1576 2837 1780 2887 praecepta
1803 2844 1905 2880 mea,
1936 2844 2025 2885 quae

121 2895 312 2950 proposui
337 2895 465 2943 vobis,
493 2900 534 2936 et
559 2895 755 2935 abeuntes
781 2895 998 2936 servieritis
1024 2895 1100 2935 diis
1125 2894 1276 2941 alienis,
1305 2899 1346 2935 et
1371 2892 1636 2934 adoraveritis
1661 2905 1739 2939 eos,
1793 2893 1829 2916 20
1853 2889 2024 2932 evellam

121 2968 193 2996 vos
223 2955 271 2995 de
302 2960 411 2995 terra
439 2966 540 3001 mea,
575 2966 698 3007 quam
729 2953 821 2994 dedi
852 2953 985 2995 vobis:
1018 2959 1059 2994 et
1088 2953 1256 2994 domum
1286 2953 1402 3001 hanc,
1437 2964 1558 3006 quam
1589 2950 1841 2991 sanctificavi
1871 2949 2025 2990 nomini

120 3026 222 3063 meo,
247 3013 457 3067 proiiciam
481 3025 505 3053 a
527 3012 629 3053 facie
652 3025 754 3061 mea,
781 3016 822 3053 et
845 3013 1007 3053 tradam
1031 3025 1121 3053 earn
1145 3012 1185 3052 in
1209 3011 1459 3066 parabolam,
1485 3015 1526 3051 et
1549 3010 1590 3050 in
1613 3009 1844 3063 exemplum
1869 3008 2024 3049 cunctis

119 3072 291 3126 populis.
350 3074 381 3096 21
410 3071 466 3112 Et
495 3071 640 3112 domus
668 3070 748 3111 ista
777 3071 852 3112 erit
880 3071 921 3112 in
951 3071 1211 3125 proverbium
1242 3070 1438 3111 universis
1468 3068 1787 3112 transeuntibus,
1819 3072 1859 3108 et
1889 3067 2025 3108 dicent

120 3136 350 3185 stupentes:
370 3131 503 3179 Quare
519 3130 616 3170 fecit
631 3130 834 3170 Dominus
850 3130 905 3171 sic
922 3135 1038 3171 terrae
1054 3130 1159 3175 huic,
1178 3135 1219 3170 et
1235 3128 1374 3170 domui
1389 3127 1506 3169 huic?
1551 3129 1583 3152 22
1600 3127 2023 3181 Respondebuntque:

121 3190 227 3238 Quia
260 3189 564 3243 dereliquerunt
597 3188 821 3229 Dominum
855 3189 990 3230 Deum
1023 3193 1189 3242 patrum
1225 3200 1402 3235 suorum,
1441 3186 1509 3240 qui
1543 3186 1685 3227 eduxit
1720 3199 1786 3226 eos
1821 3186 1869 3226 de
1905 3185 2027 3225 Terra

120 3248 300 3302 AEgypti,
328 3253 369 3289 et
393 3247 750 3301 apprehenderunt
775 3247 871 3289 deos
896 3247 1058 3296 alienos,
1086 3253 1126 3289 et
1152 3247 1427 3288 adoraverunt
1451 3258 1529 3295 eos,
1557 3250 1598 3286 et
1622 3244 1851 3287 coluerunt:
1878 3243 2024 3284 idcirco

119 3312 321 3348 venerunt
351 3319 471 3360 super
500 3319 566 3348 eos
597 3306 788 3347 universa
816 3306 900 3347 haec
931 3306 1050 3349 mala.

251 3433 291 3466 41
319 3433 380 3466 aPs
408 3433 482 3474 131,
507 3432 537 3467 8.
565 3453 606 3458 —-
632 3433 662 3476 7,
687 3434 705 3467 1
732 3433 770 3466 ¹³2
795 3432 867 3466 Mcc
893 3433 923 3472 2,
940 3432 990 3466 10.
1007 3433 1083 3466 -5
1112 3434 1145 3465 ⁰1
1163 3431 1216 3476 Rg
1229 3431 1260 3472 8,
1287 3431 1337 3465 63.
1365 3452 1406 3456 -
1432 3433 1471 3466 11
1496 3432 1533 3464 dl
1562 3431 1614 3475 Rg
1638 3431 1669 3470 9,
1695 3431 1723 3463 1.
