2356 3760
137 138 168 176 2,
195 136 291 177 1-3,
315 136 336 170 9
945 135 1008 169 AD
1033 134 1241 170 GALATAS
1938 134 2038 176 1133

629 229 668 269 2.
696 228 923 280 Apologia
951 229 1046 270 veri
1076 228 1318 280 evangelii,
1346 228 1385 278 2,
1405 228 1551 268 1—21.

240 299 277 343 2.
333 302 347 324 ¹
374 298 532 340 Deinde
565 303 659 352 post
693 310 821 339 annos
856 298 1196 351 quattuordecim,
1233 298 1381 339 iterum
1416 296 1577 338 ascendi
1615 297 1905 350 lerosolymam
1941 297 2241 337 cu1n¹³V²²¹¹ss⁰lium

2062 333 2218 357 Paulinum

138 359 339 407 Barnaba,
374 362 584 411 assumpto
615 362 656 398 et
688 356 790 397 Tito.
850 358 865 380 2
895 356 1070 398 Ascendi
1102 362 1241 398 autem
1272 356 1494 397 secundum
1526 355 1834 396 revelationem:
1868 360 1909 396 et
1940 368 2033 396 con·
2049 367 2232 406 1er0501qu=

137 417 211 458 tuli
235 431 326 458 cum
348 416 426 457 illis
449 415 728 468 Evangelium,
755 414 864 468 quod
887 415 1060 468 praedico
1083 416 1124 456 in
1147 415 1358 463 Gentibus,
1384 427 1563 456 seorsum
1588 419 1725 455 autem
1747 413 1807 458 iis.
1833 414 1900 467 qui
1923 402 2240 468 ν1ἀ9-ζζῖξξζῖῗ3ἶξῗ,

138 477 289 517 bantur
313 474 467 529 aliquid
491 487 593 516 esse:
619 487 669 514 ne
694 473 799 513 10119
824 472 865 513 111
892 487 1066 514 vacuum
1093 487 1304 523 currerem,
1333 479 1405 514 aut
1431 473 1705 514 cucurrissem.
1759 474 1774 497 ³
1799 472 1878 513 Sed
1902 485 2033 525 neque

138 534 266 583 Titus,
290 533 359 587 qui
378 546 537 574 mecum
558 537 655 580 erat,
677 545 770 572 cum
790 537 895 573 esset
913 532 1097 581 Gentilis,
1120 532 1352 586 compulsus
1372 537 1433 573 est
1452 531 1701 573 circumcidi:
1749 533 1764 556 ⁴
1783 531 1853 572 sed
1871 536 2038 584 propter

137 592 474 633 subintroductos
510 590 631 631 191909
668 590 825 639 fratres,
866 590 934 644 qui
971 590 1294 632 subintroierunt
1330 590 1538 644 explorare
1574 590 1804 632 libertatem
1840 594 2036 637 nostram,

142 664 267 704 quam
293 651 489 691 habemus
515 649 555 690 in
581 648 740 689 Christo
768 649 869 695 Iesu,
898 654 945 690 ut
968 663 1041 691 nos
1066 649 1107 689 in
1133 649 1371 690 serw'tutem
1397 649 1634 702 redigerent.
1687 651 1702 673 5
1727 648 1882 697 Quibus
1907 660 2038 700 neque

138 710 190 749 ad
219 709 362 750 horam
391 707 580 749 cessimus
609 707 870 755 subiectione,
901 714 948 749 ut
975 708 1126 749 veritas
1153 707 1365 761 Evangelii
1392 713 1630 761 permaneat.
1657 708 1766 761 apud
1794 720 1884 748 vos:
1943 708 1958 730 ⁶
1985 706 2037 746 ab

136 767 184 809 iis
205 774 357 817 autem,
380 766 448 820 qui
468 765 716 806 videbantur
735 780 818 807 9999
838 766 1004 820 aliquid,
1027 767 1182 821 (quales
1204 766 1424 821 aliquando
1444 766 1606 815 fuerint,
1627 765 1727 806 nihil
1745 778 1836 806 mea·
1854 765 2035 806 interest.

141 827 269 867 aDeus
292 838 506 880 personam
530 824 704 865 hominis
727 838 809 866 11011
834 825 998 879 accipit)
1021 825 1120 866 mihi
1144 825 1250 866 enim
1276 825 1344 879 qui
1368 824 1615 865 videbantur
1638 838 1721 865 esse
1745 824 1910 877 aliquid,
1936 822 2037 864 nihil

135 885 408 927 contulerunt.
469 885 483 907 ⁷
514 883 594 925 Sed
625 888 792 925 econtra
822 897 913 925 cum
946 884 1143 926 vidissent
1174 884 1284 938 quod
1315 883 1515 925 creditum
1545 888 1607 924 est
1636 882 1735 924 mihi
1766 881 2035 935 Evangelium

136 943 336 998 praeputii,
361 941 466 983 sicut
487 947 529 983 et
549 942 672 984 Petro
695 942 1027 984 circumcisionis:
1079 945 1113 994 (8
1137 943 1205 997 qui
1228 942 1334 984 enirn
1359 947 1549 996 operatus
1572 946 1633 983 est
1654 942 1777 982 Petro
1798 941 1839 981 in
1861 940 2037 994 Aposto-

134 1003 266 1043 19-111111
295 1000 620 1050 circumcisionis,
653 1006 842 1054 operatus
872 1007 933 1043 991
961 1007 1003 1043 91
1030 1002 1129 1043 1111111
1157 1002 1264 1043 inter
1291 1001 1460 1054 Gentes)
1517 1002 1533 1025 ⁹
1561 1006 1602 1042 et
1631 1014 1722 1042 cum
1753 999 2037 1054 cognovissent

135 1061 321 1115 gratiam,
342 1073 431 1114 quae
448 1060 548 1100 data
564 1065 626 1100 est
641 1060 752 1105 mihi,
774 1060 959 1103 Iacobus.
979 1066 1020 1101 et
1037 1061 1204 1115 Cephas,
1224 1066 1266 1101 et
1285 1061 1469 1109 Ioannes,
1489 1059 1558 1113 qui
1575 1059 1822 1100 videbantur
1838 1058 2037 1099 columnae

136 1134 232 1167 esse,
256 1120 420 1160 dextras
442 1118 643 1159 dederunt
663 1118 773 1168 mihi,
798 1124 839 1159 et
861 1119 1060 1160 Barnabae
1081 1119 1304 1161 societatis:
1328 1125 1375 1160 ut
1395 1132 1469 1160 nos
1490 1118 1531 1158 in
1552 1118 1715 1167 Gentes,
1738 1117 1814 1171 ipsi
1835 1122 1973 1158 autem
1994 1115 2036 1156 in

136 1177 499 1219 circumcisionem:
554 1179 590 1201 1⁰
614 1182 779 1218 tantum
805 1182 852 1219 ut
878 1191 1103 1231 pauperum
1128 1191 1326 1219 memores
1353 1190 1541 1225 essemus,
1571 1177 1680 1230 quod
1705 1176 1828 1217 etiam
1856 1174 2036 1217 solicitus

134 1236 192 1277 fui
221 1236 298 1277 hoc
326 1236 459 1289 ipsum
488 1235 630 1277 facere.

239 1297 270 1319 ¹¹
300 1295 401 1335 Cum
431 1300 569 1335 autem
599 1295 776 1336 venisset
804 1295 960 1349 Cephas
988 1295 1268 1337 Antiochiam:
1299 1294 1340 1335 in
1369 1294 1513 1335 faciem
1543 1294 1577 1335 ei
1606 1293 1748 1343 restiti,
1781 1292 1876 1347 quia
1904 1305 2035 1345 repre·
2125 1294 2154 1317 0¹

135 1353 341 1394 hensibilis
357 1358 455 1394 erat.
500 1355 531 1377 ¹²
546 1353 662 1394 Prius
678 1353 784 1394 enim
801 1367 924 1407 quam
940 1354 1126 1395 venirent
1142 1353 1308 1407 quidam
1325 1366 1348 1393 a
1365 1353 1526 1401 Iacobo,
1544 1366 1636 1393 cum
1652 1351 1851 1393 Gentibus
1867 1351 2032 1392 edebat:
2059 1327 2217 1393 Αέιιιῗιῗῗὲά

135 1426 228 1453 911111
246 1417 384 1453 91119111
403 1411 619 1460 venissent,
640 1412 921 1459 subtrahebat,
941 1419 982 1453 et
1000 1413 1239 1465 segregabat
1255 1425 1295 1452 se
1314 1411 1461 1453 timens
1479 1425 1558 1457 eos,
1580 1411 1648 1464 qui
1666 1424 1715 1451 ex
1733 1409 2034 1451 circumcisione
2050 1398 2232 1459 Ἥᾞξξῖωω

135 1476 263 1512 919111.
309 1472 340 1495 13
356 1470 413 1510 Ε1
428 1469 678 1510 simulationi
695 1469 778 1510 eius
795 1476 1085 1511 consenserunt
1102 1470 1223 1511 ceteri
1243 1469 1379 1519 Iudaei,
1399 1469 1458 1510 ita
1474 1477 1520 1511 ut
1536 1475 1577 1510 et
1595 1469 1804 1510 Barnabas
1822 1469 2037 1509 duceretur

135 1530 187 1570 ab
217 1529 271 1570 eis
299 1528 341 1568 in
369 1527 480 1569 illam
511 1527 824 1570 simulationem.
883 1531 914 1553 ¹⁴
943 1529 1021 1570 Sed
1051 1543 1143 1570 cum
1173 1529 1363 1570 vidissem
1395 1529 1503 1582 quod
1532 1541 1614 1569 non
1643 1533 1750 1569 recte
1780 1527 2037 1568 ambularent

135 1588 187 1628 ad
204 1587 421 1629 veritatem
439 1586 664 1640 Evangelii,
684 1587 767 1627 dixi
785 1587 930 1641 Cephae
946 1601 1081 1629 coram
1102 1587 1307 1629 omnibus:
1325 1587 1366 1629 Si
1384 1594 1441 1636 tu,
1462 1600 1553 1628 cum
1574 1587 1733 1628 Iudaeus
1750 1586 1813 1636 sis,
1832 1585 2039 1640 gentiliter

136 1646 250 1695 vivis,
285 1652 326 1687 et
355 1659 438 1687 non
473 1645 653 1686 ludaice:
688 1647 893 1699 quomodo
923 1647 1074 1688 Gentes
1106 1646 1212 1700 cogis
1248 1645 1480 1687 iudaizare?
1539 1647 1570 1670 ¹⁵
1603 1646 1685 1686 Nos
1716 1651 1865 1687 natura
1898 1643 2034 1691 Iudaei,

134 1711 176 1746 91
199 1718 282 1746 11011
307 1717 357 1745 ex
381 1704 582 1745 Gentibus
606 1711 851 1758 peccatores.
905 1707 940 1730 ¹⁶
964 1705 1143 1747 Scientes
1169 1711 1307 1746 autem
1334 1705 1443 1759 quod
1467 1718 1549 1746 non
1574 1704 1818 1745 iustificatur
1841 1704 1963 1745 1101110
1987 1716 2037 1744 ex

136 1763 324 1817 operibus
344 1762 453 1816 legis,
476 1762 552 1803 nisi
573 1776 644 1816 per
663 1763 785 1804 fidem
809 1764 899 1805 Iesu
921 1764 1087 1806 Christi:
1111 1770 1151 1806 et
1171 1778 1245 1805 nos
1266 1764 1306 1804 in
1328 1763 1488 1805 Christo
1511 1763 1601 1804 Iesu
1622 1763 1833 1811 credimus,
1857 1768 1904 1804 ut
1923 1761 2038 1803 iusti-

137 1822 302 1863 ficemur
327 1834 376 1861 ex
401 1821 480 1862 fide
507 1821 665 1865 Christi.
695 1827 735 1863 et
760 1835 843 1864 non
869 1836 918 1864 ex
946 1823 1133 1876 operibus
1159 1823 1273 1877 legis:
1305 1828 1492 1876 bpropter
1518 1822 1625 1876 quod
1653 1836 1702 1863 ex
1729 1821 1915 1875 operibus
1941 1820 2037 1874 legis

135 1894 217 1922 non
242 1879 532 1921 iustificabitur
557 1880 685 1921 omnis
711 1894 815 1922 caro.
870 1883 903 1906 ¹⁷
930 1882 1047 1931 Quod
1074 1882 1105 1923 si
1132 1886 1356 1936 quaerentes
1382 1880 1590 1922 iustificari
1615 1881 1656 1921 in
1682 1880 1852 1927 Christo,
1880 1878 2038 1920 inventi

135 1953 275 1980 sumus
308 1944 349 1979 et
380 1938 456 1992 ipsi
488 1944 733 1992 peccatores,
767 1940 968 1994 numquid
1001 1940 1183 1982 Christus
1215 1939 1373 1994 peccati
1404 1939 1589 1981 minister
1620 1939 1705 1981 est?
1738 1939 1868 1980 Absit.
1930 1940 1964 1963 ¹⁸
1996 1937 2037 1979 Si

135 1997 243 2038 enim
276 2010 366 2051 quae
397 1997 591 2047 destruxi,
625 1997 772 2039 iterum
804 1999 889 2040 haec
920 1999 1092 2041 aedifico:
1124 1999 1479 2053 praevaricatorem
1511 2012 1575 2039 me
1607 1998 1824 2039 constituo.
1885 1999 1920 2022 ¹⁹
1950 1997 2038 2050 Ego

135 2056 243 2097 enim
273 2069 345 2109 per
373 2055 514 2109 legem,
546 2056 624 2110 legi
653 2062 840 2098 mortuus
871 2071 973 2107 sum,
1006 2064 1054 2099 ut
1084 2059 1171 2099 Deo
1202 2057 1359 2099 vivam:
1392 2057 1552 2098 Christo
1583 2057 1765 2098 confixus
1796 2070 1885 2098 sum
1917 2054 2036 2097 cruci.

135 2117 171 2140 2⁰
198 2114 302 2156 Vivo
331 2120 481 2163 autem,
512 2115 593 2155 iam
620 2128 703 2156 non
732 2129 822 2169 ego:
853 2116 957 2157 vivit
986 2130 1081 2158 vero
1109 2117 1149 2157 in
1177 2130 1241 2157 me
1270 2116 1463 2157 Christus.
1495 2116 1614 2164 Quod
1642 2122 1780 2157 autem
1808 2128 1914 2156 nunc
1943 2114 2039 2155 vivo

135 2174 176 2214 in
194 2186 331 2214 carne:
351 2172 392 2213 in
410 2173 488 2214 fide
506 2173 604 2214 vivo
619 2173 689 2213 filii
707 2174 794 2223 Dei,
815 2174 883 2229 qui
902 2175 1045 2217 dilexit
1061 2189 1137 2221 me,
1157 2181 1199 2216 et
1215 2174 1387 2216 tradidit
1404 2174 1667 2228 semetipsum
1685 2188 1758 2228 pro
1774 2188 1850 2215 1119.
1896 2176 1927 2198 2¹
1946 2173 2039 2214 Non

135 2232 280 2274 abiicio
306 2231 481 2285 gratiam
506 2232 595 2273 Dei.
623 2232 664 2273 Si
691 2233 798 2274 enim
824 2247 896 2286 per
919 2233 1047 2287 legem
1076 2234 1244 2283 iustitia,
1273 2247 1365 2287 ergo
1391 2233 1516 2287 gratis
1544 2233 1725 2274 Christus
1752 2238 1937 2274 mortuus
1964 2237 2037 2273 est.

779 2359 998 2413 PARS
1039 2360 1398 2413 ALTERA.

530 2445 763 2500 Sermo
804 2446 1251 2513 dogmaticus,
1291 2446 1348 2512 3,
1375 2447 1532 2512 1—4‚
1560 2447 1646 2501 31.

1011 2543 1183 2565 ψ

215 2594 255 2634 1.
285 2593 457 2636 lustitia
484 2606 509 2636 e
537 2593 628 2636 fide
658 2595 816 2646 oritur,
847 2606 939 2637 non
970 2595 1294 2638 observatione
1324 2596 1441 2648 legis
1471 2595 1731 2647 acquiritur,
1758 2595 1798 2645 3,
1816 2594 1961 2635 1-29.

241 2663 278 2708 3.
333 2667 348 2689 1
377 2665 410 2706 O
429 2665 625 2706 insensati
643 2665 812 2715 Galatae,
834 2665 922 2719 quis
942 2679 1014 2707 vos
1032 2665 1252 2707 fascinavit
1268 2679 1350 2707 non
1371 2666 1531 2708 obedire
1551 2665 1726 2715 veritati,
1748 2670 1844 2707 ante
1863 2677 2035 2719 quorum
2059 2671 2129 2696 Haee
2149 2677 2225 2718 coms

137 2723 274 2765 oculos
303 2724 415 2765 Iesus
443 2723 625 2765 Christus
652 2723 910 2777 praescriptus
939 2729 1011 2773 est,
1040 2724 1081 2765 in
1110 2724 1226 2766 vobis
1253 2724 1491 2766 crucifixus?
2075 2707 2214 2737 ‘mmm'

241 2784 256 2807 ²
285 2782 373 2823 Hoc
402 2782 532 2824 solum
560 2796 585 2824 a
612 2783 728 2825 vobis
756 2782 850 2825 volo
878 2783 1046 2825 discere:
1076 2783 1141 2824 Ex
1169 2783 1356 2837 operibus
1383 2783 1480 2837 legis
1507 2782 1704 2837 Spiritum
1733 2782 1955 2836 accepistis,
1985 2794 2038 2823 an
2052 2787 2232 2848 gxffiientia

138 2854 187 2881 ex
214 2841 358 2882 auditu
384 2841 502 2882 fidei?
555 2843 571 2866 ³
596 2841 661 2883 Sic
687 2841 804 2883 stulti
830 2841 937 2892 estis,
966 2846 1014 2883 ut
1040 2855 1131 2883 cum
1159 2842 1303 2896 spiritu
1331 2841 1544 2897 coeperitis,
1573 2855 1680 2882 nunc
1707 2854 1826 2882 carne
1853 2853 2038 2882 consum·
2078 2830 2093 2847 ³
2141 2829 2233 2852 ‘uum'

137 2899 327 2940 memini?
380 2901 396 2924 4
421 2900 555 2941 Tanta
578 2900 687 2954 passi
712 2900 807 2942 estis
833 2900 917 2942 sine
942 2900 1088 2942 causa?
1116 2900 1147 2942 si
1172 2906 1311 2942 tamen
1337 2901 1422 2942 sine
1447 2914 1579 2942 causa.
1632 2901 1648 2924 ⁵
1673 2899 1751 2949 Qui
1776 2913 1869 2953 ergo
1894 2898 2041 2940 tribuit

138 2957 254 2998 vobis
276 2957 485 3010 Spiritum,
505 2963 546 2999 et
568 2964 760 3013 operatur
780 2959 954 3001 virtutes
975 2959 1017 3000 in
1039 2959 1174 3001 vobis:
1198 2973 1248 3000 ex
1270 2960 1457 3013 operibus
1477 2958 1586 3013 legis,
1610 2972 1661 2999 an
1684 2972 1733 2999 ex
1754 2957 1899 3000 auditu
1920 2957 2038 2999 fidei?

246 3017 261 3040 ⁶
278 3016 393 3058 Sicut
410 3017 607 3070 scriptum
626 3023 705 3059 est:
733 3017 958 3059 cAbraham
977 3018 1148 3059 credidit
1164 3018 1264 3067 Deo,
1286 3023 1327 3059 et
1344 3022 1581 3072 reputatum
1602 3023 1662 3058 est
1679 3016 1735 3057 ffli
1754 3017 1807 3058 ad
1824 3016 2036 3058 iustitiam.
2061 3018 2227 3078 ῆῗῡῑξῡω

140 3075 155 3098 ⁷
182 3073 419 3127 Cognoscite
445 3088 537 3129 ergo
564 3075 659 3129 quia
685 3076 754 3130 qui
780 3089 830 3117 ex
854 3076 933 3117 fide
959 3081 1066 3127 sunt,
1102 3076 1130 3117 ii
1155 3082 1251 3118 sunt
1276 3075 1346 3116 filii
1370 3076 1556 3117 Abrahae.
1613 3077 1628 3099 ⁸
1652 3075 1875 3117 Providens
1901 3079 2040 3115 autem
2077 3073 2087 3078 ⁴
2124 3061 2155 3078 η
2179 3060 2210 3082 ae'

137 3132 350 3186 Scriptura
376 3133 472 3187 quia
498 3147 547 3174 ex
572 3133 651 3175 fide
677 3134 873 3177 iustificat
898 3135 1048 3176 Gentes
1074 3135 1197 3185 Deus,
1226 3134 1522 3188 praenunciavit
1546 3134 1739 3176 Abrahae:
1771 3133 1896 3183 dQuia
1921 3133 2040 3174 bene-

139 3191 328 3291 dAissenltur
353 3191 395 3231 in
423 3197 463 3233 te
492 3205 630 3234 omnes
657 3193 820 3235 Gentes.
879 3195 894 3218 ⁹
923 3193 1053 3248 Igitur
1081 3193 1149 3247 qui
1177 3207 1226 3234 ex
1252 3193 1331 3235 fide
1359 3198 1466 3243 sunt,
1496 3192 1786 3234 benedicentur
1813 3205 1905 3234 cum
1931 3190 2040 3232 fideli

205 3263 251 3291 ra
283 3263 360 3291 am.

274 3363 306 3406 2,
330 3364 350 3398 6
375 3363 444 3398 aDt
468 3364 521 3405 10,
546 3366 603 3406 17;
632 3366 692 3400 Iob
717 3366 770 3406 34,
796 3367 853 3407 19;
879 3366 947 3411 Sap
971 3367 1002 3408 6,
1027 3367 1063 3408 8;
1089 3367 1141 3401 Sir
1167 3367 1219 3406 35,
1248 3367 1304 3407 15;
1330 3367 1397 3400 Act
1422 3367 1476 3407 10,
1502 3367 1560 3408 34;
1587 3367 1675 3400 Rom
1702 3367 1733 3407 2,
1761 3367 1817 3406 11;
1845 3365 1922 3410 Eph
1949 3364 1979 3403 6,
2006 3363 2042 3404 93

142 3408 200 3496 (1331
221 3409 257 3497 ἓξ
281 3410 339 3491 Ξῗῐ,
358 3411 480 3492 {41}ss
495 3413 525 3451 1,
551 3412 602 3446 17.
629 3433 671 3437 —
695 3413 737 3447 16
761 3412 871 3447 bRom
893 3414 924 3454 3,
948 3414 1000 3448 20.
1026 3435 1068 3438 —
1092 3413 1124 3455 3,
1146 3414 1166 3448 6
1191 3414 1262 3448 eGn
1285 3413 1337 3454 15,
1361 3413 1396 3455 6;
1423 3413 1512 3447 Rom
1535 3415 1565 3455 4,
1588 3414 1623 3455 33
1650 3413 1708 3446 Iac
1730 3413 1760 3453 2,
1783 3413 1836 3447 23.
1861 3432 1904 3436 -—
1926 3412 1947 3445 8
1967 3409 2042 3444 dGn
