2356 3760
155 274 286 291 111111111111

330 105 433 148 VIII
993 99 1138 134 RATIO
1163 98 1309 133 HUIUS
1335 98 1577 134 anmoins

329 195 521 237 fundabit
566 206 592 247 p
612 205 669 234 ro
716 192 921 239 fundavit,
954 192 1005 233 Ps
1038 192 1124 237 102,
1159 192 1206 232 18
1239 191 1347 243 psius
1393 204 1494 244 pro
1540 191 1677 244 ipsiuS,
1709 191 1761 232 Ps
1793 191 1880 237 104,
1914 192 1961 232 11
1992 191 2242 233 haereditatis

329 267 429 307 pro
478 251 729 296 hereditatis,
764 251 816 291 Ps
851 251 938 294 118,
975 252 1022 290 27
1057 249 1293 291 exercerbor
1340 262 1442 302 pro
1491 249 1718 297 exercebor,
1753 249 1805 290 Ps
1840 250 1927 298 134,
1964 250 2010 290 11
2045 250 2242 291 Channan

227 316 279 362 „m”
329 326 352 364 p
371 325 389 351 r
407 325 429 351 o
468 311 675 355 Chanaan,
701 310 752 349 Ps
778 310 864 354 134,
892 310 939 349 13
963 309 1002 348 in
1026 308 1286 359 generatione
1324 320 1350 361 p
1368 320 1386 347 r
1404 321 1425 347 0
1464 308 1505 348 in
1527 307 1844 361 generationem,
1869 308 1923 348 Pr
1945 309 1980 354 6,
2006 308 2030 348 9
2054 320 2078 348 a
2100 321 2242 349 somno

329 383 354 423 p
372 383 390 410 r
409 384 430 410 o
463 384 482 410 e
506 382 660 413 80111110,
686 368 739 408 Pr
762 368 823 414 28,
851 369 871 407 7
896 373 1229 408 commessatores
1254 380 1278 418 p
1297 378 1315 405 r
1333 379 1354 406 0
1379 372 1683 415 comessatoreS,
1709 365 1781 406 Ecl
1804 366 1841 414 3,
1867 367 1916 406 18
1939 366 2035 406 Dixi
2058 366 2101 407 in
2124 367 2243 407 corde

329 428 417 468 filiis
442 428 654 468 hominum
693 439 718 479 p
737 439 755 466 r
773 439 794 466 0
833 425 929 465 Dixi
954 426 993 465 in
1019 425 1138 466 corde
1161 437 1251 465 meo
1277 424 1326 465 de
1351 424 1440 465 filiis
1464 424 1691 472 hominum,
1716 424 1798 477 Sap
1823 425 1858 473 2,
1884 425 1932 464 22
1958 425 2245 465 indicaverunt

327 499 352 539 p
372 499 429 526 ro
477 486 775 527 iudicaverunt.
809 484 890 537 Sap
923 484 959 533 5,
997 485 1017 523 7
1049 482 1351 537 ignoravimus?
1401 495 1502 536 pro
1550 482 1855 535 ignoravimus,
1889 483 1970 535 Sap
2003 483 2039 532 8,
2074 484 2122 523 21
2156 488 2246 524 erat

327 545 529 597 sapientia
569 558 594 597 p
613 557 671 583 ro
712 549 797 583 erat
824 542 1046 595 sapientiae,
1073 542 1154 594 Sap
1182 543 1242 590 17,
1271 542 1319 581 14
1345 541 1566 594 inspiratus
1607 554 1632 594 p
1651 554 1669 581 r
1687 553 1709 581 0
1749 541 1992 594 insperatus,
2019 541 2082 582 Sir
2106 541 2168 591 13,
2194 541 2244 581 32

327 616 418 643 cuin
463 616 488 655 p
506 615 525 642 r
543 615 564 641 o
608 609 647 642 et
676 615 781 645 cum,
811 601 873 641 Sir
901 602 962 650 16,
994 602 1014 640 7
1043 600 1271 641 exardescit
1314 613 1339 652 p
1358 612 1376 639 r
1394 614 1415 639 0
1459 599 1707 647 exardescet,
1737 599 1800 640 Sir
1827 600 1889 648 20,
1919 600 1941 639 2
1971 599 2246 653 devirginavit

329 674 352 713 p
373 675 428 700 ro
473 659 759 711 devirginabit,
791 659 853 699 Sir
882 660 942 702 20,
975 659 1024 699 19
1054 658 1163 712 quod
1194 657 1428 699 babendum
1472 671 1574 711 pro
1620 658 1730 711 quod
1758 657 2007 707 habendum,
2039 658 2101 699 Sir
2129 658 2191 707 25,
2222 659 2243 698 1

329 732 418 772 quae.
444 719 617 772 probata
660 732 684 771 p
702 732 720 758 r
739 732 760 758 0
802 731 891 770 quae
918 723 1014 758 sunt
1038 717 1227 770 probata,
1255 717 1317 758 Sir
1341 716 1404 765 35,
1433 717 1481 757 12
1508 716 1843 758 adinventionem
1884 729 1910 770 p
1928 729 1946 757 r
1964 730 1986 757 0
2027 716 2080 758 ad
2104 716 2245 757 inven-

328 777 494 820 tionem.
523 778 585 817 Sir
611 778 672 821 41,
703 778 751 816 10
778 781 1017 829 quaeruntur
1057 789 1083 829 p
1100 788 1120 816 r
1137 789 1158 816 0
1202 781 1441 829 queruntur,
1469 775 1532 816 Sir
1557 775 1619 824 48,
1648 775 1698 815 25
1723 774 1941 816 mandavit
1966 775 2023 815 illi
2049 775 2090 816 in
2119 775 2245 816 Isaias

328 849 428 888 pro
474 835 689 876 mandavit
720 835 774 874 illi
808 834 945 881 Isaias,
981 834 1018 875 Is
1051 835 1111 883 14,
1145 834 1193 874 29
1224 834 1433 874 Philistaea
1476 846 1578 887 pro
1624 832 1874 883 Philisthaea,
1909 833 1947 874 Is
1978 834 2040 883 28,
2072 836 2095 874 6
2126 846 2247 887 super

330 894 529 934 iudicium
576 907 599 946 p
619 906 675 933 ro
720 906 840 946 super
868 893 1075 939 iudicium,
1113 893 1146 933 18
1177 893 1238 941 29,
1270 894 1292 933 2
1321 892 1429 933 Atiel
1473 905 1574 945 pro
1618 892 1739 942 Ariel,
1772 892 1811 933 Is
1839 892 1902 941 36,
1934 893 1982 932 17
2013 892 2065 933 ad
2094 897 2245 933 tetram

328 966 352 1005 p
372 965 389 991 r
408 967 429 992 o
467 952 518 992 ad
541 959 703 995 terram,
730 952 768 992 Is
789 952 852 999 38,
878 952 926 992 13
949 951 1065 1004 quasi
1086 951 1147 992 leo
1170 951 1367 992 contrivit
1403 964 1428 1004 p
1447 964 1466 991 r
1483 964 1505 991 0
1543 950 1659 1004 quasi
1680 950 1741 992 leo
1764 951 1819 991 sie
1841 950 2050 999 contrivit,
2075 951 2114 991 Is
2136 951 2199 1000 52,
2222 950 2246 991 8

328 1024 417 1050 eum
453 1010 700 1051 converterit
746 1020 848 1063 pro
896 1023 988 1051 cum
1022 1010 1282 1059 converterit,
1319 1010 1357 1050 Is
1389 1010 1452 1058 53,
1488 1010 1536 1050 12
1570 1009 1915 1063 trangressoribus
1963 1022 2066 1062 pro
2114 1015 2245 1050 trans-

326 1069 587 1119 gressoribus,
616 1069 652 1109 Is
677 1069 738 1114 60,
765 1069 787 1109 2
811 1068 995 1122 operient
1018 1074 1168 1110 tetram
1207 1082 1233 1122 p
1250 1081 1270 1109 r
1287 1081 1309 1109 0
1349 1068 1532 1122 operient
1555 1073 1719 1117 terram,
1747 1068 1787 1109 Ir
1811 1069 1845 1117 7,
1871 1068 1919 1108 31
1945 1067 2106 1121 Tophet
2143 1081 2169 1121 p
2186 1081 2206 1108 r
2223 1081 2246 1108 0

329 1127 528 1180 Topheth
563 1128 602 1167 Ir
632 1128 693 1175 16,
725 1128 749 1167 5
779 1140 828 1167 ne
857 1127 1094 1181 ingrediaris
1124 1128 1304 1168 Domum
1350 1140 1412 1180 pr
1430 1140 1452 1168 o
1498 1140 1546 1167 ne
1575 1127 1812 1180 ingrediaris
1844 1126 2026 1175 domum,
2061 1126 2100 1166 11·
2130 1126 2191 1175 19,
2222 1126 2247 1166 6

329 1185 488 1238 Tophet
529 1199 554 1239 p
573 1199 630 1225 ro
673 1186 874 1239 Topheth,
906 1186 944 1226 11
971 1186 1031 1231 19,
1062 1187 1109 1226 12
1128 1199 1156 1227 8.
1187 1185 1377 1239 Thophet
1418 1199 1443 1239 p
1461 1198 1480 1226 r
1498 1198 1520 1226 0
1562 1185 1763 1239 Topheth,
1794 1185 1834 1226 Ir
1860 1186 1922 1235 19,
1951 1186 2000 1226 14
2027 1184 2247 1238 Thopheth

327 1256 352 1296 p
372 1257 429 1284 ro
473 1244 674 1297 Topheth,
708 1245 746 1284 Ir
775 1246 835 1291 21,
866 1246 915 1285 10
942 1244 1085 1285 Posuit
1127 1257 1229 1298 pro
1272 1244 1407 1293 Posui,
1439 1244 1479 1284 Ir
1506 1245 1567 1293 29,
1598 1245 1620 1285 2
1650 1243 1832 1285 Ieconias
1874 1256 1900 1297 p
1919 1256 1976 1284 ro
2022 1243 2245 1293 Iechonias,

330 1302 369 1342 11·
396 1303 458 1351 31,
488 1304 512 1343 4
540 1311 579 1344 et
608 1309 649 1343 et
677 1303 888 1357 egredieris
932 1316 956 1356 p
975 1317 994 1343 r
1011 1317 1033 1344 0
1076 1308 1117 1344 et
1145 1303 1370 1357 egredieris,
1402 1302 1442 1343 Ir
1468 1303 1530 1351 32,
1561 1303 1611 1343 35
1639 1302 1937 1344 adificaverunt
1980 1315 2005 1355 p
2023 1315 2042 1342 r
2060 1315 2081 1343 o
2124 1301 2247 1344 aedifi-

328 1367 539 1405 caverunt,
566 1361 604 1401 11
624 1362 686 1410 38,
711 1363 758 1402 12
781 1361 922 1403 cubitu
960 1375 984 1415 p
1002 1375 1021 1401 r
1039 1375 1061 1402 0
1097 1361 1250 1411 cubito,
1275 1362 1316 1402 Ir
1335 1362 1397 1411 40,
1421 1361 1444 1401 8
1465 1361 1673 1402 Maachati
1709 1374 1734 1414 p
1753 1374 1772 1402 r
1789 1374 1811 1402 0
1847 1361 2096 1410 Maachathi,
2122 1361 2162 1401 Ir
2182 1361 2246 1411 40,

329 1421 378 1459 10
397 1420 589 1473 Masphat
622 1433 647 1473 p
665 1433 684 1460 r
702 1434 724 1460 0
758 1420 991 1474 Masphath,
1015 1421 1054 1461 ir
1072 1421 1133 1469 41,
1156 1422 1204 1461 12
1225 1421 1260 1461 N
1265 1420 1435 1461 athania
1467 1433 1492 1473 p
1511 1433 1530 1460 r
1547 1433 1569 1461 0
1604 1420 1835 1469 Nathaniae,
1857 1420 1898 1460 Ir
1915 1420 1977 1469 46,
1997 1420 2021 1460 3
2040 1419 2247 1473 procedite

328 1491 353 1530 p
371 1491 390 1518 r
409 1492 430 1519 ο
468 1485 509 1519 et
531 1479 750 1532 procedite,
775 1480 875 1519 Lam
899 1480 935 1525 3,
959 1480 1008 1519 57
1031 1479 1243 1520 invocavit
1279 1493 1304 1533 p
1323 1492 1342 1520 r
1360 1492 1381 1520 0
1419 1479 1622 1528 invocavi,
1646 1478 1748 1519 Lam
1771 1479 1807 1528 4,
1832 1479 1853 1519 1
1877 1478 2120 1532 platearum.
2145 1491 2170 1532 p
2188 1491 2208 1519 r
2224 1492 2247 1519 0

330 1537 597 1589 11131031111119,
623 1538 724 1578 Lam
749 1539 785 1587 4,
811 1539 833 1578 2
857 1538 979 1592 figuli.
1006 1552 1031 1591 p
1049 1551 1068 1578 r
1086 1551 1107 1579 0
1146 1537 1295 1592 figuli?,
1320 1538 1421 1579 Lam
1445 1538 1481 1586 4,
1508 1539 1529 1577 7
1555 1537 1725 1579 Nazarei
1762 1550 1789 1591 p
1807 1550 1826 1577 r
1843 1549 1864 1577 0
1906 1537 2101 1587 Nazaraei,
2127 1537 2185 1578 Ez
2210 1539 2247 1587 1,

330 1596 379 1635 24
400 1595 719 1637 dimittebantur
754 1610 779 1650 p
797 1609 816 1636 r
834 1609 856 1637 0
892 1596 1232 1643 demittebantur,
1254 1597 1312 1637 Ez
1333 1598 1369 1645 4,
1393 1597 1441 1637 12
1463 1596 1692 1650 egredietur
1725 1608 1751 1650 p
1769 1609 1788 1636 r
1806 1608 1827 1636 0
1864 1595 2081 1649 egreditur,
2104 1595 2162 1636 Ez
2183 1596 2247 1645 27,

331 1654 380 1694 10
407 1654 555 1707 Lybies
598 1668 623 1708 p
641 1668 660 1695 r
677 1668 699 1695 0
741 1655 902 1708 Libyes,
932 1655 990 1696 Ez
1018 1656 1079 1703 29,
1110 1657 1159 1696 14
1186 1655 1387 1696 Phatures
1415 1668 1488 1709 pro
1516 1655 1760 1701 Phathures,
1791 1654 1849 1695 Ez
1877 1655 1939 1704 44,
1968 1655 2019 1694 30
2045 1660 2249 1709 reponant

330 1725 355 1766 p
374 1725 432 1753 ro
476 1719 661 1766 reponat,
692 1714 749 1754 ΕΖ
778 1715 840 1759 47,
873 1715 921 1755 16
950 1714 1103 1755 Thieon
1147 1727 1172 1767 p
1191 1727 1248 1755 ro
1294 1714 1459 1763 Tichon,
1490 1714 1557 1755 Dn
1587 1714 1648 1760 13,
1679 1714 1729 1754 48
1757 1718 1915 1754 starent
1958 1726 1984 1766 p
2002 1726 2060 1754 ro
2103 1718 2247 1763 staret,

330 1771 409 1811 Am
432 1772 466 1820 2,
490 1773 512 1812 2
534 1772 728 1813 Charioth
764 1786 789 1826 p
808 1786 826 1812 r
843 1785 865 1813 0
902 1773 1080 1822 Carioth,
1102 1773 1196 1814 Mch
1218 1775 1253 1821 1,
1277 1774 1325 1813 15
1346 1772 1547 1814 haeredem
1582 1786 1609 1826 p
1627 1786 1646 1813 r
1663 1785 1684 1813 0
1721 1771 1923 1821 heredem,
1946 1771 2040 1814 Mch
2060 1772 2096 1821 4,
2119 1772 2143 1812 8
2163 1772 2248 1813 filia

332 1830 427 1870 Sion
468 1843 494 1883 p
512 1843 531 1870 r
548 1844 570 1871 0
612 1831 702 1871 filiae
728 1831 836 1877 Sion,
865 1831 958 1873 Mch
987 1833 1021 1879 7,
1049 1832 1073 1872 8
1098 1831 1163 1872 lex
1189 1845 1281 1872 mea
1321 1845 1346 1885 p
1365 1845 1383 1872 r
1401 1845 1422 1872 0
1464 1831 1534 1872 lux
1560 1844 1664 1879 mea,
1692 1831 1780 1885 Agg
1807 1832 1843 1879 2,
1870 1831 1894 1871 5
1921 1830 1991 1871 filii
2032 1844 2058 1884 p
2076 1844 2095 1871 r
2112 1844 2134 1872 0
2175 1831 2244 1880 fili,

333 1888 439 1928 zach
468 1890 529 1937 11,
560 1890 607 1930 13
634 1889 747 1930 illum
790 1903 816 1943 p
834 1903 891 1930 ro
934 1890 1046 1937 illud,
1076 1890 1183 1931 Zach
1211 1892 1273 1937 14,
1304 1891 1353 1931 10
1379 1890 1587 1931 habitavit
1628 1903 1654 1944 p
1672 1902 1730 1930 ro
1773 1889 1993 1938 habitabit,
2022 1889 2105 1930 Mal
2132 1890 2168 1939 2,
2199 1891 2247 1931 12

334 1946 547 1988 offerentes
587 1960 613 2000 p
632 1961 650 1988 r
667 1961 689 1988 0
731 1948 982 1994 offerentem,
1010 1950 1030 1989 1
1056 1948 1145 1989 Mcc
1171 1950 1205 1998 1,
1232 1950 1281 1989 57
1306 1949 1348 1989 in
1374 1949 1589 1989 circuitum
1629 1962 1655 2001 p
1673 1961 1692 1988 r
1710 1962 1731 1989 0
1771 1949 1812 1989 111
1838 1948 2022 1997 circuitu,
2050 1949 2071 1989 1
2097 1948 2185 1989 Mce
2211 1949 2247 1998 2,

334 2006 382 2045 25
405 2005 616 2047 dextruxit
652 2019 678 2059 p
696 2019 715 2046 r
733 2019 754 2046 0
791 2006 1007 2055 destruxit,
1032 2008 1052 2047 1
1075 2007 1163 2048 Mcc
1184 2008 1220 2056 4,
1243 2008 1294 2047 54
1315 2007 1463 2060 cyniris
1499 2020 1524 2060 p
1543 2020 1562 2047 r
1579 2020 1601 2047 0
1638 2007 1799 2059 cinyris,
1823 2008 1844 2048 1
1866 2007 1954 2047 Mcc
1977 2008 2038 2055 12,
2061 2007 2110 2047 52
2132 2013 2250 2048 erant

334 2076 358 2117 p
378 2077 396 2103 1
414 2077 435 2105 0
473 2064 648 2113 fuerant,
675 2066 694 2105 1
719 2065 806 2106 Mcc
832 2066 892 2111 13,
919 2066 967 2106 23
992 2065 1234 2106 Bascamam
1273 2079 1298 2119 p
1317 2079 1336 2106 r
1353 2079 1374 2106 0
1414 2065 1656 2114 Bascaman,
1682 2067 1701 2105 1
1727 2066 1814 2106 Mcc
1838 2065 1900 2115 13,
1924 2066 1972 2106 31
1998 2065 2150 2106 faceret
2172 2066 2250 2107 iter

334 2136 359 2175 p
378 2135 396 2162 r
414 2136 435 2163 0
474 2123 550 2164 iter
572 2124 735 2170 faceret,
761 2125 783 2164 2
806 2124 894 2165 Mcc
917 2124 953 2173 3,
979 2125 1028 2164 15
1052 2124 1120 2177 qui
1144 2124 1338 2178 depositis
1377 2137 1403 2177 p
1421 2137 1440 2165 r
1457 2137 1479 2165 0
1519 2124 1587 2177 qui
1610 2124 1659 2165 de
1682 2124 1890 2177 depositis,
1915 2125 1938 2164 2
1960 2124 2048 2165 Mcc
2070 2124 2107 2173 5,
2131 2124 2156 2164 3
2179 2137 2249 2165 au-

335 2194 493 2221 reorum
527 2195 777 2223 marmorum
826 2195 927 2236 pro
976 2196 1190 2223 aureorum
1225 2196 1444 2231 armorum,
1479 2183 1502 2223 2
1535 2183 1622 2224 Mcc
1655 2183 1691 2232 5,
1727 2184 1776 2223 24
1808 2182 2099 2236 Appollonium
2146 2196 2249 2236 pro

335 2240 609 2292 Apollonium,
643 2242 665 2281 2
696 2241 784 2282 Mcc
816 2241 851 2290 8,
885 2241 908 2281 8
939 2241 1211 2282 Ptolomaeum
1257 2255 1283 2295 p
1302 2255 1359 2282 ro
1406 2241 1687 2290 Ptolemaeum,
1720 2242 1742 2282 2
1774 2241 1861 2282 Moe
1892 2242 1954 2291 15,
1989 2242 2037 2282 15
2069 2241 2248 2282 destram

336 2311 360 2351 p
378 2311 397 2338 r
415 2311 436 2338 0
476 2299 677 2346 dextram,
702 2300 762 2340 Mt
787 2300 823 2345 3,
852 2301 872 2339 7
897 2299 1121 2340 batismum
1160 2314 1185 2353 p
1204 2313 1223 2340 1
1241 2313 1263 2341 0
1302 2300 1568 2353 baptismum,
1593 2300 1655 2341 Mt
1680 2301 1741 2349 15,
1767 2301 1817 2341 20
1840 2300 2109 2354 coinquinant
2146 2313 2172 2353 p
2190 2313 2209 2340 r
2226 2313 2248 2341 0

337 2358 587 2410 coinquinat,
623 2359 683 2399 Mt
720 2359 779 2407 16,
817 2360 868 2398 12
899 2359 1241 2400 Sadducaeorum?
1276 2372 1377 2412 pro
1427 2359 1772 2409 Sadducaeorum,
1806 2359 1869 2400 Mt
1903 2360 1964 2408 25,
2000 2360 2048 2399 27
2083 2359 2248 2400 veniens

336 2429 428 2469 ergo
469 2429 494 2469 p
513 2430 531 2456 r
549 2430 570 2457 0
612 2417 776 2457 veniens
804 2430 888 2470 ego,
916 2418 978 2458 Mt
1004 2418 1065 2467 26,
1092 2419 1142 2458 52
1170 2418 1238 2471 qui
1265 2418 1495 2471 acceperint
1519 2417 1726 2471 gladium?
1752 2417 1887 2471 gladio
1912 2417 2106 2471 peribunt
2146 2431 2171 2471 p
2190 2430 2209 2458 r
2226 2430 2249 2458 o

338 2475 404 2527 qui
432 2476 661 2527 acceperint
684 2476 879 2529 gladium,
904 2476 1039 2529 gladio
1064 2476 1279 2530 peribunt,
1296 2476 1358 2517 Mt
1384 2478 1445 2525 27,
1471 2477 1521 2517 43
1546 2476 1651 2517 dixit
1675 2476 1807 2517 enim?
1841 2489 1867 2529 p
1885 2489 1904 2516 r
1921 2489 1943 2517 0
1976 2476 2082 2517 dixit
2106 2476 2245 2526 enim:,

337 2532 390 2574 Lc
411 2534 516 2577 3,17
536 2535 726 2587 purgavit
761 2548 785 2587 p
804 2548 822 2574 r
840 2548 861 2575 0
894 2535 1100 2588 purgabit,
1120 2535 1176 2576 Lc
1194 2536 1230 2584 3,
1250 2535 1298 2575 31
1318 2535 1509 2576 Mathata
1541 2548 1566 2589 p
1584 2548 1604 2575 r
1620 2548 1643 2576 0
1675 2535 1907 2581 Mathatha,
1928 2535 1982 2576 Lc
2001 2535 2037 2583 4,
2057 2535 2081 2575 9
2099 2534 2249 2576 statuit

337 2605 442 2640 eum,
473 2606 593 2645 super
620 2593 786 2645 pinnam
830 2606 855 2646 p
874 2606 893 2633 r
910 2607 931 2633 0
975 2594 1124 2634 statuit
1151 2607 1243 2635 eum
1272 2607 1392 2648 super
1419 2594 1601 2648 pinnam,
1630 2593 1686 2634 Lc
1713 2594 1750 2643 4,
1778 2594 1829 2634 35
1856 2593 2104 2635 Obtumesee
2146 2607 2172 2647 p
2190 2606 2208 2633 r
2225 2606 2248 2634 0

337 2650 596 2700 0111111110800,
626 2652 680 2692 Lc
708 2653 743 2701 9,
774 2652 821 2692 13
849 2651 964 2692 vobis
1006 2666 1031 2705 p
1050 2665 1068 2692 r
1086 2666 1107 2693 0
1149 2652 1278 2701 nobis,
1307 2653 1362 2694 Lc
1390 2653 1451 2702 14,
1479 2654 1503 2694 4
1530 2658 1625 2693 veto
1666 2666 1692 2706 p
1710 2665 1768 2693 10
1810 2665 1918 2701 vero,
1950 2652 1993 2693 Io
2020 2653 2056 2701 1,
2085 2652 2134 2692 26
2161 2651 2248 2705 Ego

339 2708 502 2762 baptizo
526 2710 565 2749 in
592 2710 724 2763 aqua?
764 2724 789 2763 p
807 2724 826 2750 r
843 2724 864 2751 0
905 2711 990 2764 Ego
1017 2711 1181 2764 baptizo
1204 2712 1245 2751 in
1271 2724 1411 2765 aqua:,
1439 2712 1483 2752 Io
1507 2712 1543 2761 4,
1569 2711 1619 2751 32
1644 2724 1782 2751 aurem
1821 2724 1847 2764 p
1865 2724 1884 2751 r
1901 2724 1922 2751 0
1962 2716 2114 2759 autem,
2141 2710 2186 2752 Io
2210 2710 2247 2760 8,

345 2768 386 2806 18
418 2768 617 2820 perihibet
664 2782 765 2822 pro
811 2769 1010 2822 perhibet,
1046 2770 1089 2810 10
1122 2771 1182 2819 16,
1216 2770 1263 2811 21
1295 2769 1454 2823 peperit
1498 2782 1600 2823 pro
1646 2769 1860 2823 pepererit,
1894 2782 2100 2822 praessurae
2144 2781 2247 2823 pro

341 2838 545 2878 pressurae,
578 2827 619 2867 10
651 2828 709 2873 18,
740 2828 788 2867 23
817 2828 915 2881 quid
942 2842 1006 2869 me
1034 2828 1163 2870 caedis.
1209 2842 1234 2881 p
1254 2842 1271 2868 r
1289 2841 1310 2869 0
1354 2828 1452 2882 quid
1479 2841 1543 2869 me
1570 2828 1729 2877 eaedjs?,
1757 2828 1837 2869 Act
1866 2829 1925 2875 10,
1956 2829 2004 2868 28
2032 2840 2248 2869 comunem

341 2898 363 2936 p
383 2897 400 2923 r
418 2898 439 2924 0
484 2898 753 2935 communem,
784 2887 862 2927 Act
893 2887 953 2936 10,
984 2888 1033 2927 47
1063 2893 1109 2927 ut
1138 2887 1401 2940 baptizentur
1442 2900 1467 2940 p
1486 2899 1544 2927 ro
1588 2892 1635 2928 ut
1662 2900 1743 2927 non
1773 2886 2047 2940 baptizentur,
2076 2886 2156 2928 Act
2184 2887 2247 2936 12,

340 2943 388 2982 25
420 2943 580 2995 expleto
612 2945 805 2997 mysterio
852 2958 876 2998 p
896 2958 952 2985 ro
999 2946 1161 2998 expleto
1192 2946 1429 2992 ministerio,
1461 2945 1540 2986 Act
1572 2946 1633 2994 13,
1667 2946 1713 2985 11
1747 2945 1955 2998 quaerebat
1985 2945 2049 2986 cui
2078 2958 2247 2986 manum

340 3001 451 3042 daret
487 3015 511 3054 p
530 3015 548 3042 r
566 3016 587 3043 0
621 3003 827 3055 quaerebat
847 3003 915 3057 qui
932 3003 966 3044 ei
984 3017 1151 3044 manum
1169 3004 1297 3051 daret,
1316 3004 1395 3044 Act
1412 3005 1473 3050 14,
1494 3005 1514 3043 7
1532 3003 1713 3053 claudus,
1732 3018 1781 3044 ex
1799 3010 1914 3045 utero
1946 3017 1972 3057 p
1989 3017 2008 3044 r
2026 3017 2047 3044 0
2079 3003 2246 3045 claudus

340 3073 387 3099 ex
413 3067 539 3105 utero,
568 3061 669 3101 Rom
694 3062 730 3107 5,
755 3063 778 3101 6
801 3068 986 3102 mortuus
1010 3067 1081 3103 est.
1122 3075 1223 3115 pro
1262 3068 1447 3103 mortuus
1471 3062 1570 3109 est?,
1598 3063 1701 3103 Rom
1724 3063 1760 3111 5,
1787 3063 1836 3102 20
1858 3062 2108 3103 subintrabit
2145 3075 2170 3115 p
2188 3074 2207 3101 r
2224 3074 2247 3101 0

340 3118 602 3169 subintravit,
632 3120 734 3161 Rom
762 3121 798 3167 6,
827 3123 846 3161 1
875 3120 982 3169 Quid
1008 3133 1100 3173 ergo
1127 3121 1319 3167 dicemus,
1361 3134 1387 3174 p
1406 3134 1424 3160 r
1441 3134 1463 3161 0
1504 3121 1611 3169 Quid
1637 3133 1729 3174 ergo
1756 3120 1974 3170 dicemus?,
2004 3121 2108 3161 Rom
2134 3120 2170 3168 6,
2198 3120 2248 3160 16

342 3177 407 3229 qui
439 3177 637 3218 exhibetis
683 3192 708 3231 p
727 3191 784 3218 ro
829 3179 891 3220 cui
922 3179 1134 3225 exhibetis,
1169 3180 1271 3220 Rom
1303 3180 1338 3228 8,
1372 3180 1393 3219 7
1422 3179 1598 3220 inhibita
1627 3184 1688 3220 est
1716 3179 1804 3220 Deo
1848 3192 1950 3232 pro
1993 3178 2158 3219 inimica
2186 3183 2248 3219 est

343 3235 438 3278 Deo.
467 3236 569 3277 Rom
595 3237 630 3285 8,
656 3237 705 3277 33
730 3237 938 3278 accusavit
976 3251 1002 3290 p
1021 3250 1039 3277 r
1056 3250 1077 3279 0
1117 3237 1338 3283 accusabit,
1365 3239 1385 3278 1
1411 3237 1487 3279 Cor
1511 3238 1572 3286 10,
1597 3238 1645 3278 31
1671 3237 1782 3278 aliud
1806 3237 1959 3291 aliquid
1997 3250 2022 3291 p
2041 3250 2060 3277 r
2077 3250 2098 3278 0
2137 3236 2248 3277 aliud

342 3295 451 3346 quid.
481 3297 500 3335 1
531 3296 606 3334 For
633 3296 693 3337 11.
722 3296 745 3333 9
771 3308 850 3335 11011
879 3303 1037 3337 creatus
1078 3308 1105 3349 p
1124 3309 1141 3335 r
1159 3309 1180 3337 o
1221 3308 1301 3336 non
1329 3301 1391 3336 est
1417 3302 1589 3345 creatus,
1618 3297 1637 3337 1
1666 3296 1742 3337 Cor
1769 3297 1829 3345 14,
1858 3297 1880 3336 2
1907 3295 2081 3349 Spiritus
2109 3300 2247 3336 autem

340 3352 522 3406 loquitur
572 3366 671 3406 pro
723 3354 874 3406 Spiritu
913 3360 1049 3395 autem
1086 3354 1278 3408 loquitur.
1318 3354 1409 3407 Eph
1444 3355 1480 3403 6,
1518 3356 1564 3395 21
1603 3355 1831 3408 Tychichus
1881 3367 1983 3407 pro
2033 3353 2245 3407 Tychieus,

343 3413 362 3451 1
394 3411 482 3452 Tim
512 3413 547 3461 6,
578 3415 600 3451 8
629 3413 809 3453 contenti
839 3425 977 3453 sumus
1020 3426 1045 3466 p
1064 3425 1121 3454 ro
1165 3413 1346 3454 contenti
1374 3413 1511 3463 simus,
1543 3413 1632 3454 Hbr
1659 3414 1695 3463 6,
1725 3413 1774 3454 19
1803 3426 1922 3467 quem
1965 3425 2066 3467 pro
2110 3424 2245 3466 quam,
