2356 3760
124 101 176 140 14,
201 100 320 140 8—14,
346 99 386 132 17
999 96 1154 130 TOBIAE
1939 106 2015 147 433

126 207 217 247 quae
245 193 285 233 in
315 206 362 233 ea
389 193 553 233 incensa
581 196 652 237 est,
682 190 829 230 iterum
858 190 1186 230 reaedificabitur:
1217 190 1352 243 ibique
1380 197 1635 231 revertentur
1663 207 1798 236 onmes
1828 197 2015 238 timentes

122 253 267 301 Deum,
323 253 338 274 ⁸
363 256 403 292 et
427 251 656 303 relinquent
678 253 818 301 gentes
843 247 951 288 idola
974 261 1057 297 sua,
1085 254 1126 289 et
1150 249 1314 289 venient
1338 249 1379 289 in
1406 249 1634 295 Ierusalem,
1661 256 1701 291 et
1724 252 2016 297 inhabitabunt

122 311 163 352 in
186 324 244 354 ea.
297 312 312 335 ⁹
334 316 375 351 et
395 309 634 363 gaudebunt
654 307 695 347 in
718 319 766 347 ea
786 319 925 347 omnes
947 320 1057 360 reges
1079 311 1206 352 terrae,
1232 307 1448 348 adorantes
1470 320 1602 360 regem
1628 309 1759 351 Israel.
1812 314 1846 335 ¹0
1867 313 2015 355 Audite

123 383 215 423 ergo
242 369 311 410 filii
336 369 414 409 mei
438 372 597 420 patrem
623 370 823 405 vestrum:
850 365 1006 405 Servite
1031 365 1207 406 Domino
1233 366 1273 406 in
1298 366 1482 413 veritate,
1510 372 1551 407 et
1575 366 1765 420 inquirite
1790 375 1836 409 ut.
1859 370 2015 411 faciatis

123 441 214 482 quae
233 428 384 482 placita
402 430 498 466 sunt
517 424 590 465 illi:
638 425 670 448 ¹¹
689 429 730 464 et
750 423 839 464 filiis
859 423 1003 464 vestris
1022 424 1217 464 mandate
1236 429 1283 464 ut
1302 424 1456 465 faciant
1475 425 1650 465 iustitias
1671 431 1711 466 et
1730 426 2014 480 eleemosynas,

122 492 169 528 ut
196 487 277 527 sint
302 497 499 525 memores
525 482 613 531 Dei,
644 486 684 523 et
711 482 954 523 benedicant
981 495 1073 522 eum
1100 482 1141 522 in
1168 483 1278 523 omni
1305 487 1486 536 tempore
1514 483 1554 523 in
1581 484 1765 533 veritate,
1796 491 1836 525 et
1862 486 1902 525 in
1930 491 2017 527 tota

122 546 275 586 virtute
303 556 387 584 sua.
445 544 475 567 ¹2
505 542 622 582 Nunc
650 553 742 594 ergo
771 541 840 582 filii
870 541 1007 581 audite
1035 554 1111 589 me,
1143 546 1184 582 et
1211 540 1335 581 nolite
1363 554 1525 582 manere
1553 541 1634 582 hic:
1666 543 1734 583 sed
1764 557 2018 597 quacumque

121 603 185 644 die
212 601 446 655 sepelieritis
472 606 647 641 matrem
674 605 853 640 vestram
881 599 987 640 circa
1011 613 1076 640 me
1102 599 1143 640 in
1169 612 1250 640 uno
1278 599 1500 652 sepulchro,
1530 613 1579 640 ex
1606 613 1650 641 eo
1679 601 1836 654 dirigite
1862 615 2018 655 gressus

122 666 278 702 vestros
306 666 353 701 ut
380 659 533 701 exeatis
561 658 672 699 hinc:
728 661 760 683 ¹³
787 658 904 699 video
933 658 1040 699 enim
1069 658 1165 712 quia
1190 658 1384 711 iniquitas
1413 658 1496 698 eius
1524 658 1645 699 finem
1674 660 1789 700 dabit
1816 661 1861 701 ei.

227 721 257 744 ¹⁴
289 719 464 760 Factum
497 724 558 759 est
591 722 729 758 autem
762 723 856 771 post
888 717 1047 758 obitum
1079 718 1222 758 matris
1255 730 1348 766 suae,
1385 717 1531 757 Tobias
1565 717 1759 758 abscessit
1791 732 1840 759 ex
1874 719 2018 759 Ninive
2059 719 2177 779 gufffflr}

121 792 213 820 cum
230 791 355 819 uxore
371 790 454 823 sua,
473 782 514 818 et
529 776 630 825 filiis,
650 781 691 817 et
707 775 879 817 filiorum
897 775 997 823 filiis,
1016 781 1058 817 et
1072 789 1255 817 reversus
1271 782 1332 816 est
1348 776 1400 816 ad
1416 788 1571 817 soceros
1587 789 1690 817 suos.
1736 778 1767 801 ¹⁵
1784 777 2019 830 invenitque
2071 762 2186 820 qu1⁰a¹‹1'

122 850 190 879 eos
220 836 440 878 incolumes
472 836 513 876 in
544 840 753 876 senectute
784 835 909 876 bona:
943 840 984 875 et
1015 848 1153 876 curam
1186 848 1324 876 eorum
1354 834 1489 888 gessit,
1524 841 1564 875 et
1595 835 1679 887 ipse
1711 834 1853 875 clausit
1886 835 2019 876 oculos
2042 831 2206 889 res„.⁰e⁰r‘{{2{r‚

122 909 279 938 eorum:
312 901 353 936 et
384 908 546 936 omnem
576 894 845 935 hereditatem
877 894 1021 935 domus
1054 894 1242 947 Raguelis
1273 894 1357 947 ipse
1387 893 1585 947 percepit:
1619 893 1803 947 viditque
1834 894 2020 947 quintam

120 954 435 1009 generationem,
468 953 570 995 filios
599 953 774 994 filiorum
804 966 980 994 suorum.
1040 954 1075 977 ¹⁶
1105 953 1160 994 Et
1189 952 1401 1006 completis
1432 952 1547 993 annis
1577 952 1950 1005 nonagintanovem
1981 953 2020 992 in

121 1014 266 1055 timore
295 1013 473 1061 Domini,
506 1026 599 1053 cum
627 1011 775 1066 gaudio
806 1011 1049 1065 sepelierunt
1078 1025 1182 1053 eum.

226 1074 260 1096 ¹⁷
279 1071 421 1113 Omnis
441 1076 579 1112 autem
598 1071 786 1125 cognatio
806 1071 900 1115 eius,
923 1076 963 1111 et
982 1071 1112 1111 omnis
1130 1071 1335 1124 generatio
1355 1070 1439 1111 eius
1457 1070 1498 1110 in
1517 1070 1625 1110 bona
1642 1069 1740 1117 vita,
1762 1075 1803 1110 et
1820 1070 1861 1110 in
1879 1074 2022 1110 sancta
2078 1067 2173 1092 ⁰¹⁰⁰ss

123 1131 431 1173 conversatione
449 1130 684 1184 permansit,
706 1130 766 1171 ita
783 1135 830 1171 ut
848 1130 1004 1184 accepti
1023 1135 1156 1171 essent
1174 1135 1261 1171 tam
1279 1129 1378 1179 Deo,
1401 1141 1524 1183 quam
1542 1127 1785 1178 hominibus,
1806 1133 1847 1170 et
1865 1127 2021 1169 cunctis
2046 1103 2204 1162 genffigfio-

123 1190 408 1232 habitantibus
437 1189 479 1230 in
509 1194 628 1232 terra..

199 3502 226 3526 Η
235 3509 249 3527 e
257 3506 269 3528 t
279 3508 293 3526 ι
300 3510 314 3528 e
323 3508 342 3526 n
350 3509 392 3527 au
401 3508 416 3526 e
425 3508 438 3526 r
445 3521 451 3531 ,
475 3500 600 3534 Vulgata
621 3500 810 3528 Clementina.
1760 3489 1810 3531 28
