2356 3760
109 94 161 134 13,
187 94 306 132 1744,
333 92 375 126 10
1010 85 1128 120 OSEE
1937 85 2009 126 861

109 184 171 229 13.
227 188 240 210 ¹
257 186 469 238 Loquente
484 182 694 236 Ephraim,
712 181 853 222 horror
868 178 1020 219 invasit
1038 177 1173 220 Israel.
1244 181 1286 217 et
1300 175 1472 229 deliquit
1487 175 1528 215 in
1546 175 1658 223 Baal,
1677 180 1718 215 et
1733 182 1918 218 mortuus
1936 182 2007 218 est.
2031 175 2194 241 ζξῡξζίᾒξῇ

125 246 140 268 ²
160 244 215 285 Et
248 256 356 284 nunc
390 242 637 284 addjderunt
670 240 721 280 ad
754 238 1027 292 peccandum:
1113 237 1379 288 feceruntque
1413 234 1488 275 sibi
1523 233 1726 275 conflatile
1761 235 1808 274 de
1844 241 2010 289 argento
2059 228 2089 236 '⁸
2124 234 2127 235 ⁷
2175 232 2202 236 ’“

370 315 441 342 5110
472 300 587 354 quasi
616 296 924 339 similitudinem
954 295 1167 343 idolorum,

159 363 321 402 tactura
335 359 538 401 artificum
554 363 689 399 totum
705 361 783 396 est:
841 354 901 395 his
916 354 992 407 ipsi
1008 354 1167 395 dieunt:
1188 352 1403 393 Imniolate
1419 351 1601 392 homines
1618 351 1767 392 vitulos
1784 352 2012 395 adorantes.

125 422 140 444 ³
163 420 316 461 Idcirco
347 423 466 459 erunt
498 415 612 471 quasi
642 414 770 455 nubes
800 413 1019 457 matutina,
1104 418 1145 452 et
1175 411 1279 452 sieut
1309 424 1373 451 ros
1404 410 1633 450 matutinus
1664 410 1908 463 praeteriens‚

161 479 266 520 sicut
292 477 425 530 pulvis
453 475 615 516 turbine
641 478 784 525 raptus
812 485 861 512 ex
888 484 992 514 area.
1075 478 1116 511 et
1142 470 1247 511 sieut
1273 470 1410 509 fumus
1437 469 1486 508 de
1514 469 1698 509 fumario.

127 540 140 561 ⁴
166 537 270 590 aEgo
301 543 440 576 autem
468 533 668 575 Dominus
698 532 809 571 Deus
839 535 933 571 tuus
964 543 1013 570 ex
1043 529 1165 570 Terra
1194 527 1380 581 AEgypti:

162 601 203 636 et
230 595 364 635 Deum
395 594 548 646 absque
577 604 641 631 me
670 589 833 634 nescies,
918 595 959 629 et.
987 588 1169 629 salvator
1197 600 1278 627 non
1309 594 1368 626 est
1398 592 1544 638 praeter
1572 599 1647 626 me.

125 656 140 678 ⁵
161 654 247 708 Ego
278 652 450 707 cognovi
477 656 518 691 te
547 650 589 690 in
618 650 789 697 deserto,
821 648 862 688 in
892 654 1001 688 terra
1029 646 1269 688 solitudinis.

126 715 141 736 ⁶
164 713 287 753 quta
315 722 467 765 pascua
495 722 567 750 sua
598 707 809 760 adimpleti
838 712 946 751 sunt,
1031 711 1072 746 et
1101 704 1275 746 saturati
1305 710 1418 744 sunt:

161 776 203 812 et
230 771 473 812 levaverunt
502 780 569 808 cor
597 780 728 811 suum,
813 771 853 806 et
884 764 999 806 obliti
1028 770 1125 805 sunt
1153 763 1243 804 mei.

127 832 140 853 ⁷
162 830 217 870 Et
246 842 317 882 ego
347 841 413 868 ero
443 826 497 867 eis
529 825 643 879 quasi
672 825 810 868 leaena,
895 824 997 864 sicut
1028 823 1179 876 pardus
1209 822 1249 862 in
1280 821 1345 861 via
1375 820 1646 873 Assyriorum.

127 892 142 913 ⁸
161 889 381 930 Oceurram
409 886 462 926 eis
491 884 606 939 quasi
633 897 726 925 ursa
752 883 879 936 raptis
908 882 1064 926 catulis,
1147 887 1186 921 et
1215 880 1446 933 dirumpam
1474 879 1667 920 interiora
1692 878 1831 920 iecoris
1859 892 2016 920 eorum:

162 952 203 988 et
231 958 469 987 consumam
499 957 565 985 eos
594 943 648 983 ibi
679 942 794 996 quasi
822 941 895 986 leo,
982 940 1112 981 bestia
1140 939 1224 994 agri
1254 939 1411 979 scindet
1441 952 1518 979 eos.

126 1008 141 1030 ⁹
162 1004 341 1046 Perditio
371 1008 445 1044 tua
475 1002 616 1043 Israel:
700 1000 990 1041 tantummodo
1020 999 1061 1040 in
1090 1012 1154 1039 me
1185 997 1381 1039 auxilium
1412 1002 1541 1038 tuum.

111 1067 146 1089 ¹⁰
163 1064 243 1106 Ubi
271 1068 333 1104 est
358 1075 429 1103 rex
456 1062 577 1103 tuus?
658 1059 836 1100 maxime
863 1072 970 1099 nunc
1000 1058 1131 1098 salvet
1158 1062 1198 1098 te
1226 1057 1266 1097 in
1296 1056 1483 1097 omnibus
1512 1055 1679 1096 urbibus
1709 1056 1806 1096 tuis:

162 1128 203 1164 et
232 1121 383 1163 iudices
413 1121 485 1169 tui,
519 1121 568 1161 de
600 1119 746 1173 quibus
777 1117 934 1159 dixisti:
1025 1118 1109 1157 bDa
1138 1116 1237 1156 mihi
1266 1128 1412 1169 regem.
1446 1121 1487 1155 et
1517 1114 1728 1167 principes.

111 1184 141 1206 ¹1
161 1181 280 1222 Dabo
310 1180 385 1221 tibi
414 1193 547 1234 regem
576 1179 617 1218 in
645 1178 779 1218 furore.
809 1190 910 1219 11100,
995 1182 1035 1216 et.
1064 1176 1246 1216 auferam
1276 1174 1316 1214 in
1345 1173 1624 1223 indignatione
1653 1186 1754 1213 mea.

112 1288 143 1310 ¹²
163 1285 361 1338 Colligata
390 1289 451 1324 est
479 1282 674 1336 iniquitas
704 1281 913 1334 Ephraim.
999 1278 1285 1320 absconditum
1315 1285 1530 1331 peecatum
1561 1277 1656 1317 eius.
2046 1280 2149 1339 „sifus
2168 1317 2209 1338 m

112 1346 143 1370 ¹³
162 1344 331 1385 Dolores
361 1341 626 1396 parturientis
657 1340 821 1380 venient
851 1340 903 1379 ei:
989 1339 1071 1391 ipse
1101 1337 1205 1378 filius
1235 1350 1317 1377 non
1347 1336 1524 1389 sapiens:
2067 1324 2078 1339 ¹'
2102 1321 2164 1345 ¹¹¹¹*
2199 1333 2203 1337 '

164 1415 272 1442 nune
301 1402 407 1442 enim
437 1413 518 1441 non
548 1399 675 1439 stabit
705 1398 745 1438 in
776 1397 1020 1438 contritione
1050 1396 1236 1437 filiorum.

113 1463 143 1485 ¹⁴
163 1461 225 1501 De
253 1473 378 1500 manu
408 1458 550 1499 mortis
580 1457 761 1498 liberabo
791 1470 869 1499 005,
955 1457 1003 1496 de
1033 1461 1164 1496 morte
1193 1454 1391 1495 redimam
1422 1466 1506 1494 eos:

141 1560 143 1562 ,
172 1532 253 1560 cero
283 1532 390 1559 mors
421 1524 495 1558 tua
523 1530 544 1558 0
575 1529 694 1559 111015,
779 1529 936 1556 morsus
968 1521 1062 1555 tuus
1092 1527 1157 1555 ero
1188 1514 1361 1554 inferne:

165 1577 388 1619 Consolatio
419 1575 662 1617 abscondita
691 1580 752 1615 est
781 1574 832 1614 ab
863 1573 987 1615 oculis
1017 1573 1127 1614 meis.

114 1639 144 1662 ¹⁵
165 1636 271 1685 Quia
291 1636 375 1688 ipse
398 1635 505 1675 inter
525 1635 670 1674 fratres
694 1633 869 1674 dividet:
949 1633 1146 1673 dadducet
1171 1637 1355 1672 urentem
1380 1636 1548 1670 ventum
1572 1629 1773 1671 Dominus
1796 1630 1845 1670 de
1867 1630 2027 1670 deserto

376 1694 663 1734 ascendentem
676 1706 683 1732 :

166 1760 206 1795 et
236 1753 406 1794 siccabit
435 1765 560 1793 venas
590 1752 685 1795 eius.
771 1757 810 1792 et
841 1750 1041 1792 desolabit
1070 1750 1227 1791 fontem
1258 1749 1354 1793 eius.

166 1819 207 1854 et
237 1813 321 1865 ipse
352 1811 514 1865 diripiet
544 1811 782 1851 thesaurum
813 1809 942 1850 omnis
974 1809 1079 1849 vasis
1110 1807 1399 1849 desiderabilis.

114 1871 176 1915 14.
234 1874 245 1895 ¹
273 1871 419 1911 Pereat
442 1870 638 1915 Samaria,
720 1869 912 1922 quoniam
940 1869 990 1909 ad
1017 1867 1333 1908 amaritudinem
1361 1866 1583 1907 concitavit
1610 1866 1743 1905 Deum
1770 1878 1907 1905 suum:
1987 1864 2027 1905 in

374 1929 508 1982 gladio
538 1934 720 1981 pereant,

166 1988 325 2042 parvuli
354 2001 493 2028 eorum
522 1987 737 2028 elidantur.
821 1993 859 2026 et
888 1987 1000 2026 foetae
1028 1986 1111 2026 eius
1138 1985 1433 2026 discindantur.

131 2095 146 2117 '³
166 2093 409 2133 Convertere
429 2090 551 2131 Israel
567 2091 618 2131 ad
634 2090 858 2130 Dominum
874 2090 1006 2130 Deum
1025 2096 1162 2130 tuum:
1234 2088 1427 2142 quoniam
1444 2087 1628 2128 corruisti
1647 2087 1686 2127 in
1704 2087 1922 2140 iniquitate
1939 2092 2022 2127 tua.
2045 2087 2218 2147 32323‘3392„

130 2154 146 2176 3
167 2151 310 2192 Tollite
340 2150 551 2192 vobiscum
583 2149 718 2194 verba,
803 2156 842 2189 et
873 2148 1158 2189 convertimini
1188 2148 1240 2188 ad
1270 2146 1513 2188 Dominum:
2045 2132 2215 2183 ‘ani-siri„-

167 2217 207 2251 et
238 2209 358 2251 dicite
389 2209 442 2249 ei:
475 2208 648 2249 Omnem
680 2209 794 2248 aufer
823 2208 1097 2261 iniquitatem,
1131 2207 1267 2260 accipe
1300 2207 1471 2247 bonum:
1557 2211 1597 2246 et
1628 2205 1842 2246 reddemus
1874 2204 2024 2245 vitulos
2103 2196 2158 2218 ¹¹³⁴

376 2267 578 2309 labiorum
608 2273 854 2308 nostrorum.

133 2330 147 2353 ⁴
167 2328 294 2368 Assur
322 2340 403 2368 11011
433 2326 611 2367 salvabit
640 2339 724 2375 1105,
810 2338 930 2378 super
959 2338 1109 2379 equum
1140 2337 1221 2365 non
1252 2324 1528 2366 ascendemus.

168 2399 241 2427 nec
271 2386 450 2427 dicemus
480 2385 605 2425 ultra:
638 2384 703 2425 Dii
734 2384 861 2425 nostri
944 2397 1066 2438 opera
1094 2396 1292 2424 manuum
1322 2387 1572 2423 nostrarum:

169 2445 265 2499 quia
292 2445 386 2493 eius,
418 2444 488 2498 qui
513 2444 554 2484 in
583 2449 623 2484 te
651 2449 722 2489 est,
753 2443 1003 2483 misereberis
1031 2442 1186 2496 pupilli.

133 2506 148 2528 5
167 2504 330 2545 Sanabo
361 2502 624 2544 contritiones
655 2515 805 2551 eorum,
891 2501 1054 2551 diligam
1085 2515 1152 2542 eos
1181 2508 1424 2554 spontanee:

169 2562 265 2616 quia
294 2575 458 2602 aversus
489 2566 549 2602 est
578 2562 690 2602 furor
718 2574 831 2601 meus
861 2561 912 2601 ab
943 2561 1009 2602 eis.

133 2623 149 2645 ⁶
169 2621 249 2662 Ero
271 2620 385 2674 quasi
403 2634 479 2665 105,
556 2620 678 2661 lsrael
695 2619 943 2674 germinabit
960 2619 1066 2660 sicut
1083 2619 1224 2662 lilium,
1299 2624 1339 2658 et
1358 2622 1546 2670 erumpet.
1563 2616 1679 2657 radix
1699 2616 1782 2657 eius
1802 2621 1849 2656 ut
1867 2615 2025 2657 Libani.

134 2682 148 2703 ⁷
172 2680 298 2720 Ibunt
321 2679 423 2720 rami
448 2679 543 2722 eius.
623 2685 664 2719 et
689 2679 765 2719 erit
790 2679 903 2732 quasi
930 2677 1038 2719 oliva
1061 2677 1186 2731 gloria
1212 2677 1314 2717 eius:
1394 2682 1435 2716 et
1459 2676 1559 2716 odor
1583 2675 1666 2716 eius
1692 2681 1737 2716 ut
1762 2674 1919 2716 Libani.

134 2740 149 2763 ⁸
169 2738 471 2780 Convertentur
498 2738 684 2778 sedentes
714 2737 754 2778 in
784 2737 931 2778 umbra
959 2737 1061 2777 eius:
1146 2737 1288 2776 vivent
1317 2735 1466 2778 tritico,

170 2804 211 2838 et
238 2797 528 2851 germinabunt
558 2796 673 2850 quasi
702 2796 840 2837 vinea:
924 2795 1156 2836 memoriale
1186 2795 1270 2835 eius
1300 2794 1405 2834 sicut
1434 2793 1575 2833 vinum
1606 2792 1762 2834 Libani.

135 2858 150 2880 ⁹
171 2856 367 2909 Ephraim
398 2856 495 2909 quid
524 2855 623 2895 mihi
653 2855 761 2896 ultra
790 2855 922 2896 idola?
1006 2868 1077 2907 ego
1108 2853 1337 2896 exaudiam,
1370 2858 1412 2893 et
1440 2852 1609 2905 dirigam
1641 2864 1733 2891 eum

170 2928 242 2968 ego
273 2920 319 2954 ut
349 2914 523 2955 abietem
554 2914 772 2955 virentem:
856 2926 906 2954 ex
935 2927 999 2953 me
1028 2914 1185 2953 fructus
1215 2918 1310 2953 tuus
1341 2912 1533 2952 inventus
1563 2916 1633 2951 est.

120 2975 154 2998 ¹⁰
171 2973 269 3022 Quis
299 2973 470 3026 sapiens.
502 2978 543 3013 et
571 2972 768 3026 intelliget
799 2972 902 3012 ista?
985 2971 1224 3025 intelligens.
1250 2977 1296 3011 et
1327 2970 1426 3010 sciet
1454 2968 1564 3009 haec?

172 3032 268 3086 quia
295 3037 416 3072 rectae
444 3031 521 3071 viae
548 3031 726 3077 Domini,

172 3096 213 3132 et
240 3091 337 3132 iusti
367 3089 640 3131 ambulabunt
668 3090 709 3130 in
739 3089 811 3130 eis:
896 3089 1227 3143 praevaricatores
1257 3101 1352 3129 vero
1383 3090 1572 3128 corruent
1600 3085 1641 3126 in
1671 3085 1738 3128 015.

251 3169 491 3236 iasjssrslia
514 3195 564 3227 11.
587 3215 628 3217 -
648 3194 690 3228 10
710 3195 747 3228 bi
770 3193 828 3228 Sm
848 3193 880 3235 8,
901 3194 932 3228 5.
958 3214 999 3217 —
1023 3194 1066 3227 14
1089 3195 1121 3227 01
1145 3194 1209 3228 eor
1229 3194 1281 3233 15,
1302 3193 1359 3232 54;
1383 3191 1458 3224 Hbs
1477 3191 1508 3230 2,
1531 3191 1581 3224 14.
1608 3210 1650 3214 —
1673 3190 1715 3224 15
1735 3190 1805 3223 dEz
1826 3190 1878 3230 19,
1905 3190 1959 3226 12.
