2356 3760
95 1072 228 1097 Ieremias

74 1108 99 1132 ei
122 1109 245 1133 mortem

269 216 344 256 750
1080 211 1354 246 PROPHETIA
1919 215 1970 255 28,
1996 215 2114 256 5-29,
2141 216 2184 250 16

269 308 536 362 Babylonem,
566 320 637 358 ego
666 311 901 347 convertam
932 305 983 346 ad
1009 305 1143 346 locum
1170 306 1307 353 istum,
1338 305 1395 346 ait
1422 306 1641 347 Dominus:
1671 312 1879 348 conteram
1907 309 2012 350 enim
2040 310 2180 364 iugum

266 367 368 420 regis
396 366 629 420 Babylonis.
684 367 698 389 ⁵
724 364 777 405 Et
805 364 909 404 dixit
937 363 1126 404 Ieremias
1152 364 1353 418 propheta
1380 365 1432 405 ad
1459 365 1693 405 Hananiam
1719 366 1963 419 prophetam
1988 368 2029 408 in
2056 368 2180 410 oculis

267 426 538 467 sacerdotum.
559 431 598 465 et
618 424 657 464 in
678 422 801 463 oculis
821 422 951 463 omnis
970 422 1122 475 populi,
1145 423 1213 476 qui
1232 423 1373 463 stabat
1391 423 1431 463 in
1451 423 1571 464 domo
1591 424 1769 465 Domini.
1820 426 1835 448 ⁶
1853 430 1894 466 et
1913 426 1971 467 ait
1991 426 2180 468 Ieremias

267 484 486 538 propheta:
514 484 656 525 Amen,
683 482 739 521 sic
764 480 889 521 faciat
914 481 1134 522 Dominus:
1162 482 1332 522 suscitet
1356 481 1557 522 Dominus
1583 483 1709 523 verba
1734 488 1818 532 tua,
1848 496 1938 537 quae
1961 486 2180 538 propheta-

266 543 336 584 sti:
370 548 415 583 ut
447 542 674 583 referantur
705 553 804 580 vasa
834 540 873 579 in
906 539 1075 580 domum
1106 540 1284 585 Domini,
1318 545 1359 580 et
1390 541 1520 581 omnis
1552 541 1856 595 transmigratio
1889 543 1938 583 de
1970 543 2181 597 Babylone

267 602 319 642 ad
338 601 470 642 locum
493 601 628 640 istum.
681 600 694 622 ⁷
716 598 1009 638 Verumtamen
1031 598 1126 639 audi
1146 599 1316 638 verbum
1340 598 1426 647 1100,
1451 600 1559 652 (111οᾶ
1580 613 1651 653 ego
1672 600 1817 653 loquor
1836 600 1875 640 in
1898 602 2063 642 auribus
2083 603 2178 651 tuis,

266 666 305 700 et
327 660 365 699 111
388 660 552 699 auribus
573 657 748 698 universi
770 656 927 710 populi:
979 659 994 680 ⁸
1015 656 1241 710 Prophetae.
1266 657 1333 710 qui
1354 657 1519 698 fuerunt
1540 663 1635 698 ante
1655 672 1719 699 me
1740 664 1779 700 et
1800 665 1895 700 ante
1916 665 1956 700 te
1976 661 2027 701 ab
2048 661 2179 709 initio,

266 727 305 759 et
332 718 683 771 prophetaverunt
709 728 830 768 super
853 720 981 755 terras
1006 715 1170 765 multas,
1198 721 1239 756 et
1264 728 1384 769 super
1407 729 1532 769 regna
1556 729 1703 770 magna
1730 718 1779 758 de
1804 718 1953 770 praelio,
1982 723 2023 760 et
2048 720 2097 760 de
2123 719 2181 760 af-

266 777 454 818 flictione,
481 781 519 816 et
544 776 592 816 de
616 775 734 815 fame.
790 776 805 798 ⁹
828 774 1047 827 Propheta,
1075 775 1142 827 qui
1166 774 1417 815 vaticinatus
1441 780 1502 815 est
1524 788 1685 828 pacem:
1711 790 1801 817 cum
1828 778 1985 818 venerit
2007 778 2180 818 verbum

266 835 362 879 eius,
397 835 547 876 scietur
578 834 791 887 propheta,
829 846 948 886 quem
983 833 1094 873 misit
1126 833 1327 874 Dominus
1360 834 1401 874 in
1435 834 1621 875 veritate.
1684 837 1720 859 ¹⁰
1751 835 1805 875 Et
1840 835 1936 876 tulit
1969 836 2181 877 Halia-nias

266 894 465 948 propheta
487 899 676 934 catenam
696 893 745 933 de
766 891 866 933 collo
890 892 1068 932 1010111131
1087 891 1309 945 prophetae,
1332 897 1373 933 et
1393 892 1592 945 confregit
1613 906 1714 934 eam.
1764 896 1793 918 ¹¹
1815 894 1871 935 Et
1890 894 1949 935 ait
1969 894 2181 936 Hananias

264 953 305 993 in
340 958 559 1007 conspectu
595 952 724 993 01111113
759 950 909 1004 populi,
947 951 1101 991 dicens:
1139 950 1236 992 Haec
1270 951 1369 992 dicit
1402 951 1622 992 Dominus:
1657 952 1721 993 Sic
1755 953 2007 1006 confringam
2041 954 2181 1007 iugum

267 1011 646 1052 Nabuchodonosor
665 1009 766 1063 regis
789 1009 1011 1063 Babylonis
1030 1014 1124 1062 post
1144 1010 1244 1051 duos
1265 1023 1392 1051 annos
1413 1010 1569 1051 dierum
1590 1011 1639 1051 de
1659 1011 1760 1052 collo
1781 1012 1963 1052 omnium
1982 1013 2178 1066 gentium.

373 1073 403 1095 ¹2
432 1070 485 1111 Et
515 1070 617 1110 abiit.
646 1068 835 1109 Ieremias
862 1068 1066 1122 propheta
1092 1068 1133 1108 in
1161 1068 1270 1108 viam
1300 1081 1427 1110 suam.
1459 1069 1513 1109 Et
1541 1069 1698 1110 factum
1727 1075 1789 1111 est
1815 1071 1986 1111 verbum
2014 1071 2182 1113 Domini

57 1143 255 1168 1ιηιηῑηωηοηι
268 1130 319 1170 3(1
352 1129 577 1170 Ieremiam.
610 1133 832 1181 postquam
864 1127 1062 1176 confregit
1094 1127 1305 1168 Hananias
1336 1127 1538 1181 propheta
1569 1133 1757 1169 catenam
1789 1130 1837 1170 de
1869 1129 1969 1171 collo
2003 1130 2182 1171 Ieremiae

67 1179 256 1203 vaticinatur.

118 1845 202 1870 [udaei

95 1883 129 1906 70
141 1881 223 1905 annis

104 1916 214 1946 captivi

111 1954 205 1978 erunt,

91 2788 189 2817 postea
212 2796 226 2811 a

98 2823 221 2847 Domino

74 2858 246 2882 reducentur

77 2894 113 2918 ad
131 2894 239 2921 111-110111,

119 3312 198 3336 euius

70 3347 249 3371 habitatores

82 3384 236 3412 praesentes

114 3418 201 3442 etiam

85 3453 232 3478 eicientur.

271 1188 492 1242 propheta»,
517 1188 671 1228 dicens:
721 1189 753 1211 ¹³
773 1186 898 1228 Vade,
922 1190 963 1226 et
983 1186 1090 1226 dices
1113 1186 1331 1227 Hananiae:
1356 1186 1453 1228 Haec
1475 1187 1573 1228 dicit
1592 1187 1812 1228 Dominus:
1836 1188 2010 1229 Catenas
2030 1189 2182 1242 ligneas

263 1246 511 1288 contrivisti:
534 1251 574 1287 et
594 1246 716 1287 facies
737 1259 809 1299 1110
830 1245 885 1285 013
906 1250 1072 1286 03101133
1092 1245 1253 1286 ferreas,
1304 1247 1335 1270 ¹⁴¹
1356 1246 1461 1294 Quia
1479 1245 1565 1287 haec
1586 1246 1686 1287 dicit
1704 1247 1906 1288 Dominus
1927 1248 2181 1288 exercituum

262 1306 372 1346 Deus
412 1305 552 1346 Israel:
593 1305 739 1358 Iugum
776 1304 951 1344 ferreum
987 1304 1104 1357 posui
1141 1317 1262 1358 super
1298 1304 1446 1345 collum
1484 1310 1725 1346 cunctarum
1762 1306 1957 1347 Gentium
1994 1306 2178 1355 istarum,

263 1369 308 1405 ut
331 1364 513 1405 serviant
535 1364 915 1405 Nabuchodonosor
935 1363 1017 1416 regi
1041 1363 1276 1416 Babylonis,
1302 1368 1343 1404 et
1364 1364 1544 1404 servient
1565 1364 1618 1404 ei:
1642 1364 1807 1418 insuper
1828 1370 1869 1405 et
1891 1365 2041 1405 bestias
2063 1370 2181 1406 terrae

262 1424 355 1464 dedi
382 1423 428 1465 ei.
484 1425 515 1448 ¹⁵
542 1423 597 1464 Et
624 1422 729 1463 dixit
756 1421 947 1462 Ieremias
973 1422 1174 1475 propheta
1201 1422 1253 1463 ad
1281 1422 1516 1463 Hananiam
1542 1423 1806 1476 prophetam:
1834 1423 1942 1464 Audi
1970 1424 2179 1464 Hanania:

262 1495 343 1524 non
364 1483 475 1523 misit
492 1488 532 1523 te
550 1482 764 1523 Dominus.
786 1486 825 1522 et
844 1486 890 1521 tu
909 1480 1110 1521 confidere
1129 1481 1260 1521 fecisti
1278 1481 1476 1535 populum
1495 1481 1620 1522 istum
1639 1481 1679 1522 in
1698 1482 1923 1524 mendacio.
1971 1484 2006 1506 ¹⁶
2026 1482 2180 1524 Idcirco

261 1541 347 1582 haec
367 1541 466 1582 dicit
484 1541 704 1582 Dominus:
727 1540 832 1581 Ecce
852 1553 924 1593 ego
945 1539 1111 1580 mitta-m
1131 1545 1172 1580 te
1193 1553 1216 1580 a
1235 1540 1336 1580 facie
1357 1545 1492 1580 terrie:
1514 1540 1590 1581 hoc
1611 1553 1718 1581 anno
1739 1541 1939 1582 morieris:
1962 1541 2178 1582 adversum

261 1600 369 1641 enim
399 1600 624 1641 Dominum
654 1600 815 1640 locutus
846 1611 898 1639 es.
958 1600 991 1622 ¹⁷
1022 1598 1078 1638 Et
1107 1603 1294 1639 mortuus
1325 1603 1387 1639 est
1418 1598 1628 1639 Hananias
1658 1600 1860 1653 propheta
1890 1600 1931 1640 in
1962 1613 2068 1641 anno
2098 1600 2178 1649 illo,

261 1672 398 1699 mense
426 1659 611 1712 septimo.

418 1764 456 1803 3.
486 1762 700 1803 Ieremias
730 1761 1155 1813 pseudoprophetis
1186 1761 1463 1813 captivitatis
1494 1760 1778 1812 contradicit,
1807 1761 1873 1812 29,
1893 1763 2039 1802 1—20.

370 1842 434 1886 29.
490 1845 501 1867 ¹
533 1842 589 1883 Et
615 1842 700 1883 11100
729 1846 827 1883 311111
853 1842 980 1883 verba
1006 1842 1109 1886 libri.
1142 1856 1262 1896 quem
1291 1843 1402 1884 misit
1432 1843 1621 1884 Ieremias
1650 1843 1854 1897 propheta
1881 1844 1930 1884 de
1961 1844 2180 1885 Ierusalem

266 1903 317 1944 ad
346 1902 535 1956 reliquias
565 1902 769 1942 seniorum
799 1901 1181 1955 transmigrationis,
1214 1907 1255 1942 et
1284 1902 1336 1943 ad
1365 1903 1607 1946 sacerdotes,
1640 1907 1682 1943 et
1711 1903 1761 1943 ad
1792 1902 2025 1956 prophetas,
2058 1909 2099 1944 01
2128 1904 2180 1945 3(1

266 1975 428 2003 0111110111
453 1960 663 2015 1101111111111,
694 1973 814 2014 (1110111
841 1961 1083 2001 traduxerat
1109 1960 1489 2002 Nabuchodonosor
1514 1962 1563 2002 de
1591 1961 1809 2002 Ierusalem
1835 1962 1877 2002 in
1904 1962 2177 2016 Babylonem:

263 2023 277 2045 ‘2
304 2026 525 2074 postquam
553 2032 733 2073 egressus
761 2023 823 2060 est
851 2019 1062 2060 lechonias
1089 2032 1171 2069 rex,
1202 2024 1243 2060 et
1270 2020 1448 2069 domina,
1478 2025 1519 2061 et
1546 2020 1732 2070 eunuchi,
1763 2025 1804 2061 et
1830 2020 2031 2074 principes
2061 2021 2176 2071 Iuda,

262 2085 303 2120 et
333 2079 565 2128 Ierusalem,
598 2083 639 2119 et
667 2078 792 2122 faber,
826 2082 867 2119 et
895 2078 1072 2120 inclusor
1101 2079 1149 2119 de
1181 2078 1420 2119 Ierusalem:
1477 2082 1492 2103 3
1520 2079 1561 2119 in
1591 2092 1717 2120 11131111
1747 2078 1871 2120 Elasa
1898 2079 1969 2120 filii
1997 2079 2176 2133 Saphan,

262 2143 303 2179 et
330 2137 532 2180 (1311131131ι
558 2137 627 2178 filii
656 2137 818 2182 Helciae,
849 2151 949 2191 quos
977 2137 1088 2178 misit
1114 2137 1300 2179 Sedecias
1327 2151 1399 2178 rex
1428 2138 1531 2179 Iuda
1558 2138 1609 2179 ad
1638 2138 2019 2179 Nabuchodonosor
2043 2151 2179 2192 regem

262 2196 486 2250 Babylonis
515 2196 557 2237 in
587 2196 854 2250 Babylonem,
887 2196 1041 2237 dicens:
1098 2198 1114 2221 ⁴¹
1144 2196 1241 2237 Haec
1271 2197 1371 2237 dicit
1398 2197 1600 2238 Dominus
1631 2197 1884 2238 exercituum
1912 2197 2024 2238 Deus
2055 2197 2179 2239 Israel

262 2256 373 2297 omni
404 2255 764 2308 transmigrationi,
800 2267 923 2308 quam
955 2254 1147 2295 transtuli
1178 2256 1227 2296 de
1260 2255 1479 2296 Ierusalem
1510 2256 1551 2296 in
1584 2256 1858 2310 Babylonem:
1917 2258 1932 2280 5
1962 2256 2178 2297 AEdificate

262 2315 417 2357 domos.
451 2320 490 2355 et
520 2314 725 2355 habitate:
758 2318 799 2355 et
827 2313 1014 2367 plantate
1043 2314 1195 2358 hortos,
1228 2319 1269 2354 et
1299 2314 1498 2355 comedite
1527 2314 1707 2355 fructum
1738 2327 1889 2356 eorum.
1951 2316 1966 2338 ⁶
1993 2315 2178 2368 Accipite

262 2386 419 2416 uxores,
446 2378 487 2414 et
509 2378 699 2427 generate
723 2372 825 2413 filios
850 2377 890 2413 et
914 2372 1033 2413 filias:
1060 2377 1101 2413 et
1124 2373 1220 2413 date
1244 2372 1333 2414 filiis
1358 2373 1503 2414 vestris
1527 2386 1684 2418 uxores,
1711 2378 1752 2414 et
1775 2372 1876 2413 filias
1900 2378 2057 2414 vestras
2082 2374 2178 2414 date

262 2432 369 2476 viris,
399 2437 439 2473 et
465 2432 628 2485 pariant
656 2431 757 2473 filios
784 2436 825 2472 et
851 2431 970 2472 filias:
999 2436 1041 2472 et
1065 2431 1397 2485 multiplicamini
1422 2432 1489 2479 ibi,
1519 2437 1561 2473 et
1585 2432 1711 2473 nolite
1738 2445 1822 2473 esse
1848 2432 1968 2485 pauci
1993 2445 2174 2474 numero.

264 2493 277 2514 ⁷
305 2491 360 2532 Et
389 2491 556 2544 quaerite
583 2503 726 2544 pacem
754 2490 946 2539 civitatis,
977 2491 1029 2531 ad
1057 2503 1181 2544 quam
1208 2490 1496 2544 transmigrare
1524 2504 1596 2532 vos
1622 2491 1717 2532 feci:
1746 2496 1785 2531 et
1814 2496 1926 2531 orate
1952 2503 2024 2544 pro
2052 2504 2100 2531 ea
2125 2491 2179 2532 ad

260 2549 504 2590 Dominum:
526 2550 622 2603 quia
639 2549 679 2589 in
697 2562 796 2602 pace
814 2548 919 2590 illius
938 2549 1013 2590 erit
1031 2562 1114 2602 pax
1130 2549 1259 2590 vobis.
1310 2550 1325 2573 ⁸
1344 2550 1441 2591 Haec
1460 2550 1567 2590 enim
1587 2550 1686 2591 dicit
1703 2549 1905 2590 Dominus
1924 2550 2178 2590 exercituum

262 2609 373 2649 Deus
404 2608 544 2649 Israel:
581 2608 692 2649 aNon
720 2621 793 2649 vos
821 2608 1021 2649 seducant
1048 2608 1259 2662 prophetae
1288 2608 1424 2657 vestri,
1457 2609 1525 2662 qui
1554 2613 1651 2649 sunt
1678 2608 1719 2649 in
1747 2609 1880 2649 medio
1910 2614 2105 2653 vestrum,
2137 2613 2178 2649 et

263 2667 391 2708 divini
415 2667 557 2707 vestri:
594 2672 633 2707 et
658 2680 707 2707 ne
733 2667 958 2707 attendatis
984 2667 1035 2707 ad
1060 2667 1219 2708 somnia
1242 2672 1390 2715 vestra,
1419 2680 1509 2721 quae
1533 2681 1605 2708 vos
1630 2667 1860 2708 somniatis:
1916 2669 1931 2691 ⁹
1957 2666 2052 2720 quia
2074 2666 2175 2708 falso

262 2726 338 2780 ipsi
362 2725 614 2779 prophetant
638 2725 753 2767 vobis
777 2725 818 2766 in
843 2726 1006 2767 nomine
1030 2739 1138 2767 meo:
1166 2731 1205 2767 et
1229 2739 1310 2767 non
1335 2726 1424 2766 misi
1450 2739 1527 2775 eos,
1555 2726 1654 2767 dicit
1677 2725 1890 2767 Dominus
2123 2728 2126 2731 ’

370 2786 405 2809 ¹⁰
436 2784 561 2833 bQuia
586 2785 671 2825 haec
698 2784 797 2825 dicit
822 2784 1041 2825 Dominus:
1071 2785 1172 2825 Cum
1201 2784 1399 2838 coeperint
1424 2784 1582 2839 impleri
1608 2785 1649 2825 in
1677 2785 1888 2839 Babylone
1915 2784 2178 2839 septuaginta

266 2844 373 2892 anni,
401 2843 578 2884 visitabo
605 2857 694 2884 vos:
723 2848 762 2884 et
788 2843 993 2884 suscitabo
1020 2856 1140 2897 super
1164 2857 1236 2885 vos
1262 2843 1433 2885 verbum
1458 2857 1596 2885 meum
1624 2844 1787 2892 bonum,
1814 2848 1862 2884 ut
1885 2843 2078 2884 reducam
2103 2856 2176 2884 vos

265 2903 316 2943 ad
346 2902 480 2943 locum
511 2902 647 2943 istum.
708 2904 737 2926 ¹¹
770 2902 856 2956 Ego
888 2901 994 2943 enim
1026 2902 1106 2943 scio
1138 2903 1417 2956 cogitationes,
1452 2916 1552 2957 quas
1584 2916 1655 2956 ego
1687 2902 1819 2956 cogito
1851 2913 1971 2955 super
2000 2915 2084 2946 vos,
2119 2901 2177 2942 ait

262 2961 474 3009 Dominus,
501 2961 768 3014 cogitationes
791 2960 914 3014 pacis,
940 2965 981 3002 et
1004 2974 1085 3002 non
1110 2961 1353 3011 afflictionis,
1379 2966 1427 3002 ut
1450 2962 1543 3002 dem
1566 2961 1682 3002 vobis
1706 2961 1829 3001 finem
1852 2965 1893 3001 et
1915 2959 2172 3013 patientiam.

263 3021 293 3043 ¹²
319 3020 373 3060 Et
400 3019 645 3061 invocabitis
671 3033 747 3068 me,
777 3025 818 3060 et
843 3020 971 3061 ibitis:
1001 3024 1042 3061 et
1068 3020 1236 3061 orabitis
1262 3033 1338 3069 me,
1367 3025 1408 3061 et
1434 3033 1505 3073 ego
1533 3020 1751 3061 exaudiam
1777 3032 1862 3061 vos.
1918 3021 1950 3043 ¹³
1977 3019 2175 3068 Quaeretis

263 3092 337 3120 me,
363 3084 401 3119 01
425 3078 658 3119 invenietis:
683 3092 775 3119 cum
799 3078 1036 3132 quaesieritis
1058 3092 1122 3119 me
1143 3079 1183 3119 in
1207 3083 1296 3120 toto
1319 3079 1438 3120 corde
1460 3083 1608 3120 vestro.
1661 3080 1692 3103 ¹4
1714 3078 1770 3119 Et.
1792 3078 1978 3118 inveniar
1999 3090 2023 3118 a
2043 3077 2172 3122 vobis.

263 3137 319 3177 ait
350 3137 568 3178 Dominus:
602 3142 643 3178 et
671 3138 864 3179 reducam
896 3137 1183 3191 captivitatem
1214 3142 1407 3186 vestram,
1440 3141 1482 3178 et
1511 3138 1763 3191 congregabo
1795 3149 1867 3178 vos
1898 3137 1947 3177 de
1978 3136 2175 3177 universis

262 3196 462 3248 gentibus.
484 3203 523 3237 et
542 3197 591 3237 de
610 3196 765 3251 cunctis
783 3196 892 3241 locis,
914 3197 965 3237 ad
985 3209 1075 3250 quae
1092 3196 1228 3249 expuli
1248 3209 1332 3246 vos,
1353 3196 1452 3237 dicit
1469 3196 1689 3237 Dominus:
1710 3201 1751 3236 et
1767 3195 1918 3236 reverti
1936 3207 2008 3236 vos
2026 3194 2176 3235 faciam

264 3254 312 3294 de
341 3254 440 3296 loeo,
474 3255 523 3295 ad
555 3268 676 3308 quem
706 3255 995 3307 transmigrare
1024 3267 1097 3296 vos
1126 3254 1213 3296 feci.

371 3314 402 3336 ¹⁵
434 3313 536 3362 Quia
568 3313 745 3354 dixistis:
778 3313 1004 3355 Suscitavit
1033 3314 1150 3354 nobis
1181 3313 1381 3354 Dominus
1413 3313 1640 3367 Prophetas
1671 3313 1711 3353 in
1744 3312 1973 3366 Babylone:
2007 3313 2041 3336 ¹⁸
2072 3311 2177 3360 Quia

265 3371 350 3412 haec
372 3371 469 3411 dicit
491 3371 691 3413 Dominus
714 3373 765 3413 ad
785 3385 932 3425 regem,
957 3372 1025 3425 qui
1047 3373 1161 3413 sedet
1181 3385 1301 3426 super
1321 3372 1466 3413 solium
1487 3372 1636 3417 David,
1661 3377 1702 3412 et
1723 3371 1774 3413 ad
1796 3383 1958 3413 omnem
1978 3369 2177 3424 populum

265 3430 540 3471 habitatorem
576 3431 684 3470 urbis
719 3431 848 3477 huius,
885 3432 936 3472 ad
970 3432 1114 3471 fratres
1148 3437 1316 3479 vestros,
1354 3431 1422 3485 qui
1455 3444 1536 3472 non
1569 3435 1666 3471 sunt
1699 3429 1843 3484 egressi
1876 3428 2089 3470 vobiscum
2135 3428 2177 3469 in

402 3555 454 3596 29,
480 3555 500 3589 8
526 3555 615 3600 ³Sup
642 3558 692 3596 14,
719 3558 773 3597 143
800 3559 851 3597 23,
878 3559 929 3591 16.
956 3580 996 3582 ὴ-
1023 3558 1064 3592 10
1087 3558 1125 3591 b?
1150 3557 1216 3591 Par
1238 3557 1291 3596 36,
1315 3556 1372 3597 213
1400 3556 1463 3589 Esr
1488 3557 1518 3596 1,
1544 3556 1576 3596 13
1602 3556 1673 3600 Sup
1698 3556 1750 3595 25,
1777 3556 1833 3594 12;
1860 3554 1916 3588 Dn
1942 3554 1972 3594 9,
1998 3556 2028 3589 2.
