2356 3760
111 90 164 130 17,
190 89 330 129 12j18‚
355 88 397 122 23
866 87 1270 123 PARALIPOMENON
1936 100 2008 141 381

216 184 247 206 ¹2
269 182 407 223 Crevit
428 195 519 235 ergo
544 182 751 235 iosaphat,
776 186 815 221 et
838 181 1122 233 magnificatus
1145 187 1206 222 est
1227 195 1354 235 usque
1376 183 1417 223 in
1439 183 1627 225 sublime:
1652 192 1774 240 atque
1796 192 2012 233 aedificavit
2068 193 2168 251 ¹13⁰&ss

110 242 150 282 in
180 241 284 281 Iuda
310 240 452 282 domos
479 241 531 281 ad
556 241 686 281 instar
712 239 898 287 turrium,
928 239 1128 292 urbesque
1154 246 1350 282 muratas.
1407 243 1438 266 13
1464 241 1520 282 Et
1546 243 1678 284 multa
1704 259 1825 299 opera
1850 252 2012 301 paravit
2036 232 2071 256 ΡΟ
2095 234 2200 286 ‘filique

110 300 152 340 in
175 300 344 340 urbibus
370 299 490 340 Iuda:
516 298 591 338 viri
615 310 777 351 quoque
801 297 1027 346 bellatores,
1054 303 1095 338 et
1117 298 1275 339 robusti
1298 305 1415 340 erant
1438 300 1479 340 in
1505 300 1734 351 Ierusalem,
1787 307 1818 329 ¹⁴
1843 319 2011 358 quorum

111 359 186 399 iste
216 371 407 399 numerus
435 369 507 410 per
534 356 677 397 domos
706 361 831 409 atque
858 355 1033 398 familias
1063 356 1331 409 singulorum:
1364 358 1411 398 In
1442 359 1545 399 Iuda
1573 360 1773 414 principes
1801 366 2012 415 exercitus,

111 417 251 458 Ednas
283 417 377 463 dux,
411 419 452 456 et
482 427 574 455 cum
605 428 650 456 eo
682 415 953 456 robustissimi
984 415 1060 455 viri
1091 420 1274 456 trecenta
1304 416 1440 457 millia.
1502 419 1532 441 ¹⁵
1563 418 1662 459 Post
1691 419 1799 461 hunc
1832 421 2013 463 Iohanan

111 477 308 530 princeps,
344 478 386 514 et
418 486 510 514 cum
544 486 589 514 eo
625 473 803 514 ducenta
836 473 1046 526 octoginta
1078 473 1215 515 millia.
1279 476 1313 498 ¹⁶
1346 475 1445 516 Post
1477 476 1601 516 istum
1637 490 1796 532 quoque
1829 480 2013 522 Amasias

112 535 216 576 filius
251 532 401 579 Zechri,
439 537 697 573 consecratus
732 532 922 577 Domino,
961 537 1001 572 et
1037 545 1128 572 cum
1165 545 1210 573 eo
1247 532 1424 574 ducenta
1458 533 1584 575 millia
1619 536 1796 577 virorum
1832 538 2011 581 fortium.

112 596 145 618 ¹⁷
178 592 299 632 Hunc
330 591 578 644 sequebatur
608 591 800 632 robustus
832 591 883 632 ad
914 590 1052 644 praelia
1082 590 1239 639 Eliada,
1273 597 1314 632 et
1345 605 1436 632 cum
1469 605 1513 634 eo
1546 595 1773 635 tenentium
1805 609 1942 637 arcum
1974 603 2015 638 et

111 651 299 704 clypeum
320 650 498 691 ducenta
516 649 654 690 millia.
704 651 738 673 ¹⁸
757 650 858 691 Post
877 650 1002 690 istum
1023 649 1148 690 etiam
1170 649 1360 698 Iozabad,
1383 655 1424 691 et
1444 664 1536 691 cum
1557 664 1601 692 eo
1623 658 1786 693 centum
1809 656 2017 709 octoginta

109 709 237 750 millia
264 708 548 762 expeditorum
576 707 766 750 militum.
825 710 859 733 ¹9
889 708 942 749 Hi
971 721 1111 750 omnes
1140 714 1257 749 erant
1286 708 1337 749 ad
1365 722 1533 750 manum
1563 710 1676 764 regis,
1708 713 1886 766 exceptis
1916 714 2013 763 aliis,

112 782 212 822 quos
239 772 431 821 posuerat
458 767 499 807 in
527 767 695 808 urbibus
722 767 906 811 muratis.
936 767 976 808 in
1004 768 1193 809 universo
1223 767 1338 809 Iuda.

436 872 475 911 2.
504 871 710 911 Amicitia
739 872 857 912 inter
887 871 1101 922 losaphat
1130 873 1174 913 et
1201 871 1372 923 Achab,
1402 872 1633 924 18,1—19‚
1653 875 1692 915 3.

218 942 282 986 18.
338 944 350 966 1
379 942 476 983 Fuit
503 955 595 996 ergo
626 942 823 996 Iosaphat
850 942 963 983 dives
990 948 1032 983 et
1058 942 1236 996 inclytus
1263 943 1452 993 multum,
1483 949 1523 986 et
1550 944 1753 985 affinitate
1781 945 2019 987 coniunctus
2041 949 2209 1009 0111111131]ῐρῂῶ

112 1006 173 1043 est
201 1001 356 1042 Achab.
2063 1008 2066 1009 ’

216 1062 231 1084 2
252 1060 556 1114 Descenditque
577 1066 672 1114 post
693 1074 821 1101 annos
843 1061 895 1101 ad
918 1073 1008 1101 eum
1031 1061 1072 1101 in
1094 1061 1339 1102 Samariam:
1364 1062 1415 1102 ad
1438 1062 1550 1102 cuius
1573 1062 1798 1103 adventum
1820 1064 2021 1105 mactavit
2035 1072 2098 1105 ‘1¹¹¹ss
2112 1066 2211 1090 1101111)

110 1119 253 1160 Achab
279 1119 436 1167 arietes
463 1124 504 1160 et
528 1119 652 1160 boves
676 1119 870 1173 plurimos
894 1119 981 1172 ipsi,
1008 1126 1048 1160 et
1071 1119 1222 1173 populo
1248 1120 1316 1174 qui
1341 1126 1510 1161 venerat
1533 1134 1625 1161 cum
1649 1134 1713 1161 eo:
1739 1122 2019 1176 persuasitque
2037 1101 2214 1161 mcliida'ssissim

110 1178 167 1220 illi
196 1183 243 1219 ut
273 1178 508 1219 ascenderet
536 1178 578 1219 in
608 1178 790 1219 Ramoth
820 1178 988 1219 Galaad.
1045 1181 1061 1203 ³
1089 1179 1287 1232 Dixitque
1317 1179 1458 1219 Achab
1488 1191 1558 1219 rex
1590 1179 1712 1219 Israel
1742 1180 1794 1220 ad
1824 1180 2019 1235 Iosaphat
2041 1178 2209 1196 ³⁵0³¹¹³¹¹¹¹¹³

110 1250 245 1291 regem
277 1237 397 1278 Iuda:
428 1237 531 1278 Veni
558 1250 718 1278 mecum
747 1238 789 1278 in
818 1237 1000 1278 Ramoth
1029 1236 1198 1278 Galaad.
1230 1238 1302 1278 Cui
1331 1237 1395 1278 ille
1424 1238 1651 1290 respondit:
1684 1238 1740 1279 Ut
1769 1252 1852 1292 ego,
1884 1246 1924 1280 et
1952 1245 2016 1281 tu:

111 1296 217 1337 sicut
245 1295 420 1349 populus
450 1301 558 1345 tuus,
590 1296 645 1337 sic
674 1301 716 1337 et
743 1296 919 1350 populus
946 1309 1079 1336 meus:
1110 1302 1328 1349 tecumque
1358 1296 1505 1336 erimus
1534 1297 1575 1337 in
1606 1296 1721 1338 bello.
1779 1300 1793 1321 1
1822 1298 2018 1351 Dixitque

114 1355 311 1408 Iosaphat
344 1355 397 1395 ad
429 1367 563 1408 regem
599 1354 740 1395 Israel:
776 1354 948 1395 Consule
982 1354 1146 1395 obsecro
1180 1355 1547 1408 impraesentiarum
1582 1368 1807 1397 sermonem
1840 1357 2017 1398 Domini.

215 1415 231 1438 ⁵
267 1413 537 1466 Congregavit
572 1413 696 1463 igitur
730 1426 800 1453 rex
839 1412 961 1453 lsrael
996 1413 1291 1466 prophetarum
1329 1414 1647 1467 quadringentos
1684 1415 1802 1459 viros,
1841 1420 1882 1456 et
1917 1416 2022 1457 dixit
2085 1415 2168 1439 11111111

111 1473 163 1513 ad
181 1485 266 1513 eos:
288 1472 336 1512 In
356 1471 537 1512 Ramoth
555 1464 713 1512 Galaad
732 1472 784 1512 ad
802 1471 1037 1512 bellandum
1056 1472 1112 1513 ire
1130 1472 1324 1513 debemus
1344 1486 1395 1513 an
1415 1473 1641 1526 quiescere?
1661 1473 1717 1514 At
1735 1473 1802 1521 illi,
1822 1474 2017 1521 Ascende,
2049 1450 2204 1515 ινξῖἶῖἶκῖῗὲε

110 1530 315 1584 inquiunt,
344 1536 386 1571 et
411 1530 549 1571 tradet
574 1530 685 1571 Deus
711 1531 752 1571 in
778 1544 903 1571 manu
930 1531 1044 1584 regis.
1102 1532 1117 1554 ⁶
1142 1531 1341 1585 Dixitque
1371 1531 1584 1585 Iosaphat:
1614 1532 1824 1586 Numquid
1851 1546 1932 1575 non
1959 1539 2017 1575 est
2033 1521 2226 1586 1,ζὲξᾶἷῖξὲῗᾷ

110 1589 175 1630 hic
192 1589 411 1643 prophetes
428 1589 608 1637 Domini,
628 1595 676 1630 ut
694 1589 745 1631 ab
763 1589 829 1631 illo
849 1590 973 1630 etiam
991 1590 1269 1643 requiramus?
1318 1592 1332 1614 ⁷
1350 1590 1406 1631 Et
1426 1591 1483 1631 ait
1500 1604 1570 1631 rex
1591 1591 1713 1632 israel
1731 1592 1783 1632 ad
1803 1592 2016 1646 iosaphat:

111 1648 188 1689 Est
210 1648 273 1689 vir
295 1661 411 1697 unus,
437 1662 462 1689 a
484 1662 564 1702 quo
587 1662 804 1702 possumus
827 1662 1004 1703 quaerere
1026 1649 1193 1690 Domini
1216 1649 1493 1691 voluntatem:
1518 1650 1588 1691 sed
1611 1663 1682 1704 ego
1706 1651 1772 1692 odi
1795 1664 1899 1700 eum,
1925 1652 2021 1704 quia

112 1720 193 1749 non
220 1707 445 1761 prophetat
470 1707 570 1749 mihi
598 1707 764 1755 bonum,
795 1708 864 1749 sed
891 1707 1047 1749 malum
1074 1709 1186 1750 omni
1213 1713 1414 1762 tempore:
1445 1714 1505 1749 est
1533 1714 1671 1750 autem
1699 1709 1888 1751 Michaeas
1916 1710 2019 1751 filius

114 1765 250 1807 Iemla.
280 1766 478 1820 Dixitque
507 1766 721 1820 Iosaphat:
752 1767 812 1807 Ne
838 1766 1018 1821 loquaris
1043 1780 1114 1808 rex
1141 1767 1217 1809 hoc
1243 1768 1377 1809 modo.
1436 1769 1451 1792 s
1478 1767 1652 1809 Vocavit
1679 1781 1770 1822 ergo
1797 1782 1868 1809 rex
1898 1769 2020 1810 Israel

112 1838 238 1866 unum
258 1825 308 1866 de
327 1825 533 1871 eunuchis,
556 1831 597 1867 et
616 1826 721 1866 dixit
740 1826 792 1866 ei:
814 1826 926 1867 Voca
944 1826 1024 1867 cito
1044 1826 1256 1867 Michaeam
1276 1826 1403 1867 filium
1425 1826 1562 1868 Iemla.
1614 1829 1629 1851 ⁹
1647 1827 1771 1868 Porro
1792 1840 1862 1868 rex
1883 1828 2017 1877 Israel,

111 1889 152 1925 et
180 1884 377 1938 Iosaphat
402 1896 473 1925 rex
502 1884 605 1925 Iuda
631 1890 803 1938 uterque
830 1885 1028 1926 sedebant
1054 1885 1095 1925 in
1122 1885 1220 1926 solio
1247 1899 1332 1933 suo,
1362 1886 1501 1926 vestiti
1529 1885 1640 1926 cultu
1668 1886 1793 1939 regio:
1822 1887 2020 1928 sedebant

111 1948 249 1983 autem
277 1943 319 1983 in
347 1956 441 1983 area
466 1943 585 1984 iuxta
611 1949 773 1997 portam
801 1944 1005 1989 Samariae,
1036 1957 1257 1998 omnesque
1284 1944 1494 1998 prophetae
1522 1945 1856 1986 vaticinabantur
1883 1959 2018 1987 coram

111 2002 178 2042 eis.
238 2003 273 2025 ¹⁰
301 2002 487 2043 Sedecias
518 2015 612 2043 vero
643 2002 747 2043 filius
778 2002 1001 2043 Chanaana‚
1029 2003 1126 2044 fecit
1155 2003 1231 2044 sibi
1261 2016 1413 2044 cornua
1442 2004 1581 2051 ferrea,
1614 2009 1655 2044 et
1685 2004 1760 2044 ait:
1794 2004 1891 2045 Haec
1921 2004 2019 2045 dicit

110 2060 329 2101 Dominus:
366 2060 441 2101 His
474 2061 692 2102 ventilabis
725 2061 898 2115 Syriam,
935 2062 1062 2102 donec
1096 2067 1282 2103 conteras
1316 2075 1417 2103 eam.
1481 2064 1510 2086 ¹¹
1545 2062 1777 2116 Omnesque
1810 2063 2020 2116 prophetae

111 2118 295 2160 similiter
308 2119 627 2173 prophetabant,
645 2126 770 2174 atque
785 2120 995 2161 dicebant:
1012 2120 1195 2161 Ascende
1210 2121 1251 2161 in
1268 2121 1449 2162 Ramoth
1464 2121 1633 2167 Galaad,
1650 2126 1692 2162 et
1706 2122 2017 2175 prosperaberis,

111 2184 152 2219 et
178 2178 314 2219 tradet
339 2191 406 2220 eos
430 2178 632 2220 Dominus
657 2179 697 2219 in
723 2192 848 2220 manu
874 2179 987 2233 regis
1043 2181 1074 2204 ¹²
1101 2180 1284 2220 Nuncius
1309 2185 1460 2228 autem,
1489 2180 1557 2234 qui
1583 2180 1686 2221 ierat
1711 2180 1762 2221 ad
1788 2181 2019 2222 vocandum

110 2237 335 2286 Michaeam,
363 2237 421 2278 ait
444 2236 518 2279 illi:
545 2238 609 2279 En
634 2238 760 2279 verba
783 2238 966 2280 omnium
991 2239 1286 2292 prophetarum
1311 2252 1391 2280 uno
1417 2252 1484 2280 ore
1509 2239 1617 2280 bona
1640 2239 1722 2293 regi
1747 2240 2017 2281 annunciant:

112 2309 246 2350 quaeso
270 2309 362 2350 ergo
384 2301 425 2337 te
446 2302 494 2338 ut
516 2302 557 2338 et
578 2310 708 2338 sermo
732 2302 827 2338 tuus
850 2298 901 2338 ab
924 2297 979 2338 eis
1001 2311 1083 2339 non
1105 2298 1333 2347 dissentiat,
1357 2297 1617 2352 loquarisque
1638 2311 1842 2352 prospera.
1893 2300 1925 2323 ¹³
1947 2298 2018 2339 Cui

111 2355 321 2409 respondit
352 2355 560 2397 Miohaeas:
594 2356 708 2397 Vivit
739 2356 953 2405 Dominus,
989 2357 1085 2410 quia
1118 2357 1405 2411 quodcumque
1437 2357 1586 2398 dixerit
1617 2357 1716 2398 mihi
1748 2357 1859 2398 Deus
1891 2370 2016 2405 meus,

111 2414 187 2456 hoc
214 2413 370 2468 loquar.

217 2475 249 2497 14
273 2473 396 2514 Venit
420 2486 511 2528 ergo
537 2474 590 2515 ad
613 2487 760 2528 regem.
787 2475 859 2516 Cui
884 2487 954 2516 rex
979 2475 1055 2515 ait:
1082 2474 1262 2521 Michaea,
1290 2475 1345 2516 ire
1370 2475 1565 2516 debemus
1589 2475 1629 2516 in
1656 2475 1837 2516 Ramoth
1861 2475 2017 2516 Galaad
2050 2475 2200 2500 Michaefflss

2036 2518 2101 2536 VGI'O
2116 2518 2215 2536 necem

112 2532 165 2573 ad
191 2531 439 2581 bellandum,
469 2545 521 2574 an
549 2533 776 2587 quiescere?
804 2533 877 2575 Cui
903 2533 968 2574 ille
995 2534 1223 2587 respondit:
1252 2534 1489 2575 Ascendite:
1519 2539 1667 2575 cuncta
1694 2534 1800 2575 enim
1827 2547 2019 2588 prospera
2075 2546 2174 2589 ⁴¹⁰¹¹²³b

112 2591 312 2639 evenient,
343 2596 385 2632 et
412 2592 629 2633 tradentur
656 2592 793 2634 hostes
820 2593 862 2634 in
888 2606 1036 2633 manus
1064 2598 1232 2634 vestras.
1291 2595 1322 2618 ¹5
1350 2593 1548 2646 Dixitque
1576 2606 1664 2633 rex:
1696 2593 1862 2637 Iterum,
1894 2598 2018 2646 atque
2061 2582 2186 2647 ἒξζξζῗξξ

111 2650 259 2691 iterum
287 2655 329 2691 te
358 2650 512 2700 adiuro,
543 2656 590 2692 ut
617 2651 717 2692 mihi
744 2665 826 2693 non
854 2651 1044 2705 loquaris,
1075 2651 1151 2692 nisi
1181 2652 1291 2705 quod
1319 2665 1460 2692 verum
1490 2657 1551 2692 est
1578 2652 1619 2692 in
1647 2652 1810 2693 nomine
1838 2651 2014 2692 Domini.

112 2710 147 2733 ¹⁶
177 2709 234 2750 At
264 2708 328 2749 ille
360 2709 435 2750 ait:
468 2709 562 2751 Vidi
593 2710 828 2751 universum
863 2710 986 2751 Israel
1017 2711 1244 2764 dispersum
1274 2711 1315 2751 in
1347 2711 1567 2759 montibus,
1602 2710 1706 2751 sicut
1738 2723 1832 2751 oves
1864 2710 2017 2763 absque

111 2772 291 2821 pastore:
323 2774 364 2810 et
392 2768 497 2810 dixit
524 2769 744 2811 Dominus:
776 2770 868 2811 Non
897 2770 1052 2810 habent
1080 2770 1147 2810 isti
1176 2770 1380 2811 dominos:
1412 2774 1642 2810 revertatur
1670 2769 1948 2822 unusquisque
1977 2769 2017 2809 in

112 2827 279 2868 domum
300 2840 417 2869 suam
437 2827 479 2868 in
499 2841 610 2881 pace.
661 2829 694 2852 ¹⁷
717 2828 773 2869 Et
794 2828 853 2869 ait
872 2841 943 2869 rex
966 2828 1089 2869 Israel
1110 2829 1163 2869 ad
1186 2828 1400 2882 Iosaphat:
1425 2828 1568 2869 Nonne
1589 2828 1673 2868 dixi
1695 2828 1781 2875 tibi,
1806 2828 1916 2881 quod
1937 2841 2018 2869 non

111 2885 375 2939 prophetaret
398 2887 474 2928 iste
496 2887 597 2928 mihi
622 2887 848 2941 quidquam
873 2887 980 2937 boni,
1007 2887 1077 2928 sed
1101 2900 1159 2936 ea,
1188 2900 1278 2942 quae
1301 2887 1410 2928 mala
1434 2886 1553 2927 sunt?
1607 2888 1640 2910 ¹⁸
1663 2886 1720 2927 At
1743 2885 1819 2935 ille,
1848 2886 2016 2936 Idcirco,

111 2945 180 2993 ait,
207 2944 345 2986 audite
368 2946 539 2987 verbum
561 2946 746 2987 Domini:
771 2946 864 2987 Vidi
886 2945 1110 2987 Dominum
1133 2946 1342 2987 sedentem
1364 2946 1406 2986 in
1429 2945 1526 2986 solio
1550 2958 1633 2993 suo,
1659 2950 1700 2985 et
1722 2957 1884 2986 omnem
1908 2958 2017 2985 exer-

111 3003 237 3044 citum
257 3003 340 3044 caeli
360 3004 618 3045 assistentem
637 3005 672 3045 ei
690 3018 714 3045 a
732 3005 886 3046 dextris
905 3010 946 3045 et
965 3017 989 3045 a
1006 3005 1188 3046 sinistris.
1237 3007 1272 3029 ¹⁹
1290 3005 1346 3045 Et
1365 3004 1469 3045 dixit
1487 3003 1706 3045 Dominus:
1727 3004 1826 3052 Quis
1844 3003 2019 3057 decipiet

109 3062 251 3104 Achab
281 3076 415 3117 regem
446 3063 570 3104 Israel
598 3068 645 3104 ut
675 3064 870 3105 ascendat
899 3068 940 3105 et
968 3069 1132 3105 corruat
1160 3064 1201 3104 in
1232 3063 1413 3105 Ramoth
1442 3062 1623 3104 Galaad?
1654 3062 1837 3115 Cumque
1867 3062 2018 3103 diceret

110 3134 214 3162 unus
243 3121 320 3163 hoc
349 3122 483 3171 modo,
516 3127 557 3163 et
586 3122 689 3163 alter
719 3122 815 3164 alio:
873 3124 909 3147 2⁰
937 3122 1134 3176 processit
1163 3123 1340 3176 spiritus,
1373 3127 1414 3162 et
1443 3121 1560 3162 stetit
1589 3134 1725 3163 coram
1755 3121 1944 3169 Domino,
1976 3126 2018 3161 et

111 3180 185 3221 ait:
208 3180 293 3234 Ego
313 3181 513 3235 decipiam
532 3194 636 3222 eum.
657 3181 731 3222 Cui
748 3181 962 3229 Dominus,
985 3182 1033 3222 In
1053 3195 1144 3236 quo,
1165 3181 1312 3235 inquit,
1334 3180 1532 3233 decipies?
1578 3182 1610 3205 2¹
1629 3180 1685 3221 At
1703 3179 1769 3220 ille
1787 3179 2014 3233 respondit:

110 3239 316 3293 Egrediar,
354 3245 396 3281 et
430 3253 496 3281 ero
532 3239 699 3294 spiritus
733 3241 911 3281 mendax
945 3241 987 3280 in
1022 3253 1089 3282 ore
1125 3240 1307 3282 omnium
1342 3239 1636 3294 prophetarum
1672 3239 1767 3279 eius.
1818 3238 2016 3290 Dixitque

109 3298 328 3339 Dominus:
347 3299 544 3352 Decipies,
564 3304 606 3340 et
622 3299 880 3353 praevalebis:
899 3300 1097 3352 egredere,
1117 3304 1158 3340 et
1174 3299 1239 3339 fac
1255 3299 1325 3339 ita.
1372 3299 1403 3322 22
1422 3298 1539 3338 Nunc
1556 3298 1690 3352 igitur,
1710 3310 1799 3338 ecce
1815 3296 2014 3337 Dominus

109 3357 223 3398 dedit
247 3357 435 3411 spiritum
458 3357 660 3398 mendacii
683 3357 724 3398 in
749 3371 815 3399 ore
839 3358 1021 3399 omnium
1045 3358 1339 3411 prophetarum
1363 3361 1541 3406 tuorum,
1568 3363 1608 3398 et
1632 3356 1831 3397 Dominus
1854 3354 2012 3394 locutus

110 3421 171 3456 est
197 3416 246 3457 de
272 3422 312 3458 te
338 3415 458 3458 mala.
511 3418 545 3442 2³
570 3416 752 3458 Accessit
778 3422 917 3457 autem
943 3417 1129 3458 Sedecias
1155 3416 1260 3457 filius
1287 3415 1520 3465 Chanaana‚
1549 3421 1589 3456 et
1614 3414 1811 3469 percussit
1836 3410 2012 3451 Michaeae
