2356 3760
275 188 372 229 1136
780 184 998 217 Epis'rom
1028 182 1164 216 ΒΕΑΤΙ
1194 181 1335 214 PAULI
1360 180 1425 214 AD
1451 181 1659 215 GALATAS
1953 184 1982 225 6,
2009 185 2105 225 1—6‚
2132 186 2174 220 18

76 282 251 340 1-‹.m‘i·‘{1.1n.-
372 280 410 322 6.
465 280 478 304 ¹
508 277 683 326 Fratres,
709 285 749 318 et
772 277 803 317 si
827 281 1132 329 praeoccupatus
1156 274 1279 315 fucrit
1301 274 1424 315 homo
1447 274 1487 314 in
1511 274 1648 328 aliquo
1672 274 1832 326 delicto,
1859 290 1943 326 vos,
1970 278 2039 332 qui
2061 278 2175 332 spiri-

95 353 232 376 fraterna.
271 337 399 379 tuales
429 336 536 385 estis,
569 335 797 376 huiusmodi
828 333 1016 374 instruite
1046 333 1086 373 in
1117 332 1261 386 spiritu
1291 332 1484 383 lenitatis,
1516 333 1775 375 considerans
1807 340 1846 376 te
1876 335 2022 389 ipsum,
2054 350 2104 379 ne
2134 344 2175 379 et

268 403 311 437 tu
343 402 521 437 tenteris.

82 461 242 499 ‹1¹2¹11111112·
372 458 386 479 2
417 454 530 495 Alter
561 453 723 494 alterius
755 464 877 492 onera
907 455 1082 503 portate,
1115 454 1157 490 et
1187 449 1242 490 sic
1273 450 1548 504 adimplebitis
1579 451 1707 505 legem
1738 451 1899 495 Christi.
1958 456 1974 478 3
2005 454 2111 495 Nam
2142 455 2174 497 si

79 496 245 555 'ciiii'srssiiiiiiif
269 513 357 567 quis
383 513 585 553 existimat
615 524 654 549 sc
679 510 832 563 aliquid
857 522 952 555 esso,
981 522 1071 549 cum
1097 507 1198 549 nihil
1222 508 1286 558 sit,
1313 508 1398 562 ipse
1423 523 1463 550 se
1488 510 1656 551 seducit.
1710 512 1725 535 ⁴¹
1750 510 1863 564 Opus
1889 517 2028 554 autem
2054 526 2172 555 suum

266 573 406 626 probor
436 569 722 622 unusquisqiw,
749 574 790 608 et
814 567 868 608 sic
892 568 932 608 in
958 567 1176 621 semetipso
1201 571 1365 608 tantum
1389 567 1562 620 gloriam
1586 569 1767 619 habebit,
1794 575 1836 611 et
1858 584 1940 612 non
1965 571 2006 612 in
2031 572 2172 614 altero.

265 633 280 656 ⁵
315 628 620 682 alluusquisque
650 627 755 667 enim
787 640 888 667 onus
917 639 1036 667 suum
1066 626 1261 679 portabit.

372 691 386 712 ὃ
421 686 701 727 t'onununicct
734 690 871 726 autom
907 684 950 733 is,
994 684 1063 739 qui
1099 684 1377 726 catechizatur
1411 686 1547 735 verbo,
1585 686 1632 737 ei,
1675 687 1742 741 qui
1779 701 1819 729 se
1852 689 2090 740 catechizat,
2130 690 2171 731 in

243 736 451 787 ¹'omnihus
482 745 607 786 bonis.

93 808 229 863 ‘¹‘'.¹'¹1'¹''‘
372 807 385 829 ⁷
416 804 549 845 Nolite
577 816 724 843 errare:
754 803 864 844 Deus
891 815 973 844 non
1001 802 1202 844 irridetur.
1261 804 1276 826 8
1304 802 1403 852 Quae
1430 803 1538 844 enim
1566 804 1829 847 seminaverit
1854 806 1990 856 homo,
2020 807 2106 849 haec
2133 813 2174 849 et

146 850 231 867 ΠΨ
266 870 402 904 metet.
434 862 634 911 Quoniam
666 861 733 915 qui
763 861 938 902 seminat
965 861 1005 901 in
1034 874 1154 902 carne
1183 874 1267 911 sua,
1298 861 1347 902 de
1376 875 1496 903 carne
1524 867 1566 903 et
1592 869 1723 904 metet
1750 865 2073 918 corruptionem:
2104 867 2173 921 qui

263 928 398 963 autem
434 921 607 962 seminat
639 920 679 960 in
713 920 869 973 spiritu,
906 920 954 961 de
988 920 1133 974 spiritu
1166 925 1296 961 metet
1327 920 1458 962 Vitam
1491 926 1699 963 aeternam.
1764 925 1779 947 ⁹
1816 924 2000 966 bBonum
2033 930 2173 967 autem

263 981 466 1026 faciontes,
496 993 578 1021 non
606 979 859 1020 deficiamus:
889 984 1072 1033 tempore
1100 979 1207 1020 enim
1235 992 1308 1020 suo
1335 985 1536 1021 metemus
1564 994 1647 1022 non
1676 981 1920 1024 deficientes,

81 1045 234 1069 convlusiv-
370 1043 402 1064 ¹⁰
436 1041 538 1091 Ergo
568 1039 665 1079 dum
696 1044 858 1091 tempus
887 1039 1097 1089 habemus,
1131 1051 1344 1092 operemur
1373 1039 1527 1080 bonum
1557 1040 1611 1081 ad
1641 1053 1792 1090 omnes,
1823 1042 2002 1084 maxime
2032 1048 2172 1085 autem

261 1100 311 1139 ad
342 1097 587 1139 domesticos
615 1096 720 1138 fidei.

62 728 239 751 ἰι-ιιυῐίιψιιῐίε

968 1200 1205 1252 Epilogus,
1232 1201 1272 1252 6,
1292 1202 1468 1243 11—18.

73 1276 244 1299 minimum-
367 1274 395 1296 ¹¹
420 1272 563 1313 Videte
586 1270 773 1326 qualibus
794 1271 940 1313 litteris
963 1271 1103 1325 scripsi
1124 1272 1241 1314 vobis
1262 1286 1354 1314 mea
1374 1287 1512 1315 manu.
1563 1277 1594 1299 ¹2
1617 1274 1872 1329 Quicumque
1895 1275 2002 1317 enim
2025 1276 2173 1318 volunt

67 1310 416 1384 ‘¹¹''2311rlssff¹¹¹¹placere
439 1330 481 1371 in
504 1344 634 1379 carne,
660 1329 701 1371 hi
724 1336 876 1384 cogunt
899 1344 971 1372 vos
995 1330 1239 1382 circumcidi,
1265 1337 1431 1373 tantum
1454 1338 1502 1374 ut
1524 1333 1652 1375 crucis
1675 1333 1824 1375 Christi
1847 1335 2172 1388 persecutionem

258 1403 339 1431 non
366 1389 589 1443 patiantur.
644 1392 676 1414 13
704 1390 844 1444 Neque
870 1390 978 1431 enim
1005 1389 1073 1444 qui
1100 1390 1459 1441 circumciduntur,
1486 1392 1616 1446 legem
1643 1393 1900 1434 custodiunt:
1928 1393 1998 1434 sed
2024 1393 2172 1435 volunt

259 1462 329 1490 vos
360 1448 604 1498 circumcidi,
637 1454 683 1489 ut
712 1448 753 1488 in
783 1461 902 1490 carne
933 1453 1070 1490 vestra
1097 1449 1332 1503 glorientur.
1392 1452 1423 1475 ¹⁴¹
1452 1450 1552 1491 Mihi
1582 1457 1722 1492 autem
1752 1451 1860 1493 absit
1888 1451 2063 1506 gloriari,
2095 1452 2172 1494 nisi

256 1507 298 1548 in
323 1521 439 1549 cruce
464 1506 630 1549 Domini
654 1506 783 1549 nostri
810 1508 901 1549 Iesu
926 1507 1093 1549 Christi:
1120 1521 1192 1562 per
1216 1523 1337 1563 quem
1362 1509 1462 1550 mihi
1486 1511 1664 1551 mundus
1690 1510 1906 1552 crucifixus
1932 1516 2004 1561 est,
2033 1516 2074 1553 et
2099 1525 2171 1565 ego

258 1567 422 1607 mundo.
473 1569 504 1591 ¹⁵
527 1567 573 1606 In
594 1566 753 1607 Christo
773 1566 880 1607 enim
903 1566 992 1608 Iesu
1013 1580 1144 1621 neque
1165 1567 1415 1609 circumcisio
1435 1568 1591 1622 aliquid
1610 1569 1734 1619 valet,
1756 1582 1888 1623 neque
1908 1570 2170 1624 praeputium,

258 1626 327 1666 sed
356 1638 465 1667 nova
493 1630 690 1666 creatura.

78 1734 87 1737 „
108 1691 202 1721 rvgula
365 1686 398 1708 ¹⁶
422 1684 477 1725 Et.
500 1683 745 1738 quicumque
769 1684 874 1724 hanc
896 1684 1077 1738 regulam
1101 1684 1229 1726 secuti
1252 1685 1416 1735 fuerint,
1442 1698 1524 1739 pax
1547 1699 1668 1739 super
1690 1686 1792 1736 illos,
1818 1692 1859 1729 et
1881 1687 2169 1737 misericordia,

76 1727 231 1757 ’‘'q¹¹⁰⁰‘¹³'
259 1749 300 1785 et
317 1757 437 1797 super
456 1742 579 1784 lsrael
595 1742 682 1784 Dei.
730 1744 763 1767 ¹⁷
781 1743 842 1783 De
860 1747 994 1784 cetero
1011 1756 1132 1785 nemo
1149 1743 1249 1785 mihi
1266 1743 1462 1785 molestus
1480 1743 1551 1785 sit:
1571 1758 1644 1798 ego
1662 1745 1769 1786 enim
1787 1745 1984 1799 stigmata
2001 1745 2171 1787 Domini

259 1802 348 1844 Iesu
378 1802 418 1843 in
448 1815 614 1856 corpore
642 1815 733 1843 meo
762 1807 893 1855 porto.

69 1866 238 1890 hvnvdictis„
362 1863 395 1886 ¹⁸
423 1861 566 1903 Gratia
592 1860 758 1902 Domini
785 1860 914 1902 nostri
944 1861 1034 1902 Iesu
1063 1861 1223 1911 Christi,
1254 1875 1346 1903 cum
1375 1861 1520 1916 spiritu
1551 1867 1699 1911 vestro,
1729 1862 1887 1904 fratres.
1918 1862 2061 1905 Amen.

387 1940 419 2006 e,
444 1940 525 1999 ἐὴ
547 1940 610 1999 (3οὲ
629 1965 660 2006 3,
681 1965 711 1999 8.
737 1985 779 1989 -
803 1966 824 1999 9
843 1966 883 1999 122
909 1965 996 1999 Thes
1020 1966 1052 2007 3,
1078 1966 1130 2003 13.
