2356 3760
427 413 957 502 CLEMEN
962 415 1025 502 S
1089 415 1447 501 PAPA
1487 416 1742 504 Vin.

372 585 487 638 AD
528 585 1076 640 PERPETUAM
1116 587 1264 639 REI
1303 587 1798 642 MEMORIAM.

1133 697 1179 704 'xm

237 762 338 803 Cum
377 774 583 802 sacrorum
622 762 846 802 Bibliorum
887 762 1064 816 vulgatae
1103 762 1291 804 editionis
1331 764 1483 805 Textus
1522 765 1689 805 summis
1728 765 1946 817 laboribus,
1987 782 2033 809 ac
2065 769 2218 810 Papeiffl·

133 820 277 875 vigiliis
299 820 526 869 restitutus
550 824 591 861 et
613 834 736 873 quam
759 821 1060 862 accuratissime
1082 822 1238 862 mendis
1261 827 1523 876 expurgatuS,
1548 823 1819 866 Benedicente
1840 826 2031 877 Domino,
2048 811 2228 867 &5333de

132 893 181 920 ex
211 884 351 920 nostra
381 879 668 931 Typographia
698 879 899 919 Vaticana
928 879 969 919 in
998 879 1129 920 lucem
1159 880 1349 933 prodeat;
1383 881 1486 929 Nos,
1527 886 1573 923 ut
1611 882 1651 922 in
1682 888 1890 936 posterum
1926 884 2033 925 idem
2104 878 2166 902 ‘³¹¹¹

133 938 285 978 Textus
303 937 574 990 incorruptus,
593 942 639 978 ut
657 937 785 987 decet,
804 943 1077 987 conservetur,
1097 944 1326 991 opportune
1343 939 1555 992 providere
1572 940 1767 991 volentes,
1786 943 2034 985 auctoritate

131 995 380 1049 Apostolica,
406 1001 545 1036 tenore
568 996 828 1049 praesentium
854 996 1076 1037 districtius
1100 996 1342 1047 inhibemus,
1368 1011 1418 1038 ne
1440 997 1550 1038 intra
1573 998 1711 1040 decem
1736 1012 1863 1041 annos
1887 1014 1912 1041 a
1935 1001 2034 1043 data

131 1054 391 1107 praesentium
425 1054 711 1104 numerandos,
748 1060 834 1095 tam
869 1054 983 1104 citra,
1035 1068 1157 1108 quam
1193 1055 1301 1096 ultra
1334 1061 1493 1097 montes
1528 1056 1623 1098 alibi
1660 1071 1782 1111 quam
1817 1059 1859 1099 in
1894 1065 2035 1100 nostra

131 1113 332 1154 Vaticana
360 1113 648 1166 Typographia
677 1126 701 1153 a
731 1126 937 1166 quoquam
967 1113 1238 1166 imprimatur.
1271 1114 1422 1168 Elapso
1453 1120 1590 1156 autem
1621 1117 1792 1169 praefato
1823 1117 2030 1168 decennio,

131 1185 219 1212 eam
247 1171 478 1212 cautionem
506 1171 687 1211 adhiberi
714 1171 981 1225 praecipimus,
1010 1177 1056 1212 ut
1083 1185 1201 1213 nemo
1228 1173 1333 1213 hanc
1360 1178 1594 1214 sanctarum
1622 1174 1923 1228 Scripturarum
1950 1176 2032 1217 edi-

131 1230 284 1270 tionem
322 1229 431 1283 typis
468 1229 663 1270 mandare
700 1235 932 1283 praesumat,
972 1230 1046 1271 nisi
1083 1230 1225 1272 habito
1263 1231 1372 1285 prius
1410 1232 1630 1285 exemplari
1667 1233 1707 1273 in
1746 1233 2033 1288 Typographia

130 1288 333 1329 Vaticana
359 1301 524 1329 excuso:
554 1289 666 1329 cuius
694 1288 933 1342 exemplaris
961 1289 1103 1338 forma,
1132 1302 1181 1330 ne
1208 1289 1378 1330 minima
1404 1290 1567 1344 quidem
1594 1291 1797 1344 particula
1822 1292 1872 1333 de
1898 1293 2030 1334 Textu

130 1353 306 1397 mutata,
342 1347 496 1397 addita,
532 1347 596 1388 vel
630 1347 681 1388 ab
715 1361 760 1388 eo
795 1348 992 1397 detracta,
1028 1347 1103 1388 nisi
1137 1347 1302 1401 aliquod
1337 1354 1534 1399 occurrat,
1571 1349 1679 1402 quod
1714 1351 2033 1405 Typographicae

131 1406 296 1448 incuriae
323 1406 537 1447 manifeste
566 1406 878 1446 adscribendum
907 1406 971 1455 sit,
1001 1405 1290 1448 inviolabiliter
1317 1407 1565 1448 observetur.

234 1465 275 1506 Si
306 1465 394 1518 quis
426 1477 520 1505 vero
553 1465 847 1518 Typographus
878 1464 918 1504 in
951 1464 1273 1518 quibuscumque
1306 1465 1467 1519 Regnis,
1500 1466 1758 1517 Civitatibus,
1790 1467 2227 1530 Proxffnoiis,¹10.{¹¹0¹1i¹¹1·

130 1528 171 1564 et
187 1523 284 1564 locis
302 1528 388 1564 tani
407 1529 556 1563 nostrae
573 1528 615 1564 et
632 1524 669 1564 S.
692 1524 739 1564 R.
760 1523 806 1564 E.
828 1523 971 1564 ditioni
990 1523 1029 1563 in
1049 1524 1340 1577 temporalibus
1359 1524 1562 1575 subiectis,
1583 1538 1706 1578 quam
1724 1538 1805 1566 non
1824 1526 2027 1576 subiectis,
2061 1507 2218 1572 ⁶¹ciffasse'

128 1582 234 1622 hanc
259 1582 430 1623 eandem
457 1595 662 1623 sacrarum
689 1582 991 1635 scripturarum
1020 1582 1239 1622 editionem
1266 1583 1374 1623 intra
1392 1583 1644 1624 Decennium
1671 1584 1911 1637 praedictum
1934 1598 2030 1639 quo-

130 1640 346 1694 quomodo,
385 1640 520 1694 elapso
558 1646 696 1681 autem
732 1640 951 1689 DecenniO,
990 1640 1106 1681 aliter
1144 1654 1265 1694 quam
1304 1641 1421 1682 iuxta
1456 1642 1688 1683 huiusmodi
1725 1643 1942 1696 exemplar,
1984 1649 2032 1685 ut

128 1699 352 1753 praefertur,
384 1698 624 1752 imprimere,
654 1699 840 1748 vendere,
874 1698 1033 1739 venales
1065 1698 1225 1749 habere,
1258 1705 1331 1740 aut
1361 1700 1459 1741 alias
1490 1700 1606 1742 edere
1637 1701 1700 1742 vel
1722 1701 1921 1755 evulgare,
1956 1707 2029 1743 aut

129 1757 253 1811 siquis
273 1757 502 1811 Bibliopola
519 1770 543 1798 a
560 1771 601 1798 se
620 1757 683 1798 vel
702 1757 753 1798 ab
773 1757 859 1798 aliis
878 1757 1101 1811 quibusvis,
1122 1763 1215 1811 post
1233 1758 1373 1799 datam
1394 1759 1667 1812 praesentium,
1687 1759 1806 1800 huius
1826 1760 2028 1801 Editionis

128 1816 342 1870 impressos
366 1815 501 1866 libros,
528 1829 597 1857 seu
622 1816 911 1869 imprimendos
937 1829 961 1856 a
984 1816 1156 1869 praefato
1181 1817 1372 1858 restituto
1398 1822 1439 1858 et
1463 1823 1642 1859 correcto
1668 1818 1800 1859 Textu
1826 1819 1866 1859 in
1892 1819 2028 1872 aliquo

129 1875 416 1928 discrepantes,
440 1888 508 1915 seu
531 1874 583 1915 ab
605 1874 696 1923 alio,
721 1888 843 1928 quam
866 1888 890 1915 a
912 1875 1183 1929 Typographo
1206 1875 1418 1924 Vaticano,
1442 1876 1551 1917 intra
1571 1876 1823 1917 Decennium
1846 1890 2027 1927 excusos,

127 1934 280 1988 pariter
309 1934 495 1983 vendere,
528 1933 689 1975 venales
720 1946 943 1987 proponere
974 1933 1038 1974 vel
1068 1934 1256 1987 evulgare
1287 1935 1600 1988 przcsuinpserit,
1633 1935 1741 1976 ultra
1771 1935 2028 1976 amissionem

129 1993 310 2033 omnium
342 1992 550 2041 librorum,
585 1998 626 2033 et
659 1992 757 2032 alias
792 1992 959 2032 arbitrio
993 1996 1131 2033 nostro
1164 1992 1402 2046 infligendas
1435 2006 1577 2046 poenas
1612 1993 1867 2046 temporales,
1902 1994 2029 2034 etiam

127 2051 290 2092 maioris
324 2050 754 2091 excommunicationis
789 2050 1034 2091 sententiam
1068 2064 1113 2090 eo
1147 2049 1234 2103 ipso
1268 2050 1466 2091 incurrat:
1503 2064 1527 2092 a
1560 2064 1641 2105 qua
1674 2051 1748 2092 nisi
1782 2065 1806 2092 a
1841 2053 2026 2093 Romano

127 2109 338 2158 Pontifice,
365 2114 637 2163 praeterquam
663 2109 704 2149 in
730 2108 872 2149 mortis
899 2108 1068 2149 articulo
1095 2109 1356 2158 constitutus,
1385 2109 1541 2150 absolvi
1566 2123 1647 2150 non
1673 2110 1813 2163 possit.

230 2167 475 2208 Mandamus
499 2167 639 2221 itaque
663 2167 859 2208 universis
885 2172 926 2208 et
951 2166 1127 2221 singulis,
1154 2167 1413 2217 Patriarehis,
1439 2168 1773 2222 Archiepiscopis,
1800 2165 2238 2227 Episcopis,¹¹Jsg¹r¹g¹‘²31'taio'3t

128 2226 351 2280 ceterisque
370 2225 654 2275 Ecclesiarum,
676 2231 716 2267 et
734 2226 927 2274 locorum,
947 2225 1070 2266 etiam
1091 2225 1332 2279 regularium
1353 2226 1547 2276 Praelatis,
1569 2232 1616 2268 ut
1633 2232 1850 2280 praesentes
1868 2227 2027 2268 litteras
2053 2242 2102 2263 nes
2124 2210 2226 2262 vidiun-

127 2284 167 2324 in
188 2285 268 2325 suis
290 2284 459 2339 quisque
478 2284 667 2325 Ecclesiis
687 2290 728 2325 et
747 2284 1091 2325 iurisdictionibus
1112 2284 1164 2325 ab
1185 2284 1370 2325 omnibus
1390 2285 1585 2326 inviolate
1604 2291 1800 2339 perpe-tuo
1822 2285 2029 2327 observari
2099 2277 2178 2303 gem·

127 2348 270 2384 curent
297 2356 343 2384 ac
371 2343 536 2384 faciant.
593 2343 919 2383 Contradictores
948 2356 1018 2396 per
1046 2356 1233 2383 censuras
1262 2343 1580 2393 Ecclesiasticas,
1610 2343 1769 2397 aliaque
1799 2349 2031 2398 opportuna

127 2401 223 2442 iuris
255 2406 296 2442 et
327 2401 426 2442 facti
457 2401 647 2451 remedia,
680 2401 952 2455 appellatione
985 2401 1226 2454 postposita,
1260 2402 1565 2455 compescendo,
1598 2402 1789 2443 invocato
1821 2403 1946 2444 etiam
1978 2403 2031 2443 ad

126 2460 215 2510 hoc,
241 2460 273 2501 si
298 2473 398 2514 opus
423 2460 557 2509 fuerit,
584 2459 734 2500 auxilio
760 2459 913 2501 brachii
938 2459 1157 2509 saecularis3
1184 2460 1275 2500 Non
1301 2459 1560 2501 obstantibus
1586 2461 1962 2510 constitutionibus,
1990 2466 2031 2502 et

128 2518 451 2559 ordinationibus
494 2518 747 2572 Apostolicis,
790 2531 836 2559 ac
875 2518 916 2559 in
956 2518 1233 2568 Generalibus,
1275 2518 1610 2568 Provincialibus,
1652 2519 1717 2560 vel
1756 2519 2028 2573 Synodalibus

127 2576 312 2618 Conciliis
327 2577 445 2618 editis
458 2576 724 2631 generalibus,
740 2576 805 2617 vel
818 2576 1072 2630 specialibus,
1089 2590 1134 2618 ac
1149 2590 1499 2631 quarumcumque
1513 2578 1796 2627 Ecclesiarum,
1816 2578 2029 2627 Ordinum,

127 2635 508 2690 Congregationum,
539 2635 805 2690 Collegiorum
836 2640 960 2689 atque
991 2635 1330 2685 Universitatum,
1362 2636 1485 2677 etiam
1516 2636 1753 2677 Studiorum
1781 2636 2031 2690 generalium

129 2694 372 2744 iuramento,
394 2694 702 2735 confirmatione
721 2693 970 2748 Apostolica,
991 2693 1056 2735 vel
1076 2694 1220 2748 quavis
1241 2694 1435 2735 firmitate
1455 2695 1534 2735 alia
1553 2695 1765 2744 roboratis,
1787 2695 1968 2744 statutis,
1990 2699 2031 2735 et

127 2752 502 2803 consuetudinibus,
531 2766 577 2794 ac
603 2752 834 2807 privilegiis,
862 2752 1044 2802 indultis,
1074 2765 1120 2794 ac
1145 2752 1291 2793 litteris
1317 2753 1561 2806 Apostolicis
1588 2753 1628 2794 in
1656 2753 1905 2794 contrarium
1933 2766 2030 2806 quo-

127 2812 426 2865 modocumque
448 2811 663 2861 emanatis,
688 2817 730 2852 et
751 2811 1007 2852 emanandis:
1033 2810 1179 2865 quibus
1204 2811 1391 2852 omnibus
1414 2812 1466 2852 ad
1488 2812 1596 2853 hunc
1620 2812 1813 2852 effectum
1834 2810 2032 2852 latissime

127 2870 378 2924 derogamus,
408 2883 453 2911 ac
481 2870 720 2924 derogatum
748 2883 831 2911 esse
858 2869 1121 2911 decernimus.
1151 2869 1348 2911 Volumus
1375 2875 1526 2920 autem,
1555 2875 1602 2911 ut
1628 2869 1888 2923 praesentium
1920 2874 2030 2910 tran-

127 2929 300 2982 sumptis
320 2929 444 2970 etiam
464 2928 504 2969 in
519 2929 615 2983 ipsis
631 2928 906 2969 voluminibus
925 2928 1128 2982 impressis
1141 2928 1297 2978 eadem,
1317 2928 1358 2969 in
1378 2928 1526 2969 iudicio
1547 2934 1588 2970 et
1607 2934 1735 2977 extra,
1759 2928 1858 2969 fides
1878 2928 2028 2981 ubique

84 3022 86 3024 ,
127 2986 384 3037 adhibeatur,
410 3000 499 3041 quae
521 2987 617 3041 ipsis
640 2986 907 3041 praesentibus
931 2987 1204 3036 adhiberetur,
1231 2987 1262 3027 si
1285 2987 1419 3028 forent
1442 2987 1636 3037 exhibita,
1661 2987 1725 3028 vel
1749 2991 1921 3028 ostensa.

229 3079 386 3120 Datum
409 3079 563 3129 Romae,
587 3079 697 3132 apud
719 3079 917 3120 Sanctum
938 3079 1107 3120 Petrum
1130 3078 1205 3119 sub
1227 3078 1390 3119 Annulo
1413 3078 1630 3120 Piscatoris
1653 3078 1728 3119 Die
1753 3077 1826 3119 IX.
1854 3077 2031 3118 Novem-

388 3137 481 3180 bris.
513 3137 758 3180 M.D.XCII.
789 3137 941 3181 Pontis.
974 3137 1111 3179 Nostri
1140 3138 1260 3179 Anno
1292 3137 1321 3179 I.

1101 3253 1155 3295 M.
1186 3252 1455 3295 VESTRIUS
1487 3251 1819 3294 BARBIANUS.
