2356 3760
152 111 181 150 1,
208 110 326 149 28--3,
354 110 393 143 Ιῖ»
831 108 974 140 LIBER
1003 108 1383 142 PiuJVJssRfflORUM
1965 116 2038 155 567

150 205 185 227 ²⁸
204 203 315 243 Tunc
334 202 580 243 invocabunt
603 216 679 248 me,
701 209 740 242 et
758 213 839 241 non
857 200 1092 240 exaudiam:
1165 215 1282 242 mane
1301 208 1553 255 consurgent,
1580 208 1620 242 et
1639 216 1717 243 non
1736 205 1939 247 invenient
1959 220 2039 246 me:

151 263 186 285 2⁹
204 274 248 302 eo
278 261 385 314 quod
414 274 577 302 exosam
614 258 832 300 habuerint
859 258 1124 311 disciplinam,
1206 265 1245 300 et
1273 261 1459 301 timorem
1485 260 1649 301 Domini
1676 274 1756 302 non
1783 265 2038 316 susceperint,

151 322 188 344 3⁰
205 333 277 360 nec
305 319 581 373 acquieverint
618 317 781 359 consilio
810 330 911 361 meo.
994 322 1034 357 et
1061 318 1313 359 detraxerint
1340 319 1535 359 universae
1562 320 1802 372 correptioni
1829 334 1937 362 meze.

151 380 183 403 ³¹
204 379 426 419 Comedent
455 377 578 431 igitur
605 377 761 416 fructus
790 376 866 416 viee
895 388 987 421 sure,
1073 376 1234 429 suisque
1263 378 1434 418 consiliis
1464 378 1768 419 saturabuntur.

151 439 183 461 ³²
204 438 370 477 Aversio
397 436 660 489 parvulorum
686 434 901 475 interficiet
927 447 1005 479 eos,
1087 440 1125 474 et
1153 436 1397 488 prosperitas
1424 436 1641 476 stultorum
1668 436 1810 489 perdet
1836 436 1932 477 illos.

151 498 185 520 ³3
206 496 283 544 Qui
312 501 449 536 autem
476 508 540 534 me
568 493 752 541 audierit,
783 493 936 546 absque
965 497 1115 533 terrore
1143 494 1377 545 requiescet,
1458 500 1497 534 et
1526 494 1779 534 abundantia
1804 495 2043 548 perfruetur,

413 553 558 593 timore
586 552 785 592 malorum
816 551 990 592 sublato.

558 669 595 708 3.
626 667 815 708 Fructus
845 667 890 706 et
918 666 1135 706 utilitates
1166 666 1416 719 sapientiae,
1444 669 1483 718 2,
1502 668 1646 706 1222.

151 751 190 795 2.
236 754 248 776 ¹
271 751 347 792 Fili
369 750 435 794 nii.
461 749 493 790 si
517 749 736 803 susceperis
759 761 961 790 sermones
984 762 1105 797 meos,
1172 754 1213 789 et
1233 749 1433 789 mandata
1453 762 1544 789 mea
1567 749 1822 789 absconderis
1846 762 1965 801 penes
1996 755 2045 793 te,
2068 748 2235 811 qssgffiffffl„

173 811 188 834 2
206 815 252 851 ut
273 810 414 851 audiat
434 808 677 862 sapientiam
698 808 804 849 auris
825 812 915 848 tua:
971 807 1121 848 inclina
1140 820 1208 848 cor
1227 811 1343 848 tuum
1366 808 1418 848 ad
1437 808 1757 861 cognoscendam
1777 808 2046 860 prudentiam.
2068 798 2087 807 ⁴
2177 798 2195 806 '⁴

173 869 246 910 3Si
276 869 383 909 enim
413 867 655 922 sapientiam
685 866 948 910 invocaveris.
1034 871 1074 907 et·
1103 866 1357 907 inclinaveris
1387 879 1454 907 cor
1483 872 1600 907 tuum
1630 866 1873 920 prudentiae:

174 928 238 969 ⁴si
268 926 469 981 quaesieris
499 939 587 967 eam
619 926 734 980 quasi
762 925 989 980 pecuniam.
1072 930 1112 966 et
1142 925 1247 966 sicut
1275 925 1485 966 thesauros
1515 925 1698 966 effoderis
1728 925 1856 965 illam:

173 988 188 1010 5
206 992 304 1027 tunc
333 985 528 1039 intelliges
558 985 746 1026 timorem
774 984 951 1025 Domini.
1037 991 1075 1024 et
1105 984 1315 1025 scientiam
1344 984 1419 1024 Dei
1448 983 1645 1024 invenies:
2088 982 2223 1043 ffissffflr'guf

174 1047 189 1068 ⁶
207 1045 303 1100 quia
330 1044 530 1086 Dominus
560 1044 632 1085 dat
661 1043 923 1097 sapientiam:
1006 1048 1045 1083 et
1075 1057 1124 1083 ex
1153 1056 1219 1083 ore
1249 1043 1331 1083 eius
1362 1043 1589 1096 prudentia,
1621 1048 1661 1083 et
1690 1041 1868 1083 scientia.
2098 1053 2210 1077 'Domini

174 1106 188 1127 ⁷
207 1104 417 1146 Custodiet
446 1108 651 1144 rectorum
680 1102 866 1147 salutem,
951 1110 991 1143 et
1020 1107 1205 1155 proteget
1232 1102 1462 1155 gradientes
1491 1101 1735 1155 simpliciter.

174 1167 189 1186 ὃ
207 1176 372 1204 servans
401 1162 566 1203 semitas
596 1161 773 1206 iustitiae,
857 1166 898 1202 et
928 1161 1013 1201 vias
1043 1166 1277 1202 sanctorum
1307 1160 1549 1201 custodiens.

174 1225 190 1245 ⁹
208 1223 320 1263 Tunc
338 1221 535 1275 intelliges
554 1221 765 1265 iustitiam,
787 1225 826 1261 et
846 1220 1051 1268 iudicium,
1119 1225 1159 1260 et
1178 1219 1427 1272 aequitatem,
1443 1224 1483 1259 et
1502 1232 1663 1259 ornnem
1682 1218 1868 1259 semitam
1890 1219 2048 1259 bonam.
2082 1219 2219 1275 hgfffflfm

156 1282 190 1306 ¹⁰
206 1281 247 1323 Si
277 1280 491 1322 intraverit
520 1279 722 1333 sapientia
750 1292 817 1321 cor
847 1284 976 1323 tuum,
1061 1283 1101 1319 et
1132 1278 1300 1318 scientia
1329 1277 1474 1317 animae
1503 1282 1585 1318 tuae
1614 1276 1827 1330 placuerit:
2111 1268 2119 1274 ’“
2173 1266 2178 1274 ⁴
2225 1270 2229 1276 '

158 1342 186 1364 ¹¹
207 1339 418 1381 consilium
448 1339 651 1380 custodiet-
679 1344 731 1386 te,
816 1344 856 1379 et
884 1337 1103 1391 prudentia
1131 1336 1311 1377 servabit
1340 1341 1390 1379 te,

157 1401 186 1422 ¹2
208 1405 254 1440 ut
280 1398 430 1439 eruaris
457 1411 481 1438 a.
506 1398 572 1438 via
600 1397 718 1442 mala,
800 1402 841 1437 et
867 1396 918 1436 ab
945 1396 1118 1438 homine.
1149 1395 1218 1448 qui
1244 1407 1433 1448 perversa
1456 1394 1656 1448 loquitur:
2078 1390 2239 1450 affiff'sssssffi

156 1460 187 1482 ¹³
209 1458 277 1511 qui
306 1457 539 1509 relinquunt
570 1456 646 1496 iter
674 1462 842 1498 rectum.
927 1460 966 1495 et
997 1454 1211 1494 ambulant
1240 1467 1311 1507 per
1339 1454 1425 1494 vias
1454 1454 1706 1494 tenebrosas:

156 1518 187 1540 ¹4
209 1516 276 1570 qui
306 1516 499 1557 laeta11t11r
528 1528 621 1555 cum
651 1514 938 1559 malefecerint,
1024 1520 1063 1554 et
1094 1512 1283 1554 exultant
1312 1512 1353 1553 in
1382 1512 1500 1553 rebus
1530 1512 1732 1565 pessimis:

156 1577 187 1599 ¹5
209 1588 381 1629 quorum
411 1574 487 1615 viae
515 1586 714 1628 perversae
743 1578 849 1616 sunt.
935 1577 975 1613 et
1004 1572 1174 1613 infames
1203 1584 1359 1625 gressus
1389 1584 1539 1612 eorum.

156 1636 190 1658 ¹⁶
208 1634 265 1675 Ut
289 1634 438 1674 eruaris
463 1646 487 1674 a
509 1632 674 1673 muliere
699 1632 840 1676 aliena,
920 1638 960 1672 et
984 1631 1034 1672 ab
1060 1636 1264 1675 extranea,
1293 1644 1382 1684 quae
1405 1630 1535 1671 mollit
1558 1643 1760 1670 sermones
1784 1642 1887 1672 suos,
2077 1628 2242 1689 ζξῦἦῃζζξξξ·

159 1694 189 1717 ¹⁷
208 1698 248 1734 et
277 1692 467 1746 relinquit
499 1692 643 1733 ducem
672 1691 901 1745 pubertatis
932 1704 1024 1733 sure,
1111 1692 1143 1714 ¹⁸
1173 1695 1213 1730 et
1242 1689 1352 1743 pacti
1381 1689 1456 1730 Dei
1486 1689 1547 1729 sui
1576 1688 1704 1730 oblita
1732 1693 1804 1729 est.
2138 1682 2143 1689 ⁸
2212 1680 2237 1690 ‘'

208 1751 404 1793 inclinata
432 1756 492 1792 est
522 1751 627 1791 enim
659 1750 710 1791 ad
739 1755 913 1791 mortem
943 1749 1087 1790 domus
1117 1749 1211 1792 eius.
1297 1753 1337 1788 et
1367 1748 1418 1789 ad
1447 1748 1594 1788 inferos
1623 1747 1777 1788 semitae
1805 1746 1939 1800 ipsius.

158 1813 191 1835 ¹⁹
208 1824 359 1859 omnes,
374 1810 443 1864 qui
460 1810 743 1864 ingrediuntur
757 1809 809 1850 ad
824 1822 925 1857 eain,
939 1822 1020 1849 non
1033 1812 1300 1852 revertentur.
1358 1820 1430 1847 nec
1448 1806 1755 1860 apprehendent
1769 1805 1933 1846 semitas
1949 1804 2054 1844 vitae.

155 1872 192 1894 ²⁰
209 1870 265 1911 Ut
296 1869 478 1910 ambules
508 1868 548 1909 in
578 1868 644 1909 via
675 1869 798 1909 bona:
883 1872 923 1908 et
952 1867 1070 1908 calles
1100 1867 1300 1908 iustorum
1330 1866 1545 1906 custodias.
2069 1862 2251 1922 ὶῃῑῗβίᾒῆξξξῐξᾶ,

156 1931 187 1953 ’11
209 1929 287 1978 Qui
318 1928 425 1969 enim
455 1927 555 1968 recti
586 1933 692 1976 sunt,
736 1927 985 1967 habitabunt
1017 1926 1058 1966 in
1089 1931 1207 1969 terra,
1294 1931 1335 1966 et
1366 1924 1563 1978 simplices
1595 1924 1893 1977 permanebunt
1927 1922 1964 1961 in
1996 1935 2053 1961 ea.

156 1990 188 2012 '22
213 1987 354 2041 almpii
382 2000 477 2028 vero
507 1987 556 2028 de
585 1991 694 2027 terra
720 1986 959 2040 perdentur:
1042 1990 1083 2026 et
1113 1985 1181 2038 qui
1209 1984 1345 2037 inique
1375 1988 1512 2037 agunt,
1545 1984 1778 2023 auferentur
1806 1995 1855 2022 ex
1884 1993 1941 2021 ea.

688 2103 725 2142 4.
756 2100 1026 2142 Praestantia
1056 2100 1307 2151 sapientiae,
1336 2100 1375 2150 3,
1394 2099 1540 2142 1—35.

157 2186 194 2230 3.
251 2189 265 2211 ¹
293 2185 369 2227 Fili
398 2186 464 2231 mi,
496 2199 546 2226 ne
575 2184 824 2227 obliviscaris
852 2183 949 2237 legis
978 2196 1088 2225 meae.
1176 2188 1217 2223 et.
1246 2188 1450 2236 prfecepta
1477 2194 1569 2222 mea
1597 2193 1664 2222 cor
1692 2184 1810 2220 tuum
1840 2179 2055 2219 custodiat.
2079 2186 2156 2244 ¹³⁰}ss
2173 2185 2251 2245 {5³¹⁸

178 2245 505 2299 210ngitudinem
533 2244 640 2285 enim
667 2244 835 2293 dierum,
865 2247 906 2283 et
933 2255 1059 2283 annos
1088 2241 1194 2285 vitae.
1277 2246 1316 2281 et
1344 2254 1484 2294 pacem
1513 2244 1720 2293 apponent
1747 2238 1833 2279 tibi.
2116 2227 2131 2244 ³
2157 2227 2181 2244 ⁰¹
2204 2240 2208 2245 '

179 2304 495 2351 3Misericordia,
528 2308 568 2344 et
597 2303 747 2344 veritas
777 2307 818 2343 te
846 2315 929 2343 non
958 2302 1157 2344 deserant,

211 2363 419 2405 circumda
446 2376 513 2404 eas
541 2362 699 2416 gutturi
729 2368 812 2409 tuo,
897 2365 938 2401 et
967 2360 1146 2401 describe
1175 2360 1216 2400 in
1245 2359 1395 2400 tabulis
1425 2358 1554 2400 cordis
1584 2356 1664 2398 tui:

179 2425 194 2447 4
212 2428 253 2463 et
281 2422 460 2463 invenies
489 2422 676 2475 gratiam,
707 2425 750 2462 et
778 2419 1032 2474 disciplinam
1062 2420 1211 2460 bonam
1294 2431 1430 2459 coram
1458 2418 1544 2458 Deo
1575 2421 1616 2457 et
1643 2414 1886 2456 hominibus.

178 2484 194 2506 ⁵
214 2481 331 2522 Habe
359 2481 551 2522 fiduciam
579 2481 620 2521 in
648 2479 824 2521 Domino
853 2492 904 2520 ex
931 2484 1021 2520 toto
1050 2478 1168 2519 corde
1196 2482 1280 2526 tuo,
1354 2482 1395 2518 et
1422 2490 1471 2517 ne
1499 2474 1685 2517 innita-ris
1712 2472 1938 2528 prudentiae
1965 2477 2058 2513 tuae.

179 2543 196 2565 ⁶
215 2541 262 2581 In
291 2540 480 2582 omnibus
509 2539 584 2580 viis
614 2539 694 2580 tuis
724 2538 858 2592 cogita
886 2537 1011 2582 illum.
1096 2542 1137 2578 et
1165 2536 1249 2590 ipse
1279 2535 1423 2590 diriget
1451 2547 1608 2589 gressus
1637 2538 1740 2574 tuos

181 2601 194 2623 ⁷
216 2600 298 2640 bNe
327 2599 378 2640 sis
408 2598 567 2653 sapiens
597 2598 707 2652 apud
736 2597 1018 2651 temetipsum:
1100 2596 1200 2637 time
1228 2595 1374 2638 Deum.
1406 2600 1447 2635 et
1474 2593 1613 2634 recede
1643 2605 1667 2633 a
1694 2591 1821 2632 malo:

179 2660 195 2683 ²³
213 2658 366 2699 sanitas
396 2658 546 2712 quippe
575 2657 651 2699 erit
679 2656 870 2698 umbilico
900 2661 984 2704 tuo,
1069 2660 1109 2696 et
1138 2654 1316 2708 irrigatio
1347 2654 1497 2695 ossium
1526 2657 1702 2693 tuorum.

180 2719 196 2742 ⁹
216 2717 402 2759 cHonora
423 2716 647 2758 Dominum
668 2716 717 2757 de.
740 2721 815 2756 tua
837 2715 1080 2756 substantia.
1159 2720 1201 2754 et.
1224 2714 1273 2754 de
1296 2712 1483 2766 primitiis
1507 2711 1688 2752 omnium
1710 2709 1872 2761 frugum
1896 2712 2060 2748 tuarum

422 2776 476 2817 da
503 2776 556 2817 ei:

162 2837 197 2859 ¹⁰
216 2839 258 2876 et
288 2834 568 2888 implebuntur
610 2834 754 2876 horrea
785 2839 859 2874 tua
889 2832 1118 2876 saturitate,
1206 2838 1247 2871 et
1279 2831 1373 2871 vino
1406 2828 1623 2871 torcularia
1653 2831 1728 2868 tua
1757 2824 2058 2866 redundabunt.

162 2942 193 2964 ¹¹
215 2939 503 2993 dDisciplinam
530 2939 707 2987 Domini,
739 2937 794 2979 fili
821 2938 887 2987 ini,
917 2950 967 2978 ne
996 2937 1179 2978 abiicias:
1271 2948 1343 2976 nec
1371 2934 1532 2975 deficias
1560 2945 1652 2973 cum
1680 2931 1731 2973 ab
1760 2943 1804 2972 eo
1834 2929 2059 2983 corriperis:
2094 2930 2240 2991 βὲῧξξζῗξζῑ

161 3001 193 3023 ¹²
215 3012 335 3053 quem
364 2998 471 3039 enim
500 2997 631 3051 diligit
659 2997 871 3046 Dominus,
903 2996 1086 3049 corripit:
1170 3000 1210 3036 et
1241 2994 1355 3048 quasi
1394 2998 1510 3046 pater
1537 2992 1578 3032 in
1607 2990 1687 3031 filio
1717 2988 1943 3043 complacet
1971 2987 2057 3028 sibi.
2081 2984 2250 3032 opibusost„

162 3059 194 3082 ¹3
215 3058 367 3098 Beatus
396 3057 530 3105 homo,
563 3056 632 3110 qui
660 3055 817 3097 invenit
847 3055 1102 3109 sapientiam,
1187 3060 1227 3094 et
1257 3053 1325 3106 qui
1355 3051 1488 3092 affluit
1516 3049 1752 3103 prudentia:

162 3118 194 3141 14
213 3116 354 3158 melior
372 3121 433 3157 est
452 3114 664 3169 acquisitio
685 3114 768 3155 eius
787 3114 1063 3165 negotiatione
1083 3112 1250 3166 argenti,
1325 3117 1365 3151 et
1384 3109 1470 3151 auri
1488 3108 1607 3162 primi
1626 3113 1667 3149 et
1684 3105 1887 3161 purissimi
1905 3105 2061 3146 fructus

423 3175 525 3215 eius:

163 3235 194 3258 ¹5
213 3234 425 3287 pretiosior
455 3238 516 3274 est
546 3232 702 3274 cunctis
734 3232 896 3285 opibus:
982 3238 1023 3272 et
1064 3231 1210 3273 omnia.
1245 3242 1334 3282 quae
1364 3227 1655 3271 desiderantur,
1689 3225 1781 3266 huic
1811 3237 1891 3264 non
1923 3222 2061 3263 valent.

423 3291 661 3346 comparari.

167 3449 190 3482 Α
258 3400 391 3481 32ἰᾷ22
416 3400 497 3434 alob
522 3400 574 3441 18,
600 3401 651 3434 17.
679 3421 720 3424 —
745 3401 775 3441 3,
804 3402 818 3433 ἶ
845 3400 953 3433 ¹'Rom
979 3401 1030 3438 12,
1057 3400 1107 3432 16.
1134 3419 1175 3422 —
1199 3399 1219 3431 9
1247 3397 1334 3429 c'l‘ob
1359 3398 1389 3435 4,
1414 3397 1449 3435 ’ῖς
1475 3395 1520 3429 Lc
1546 3396 1596 3434 14,
1622 3395 1671 3428 13.
1700 3414 1740 3417 —
1766 3394 1803 3425 II
1829 3390 1924 3423 der
1954 3388 1999 3419 12.
2029 3386 2063 3420 ὃς

160 3474 171 3481 ⁴
193 3459 234 3492 pc-
282 3475 289 3489 ‚
359 3475 366 3481 .
