2356 3760
123 93 176 132 25,
201 90 321 131 5-26,
346 92 385 124 21
869 90 1274 124 PARALIPOMENON
1937 99 2013 139 363

122 184 351 231 Geddelthi,
380 189 420 225 et
447 182 783 225 Romemthiezer.
813 187 853 222 et
880 182 1124 227 Iesbacassa.
1153 183 1346 228 Meflothi,
1375 184 1505 229 Othir.
1533 185 1782 227 Mahazioth:
1835 192 1849 214 5
1876 204 2013 231 omnes

121 243 188 284 isti
220 242 289 283 filii
323 243 484 283 Heman
516 241 700 282 Videntis
731 239 832 293 regis
864 240 904 280 in
937 241 1188 281 sermonibus
1219 241 1306 284 Dei.
1340 247 1387 282 ut
1419 242 1618 284 exaltaret
1649 257 1789 285 cornu:
1824 248 2013 301 deditque

121 302 232 342 Deus
260 302 422 342 Heman
448 301 549 341 filios
577 298 917 351 quattuordecim.
948 304 988 339 et
1015 298 1116 339 filias
1143 304 1235 340 tres.
1294 302 1309 323 ὅ
1337 300 1523 341 Universi
1550 302 1624 342 sub
1652 315 1775 343 manu
1802 306 1928 356 patris
1954 308 2013 347 sui

121 361 174 401 ad
206 360 457 402 cantandum
488 358 529 397 in
561 356 714 410 templo
746 356 912 398 Domini
945 357 1152 397 distributi
1185 364 1311 407 erant,
1346 359 1386 399 in
1419 360 1626 412 cymbalis,
1661 366 1701 401 et
1732 362 1942 414 psalteriis,
1976 370 2015 405 et

121 419 298 467 citharis,
331 419 372 459 111
402 415 627 456 ministeria
657 415 801 456 domus
832 415 998 456 Domini
1028 416 1147 456 iuxta
1176 429 1327 469 regem:
1360 417 1499 470 Asaph
1530 418 1728 463 videlicet,
1763 425 1803 460 et
1835 420 2013 463 Idithun.

121 484 162 518 et
187 478 358 518 Heman.
415 477 427 498 ⁷
453 474 550 515 Fuit
574 479 711 514 autem
736 487 927 514 numerus
952 487 1091 514 eorum
1116 487 1207 514 cum
1231 475 1425 515 fratribus
1450 476 1542 523 suis,
1571 477 1638 529 qui
1663 478 1902 519 erudiebant
1926 492 2016 519 can-

121 537 247 577 ticum
275 533 453 581 Domini,
485 533 621 573 cuncti
649 533 846 579 doctores,
878 533 1043 573 ducenti
1072 533 1387 586 octogintaocto.
1447 536 1461 557 Β
1489 534 1766 588 Miseruntque
1795 544 1920 577 sortes
1949 550 2019 590 pei·

122 595 227 634 vices
253 605 358 640 suas,
387 604 437 632 ex
463 604 578 645 aequo
605 595 692 631 tam
718 591 848 632 maior
874 604 997 644 quam
1024 592 1166 637 11111101,
1196 591 1340 632 doctus
1366 592 1518 645 pariter
1543 598 1584 633 et
1610 593 1808 635 indoctus.

226 653 241 675 ⁹
273 650 524 704 Egressaque
557 655 619 690 est
650 662 733 690 sors
765 650 897 703 prima
931 648 1088 702 Ioseph.
1124 650 1192 702 qui
1224 656 1312 690 erat
1343 650 1392 690 de
1423 651 1574 703 Asaph.
1609 651 1795 692 Secunda
1825 653 2053 700 (10(101113,3
2092 660 2109 677 ¹¹
2143 661 2169 679 *¹

118 710 195 763 ipsi
222 715 265 751 et
292 709 382 750 filiis
409 709 504 754 61113,
536 714 577 749 61
602 708 799 749 fratribus
826 708 910 749 61113
938 708 1163 749 duodecim.
1220 710 1256 732 ¹0
1283 708 1419 749 Tertia
1446 709 1612 752 Zachur.
1643 709 1732 749 filiis
1759 716 1799 751 et
1826 712 2017 752 iratribus

118 768 203 809 eius
217 768 442 810 duodecim.
486 769 517 791 ¹¹
533 767 691 815 Quarta
707 767 817 811 Isari,
835 767 925 807 filiis
940 773 980 807 et
994 767 1190 807 fratribus
1205 767 1288 807 eius
1303 767 1529 808 duodecim.
1574 770 1605 791 12
1620 768 1774 816 Quinta
1789 769 2015 818 Nathfflflae,

118 827 209 868 filiis
229 832 270 867 et
289 825 485 866 fratribus
506 825 591 866 eius
612 825 837 866 duodecim.
890 828 920 850 ¹3
941 826 1067 866 Sexta
1088 826 1276 874 Becciau,
1300 825 1390 866 filiis
1411 831 1451 866 et
1472 826 1667 867 fratribus
1688 827 1771 867 eius
1792 828 2016 869 duodecim.

121 888 153 910 ¹4
166 885 351 939 Septima
366 884 524 929 Isreela.
542 884 632 925 filiis
647 890 689 925 et
703 884 898 925 fratribus
913 884 996 925 eius
1011 885 1237 925 duodecim.
1281 886 1312 909 ¹⁵
1327 884 1488 925 Octava
1504 885 1651 931 Iesaiae,
1668 885 1758 925 filiis
1773 890 1812 926 et
1826 886 2019 927 iratribus

118 944 203 984 eius
231 944 457 985 duodecim.
516 944 550 967 ¹⁶
578 943 698 984 Nona
724 943 958 991 Mafflaniae,
989 943 1078 984 filiis
1107 949 1147 984 et
1174 943 1369 984 fratribus
1397 944 1481 984 eius
1509 944 1733 985 duodecim.
1791 946 1824 968 ¹⁷
1853 945 2021 985 Decima

118 1003 296 1051 Semeiae,
325 1002 415 1043 filiis
443 1007 484 1043 et
509 1002 705 1043 fratribus
732 1002 815 1043 eius
842 1002 1069 1043 duodecim.
1125 1003 1159 1026 ¹⁸
1187 1002 1413 1043 Undecima
1438 1002 1614 1049 Azareel,
1644 1002 1732 1043 filiis
1760 1008 1800 1044 et
1826 1004 2020 1044 fratribus

118 1061 201 1102 eius
222 1061 448 1102 duodecim.
499 1062 533 1085 ¹⁹
551 1061 807 1101 Duodecima
827 1060 1028 1104 Hasabiae.
1051 1060 1141 1101 filiis
1161 1066 1202 1101 et
1221 1061 1416 1101 fratribus
1436 1061 1520 1101 eius
1539 1061 1764 1103 duodecim.
1813 1064 1849 1086 2⁰
1868 1063 2020 1103 Tertia-

117 1120 275 1161 decima
308 1119 469 1168 Subael,
506 1119 596 1160 filiis
633 1125 674 1160 et
708 1120 904 1160 fratribus
939 1120 1022 1160 eius
1059 1120 1284 1161 duodecim.
1349 1122 1380 1144 21
1416 1120 1732 1168 Quartadecima
1766 1121 2017 1170 Mathathiae,

118 1179 209 1220 filiis
233 1184 275 1220 et
298 1179 494 1220 fratribus
519 1178 604 1219 eius
628 1178 854 1219 duodecim.
908 1180 939 1203 22
965 1179 1279 1227 Quintadecima
1306 1178 1512 1223 Ierimoth.
1540 1178 1629 1218 filiis
1654 1184 1695 1219 et
1719 1179 1912 1220 fratribus
1937 1179 2020 1221 eius

117 1238 344 1279 duodecim.
395 1239 428 1262 23
449 1237 736 1278 Sextadecima
759 1237 970 1282 Hananiae.
995 1237 1085 1278 filiis
1107 1242 1148 1278 et
1169 1237 1365 1277 fratribus
1386 1237 1471 1277 eius
1493 1237 1718 1278 duodecim.
1769 1240 1800 1262 24
1822 1238 2020 1291 Septima-

117 1297 276 1338 decima
309 1296 562 1342 Iesbacassae,
599 1296 689 1337 filiis
722 1302 763 1337 et
795 1297 990 1336 fratribus
1023 1296 1106 1336 eius
1140 1295 1365 1336 duodecim.
1427 1297 1459 1319 ‘25
1492 1296 1811 1336 Octavadecima
1844 1296 2018 1340 Hanani,

117 1355 208 1396 filiis
237 1360 278 1396 et
306 1355 502 1395 fratribus
532 1355 616 1395 eius
645 1354 871 1395 duodecim.
930 1356 965 1378 2⁶
995 1353 1274 1395 Nonadecima
1301 1353 1496 1399 Mellothi.
1528 1353 1617 1394 filiis
1647 1360 1687 1395 et
1716 1355 1909 1395 fratribus
1938 1355 2021 1395 eius

117 1414 343 1455 duodecim.
393 1415 426 1437 2⁷
447 1413 653 1466 Vigesima
671 1412 848 1458 Eliatha.
870 1412 960 1453 ffliis
980 1418 1021 1453 et
1040 1413 1237 1453 fratribus
1255 1413 1339 1453 eius
1359 1413 1585 1454 duodecim.
1633 1415 1668 1437 2⁸
1687 1413 2023 1467 Vigesimaprima

117 1473 247 1521 othir,
282 1471 372 1512 filiis
405 1476 447 1512 et
478 1471 674 1512 fratribus
708 1471 791 1512 eius
825 1472 1052 1513 duodecim.
1114 1473 1149 1495 29
1181 1471 1566 1524 Vigesimasecunda
1596 1472 1824 1521 Geddelthi,
1860 1472 1949 1513 filiis
1982 1478 2023 1513 et

116 1531 312 1572 fratribus
337 1530 421 1571 eius
447 1530 673 1571 duodecim.
727 1531 764 1555 ³⁰
788 1530 1118 1584 Vigesimatertia
1141 1530 1388 1579 Malmzioth,
1416 1530 1506 1571 filiis
1531 1536 1572 1571 et
1596 1531 1791 1571 fratribus
1816 1531 1900 1572 eius
1925 1532 2022 1572 duo-

117 1590 259 1631 decim.
317 1590 349 1614 31
378 1589 735 1643 Vigesimaquarta
765 1589 1103 1633 Romemthiezer,
1136 1589 1226 1629 filiis
1257 1594 1298 1629 et
1326 1589 1520 1630 fratribus
1550 1589 1633 1630 eius
1663 1590 1888 1631 duodecim.

540 1694 578 1734 5.
609 1693 852 1734 Ianitorum
883 1693 1064 1735 familiae
1095 1705 1148 1734 ac
1177 1694 1343 1744 sortes,
1374 1694 1439 1744 26,
1459 1694 1603 1734 1—19.

220 1764 285 1807 26.
341 1766 354 1788 ¹
379 1764 609 1805 Divisiones
637 1768 774 1804 autem
802 1764 1041 1805 ianitorum:
1070 1764 1119 1804 de
1146 1763 1290 1805 0011113
1316 1763 1557 1811 Meselemia,
1585 1764 1690 1805 filius
1716 1765 1826 1810 0016,
1855 1765 1904 1806 de
1930 1765 2020 1806 filiis

116 1823 267 1877 Asaph.
329 1825 344 1847 2
377 1823 467 1863 Filii
500 1822 757 1863 Meselemiae:
794 1823 1009 1863 Zacharias
1042 1823 1347 1876 primogenitus,
1385 1822 1539 1863 Iadihel
1573 1824 1784 1871 secundus,
1820 1824 2020 1865 Zabadias

116 1882 272 1931 tertius,
305 1881 519 1922 Iathanael
548 1886 730 1935 quartus,
787 1883 802 1906 ³
830 1881 962 1922 AElam
993 1882 1171 1935 quintus.
1205 1881 1389 1922 Iohanan
1417 1887 1567 1930 sextus,
1598 1881 1779 1923 Elioenai
1808 1883 2016 1935 septimus.

115 1943 131 1965 ⁴²
156 1940 247 1981 Filii
274 1945 413 1981 autem
439 1940 695 1981 Obededom:
723 1940 902 1981 Semeias
927 1940 1232 1993 primogenitus,
1263 1940 1442 1981 Iozabad
1467 1941 1678 1989 secundus,
1710 1941 1837 1982 Ioaha
1861 1941 2017 1990 tertius,

115 1999 269 2040 Sachar
288 2004 470 2052 quartus,
495 1999 531 2039 N
535 1999 727 2039 athanael
748 1999 927 2052 quintus,
975 2001 990 2023 ⁵
1010 1998 1185 2039 Ammiel
1205 2004 1356 2048 sextus,
1381 1999 1565 2039 Issachar
1585 1999 1792 2052 septimus,
1815 1999 2021 2040 Phollathi

115 2062 305 2099 octavus:
324 2057 421 2111 quia
436 2058 646 2098 benedixit
661 2057 716 2097 illi
733 2057 946 2098 Dominus.
994 2059 1009 2081 ⁶
1025 2058 1156 2098 Semci
1173 2062 1311 2098 autem
1328 2057 1408 2098 filio
1426 2058 1510 2098 eius
1525 2058 1613 2098 nati
1629 2062 1726 2098 sunt
1742 2057 1822 2107 filii,
1841 2059 2021 2112 praefecti

115 2115 362 2157 familiarum
395 2129 578 2157 suarum:
614 2121 731 2156 erant
763 2116 870 2156 enim
904 2116 980 2156 viri
1012 2116 1233 2157 fortissimi.
1297 2117 1311 2139 ⁷
1345 2116 1415 2156 filii
1448 2129 1540 2169 ergo
1573 2117 1757 2158 Semeiae:
1792 2117 1930 2165 Othni,
1981 2122 2022 2158 et

117 2174 313 2228 Raphael‚
338 2179 379 2216 et
400 2175 528 2221 Obed,
553 2174 748 2224 Elzabad,
772 2175 918 2215 fratres
941 2175 1025 2215 eius
1047 2175 1122 2215 viri
1144 2175 1371 2216 fortissimi:
1396 2175 1488 2215 Eliu
1512 2189 1684 2229 quoque,
1710 2180 1751 2216 et
1772 2176 2018 2217 Samachias.

117 2235 133 2258 ⁸
159 2234 310 2275 Omnes
335 2233 388 2282 hi,
418 2233 468 2274 de
493 2233 583 2274 filiis
610 2234 866 2275 Obededom:
895 2234 982 2287 ipsi,
1011 2238 1053 2274 et
1078 2233 1159 2279 filii,
1189 2239 1230 2274 et
1255 2234 1401 2274 fratres
1427 2247 1566 2275 eorum
1592 2234 1801 2275 fortissimi
1828 2234 1880 2275 ad
1905 2235 2021 2275 mini-

115 2293 342 2341 strandum,
369 2293 583 2346 sexaginta
606 2293 686 2334 duo
711 2293 761 2334 de
785 2292 1035 2334 Obededom.
1091 2294 1106 2317 9
1130 2293 1254 2333 Porro
1278 2292 1518 2333 Meselemiae
1541 2292 1622 2342 filii,
1650 2298 1690 2334 et
1713 2293 1858 2334 fratres
1882 2306 2021 2334 eorum

114 2351 397 2400 robustissimi,
431 2352 570 2392 decem
601 2357 643 2392 et
673 2356 777 2393 octo.
837 2353 873 2376 ¹⁰
901 2352 962 2392 De
995 2351 1108 2392 Hosa
1138 2356 1288 2400 autem,
1322 2351 1363 2392 id
1393 2356 1454 2392 est
1484 2352 1533 2392 de
1564 2351 1654 2392 filiis
1683 2352 1847 2392 Merari:
1893 2352 2021 2393 Semri

115 2409 302 2464 princeps
332 2411 431 2462 (non
462 2411 569 2450 enim
600 2410 802 2451 habuerat
832 2410 1160 2464 primogenitum,
1194 2415 1236 2451 et
1265 2410 1412 2451 idcirco
1443 2416 1636 2463 posuerat
1666 2423 1758 2451 eum
1788 2415 1906 2464 pater
1935 2410 2020 2451 eius

114 2468 155 2509 111
189 2469 431 2522 principem)
492 2471 521 2493 ¹¹
558 2468 719 2510 Heleias
752 2470 964 2518 secundus,
1002 2469 1187 2510 Tabelias
1220 2469 1377 2518 tertius,
1414 2469 1628 2510 Zacharias
1663 2473 1845 2523 quartus.
1881 2482 2020 2510 omnes

115 2527 156 2568 hi
185 2526 266 2575 filii,
299 2533 340 2568 et
367 2528 514 2568 fratres
544 2528 668 2575 Hosa.
700 2528 906 2570 tredecim.

221 2588 252 2610 12
275 2586 329 2626 Η1
351 2586 470 2627 divisi
492 2592 589 2627 sunt
609 2587 651 2627 in
671 2587 876 2635 ianitores,
901 2592 949 2628 ut
969 2600 1126 2641 semper
1148 2587 1349 2641 principes
1371 2587 1664 2636 custodiarum,
1689 2587 1794 2628 sicut
1815 2592 1857 2627 et
1877 2587 2021 2627 fratres

115 2657 255 2686 eorum
274 2645 557 2686 ministrarent
576 2645 618 2686 111
638 2646 759 2687 (101110
779 2646 958 2687 Domini.
1008 2648 1040 2670 13
1059 2646 1191 2687 Missae
1211 2651 1309 2687 sunt
1328 2659 1420 2699 ergo
1441 2650 1570 2687 sortes
1590 2658 1639 2686 ex
1659 2658 1786 2699 aequo,
1810 2650 1851 2686 et
1870 2645 2017 2698 parvis

114 2708 157 2744 61
188 2704 359 2757 magnis,
394 2717 466 2757 per
497 2704 672 2745 familias
705 2717 799 2745 suas
831 2705 873 2745 in
906 2717 1240 2758 unamquamque
1273 2709 1498 2758 portarum.
1561 2706 1592 2729 14
1625 2704 1779 2745 Cecidit
1811 2716 1902 2757 ergo
1937 2716 2020 2744 sors

115 2762 346 2812 Orientalis,
386 2762 578 2804 Selemiae.
618 2763 743 2805 Porro
782 2763 986 2804 Zachariae
1022 2763 1103 2805 filio
1141 2763 1237 2812 eius,
1278 2763 1364 2805 viro
1401 2763 1729 2817 prudentissimo,
1769 2767 1810 2803 et
1847 2762 2019 2811 erudito,

115 2821 260 2862 sortito
284 2821 434 2875 obtigit
456 2821 578 2876 plaga
601 2822 950 2876 Septentrionalis.
1004 2824 1035 2847 ¹⁵
1059 2822 1299 2863 Obededom
1322 2835 1417 2863 vero
1442 2827 1483 2863 et
1507 2822 1595 2862 filiis
1620 2822 1703 2862 eius
1728 2821 1780 2862 ad
1802 2821 2018 2862 Austrum:

114 2880 155 2920 in
179 2892 262 2933 qua
283 2885 400 2933 parte
423 2881 568 2922 domus
591 2886 680 2922 erat
702 2881 905 2922 seniorum
929 2880 1155 2923 concilium.
1208 2883 1243 2905 ¹⁶
1265 2881 1442 2934 Sephim,
1469 2885 1510 2921 et
1533 2880 1646 2921 Hosa
1668 2880 1720 2920 ad
1743 2879 2018 2921 Occidentem.

114 2938 233 2979 iuxta
256 2943 432 2992 portam,
461 2952 551 2993 quae
576 2940 691 2981 ducit
715 2940 768 2981 ad
793 2940 903 2980 viam
931 2940 1192 2981 ascensionis:
1221 2940 1409 2981 custodia
1432 2944 1576 2980 contra
1601 2938 1841 2980 custodiam.
1896 2940 1930 2962 ¹⁷
1955 2938 2021 2979 Ad

115 2997 324 3038 Orientem
344 3010 439 3039 vero
459 2997 615 3039 Levitae
634 3011 721 3039 sex:
744 3003 786 3040 et
806 2999 858 3040 ad
876 2998 1121 3052 Aquilonem
1143 3004 1341 3052 quattuor
1358 3011 1430 3052 per
1449 2998 1573 3039 diem:
1596 3002 1721 3051 atque
1741 2998 1794 3038 ad
1812 2997 2020 3038 Meridiem

114 3055 299 3096 similiter
321 3056 362 3097 in
388 3057 451 3097 die
477 3062 691 3110 quattuor:
718 3062 760 3098 et
782 3058 853 3098 ubi
877 3063 966 3098 erat
990 3057 1204 3099 concilium
1229 3057 1313 3098 bini
1337 3061 1379 3098 et
1402 3056 1497 3097 bini.
1551 3057 1586 3080 ¹⁸
1611 3055 1659 3096 In
1684 3055 1833 3097 cellulis
1860 3068 2020 3109 quoque

114 3114 335 3156 ianitorum
352 3115 404 3156 ad
419 3115 683 3157 Occidentem
700 3120 899 3170 quattuor
912 3117 954 3157 in
969 3117 1048 3165 via,
1067 3116 1233 3170 binique
1246 3128 1318 3169 per
1333 3114 1507 3156 cellulas.
1552 3116 1587 3140 ¹⁹
1603 3114 1678 3156 Hae
1693 3120 1790 3156 sunt
1804 3114 2020 3155 divisiones

114 3173 335 3215 ianitorum
362 3173 537 3216 filiorum
563 3174 674 3223 Core,
704 3180 745 3216 et
770 3175 928 3216 Merari.

396 3278 435 3319 6.
466 3277 697 3320 Custodes
725 3278 931 3320 thesauri
961 3278 1006 3319 et
1034 3277 1446 3327 administratores,
1474 3277 1541 3328 26,
1561 3278 1732 3318 20—32.

218 3351 255 3375 ²⁰
278 3350 404 3392 Porro
428 3350 577 3391 Achias
603 3355 692 3391 erat
716 3363 835 3404 super
860 3350 1072 3391 thesauros
1098 3350 1243 3391 domus
1267 3349 1356 3397 Dei,
1384 3354 1425 3389 et
1449 3361 1550 3389 vasa
1573 3352 1819 3388 sanctorum.
1872 3347 1903 3369 21
1927 3343 2015 3384 Filii

114 3407 265 3457 Ledam,
293 3408 363 3450 filii
388 3408 604 3451 Gersonni:
631 3409 681 3450 de
706 3408 846 3450 Ledan
870 3408 1072 3462 principes
1097 3407 1357 3456 familiarum,
1384 3407 1536 3455 Ledan,
1564 3411 1606 3448 et
1629 3404 1836 3451 Gersonni,
1866 3400 2011 3442 Iehieli.

2060 1759 2187 1785 Familia

2081 2586 2169 2616 atque

2075 2622 2175 2647 sortes.

2051 3339 2188 3365 custodes

2050 3374 2185 3403 thesauri,
