<?xml version="1.0" encoding="UTF-8"?>
<!DOCTYPE html PUBLIC "-//W3C//DTD XHTML 1.0 Transitional//EN"
    "http://www.w3.org/TR/xhtml1/DTD/xhtml1-transitional.dtd">
<html xmlns="http://www.w3.org/1999/xhtml" xml:lang="en" lang="en">
 <head>
  <title>
</title>
<meta http-equiv="Content-Type" content="text/html;charset=utf-8" />
  <meta name='ocr-system' content='tesseract 3.04.00' />
  <meta name='ocr-capabilities' content='ocr_page ocr_carea ocr_par ocr_line ocrx_word'/>
</head>
<body>
  <div class='ocr_page' id='page_1' title='image "./bibliasacravulga00helzuoft_0641.png"; bbox 0 0 2356 3760; ppageno 0'>
   <div class='ocr_carea' id='block_1_1' title="bbox 134 90 2024 150">
    <p class='ocr_par' dir='ltr' id='par_1_1' title="bbox 134 90 2024 150">
     <span class='ocr_line' id='line_1_1' title="bbox 134 90 2024 150; baseline 0.005 -27"><span class='ocrx_word' id='word_1_1' title='bbox 134 90 187 129; x_wconf 81' lang='lat'>16,</span> <span class='ocrx_word' id='word_1_2' title='bbox 214 90 354 128; x_wconf 74' lang='lat'>20—17,</span> <span class='ocrx_word' id='word_1_3' title='bbox 382 91 423 124; x_wconf 80' lang='lat'>15</span> <span class='ocrx_word' id='word_1_4' title='bbox 953 92 1219 128; x_wconf 77' lang='lat' dir='ltr'><strong>SAPIENTJAE</strong></span> <span class='ocrx_word' id='word_1_5' title='bbox 1950 108 2024 150; x_wconf 61' lang='lat'>617</span> 
     </span>
    </p>
   </div>
   <div class='ocr_carea' id='block_1_2' title="bbox 133 183 2024 250">
    <p class='ocr_par' dir='ltr' id='par_1_2' title="bbox 133 183 2024 250">
     <span class='ocr_line' id='line_1_2' title="bbox 133 183 2024 250; baseline 0.01 -28"><span class='ocrx_word' id='word_1_6' title='bbox 133 184 169 207; x_wconf 76' lang='lat'>2⁰</span> <span class='ocrx_word' id='word_1_7' title='bbox 190 183 287 224; x_wconf 78' lang='lat' dir='ltr'>aPro</span> <span class='ocrx_word' id='word_1_8' title='bbox 321 184 468 237; x_wconf 89' lang='lat' dir='ltr'>quibus</span> <span class='ocrx_word' id='word_1_9' title='bbox 502 184 735 237; x_wconf 77' lang='lat' dir='ltr'>angelorum</span> <span class='ocrx_word' id='word_1_10' title='bbox 768 196 860 224; x_wconf 89' lang='lat' dir='ltr'>esca</span> <span class='ocrx_word' id='word_1_11' title='bbox 890 184 1099 225; x_wconf 74' lang='lat' dir='ltr'>nutrivisti</span> <span class='ocrx_word' id='word_1_12' title='bbox 1141 187 1337 240; x_wconf 88' lang='lat' dir='ltr'>populum</span> <span class='ocrx_word' id='word_1_13' title='bbox 1370 193 1500 237; x_wconf 79' lang='lat' dir='ltr'>tuum,</span> <span class='ocrx_word' id='word_1_14' title='bbox 1587 196 1628 231; x_wconf 89' lang='lat' dir='ltr'>et</span> <span class='ocrx_word' id='word_1_15' title='bbox 1659 200 1847 244; x_wconf 83' lang='lat' dir='ltr'>paratum</span> <span class='ocrx_word' id='word_1_16' title='bbox 1879 211 2024 250; x_wconf 87' lang='lat' dir='ltr'>panem</span> 
     </span>
    </p>
   </div>
   <div class='ocr_carea' id='block_1_3' title="bbox 394 241 2025 352">
    <p class='ocr_par' dir='ltr' id='par_1_3' title="bbox 394 241 2025 352">
     <span class='ocr_line' id='line_1_3' title="bbox 395 241 2025 306; baseline 0.009 -23"><span class='ocrx_word' id='word_1_17' title='bbox 395 243 444 283; x_wconf 92' lang='lat' dir='ltr'>de</span> <span class='ocrx_word' id='word_1_18' title='bbox 465 242 560 284; x_wconf 84' lang='lat' dir='ltr'>caelo</span> <span class='ocrx_word' id='word_1_19' title='bbox 581 241 808 306; x_wconf 82' lang='lat' dir='ltr'>praestitisti</span> <span class='ocrx_word' id='word_1_20' title='bbox 828 241 903 281; x_wconf 90' lang='lat' dir='ltr'>illis</span> <span class='ocrx_word' id='word_1_21' title='bbox 925 242 1008 282; x_wconf 89' lang='lat' dir='ltr'>sine</span> <span class='ocrx_word' id='word_1_22' title='bbox 1029 242 1177 293; x_wconf 86' lang='lat' dir='ltr'>labore,</span> <span class='ocrx_word' id='word_1_23' title='bbox 1254 259 1371 287; x_wconf 88' lang='lat' dir='ltr'>omne</span> <span class='ocrx_word' id='word_1_24' title='bbox 1393 247 1734 290; x_wconf 70' lang='lat' dir='ltr'>delectamentum</span> <span class='ocrx_word' id='word_1_25' title='bbox 1756 253 1795 292; x_wconf 93' lang='lat' dir='ltr'>in</span> <span class='ocrx_word' id='word_1_26' title='bbox 1817 268 1856 293; x_wconf 85' lang='lat' dir='ltr'>se</span> <span class='ocrx_word' id='word_1_27' title='bbox 1876 256 2025 297; x_wconf 85' lang='lat' dir='ltr'>haben-</span> 
     </span>
     <span class='ocr_line' id='line_1_4' title="bbox 394 300 1194 352; baseline 0.001 -10"><span class='ocrx_word' id='word_1_28' title='bbox 394 306 490 348; x_wconf 89' lang='lat' dir='ltr'>tem,</span> <span class='ocrx_word' id='word_1_29' title='bbox 522 305 563 340; x_wconf 89' lang='lat' dir='ltr'>et</span> <span class='ocrx_word' id='word_1_30' title='bbox 591 312 721 340; x_wconf 81' lang='lat' dir='ltr'>omnls</span> <span class='ocrx_word' id='word_1_31' title='bbox 750 300 903 352; x_wconf 89' lang='lat' dir='ltr'>saporis</span> <span class='ocrx_word' id='word_1_32' title='bbox 933 301 1194 343; x_wconf 87' lang='lat' dir='ltr'>suavitatem.</span> 
     </span>
    </p>
   </div>
   <div class='ocr_carea' id='block_1_4' title="bbox 130 357 2033 1466">
    <p class='ocr_par' dir='ltr' id='par_1_4' title="bbox 133 357 2029 516">
     <span class='ocr_line' id='line_1_5' title="bbox 133 357 2029 413; baseline 0.006 -14"><span class='ocrx_word' id='word_1_33' title='bbox 133 360 164 382; x_wconf 80' lang='lat'>2¹</span> <span class='ocrx_word' id='word_1_34' title='bbox 184 358 428 399; x_wconf 77' lang='lat' dir='ltr'>Substantia</span> <span class='ocrx_word' id='word_1_35' title='bbox 454 358 560 399; x_wconf 84' lang='lat' dir='ltr'>enim</span> <span class='ocrx_word' id='word_1_36' title='bbox 588 362 663 398; x_wconf 87' lang='lat' dir='ltr'>tua</span> <span class='ocrx_word' id='word_1_37' title='bbox 689 357 943 398; x_wconf 82' lang='lat' dir='ltr'>dulcedinem</span> <span class='ocrx_word' id='word_1_38' title='bbox 971 364 1099 407; x_wconf 76' lang='lat' dir='ltr'>tuam,</span> <span class='ocrx_word' id='word_1_39' title='bbox 1136 374 1258 413; x_wconf 87' lang='lat' dir='ltr'>quam</span> <span class='ocrx_word' id='word_1_40' title='bbox 1287 364 1327 403; x_wconf 88' lang='lat' dir='ltr'>in</span> <span class='ocrx_word' id='word_1_41' title='bbox 1355 363 1455 405; x_wconf 87' lang='lat' dir='ltr'>filios</span> <span class='ocrx_word' id='word_1_42' title='bbox 1483 365 1618 413; x_wconf 81' lang='lat' dir='ltr'>habes,</span> <span class='ocrx_word' id='word_1_43' title='bbox 1648 369 1907 410; x_wconf 79' lang='lat' dir='ltr'>ostendebat:</span> <span class='ocrx_word' id='word_1_44' title='bbox 1988 377 2029 411; x_wconf 90' lang='lat' dir='ltr'>et</span> 
     </span>
     <span class='ocr_line' id='line_1_6' title="bbox 394 415 2027 477; baseline 0.007 -19"><span class='ocrx_word' id='word_1_45' title='bbox 394 416 622 458; x_wconf 82' lang='lat' dir='ltr'>deserviens</span> <span class='ocrx_word' id='word_1_46' title='bbox 653 415 969 470; x_wconf 84' lang='lat' dir='ltr'>uniuscuiusque</span> <span class='ocrx_word' id='word_1_47' title='bbox 1001 417 1217 460; x_wconf 86' lang='lat' dir='ltr'>voluntati.</span> <span class='ocrx_word' id='word_1_48' title='bbox 1305 422 1355 461; x_wconf 86' lang='lat' dir='ltr'>ad</span> <span class='ocrx_word' id='word_1_49' title='bbox 1388 423 1496 475; x_wconf 87' lang='lat' dir='ltr'>quod</span> <span class='ocrx_word' id='word_1_50' title='bbox 1529 423 1697 477; x_wconf 88' lang='lat' dir='ltr'>quisque</span> <span class='ocrx_word' id='word_1_51' title='bbox 1728 426 1903 475; x_wconf 82' lang='lat' dir='ltr'>volebat,</span> <span class='ocrx_word' id='word_1_52' title='bbox 1937 442 2027 469; x_wconf 89' lang='lat' dir='ltr'>con-</span> 
     </span>
     <span class='ocr_line' id='line_1_7' title="bbox 392 475 641 516; baseline 0.004 -2"><span class='ocrx_word' id='word_1_53' title='bbox 392 475 641 516; x_wconf 82' lang='lat' dir='ltr'>vertebatur.</span> 
     </span>
    </p>

    <p class='ocr_par' dir='ltr' id='par_1_5' title="bbox 132 532 2030 645">
     <span class='ocr_line' id='line_1_8' title="bbox 132 532 2030 589; baseline 0.006 -16"><span class='ocrx_word' id='word_1_54' title='bbox 132 535 164 558; x_wconf 81' lang='lat'>22</span> <span class='ocrx_word' id='word_1_55' title='bbox 189 534 290 574; x_wconf 71' lang='lat' dir='ltr'>bNix</span> <span class='ocrx_word' id='word_1_56' title='bbox 317 538 455 574; x_wconf 89' lang='lat' dir='ltr'>autem</span> <span class='ocrx_word' id='word_1_57' title='bbox 484 538 525 574; x_wconf 91' lang='lat' dir='ltr'>et</span> <span class='ocrx_word' id='word_1_58' title='bbox 550 532 696 586; x_wconf 79' lang='lat' dir='ltr'>glacies</span> <span class='ocrx_word' id='word_1_59' title='bbox 729 533 988 575; x_wconf 87' lang='lat' dir='ltr'>sustinebant</span> <span class='ocrx_word' id='word_1_60' title='bbox 1015 534 1099 574; x_wconf 91' lang='lat' dir='ltr'>vim</span> <span class='ocrx_word' id='word_1_61' title='bbox 1126 535 1239 589; x_wconf 76' lang='lat' dir='ltr'>ignis,</span> <span class='ocrx_word' id='word_1_62' title='bbox 1270 542 1311 577; x_wconf 90' lang='lat' dir='ltr'>et</span> <span class='ocrx_word' id='word_1_63' title='bbox 1338 551 1418 578; x_wconf 92' lang='lat' dir='ltr'>non</span> <span class='ocrx_word' id='word_1_64' title='bbox 1446 539 1728 581; x_wconf 83' lang='lat' dir='ltr'>tabescebant:</span> <span class='ocrx_word' id='word_1_65' title='bbox 1810 549 1856 583; x_wconf 89' lang='lat' dir='ltr'>ut</span> <span class='ocrx_word' id='word_1_66' title='bbox 1883 545 2030 585; x_wconf 89' lang='lat' dir='ltr'>scirent</span> 
     </span>
     <span class='ocr_line' id='line_1_9' title="bbox 393 591 1057 645; baseline 0 -12"><span class='ocrx_word' id='word_1_67' title='bbox 393 591 586 645; x_wconf 89' lang='lat' dir='ltr'>quoniam</span> <span class='ocrx_word' id='word_1_68' title='bbox 615 591 772 632; x_wconf 90' lang='lat' dir='ltr'>fructus</span> <span class='ocrx_word' id='word_1_69' title='bbox 801 591 1057 633; x_wconf 88' lang='lat' dir='ltr'>inimicorum</span> 
     </span>
    </p>

    <p class='ocr_par' dir='ltr' id='par_1_6' title="bbox 184 649 1642 706">
     <span class='ocr_line' id='line_1_10' title="bbox 184 649 1642 706; baseline 0.004 -16"><span class='ocrx_word' id='word_1_70' title='bbox 184 650 488 691; x_wconf 87' lang='lat' dir='ltr'>exterminabat</span> <span class='ocrx_word' id='word_1_71' title='bbox 517 649 619 703; x_wconf 89' lang='lat' dir='ltr'>ignis</span> <span class='ocrx_word' id='word_1_72' title='bbox 650 650 795 691; x_wconf 87' lang='lat' dir='ltr'>ardens</span> <span class='ocrx_word' id='word_1_73' title='bbox 826 650 867 690; x_wconf 93' lang='lat' dir='ltr'>in</span> <span class='ocrx_word' id='word_1_74' title='bbox 896 651 1093 704; x_wconf 85' lang='lat' dir='ltr'>grandine</span> <span class='ocrx_word' id='word_1_75' title='bbox 1176 657 1218 693; x_wconf 90' lang='lat' dir='ltr'>et</span> <span class='ocrx_word' id='word_1_76' title='bbox 1247 652 1388 706; x_wconf 88' lang='lat' dir='ltr'>pluvia</span> <span class='ocrx_word' id='word_1_77' title='bbox 1418 668 1642 697; x_wconf 82' lang='lat' dir='ltr'>coruscans.</span> 
     </span>
    </p>

    <p class='ocr_par' dir='ltr' id='par_1_7' title="bbox 131 708 1890 759">
     <span class='ocr_line' id='line_1_11' title="bbox 131 708 1890 759; baseline 0.005 -10"><span class='ocrx_word' id='word_1_78' title='bbox 131 710 163 733; x_wconf 82' lang='lat'>²³</span> <span class='ocrx_word' id='word_1_79' title='bbox 184 708 262 749; x_wconf 90' lang='lat' dir='ltr'>Hic</span> <span class='ocrx_word' id='word_1_80' title='bbox 291 715 430 750; x_wconf 89' lang='lat' dir='ltr'>autem</span> <span class='ocrx_word' id='word_1_81' title='bbox 459 709 607 750; x_wconf 86' lang='lat' dir='ltr'>iterum</span> <span class='ocrx_word' id='word_1_82' title='bbox 636 714 684 749; x_wconf 92' lang='lat' dir='ltr'>ut</span> <span class='ocrx_word' id='word_1_83' title='bbox 712 708 966 750; x_wconf 86' lang='lat' dir='ltr'>nutrirentur</span> <span class='ocrx_word' id='word_1_84' title='bbox 993 710 1100 759; x_wconf 91' lang='lat' dir='ltr'>iusti,</span> <span class='ocrx_word' id='word_1_85' title='bbox 1185 711 1309 752; x_wconf 90' lang='lat' dir='ltr'>etiam</span> <span class='ocrx_word' id='word_1_86' title='bbox 1339 725 1420 753; x_wconf 67' lang='lat' dir='ltr'>suae</span> <span class='ocrx_word' id='word_1_87' title='bbox 1449 713 1612 754; x_wconf 88' lang='lat' dir='ltr'>virtutis</span> <span class='ocrx_word' id='word_1_88' title='bbox 1642 715 1789 756; x_wconf 83' lang='lat' dir='ltr'>oblitus</span> <span class='ocrx_word' id='word_1_89' title='bbox 1819 722 1890 759; x_wconf 89' lang='lat' dir='ltr'>est.</span> 
     </span>
    </p>

    <p class='ocr_par' dir='ltr' id='par_1_8' title="bbox 130 767 2029 883">
     <span class='ocr_line' id='line_1_12' title="bbox 130 767 2029 818; baseline 0.005 -10"><span class='ocrx_word' id='word_1_90' title='bbox 130 769 163 792; x_wconf 72' lang='lat'>2⁴³</span> <span class='ocrx_word' id='word_1_91' title='bbox 183 767 380 808; x_wconf 90' lang='lat' dir='ltr'>Creatura</span> <span class='ocrx_word' id='word_1_92' title='bbox 414 767 521 808; x_wconf 91' lang='lat' dir='ltr'>enim</span> <span class='ocrx_word' id='word_1_93' title='bbox 568 767 643 807; x_wconf 91' lang='lat' dir='ltr'>tibi</span> <span class='ocrx_word' id='word_1_94' title='bbox 679 767 843 808; x_wconf 86' lang='lat' dir='ltr'>Factori</span> <span class='ocrx_word' id='word_1_95' title='bbox 879 768 1120 818; x_wconf 88' lang='lat' dir='ltr'>deserviens,</span> <span class='ocrx_word' id='word_1_96' title='bbox 1212 771 1439 811; x_wconf 86' lang='lat' dir='ltr'>exardescit</span> <span class='ocrx_word' id='word_1_97' title='bbox 1474 771 1515 811; x_wconf 88' lang='lat' dir='ltr'>in</span> <span class='ocrx_word' id='word_1_98' title='bbox 1550 776 1801 814; x_wconf 89' lang='lat' dir='ltr'>tormentum</span> <span class='ocrx_word' id='word_1_99' title='bbox 1838 776 2029 817; x_wconf 85' lang='lat' dir='ltr'>adversus</span> 
     </span>
     <span class='ocr_line' id='line_1_13' title="bbox 392 825 2028 883; baseline 0.006 -17"><span class='ocrx_word' id='word_1_100' title='bbox 392 826 582 867; x_wconf 91' lang='lat' dir='ltr'>iniustos:</span> <span class='ocrx_word' id='word_1_101' title='bbox 661 831 703 866; x_wconf 93' lang='lat' dir='ltr'>et</span> <span class='ocrx_word' id='word_1_102' title='bbox 726 825 852 868; x_wconf 90' lang='lat' dir='ltr'>lenior</span> <span class='ocrx_word' id='word_1_103' title='bbox 876 826 923 867; x_wconf 93' lang='lat' dir='ltr'>fit</span> <span class='ocrx_word' id='word_1_104' title='bbox 948 827 1000 868; x_wconf 91' lang='lat' dir='ltr'>ad</span> <span class='ocrx_word' id='word_1_105' title='bbox 1025 827 1360 869; x_wconf 87' lang='lat' dir='ltr'>benefaciendum</span> <span class='ocrx_word' id='word_1_106' title='bbox 1386 842 1459 882; x_wconf 92' lang='lat' dir='ltr'>pro</span> <span class='ocrx_word' id='word_1_107' title='bbox 1484 830 1556 877; x_wconf 86' lang='lat' dir='ltr'>his,</span> <span class='ocrx_word' id='word_1_108' title='bbox 1585 831 1653 883; x_wconf 90' lang='lat' dir='ltr'>qui</span> <span class='ocrx_word' id='word_1_109' title='bbox 1677 832 1718 871; x_wconf 92' lang='lat' dir='ltr'>in</span> <span class='ocrx_word' id='word_1_110' title='bbox 1743 837 1782 872; x_wconf 89' lang='lat' dir='ltr'>te</span> <span class='ocrx_word' id='word_1_111' title='bbox 1808 834 2028 876; x_wconf 88' lang='lat' dir='ltr'>confidunt.</span> 
     </span>
    </p>

    <p class='ocr_par' dir='ltr' id='par_1_9' title="bbox 131 885 2032 998">
     <span class='ocr_line' id='line_1_14' title="bbox 131 885 2032 943; baseline 0.005 -18"><span class='ocrx_word' id='word_1_112' title='bbox 131 886 163 909; x_wconf 78' lang='lat'>2⁵</span> <span class='ocrx_word' id='word_1_113' title='bbox 179 885 353 939; x_wconf 90' lang='lat' dir='ltr'>Propter</span> <span class='ocrx_word' id='word_1_114' title='bbox 375 885 452 926; x_wconf 90' lang='lat' dir='ltr'>hoc</span> <span class='ocrx_word' id='word_1_115' title='bbox 475 890 518 925; x_wconf 88' lang='lat' dir='ltr'>et</span> <span class='ocrx_word' id='word_1_116' title='bbox 539 889 638 925; x_wconf 92' lang='lat' dir='ltr'>tunc</span> <span class='ocrx_word' id='word_1_117' title='bbox 667 885 708 925; x_wconf 90' lang='lat' dir='ltr'>in</span> <span class='ocrx_word' id='word_1_118' title='bbox 732 885 871 926; x_wconf 91' lang='lat' dir='ltr'>omnia</span> <span class='ocrx_word' id='word_1_119' title='bbox 893 886 1185 939; x_wconf 87' lang='lat' dir='ltr'>transfigurata</span> <span class='ocrx_word' id='word_1_120' title='bbox 1260 887 1441 928; x_wconf 91' lang='lat' dir='ltr'>omnium</span> <span class='ocrx_word' id='word_1_121' title='bbox 1466 889 1613 929; x_wconf 90' lang='lat' dir='ltr'>nutrici</span> <span class='ocrx_word' id='word_1_122' title='bbox 1636 891 1776 943; x_wconf 82' lang='lat' dir='ltr'>gratiae</span> <span class='ocrx_word' id='word_1_123' title='bbox 1799 896 1880 932; x_wconf 83' lang='lat' dir='ltr'>tuae</span> <span class='ocrx_word' id='word_1_124' title='bbox 1903 893 2032 933; x_wconf 89' lang='lat' dir='ltr'>deser-</span> 
     </span>
     <span class='ocr_line' id='line_1_15' title="bbox 392 943 1704 998; baseline 0.003 -14"><span class='ocrx_word' id='word_1_125' title='bbox 392 943 543 992; x_wconf 89' lang='lat' dir='ltr'>viebat,</span> <span class='ocrx_word' id='word_1_126' title='bbox 628 944 680 984; x_wconf 87' lang='lat' dir='ltr'>ad</span> <span class='ocrx_word' id='word_1_127' title='bbox 709 943 967 985; x_wconf 90' lang='lat' dir='ltr'>voluntatem</span> <span class='ocrx_word' id='word_1_128' title='bbox 997 957 1148 993; x_wconf 90' lang='lat' dir='ltr'>eorum,</span> <span class='ocrx_word' id='word_1_129' title='bbox 1181 945 1249 998; x_wconf 92' lang='lat' dir='ltr'>qui</span> <span class='ocrx_word' id='word_1_130' title='bbox 1279 959 1303 986; x_wconf 89' lang='lat' dir='ltr'>a</span> <span class='ocrx_word' id='word_1_131' title='bbox 1331 951 1371 986; x_wconf 93' lang='lat' dir='ltr'>te</span> <span class='ocrx_word' id='word_1_132' title='bbox 1401 947 1704 988; x_wconf 86' lang='lat' dir='ltr'>desiderabant:</span> 
     </span>
    </p>

    <p class='ocr_par' dir='ltr' id='par_1_10' title="bbox 130 1001 2032 1116">
     <span class='ocr_line' id='line_1_16' title="bbox 130 1001 2032 1057; baseline 0.004 -14"><span class='ocrx_word' id='word_1_133' title='bbox 130 1004 166 1026; x_wconf 72' lang='lat'>2⁶</span> <span class='ocrx_word' id='word_1_134' title='bbox 182 1007 231 1043; x_wconf 89' lang='lat' dir='ltr'>ut</span> <span class='ocrx_word' id='word_1_135' title='bbox 259 1002 408 1043; x_wconf 90' lang='lat' dir='ltr'>scirent</span> <span class='ocrx_word' id='word_1_136' title='bbox 437 1001 507 1042; x_wconf 88' lang='lat' dir='ltr'>filii</span> <span class='ocrx_word' id='word_1_137' title='bbox 536 1002 609 1049; x_wconf 87' lang='lat' dir='ltr'>tui,</span> <span class='ocrx_word' id='word_1_138' title='bbox 653 1016 753 1055; x_wconf 89' lang='lat' dir='ltr'>quos</span> <span class='ocrx_word' id='word_1_139' title='bbox 783 1002 960 1043; x_wconf 84' lang='lat' dir='ltr'>dilexisti</span> <span class='ocrx_word' id='word_1_140' title='bbox 988 1004 1175 1049; x_wconf 82' lang='lat' dir='ltr'>Domine,</span> <span class='ocrx_word' id='word_1_141' title='bbox 1267 1005 1477 1057; x_wconf 75' lang='lat' dir='ltr'>equoniam</span> <span class='ocrx_word' id='word_1_142' title='bbox 1506 1019 1587 1047; x_wconf 91' lang='lat' dir='ltr'>non</span> <span class='ocrx_word' id='word_1_143' title='bbox 1617 1007 1848 1049; x_wconf 88' lang='lat' dir='ltr'>nativitatis</span> <span class='ocrx_word' id='word_1_144' title='bbox 1876 1008 2032 1050; x_wconf 86' lang='lat' dir='ltr'>fructus</span> 
     </span>
     <span class='ocr_line' id='line_1_17' title="bbox 392 1061 2029 1116; baseline 0.004 -15"><span class='ocrx_word' id='word_1_145' title='bbox 392 1065 569 1114; x_wconf 90' lang='lat' dir='ltr'>pascunt</span> <span class='ocrx_word' id='word_1_146' title='bbox 587 1061 782 1107; x_wconf 90' lang='lat' dir='ltr'>homines,</span> <span class='ocrx_word' id='word_1_147' title='bbox 857 1062 927 1102; x_wconf 93' lang='lat' dir='ltr'>sed</span> <span class='ocrx_word' id='word_1_148' title='bbox 946 1074 1076 1103; x_wconf 89' lang='lat' dir='ltr'>sermo</span> <span class='ocrx_word' id='word_1_149' title='bbox 1098 1067 1192 1103; x_wconf 91' lang='lat' dir='ltr'>tuus</span> <span class='ocrx_word' id='word_1_150' title='bbox 1212 1062 1296 1109; x_wconf 73' lang='lat' dir='ltr'>hos,</span> <span class='ocrx_word' id='word_1_151' title='bbox 1320 1064 1389 1116; x_wconf 88' lang='lat' dir='ltr'>qui</span> <span class='ocrx_word' id='word_1_152' title='bbox 1408 1063 1448 1103; x_wconf 92' lang='lat' dir='ltr'>in</span> <span class='ocrx_word' id='word_1_153' title='bbox 1468 1069 1508 1104; x_wconf 90' lang='lat' dir='ltr'>te</span> <span class='ocrx_word' id='word_1_154' title='bbox 1529 1065 1781 1113; x_wconf 86' lang='lat' dir='ltr'>crediderint,</span> <span class='ocrx_word' id='word_1_155' title='bbox 1805 1072 2029 1108; x_wconf 89' lang='lat' dir='ltr'>conservat.</span> 
     </span>
    </p>

    <p class='ocr_par' dir='ltr' id='par_1_11' title="bbox 130 1119 2032 1219">
     <span class='ocr_line' id='line_1_18' title="bbox 130 1119 2032 1177; baseline 0.003 -17"><span class='ocrx_word' id='word_1_156' title='bbox 130 1121 164 1144; x_wconf 72' lang='lat'>‘2⁷</span> <span class='ocrx_word' id='word_1_157' title='bbox 183 1120 302 1168; x_wconf 86' lang='lat' dir='ltr'>Quod</span> <span class='ocrx_word' id='word_1_158' title='bbox 333 1119 439 1160; x_wconf 90' lang='lat' dir='ltr'>enim</span> <span class='ocrx_word' id='word_1_159' title='bbox 472 1120 523 1160; x_wconf 91' lang='lat' dir='ltr'>ab</span> <span class='ocrx_word' id='word_1_160' title='bbox 554 1119 644 1173; x_wconf 84' lang='lat' dir='ltr'>igne</span> <span class='ocrx_word' id='word_1_161' title='bbox 675 1133 757 1161; x_wconf 91' lang='lat' dir='ltr'>non</span> <span class='ocrx_word' id='word_1_162' title='bbox 798 1124 962 1173; x_wconf 90' lang='lat' dir='ltr'>poterat</span> <span class='ocrx_word' id='word_1_163' title='bbox 1002 1121 1274 1165; x_wconf 82' lang='lat' dir='ltr'>exterminari,</span> <span class='ocrx_word' id='word_1_164' title='bbox 1362 1123 1502 1163; x_wconf 90' lang='lat' dir='ltr'>statim</span> <span class='ocrx_word' id='word_1_165' title='bbox 1535 1124 1585 1163; x_wconf 92' lang='lat' dir='ltr'>ab</span> <span class='ocrx_word' id='word_1_166' title='bbox 1624 1124 1766 1177; x_wconf 86' lang='lat' dir='ltr'>exiguo</span> <span class='ocrx_word' id='word_1_167' title='bbox 1798 1126 1909 1166; x_wconf 87' lang='lat' dir='ltr'>radio</span> <span class='ocrx_word' id='word_1_168' title='bbox 1941 1125 2032 1167; x_wconf 90' lang='lat' dir='ltr'>solis</span> 
     </span>
     <span class='ocr_line' id='line_1_19' title="bbox 392 1177 922 1219; baseline 0 -1"><span class='ocrx_word' id='word_1_169' title='bbox 392 1177 636 1219; x_wconf 88' lang='lat' dir='ltr'>calefactum</span> <span class='ocrx_word' id='word_1_170' title='bbox 666 1179 922 1219; x_wconf 85' lang='lat' dir='ltr'>tabescebat:</span> 
     </span>
    </p>

    <p class='ocr_par' dir='ltr' id='par_1_12' title="bbox 130 1237 2033 1344">
     <span class='ocr_line' id='line_1_20' title="bbox 130 1237 2033 1291; baseline 0.003 -14"><span class='ocrx_word' id='word_1_171' title='bbox 130 1238 165 1261; x_wconf 74' lang='lat'>²⁸</span> <span class='ocrx_word' id='word_1_172' title='bbox 182 1242 230 1278; x_wconf 91' lang='lat' dir='ltr'>ut</span> <span class='ocrx_word' id='word_1_173' title='bbox 258 1241 403 1278; x_wconf 90' lang='lat' dir='ltr'>notum</span> <span class='ocrx_word' id='word_1_174' title='bbox 434 1237 622 1278; x_wconf 88' lang='lat' dir='ltr'>omnibus</span> <span class='ocrx_word' id='word_1_175' title='bbox 651 1242 767 1285; x_wconf 85' lang='lat' dir='ltr'>esset,</span> <span class='ocrx_word' id='word_1_176' title='bbox 812 1237 1005 1290; x_wconf 86' lang='lat' dir='ltr'>quoniam</span> <span class='ocrx_word' id='word_1_177' title='bbox 1036 1243 1200 1291; x_wconf 83' lang='lat' dir='ltr'>oportet</span> <span class='ocrx_word' id='word_1_178' title='bbox 1227 1240 1448 1291; x_wconf 83' lang='lat' dir='ltr'>praevenire</span> <span class='ocrx_word' id='word_1_179' title='bbox 1477 1239 1600 1280; x_wconf 87' lang='lat' dir='ltr'>solem</span> <span class='ocrx_word' id='word_1_180' title='bbox 1631 1241 1682 1281; x_wconf 89' lang='lat' dir='ltr'>ad</span> <span class='ocrx_word' id='word_1_181' title='bbox 1711 1241 2033 1283; x_wconf 89' lang='lat' dir='ltr'>benedictionem</span> 
     </span>
     <span class='ocr_line' id='line_1_21' title="bbox 393 1296 1299 1344; baseline 0.002 -8"><span class='ocrx_word' id='word_1_182' title='bbox 393 1301 521 1344; x_wconf 88' lang='lat' dir='ltr'>tuam,</span> <span class='ocrx_word' id='word_1_183' title='bbox 605 1300 647 1336; x_wconf 89' lang='lat' dir='ltr'>et</span> <span class='ocrx_word' id='word_1_184' title='bbox 675 1296 728 1336; x_wconf 88' lang='lat' dir='ltr'>ad</span> <span class='ocrx_word' id='word_1_185' title='bbox 757 1301 892 1337; x_wconf 88' lang='lat' dir='ltr'>ortum</span> <span class='ocrx_word' id='word_1_186' title='bbox 922 1296 1021 1337; x_wconf 88' lang='lat' dir='ltr'>lucis</span> <span class='ocrx_word' id='word_1_187' title='bbox 1050 1302 1090 1337; x_wconf 92' lang='lat' dir='ltr'>te</span> <span class='ocrx_word' id='word_1_188' title='bbox 1120 1297 1299 1338; x_wconf 88' lang='lat' dir='ltr'>adorare.</span> 
     </span>
    </p>

    <p class='ocr_par' dir='ltr' id='par_1_13' title="bbox 130 1354 2033 1466">
     <span class='ocr_line' id='line_1_22' title="bbox 130 1354 2033 1412; baseline 0.003 -18"><span class='ocrx_word' id='word_1_189' title='bbox 130 1356 165 1378; x_wconf 78' lang='lat'>2⁹</span> <span class='ocrx_word' id='word_1_190' title='bbox 184 1354 341 1408; x_wconf 86' lang='lat' dir='ltr'>Ingrati</span> <span class='ocrx_word' id='word_1_191' title='bbox 364 1354 470 1394; x_wconf 89' lang='lat' dir='ltr'>enim</span> <span class='ocrx_word' id='word_1_192' title='bbox 494 1368 584 1407; x_wconf 90' lang='lat' dir='ltr'>spes</span> <span class='ocrx_word' id='word_1_193' title='bbox 607 1359 821 1407; x_wconf 87' lang='lat' dir='ltr'>tamquam</span> <span class='ocrx_word' id='word_1_194' title='bbox 849 1354 1081 1408; x_wconf 88' lang='lat' dir='ltr'>hybernalis</span> <span class='ocrx_word' id='word_1_195' title='bbox 1104 1355 1250 1409; x_wconf 84' lang='lat' dir='ltr'>glacies</span> <span class='ocrx_word' id='word_1_196' title='bbox 1273 1356 1466 1402; x_wconf 75' lang='lat' dir='ltr'>tabescet,</span> <span class='ocrx_word' id='word_1_197' title='bbox 1545 1362 1586 1398; x_wconf 90' lang='lat' dir='ltr'>et</span> <span class='ocrx_word' id='word_1_198' title='bbox 1608 1357 1799 1411; x_wconf 76' lang='lat' dir='ltr'>disperiet</span> <span class='ocrx_word' id='word_1_199' title='bbox 1821 1363 2033 1412; x_wconf 85' lang='lat' dir='ltr'>tamquam</span> 
     </span>
     <span class='ocr_line' id='line_1_23' title="bbox 393 1425 794 1466; baseline 0.002 -13"><span class='ocrx_word' id='word_1_200' title='bbox 393 1426 501 1466; x_wconf 86' lang='lat' dir='ltr'>aqua</span> <span class='ocrx_word' id='word_1_201' title='bbox 529 1425 794 1466; x_wconf 88' lang='lat' dir='ltr'>supervacua.</span> 
     </span>
    </p>
   </div>
   <div class='ocr_carea' id='block_1_5' title="bbox 130 1516 2239 3332">
    <p class='ocr_par' dir='ltr' id='par_1_14' title="bbox 131 1516 2239 1629">
     <span class='ocr_line' id='line_1_24' title="bbox 131 1516 2197 1575; baseline 0.002 -17"><span class='ocrx_word' id='word_1_202' title='bbox 131 1517 193 1560; x_wconf 77' lang='lat'>17.</span> <span class='ocrx_word' id='word_1_203' title='bbox 250 1520 263 1542; x_wconf 81' lang='lat'>¹</span> <span class='ocrx_word' id='word_1_204' title='bbox 286 1518 437 1571; x_wconf 85' lang='lat' dir='ltr'>Magna</span> <span class='ocrx_word' id='word_1_205' title='bbox 458 1522 554 1558; x_wconf 91' lang='lat' dir='ltr'>sunt</span> <span class='ocrx_word' id='word_1_206' title='bbox 576 1516 683 1558; x_wconf 87' lang='lat' dir='ltr'>enim</span> <span class='ocrx_word' id='word_1_207' title='bbox 706 1517 856 1558; x_wconf 88' lang='lat' dir='ltr'>iudicia</span> <span class='ocrx_word' id='word_1_208' title='bbox 878 1523 952 1558; x_wconf 89' lang='lat' dir='ltr'>tua</span> <span class='ocrx_word' id='word_1_209' title='bbox 972 1518 1159 1567; x_wconf 87' lang='lat' dir='ltr'>Domine,</span> <span class='ocrx_word' id='word_1_210' title='bbox 1184 1524 1226 1559; x_wconf 90' lang='lat' dir='ltr'>et</span> <span class='ocrx_word' id='word_1_211' title='bbox 1248 1519 1534 1560; x_wconf 85' lang='lat' dir='ltr'>inenarrabilia</span> <span class='ocrx_word' id='word_1_212' title='bbox 1556 1521 1681 1561; x_wconf 90' lang='lat' dir='ltr'>verba</span> <span class='ocrx_word' id='word_1_213' title='bbox 1702 1526 1793 1562; x_wconf 90' lang='lat' dir='ltr'>tua:</span> <span class='ocrx_word' id='word_1_214' title='bbox 1869 1526 2035 1575; x_wconf 88' lang='lat' dir='ltr'>propter</span> <span class='ocrx_word' id='word_1_215' title='bbox 2077 1532 2095 1549; x_wconf 74' lang='lat'>³2</span> <span class='ocrx_word' id='word_1_216' title='bbox 2115 1524 2197 1572; x_wconf 55' lang='lat' dir='ltr'>plag?</span> 
     </span>
     <span class='ocr_line' id='line_1_25' title="bbox 391 1561 2239 1629; baseline 0.001 -13"><span class='ocrx_word' id='word_1_217' title='bbox 391 1577 467 1618; x_wconf 89' lang='lat' dir='ltr'>hoc</span> <span class='ocrx_word' id='word_1_218' title='bbox 498 1575 810 1629; x_wconf 84' lang='lat' dir='ltr'>indisciplinatae</span> <span class='ocrx_word' id='word_1_219' title='bbox 841 1576 987 1617; x_wconf 58' lang='lat' dir='ltr'>animae</span> <span class='ocrx_word' id='word_1_220' title='bbox 1018 1583 1267 1619; x_wconf 79' lang='lat' dir='ltr'>erraverunt..</span> <span class='ocrx_word' id='word_1_221' title='bbox 2046 1561 2239 1589; x_wconf 52' lang='lat' dir='ltr'>tenebmum&#39;</span> 
     </span>
    </p>

    <p class='ocr_par' dir='ltr' id='par_1_15' title="bbox 150 1634 2034 1806">
     <span class='ocr_line' id='line_1_26' title="bbox 150 1634 2033 1689; baseline 0.003 -14"><span class='ocrx_word' id='word_1_222' title='bbox 150 1637 165 1659; x_wconf 75' lang='lat'>2</span> <span class='ocrx_word' id='word_1_223' title='bbox 184 1635 315 1675; x_wconf 79' lang='lat' dir='ltr'>dDum</span> <span class='ocrx_word' id='word_1_224' title='bbox 342 1635 449 1676; x_wconf 90' lang='lat' dir='ltr'>enim</span> <span class='ocrx_word' id='word_1_225' title='bbox 476 1647 714 1688; x_wconf 84' lang='lat' dir='ltr'>persuasum</span> <span class='ocrx_word' id='word_1_226' title='bbox 742 1635 896 1675; x_wconf 87' lang='lat' dir='ltr'>habent</span> <span class='ocrx_word' id='word_1_227' title='bbox 921 1634 1050 1689; x_wconf 85' lang='lat' dir='ltr'>iniqui</span> <span class='ocrx_word' id='word_1_228' title='bbox 1074 1649 1190 1689; x_wconf 89' lang='lat' dir='ltr'>posse</span> <span class='ocrx_word' id='word_1_229' title='bbox 1207 1636 1407 1677; x_wconf 88' lang='lat' dir='ltr'>dominari</span> <span class='ocrx_word' id='word_1_230' title='bbox 1433 1637 1589 1678; x_wconf 88' lang='lat' dir='ltr'>nationi</span> <span class='ocrx_word' id='word_1_231' title='bbox 1615 1642 1783 1679; x_wconf 85' lang='lat' dir='ltr'>sanctae:</span> <span class='ocrx_word' id='word_1_232' title='bbox 1863 1638 2033 1680; x_wconf 85' lang='lat' dir='ltr'>vinculis</span> 
     </span>
     <span class='ocr_line' id='line_1_27' title="bbox 392 1693 2034 1750; baseline 0.002 -17"><span class='ocrx_word' id='word_1_233' title='bbox 392 1694 653 1734; x_wconf 88' lang='lat' dir='ltr'>tenebrarum</span> <span class='ocrx_word' id='word_1_234' title='bbox 689 1699 731 1734; x_wconf 90' lang='lat' dir='ltr'>et</span> <span class='ocrx_word' id='word_1_235' title='bbox 764 1693 894 1744; x_wconf 82' lang='lat' dir='ltr'>longae</span> <span class='ocrx_word' id='word_1_236' title='bbox 928 1694 1058 1735; x_wconf 91' lang='lat' dir='ltr'>noctis</span> <span class='ocrx_word' id='word_1_237' title='bbox 1095 1695 1326 1748; x_wconf 80' lang='lat' dir='ltr'>compediti,</span> <span class='ocrx_word' id='word_1_238' title='bbox 1416 1695 1559 1736; x_wconf 90' lang='lat' dir='ltr'>inclusi</span> <span class='ocrx_word' id='word_1_239' title='bbox 1594 1697 1668 1737; x_wconf 91' lang='lat' dir='ltr'>sub</span> <span class='ocrx_word' id='word_1_240' title='bbox 1704 1697 1833 1745; x_wconf 89' lang='lat' dir='ltr'>tectis,</span> <span class='ocrx_word' id='word_1_241' title='bbox 1872 1697 2034 1750; x_wconf 83' lang='lat' dir='ltr'>fugitivi</span> 
     </span>
     <span class='ocr_line' id='line_1_28' title="bbox 390 1752 1147 1806; baseline 0 -13"><span class='ocrx_word' id='word_1_242' title='bbox 390 1758 598 1806; x_wconf 68' lang='lat' dir='ltr'>perpetuae</span> <span class='ocrx_word' id='word_1_243' title='bbox 626 1753 895 1805; x_wconf 83' lang='lat' dir='ltr'>providentiae</span> <span class='ocrx_word' id='word_1_244' title='bbox 923 1752 1147 1794; x_wconf 90' lang='lat' dir='ltr'>iacuerunt.</span> 
     </span>
    </p>

    <p class='ocr_par' dir='ltr' id='par_1_16' title="bbox 149 1811 2032 1925">
     <span class='ocr_line' id='line_1_29' title="bbox 149 1811 2032 1865; baseline 0.002 -13"><span class='ocrx_word' id='word_1_245' title='bbox 149 1811 238 1852; x_wconf 85' lang='lat' dir='ltr'>³Et</span> <span class='ocrx_word' id='word_1_246' title='bbox 270 1812 367 1852; x_wconf 90' lang='lat' dir='ltr'>dum</span> <span class='ocrx_word' id='word_1_247' title='bbox 400 1816 553 1865; x_wconf 87' lang='lat' dir='ltr'>putant</span> <span class='ocrx_word' id='word_1_248' title='bbox 581 1824 621 1851; x_wconf 88' lang='lat' dir='ltr'>se</span> <span class='ocrx_word' id='word_1_249' title='bbox 652 1811 778 1852; x_wconf 90' lang='lat' dir='ltr'>latere</span> <span class='ocrx_word' id='word_1_250' title='bbox 810 1811 849 1851; x_wconf 93' lang='lat' dir='ltr'>in</span> <span class='ocrx_word' id='word_1_251' title='bbox 876 1811 1055 1852; x_wconf 86' lang='lat' dir='ltr'>obscuris</span> <span class='ocrx_word' id='word_1_252' title='bbox 1087 1812 1275 1865; x_wconf 88' lang='lat' dir='ltr'>peccatis,</span> <span class='ocrx_word' id='word_1_253' title='bbox 1310 1813 1524 1854; x_wconf 85' lang='lat' dir='ltr'>tenebroso</span> <span class='ocrx_word' id='word_1_254' title='bbox 1557 1812 1770 1854; x_wconf 88' lang='lat' dir='ltr'>oblivionis</span> <span class='ocrx_word' id='word_1_255' title='bbox 1802 1814 2032 1855; x_wconf 89' lang='lat' dir='ltr'>velamento</span> 
     </span>
     <span class='ocr_line' id='line_1_30' title="bbox 392 1869 2031 1925; baseline 0.001 -14"><span class='ocrx_word' id='word_1_256' title='bbox 392 1869 561 1923; x_wconf 88' lang='lat' dir='ltr'>dispersi</span> <span class='ocrx_word' id='word_1_257' title='bbox 577 1875 684 1917; x_wconf 89' lang='lat' dir='ltr'>sunt,</span> <span class='ocrx_word' id='word_1_258' title='bbox 704 1876 901 1922; x_wconf 91' lang='lat' dir='ltr'>paventes</span> <span class='ocrx_word' id='word_1_259' title='bbox 918 1870 1127 1917; x_wconf 84' lang='lat' dir='ltr'>horrende,</span> <span class='ocrx_word' id='word_1_260' title='bbox 1199 1876 1240 1911; x_wconf 91' lang='lat' dir='ltr'>et</span> <span class='ocrx_word' id='word_1_261' title='bbox 1256 1884 1347 1911; x_wconf 88' lang='lat' dir='ltr'>cum</span> <span class='ocrx_word' id='word_1_262' title='bbox 1365 1871 1634 1913; x_wconf 85' lang='lat' dir='ltr'>admiratione</span> <span class='ocrx_word' id='word_1_263' title='bbox 1650 1871 1776 1912; x_wconf 89' lang='lat' dir='ltr'>nimia</span> <span class='ocrx_word' id='word_1_264' title='bbox 1790 1872 2031 1925; x_wconf 89' lang='lat' dir='ltr'>perturbati.</span> 
     </span>
    </p>

    <p class='ocr_par' dir='ltr' id='par_1_17' title="bbox 150 1928 2033 2099">
     <span class='ocr_line' id='line_1_31' title="bbox 150 1928 2033 1984; baseline 0.002 -15"><span class='ocrx_word' id='word_1_265' title='bbox 150 1932 165 1953; x_wconf 77' lang='lat'>‘¹</span> <span class='ocrx_word' id='word_1_266' title='bbox 183 1929 326 1982; x_wconf 90' lang='lat' dir='ltr'>Neque</span> <span class='ocrx_word' id='word_1_267' title='bbox 350 1928 457 1969; x_wconf 91' lang='lat' dir='ltr'>enim</span> <span class='ocrx_word' id='word_1_268' title='bbox 484 1941 574 1981; x_wconf 84' lang='lat' dir='ltr'>quae</span> <span class='ocrx_word' id='word_1_269' title='bbox 601 1928 840 1969; x_wconf 90' lang='lat' dir='ltr'>continebat</span> <span class='ocrx_word' id='word_1_270' title='bbox 866 1928 952 1969; x_wconf 90' lang='lat' dir='ltr'>illos</span> <span class='ocrx_word' id='word_1_271' title='bbox 975 1928 1178 1982; x_wconf 87' lang='lat' dir='ltr'>spelunca,</span> <span class='ocrx_word' id='word_1_272' title='bbox 1203 1929 1287 1970; x_wconf 88' lang='lat' dir='ltr'>sine</span> <span class='ocrx_word' id='word_1_273' title='bbox 1314 1930 1459 1971; x_wconf 90' lang='lat' dir='ltr'>timore</span> <span class='ocrx_word' id='word_1_274' title='bbox 1484 1930 1759 1971; x_wconf 86' lang='lat' dir='ltr'>custodiebat:</span> <span class='ocrx_word' id='word_1_275' title='bbox 1841 1931 2033 1984; x_wconf 92' lang='lat' dir='ltr'>quoniam</span> 
     </span>
     <span class='ocr_line' id='line_1_32' title="bbox 392 1987 2033 2042; baseline 0.001 -14"><span class='ocrx_word' id='word_1_276' title='bbox 392 1987 549 2028; x_wconf 88' lang='lat' dir='ltr'>sonitus</span> <span class='ocrx_word' id='word_1_277' title='bbox 567 1987 813 2027; x_wconf 89' lang='lat' dir='ltr'>descendens</span> <span class='ocrx_word' id='word_1_278' title='bbox 831 1988 1103 2040; x_wconf 85' lang='lat' dir='ltr'>perturbabat</span> <span class='ocrx_word' id='word_1_279' title='bbox 1118 1987 1217 2036; x_wconf 84' lang='lat' dir='ltr'>illos,</span> <span class='ocrx_word' id='word_1_280' title='bbox 1291 1994 1332 2028; x_wconf 91' lang='lat' dir='ltr'>et</span> <span class='ocrx_word' id='word_1_281' title='bbox 1348 2001 1529 2041; x_wconf 61' lang='lat' dir='ltr'>personae</span> <span class='ocrx_word' id='word_1_282' title='bbox 1546 1989 1680 2029; x_wconf 89' lang='lat' dir='ltr'>tristes</span> <span class='ocrx_word' id='word_1_283' title='bbox 1697 1988 1773 2029; x_wconf 91' lang='lat' dir='ltr'>illis</span> <span class='ocrx_word' id='word_1_284' title='bbox 1792 1995 2033 2042; x_wconf 86' lang='lat' dir='ltr'>apparentes</span> 
     </span>
     <span class='ocr_line' id='line_1_33' title="bbox 392 2044 985 2099; baseline -0.002 -13"><span class='ocrx_word' id='word_1_285' title='bbox 392 2058 586 2099; x_wconf 90' lang='lat' dir='ltr'>pavorem</span> <span class='ocrx_word' id='word_1_286' title='bbox 615 2044 691 2085; x_wconf 90' lang='lat' dir='ltr'>illis</span> <span class='ocrx_word' id='word_1_287' title='bbox 720 2046 985 2098; x_wconf 85' lang='lat' dir='ltr'>praestabant.</span> 
     </span>
    </p>

    <p class='ocr_par' dir='ltr' id='par_1_18' title="bbox 153 2103 2034 2215">
     <span class='ocr_line' id='line_1_34' title="bbox 153 2103 2034 2159; baseline 0.001 -14"><span class='ocrx_word' id='word_1_288' title='bbox 153 2107 168 2129; x_wconf 84' lang='lat'>⁵</span> <span class='ocrx_word' id='word_1_289' title='bbox 185 2104 242 2145; x_wconf 89' lang='lat' dir='ltr'>Et</span> <span class='ocrx_word' id='word_1_290' title='bbox 269 2104 371 2158; x_wconf 88' lang='lat' dir='ltr'>ignis</span> <span class='ocrx_word' id='word_1_291' title='bbox 403 2104 567 2157; x_wconf 87' lang='lat' dir='ltr'>quidem</span> <span class='ocrx_word' id='word_1_292' title='bbox 597 2103 710 2144; x_wconf 90' lang='lat' dir='ltr'>nulla</span> <span class='ocrx_word' id='word_1_293' title='bbox 730 2104 790 2144; x_wconf 90' lang='lat' dir='ltr'>vis</span> <span class='ocrx_word' id='word_1_294' title='bbox 813 2109 978 2157; x_wconf 90' lang='lat' dir='ltr'>poterat</span> <span class='ocrx_word' id='word_1_295' title='bbox 1006 2103 1081 2144; x_wconf 93' lang='lat' dir='ltr'>illis</span> <span class='ocrx_word' id='word_1_296' title='bbox 1110 2103 1247 2144; x_wconf 89' lang='lat' dir='ltr'>lumen</span> <span class='ocrx_word' id='word_1_297' title='bbox 1276 2106 1465 2158; x_wconf 81' lang='lat' dir='ltr'>praebere,</span> <span class='ocrx_word' id='word_1_298' title='bbox 1550 2118 1623 2145; x_wconf 89' lang='lat' dir='ltr'>nec</span> <span class='ocrx_word' id='word_1_299' title='bbox 1652 2105 1827 2146; x_wconf 89' lang='lat' dir='ltr'>siderum</span> <span class='ocrx_word' id='word_1_300' title='bbox 1856 2106 2034 2159; x_wconf 73' lang='lat' dir='ltr'>limpidae</span> 
     </span>
     <span class='ocr_line' id='line_1_35' title="bbox 392 2161 1662 2215; baseline 0.002 -12"><span class='ocrx_word' id='word_1_301' title='bbox 392 2162 568 2203; x_wconf 82' lang='lat' dir='ltr'>flammae</span> <span class='ocrx_word' id='word_1_302' title='bbox 596 2161 824 2203; x_wconf 87' lang='lat' dir='ltr'>illuminare</span> <span class='ocrx_word' id='word_1_303' title='bbox 853 2168 1047 2215; x_wconf 85' lang='lat' dir='ltr'>poterant</span> <span class='ocrx_word' id='word_1_304' title='bbox 1074 2162 1184 2202; x_wconf 91' lang='lat' dir='ltr'>illam</span> <span class='ocrx_word' id='word_1_305' title='bbox 1215 2168 1377 2204; x_wconf 88' lang='lat' dir='ltr'>noctem</span> <span class='ocrx_word' id='word_1_306' title='bbox 1407 2163 1662 2205; x_wconf 89' lang='lat' dir='ltr'>horrendam.</span> 
     </span>
    </p>

    <p class='ocr_par' dir='ltr' id='par_1_19' title="bbox 150 2220 2030 2275">
     <span class='ocr_line' id='line_1_36' title="bbox 150 2220 2030 2275; baseline 0.001 -13"><span class='ocrx_word' id='word_1_307' title='bbox 150 2224 165 2246; x_wconf 77' lang='lat'><strong>⁶</strong></span> <span class='ocrx_word' id='word_1_308' title='bbox 182 2222 424 2275; x_wconf 86' lang='lat' dir='ltr'>Apparebat</span> <span class='ocrx_word' id='word_1_309' title='bbox 445 2226 585 2262; x_wconf 90' lang='lat' dir='ltr'>autem</span> <span class='ocrx_word' id='word_1_310' title='bbox 607 2220 682 2261; x_wconf 93' lang='lat' dir='ltr'>illis</span> <span class='ocrx_word' id='word_1_311' title='bbox 705 2221 943 2261; x_wconf 91' lang='lat' dir='ltr'>subitaneus</span> <span class='ocrx_word' id='word_1_312' title='bbox 966 2221 1079 2275; x_wconf 84' lang='lat' dir='ltr'>ignis,</span> <span class='ocrx_word' id='word_1_313' title='bbox 1101 2221 1245 2262; x_wconf 87' lang='lat' dir='ltr'>timore</span> <span class='ocrx_word' id='word_1_314' title='bbox 1267 2222 1428 2275; x_wconf 87' lang='lat' dir='ltr'>plenus:</span> <span class='ocrx_word' id='word_1_315' title='bbox 1493 2227 1533 2262; x_wconf 87' lang='lat' dir='ltr'>et</span> <span class='ocrx_word' id='word_1_316' title='bbox 1556 2223 1700 2263; x_wconf 90' lang='lat' dir='ltr'>timore</span> <span class='ocrx_word' id='word_1_317' title='bbox 1722 2222 1893 2275; x_wconf 90' lang='lat' dir='ltr'>perculsi</span> <span class='ocrx_word' id='word_1_318' title='bbox 1914 2223 2030 2271; x_wconf 82' lang='lat' dir='ltr'>illius,</span> 
     </span>
    </p>

    <p class='ocr_par' dir='ltr' id='par_1_20' title="bbox 147 2280 2031 2334">
     <span class='ocr_line' id='line_1_37' title="bbox 147 2280 2031 2334; baseline 0 -13"><span class='ocrx_word' id='word_1_319' title='bbox 147 2326 153 2329; x_wconf 54' lang='grc'><strong>,</strong></span> <span class='ocrx_word' id='word_1_320' title='bbox 393 2293 483 2334; x_wconf 85' lang='lat' dir='ltr'>quae</span> <span class='ocrx_word' id='word_1_321' title='bbox 502 2293 583 2321; x_wconf 95' lang='lat' dir='ltr'>non</span> <span class='ocrx_word' id='word_1_322' title='bbox 603 2280 833 2328; x_wconf 79' lang='lat' dir='ltr'>videbatur,</span> <span class='ocrx_word' id='word_1_323' title='bbox 855 2280 983 2328; x_wconf 86' lang='lat' dir='ltr'>faciei,</span> <span class='ocrx_word' id='word_1_324' title='bbox 1058 2280 1320 2320; x_wconf 63' lang='lat' dir='ltr'>:estimabant</span> <span class='ocrx_word' id='word_1_325' title='bbox 1336 2280 1537 2321; x_wconf 89' lang='lat' dir='ltr'>deteriora</span> <span class='ocrx_word' id='word_1_326' title='bbox 1555 2294 1638 2321; x_wconf 90' lang='lat' dir='ltr'>esse</span> <span class='ocrx_word' id='word_1_327' title='bbox 1659 2294 1748 2334; x_wconf 83' lang='lat' dir='ltr'>quae</span> <span class='ocrx_word' id='word_1_328' title='bbox 1767 2282 2031 2321; x_wconf 90' lang='lat' dir='ltr'>videbantur:</span> 
     </span>
    </p>

    <p class='ocr_par' dir='ltr' id='par_1_21' title="bbox 150 2338 2031 2438">
     <span class='ocr_line' id='line_1_38' title="bbox 150 2338 2031 2393; baseline -0.001 -13"><span class='ocrx_word' id='word_1_329' title='bbox 150 2342 164 2363; x_wconf 77' lang='lat'><em>⁷</em></span> <span class='ocrx_word' id='word_1_330' title='bbox 189 2344 248 2380; x_wconf 73' lang='lat' dir='ltr'>eet</span> <span class='ocrx_word' id='word_1_331' title='bbox 269 2339 437 2393; x_wconf 83' lang='lat' dir='ltr'>magicae</span> <span class='ocrx_word' id='word_1_332' title='bbox 460 2339 559 2380; x_wconf 91' lang='lat' dir='ltr'>artis</span> <span class='ocrx_word' id='word_1_333' title='bbox 583 2339 760 2392; x_wconf 90' lang='lat' dir='ltr'>appositi</span> <span class='ocrx_word' id='word_1_334' title='bbox 781 2344 899 2379; x_wconf 87' lang='lat' dir='ltr'>erant</span> <span class='ocrx_word' id='word_1_335' title='bbox 916 2338 1082 2385; x_wconf 86' lang='lat' dir='ltr'>derisus,</span> <span class='ocrx_word' id='word_1_336' title='bbox 1161 2344 1202 2379; x_wconf 88' lang='lat' dir='ltr'>et</span> <span class='ocrx_word' id='word_1_337' title='bbox 1224 2338 1434 2392; x_wconf 82' lang='lat' dir='ltr'>sapientiae</span> <span class='ocrx_word' id='word_1_338' title='bbox 1456 2338 1590 2392; x_wconf 63' lang='lat' dir='ltr'>gloriae</span> <span class='ocrx_word' id='word_1_339' title='bbox 1614 2339 1813 2392; x_wconf 87' lang='lat' dir='ltr'>correptio</span> <span class='ocrx_word' id='word_1_340' title='bbox 1830 2352 1921 2379; x_wconf 89' lang='lat' dir='ltr'>cum</span> <span class='ocrx_word' id='word_1_341' title='bbox 1939 2352 2031 2380; x_wconf 90' lang='lat' dir='ltr'>con-</span> 
     </span>
     <span class='ocr_line' id='line_1_39' title="bbox 392 2397 572 2438; baseline 0 0"><span class='ocrx_word' id='word_1_342' title='bbox 392 2397 572 2438; x_wconf 43' lang='lat' dir='ltr'>tumelia:</span> 
     </span>
    </p>

    <p class='ocr_par' dir='ltr' id='par_1_22' title="bbox 150 2455 2032 2569">
     <span class='ocr_line' id='line_1_40' title="bbox 150 2455 2032 2510; baseline -0.001 -13"><span class='ocrx_word' id='word_1_343' title='bbox 150 2459 165 2481; x_wconf 68' lang='lat'>²³</span> <span class='ocrx_word' id='word_1_344' title='bbox 185 2456 247 2497; x_wconf 90' lang='lat' dir='ltr'>Illi</span> <span class='ocrx_word' id='word_1_345' title='bbox 273 2456 380 2497; x_wconf 90' lang='lat' dir='ltr'>enim</span> <span class='ocrx_word' id='word_1_346' title='bbox 411 2456 480 2510; x_wconf 91' lang='lat' dir='ltr'>qui</span> <span class='ocrx_word' id='word_1_347' title='bbox 509 2456 810 2510; x_wconf 86' lang='lat' dir='ltr'>promittebant</span> <span class='ocrx_word' id='word_1_348' title='bbox 841 2456 1005 2497; x_wconf 89' lang='lat' dir='ltr'>timores</span> <span class='ocrx_word' id='word_1_349' title='bbox 1047 2461 1089 2497; x_wconf 91' lang='lat' dir='ltr'>et</span> <span class='ocrx_word' id='word_1_350' title='bbox 1126 2456 1454 2509; x_wconf 87' lang='lat' dir='ltr'>perturbationes</span> <span class='ocrx_word' id='word_1_351' title='bbox 1494 2455 1689 2509; x_wconf 89' lang='lat' dir='ltr'>expellere</span> <span class='ocrx_word' id='word_1_352' title='bbox 1728 2469 1769 2496; x_wconf 88' lang='lat' dir='ltr'>se</span> <span class='ocrx_word' id='word_1_353' title='bbox 1808 2456 1858 2497; x_wconf 88' lang='lat' dir='ltr'>ab</span> <span class='ocrx_word' id='word_1_354' title='bbox 1896 2456 2032 2496; x_wconf 86' lang='lat' dir='ltr'>anima</span> 
     </span>
     <span class='ocr_line' id='line_1_41' title="bbox 390 2514 1635 2569; baseline -0.001 -13"><span class='ocrx_word' id='word_1_355' title='bbox 390 2515 622 2569; x_wconf 74' lang='lat' dir='ltr'>languente,</span> <span class='ocrx_word' id='word_1_356' title='bbox 706 2515 748 2555; x_wconf 93' lang='lat' dir='ltr'>hi</span> <span class='ocrx_word' id='word_1_357' title='bbox 777 2528 869 2556; x_wconf 91' lang='lat' dir='ltr'>cum</span> <span class='ocrx_word' id='word_1_358' title='bbox 900 2515 1033 2556; x_wconf 86' lang='lat' dir='ltr'>derisu</span> <span class='ocrx_word' id='word_1_359' title='bbox 1063 2514 1171 2568; x_wconf 91' lang='lat' dir='ltr'>pleni</span> <span class='ocrx_word' id='word_1_360' title='bbox 1200 2515 1344 2556; x_wconf 87' lang='lat' dir='ltr'>timore</span> <span class='ocrx_word' id='word_1_361' title='bbox 1373 2514 1635 2568; x_wconf 88' lang='lat' dir='ltr'>languebant.</span> 
     </span>
    </p>

    <p class='ocr_par' dir='ltr' id='par_1_23' title="bbox 150 2573 2029 2745">
     <span class='ocr_line' id='line_1_42' title="bbox 150 2573 2029 2627; baseline -0.002 -12"><span class='ocrx_word' id='word_1_362' title='bbox 150 2577 166 2599; x_wconf 79' lang='lat'>⁹</span> <span class='ocrx_word' id='word_1_363' title='bbox 184 2574 290 2615; x_wconf 89' lang='lat' dir='ltr'>Nam</span> <span class='ocrx_word' id='word_1_364' title='bbox 312 2574 388 2615; x_wconf 89' lang='lat' dir='ltr'>etsi</span> <span class='ocrx_word' id='word_1_365' title='bbox 408 2573 508 2615; x_wconf 90' lang='lat' dir='ltr'>nihil</span> <span class='ocrx_word' id='word_1_366' title='bbox 528 2573 615 2615; x_wconf 89' lang='lat' dir='ltr'>illos</span> <span class='ocrx_word' id='word_1_367' title='bbox 637 2587 686 2614; x_wconf 89' lang='lat' dir='ltr'>ex</span> <span class='ocrx_word' id='word_1_368' title='bbox 705 2574 896 2615; x_wconf 90' lang='lat' dir='ltr'>monstris</span> <span class='ocrx_word' id='word_1_369' title='bbox 916 2574 1206 2627; x_wconf 87' lang='lat' dir='ltr'>perturbabat:</span> <span class='ocrx_word' id='word_1_370' title='bbox 1282 2573 1457 2614; x_wconf 87' lang='lat' dir='ltr'>transitu</span> <span class='ocrx_word' id='word_1_371' title='bbox 1474 2573 1709 2613; x_wconf 89' lang='lat' dir='ltr'>animalium</span> <span class='ocrx_word' id='word_1_372' title='bbox 1729 2578 1770 2613; x_wconf 92' lang='lat' dir='ltr'>et</span> <span class='ocrx_word' id='word_1_373' title='bbox 1784 2573 2029 2626; x_wconf 89' lang='lat' dir='ltr'>serpentium</span> 
     </span>
     <span class='ocr_line' id='line_1_43' title="bbox 392 2630 2029 2686; baseline -0.002 -13"><span class='ocrx_word' id='word_1_374' title='bbox 392 2633 622 2674; x_wconf 88' lang='lat' dir='ltr'>sibilatione</span> <span class='ocrx_word' id='word_1_375' title='bbox 662 2633 868 2681; x_wconf 91' lang='lat' dir='ltr'>commoti,</span> <span class='ocrx_word' id='word_1_376' title='bbox 905 2632 1163 2674; x_wconf 89' lang='lat' dir='ltr'>tremebundi</span> <span class='ocrx_word' id='word_1_377' title='bbox 1203 2632 1410 2686; x_wconf 90' lang='lat' dir='ltr'>peribant:</span> <span class='ocrx_word' id='word_1_378' title='bbox 1494 2637 1535 2672; x_wconf 90' lang='lat' dir='ltr'>et</span> <span class='ocrx_word' id='word_1_379' title='bbox 1575 2645 1717 2673; x_wconf 86' lang='lat' dir='ltr'>aerem.</span> <span class='ocrx_word' id='word_1_380' title='bbox 1762 2644 1881 2684; x_wconf 88' lang='lat' dir='ltr'>quem</span> <span class='ocrx_word' id='word_1_381' title='bbox 1920 2630 2029 2671; x_wconf 88' lang='lat' dir='ltr'>nulla</span> 
     </span>
     <span class='ocr_line' id='line_1_44' title="bbox 390 2691 1520 2745; baseline -0.001 -13"><span class='ocrx_word' id='word_1_382' title='bbox 390 2692 548 2733; x_wconf 87' lang='lat' dir='ltr'>ratione</span> <span class='ocrx_word' id='word_1_383' title='bbox 579 2691 668 2745; x_wconf 93' lang='lat' dir='ltr'>quis</span> <span class='ocrx_word' id='word_1_384' title='bbox 697 2692 871 2745; x_wconf 79' lang='lat' dir='ltr'>effugere</span> <span class='ocrx_word' id='word_1_385' title='bbox 901 2696 1049 2745; x_wconf 89' lang='lat' dir='ltr'>posset,</span> <span class='ocrx_word' id='word_1_386' title='bbox 1080 2697 1275 2745; x_wconf 88' lang='lat' dir='ltr'>negantes</span> <span class='ocrx_word' id='word_1_387' title='bbox 1304 2704 1344 2731; x_wconf 91' lang='lat' dir='ltr'>se</span> <span class='ocrx_word' id='word_1_388' title='bbox 1374 2691 1520 2731; x_wconf 90' lang='lat' dir='ltr'>videre.</span> 
     </span>
    </p>

    <p class='ocr_par' dir='ltr' id='par_1_24' title="bbox 131 2747 2030 2863">
     <span class='ocr_line' id='line_1_45' title="bbox 131 2747 2030 2804; baseline -0.002 -13"><span class='ocrx_word' id='word_1_389' title='bbox 131 2753 167 2776; x_wconf 78' lang='lat'>1⁰</span> <span class='ocrx_word' id='word_1_390' title='bbox 182 2750 283 2791; x_wconf 86' lang='lat' dir='ltr'>Cum</span> <span class='ocrx_word' id='word_1_391' title='bbox 306 2750 360 2791; x_wconf 87' lang='lat' dir='ltr'>sit</span> <span class='ocrx_word' id='word_1_392' title='bbox 381 2750 487 2791; x_wconf 91' lang='lat' dir='ltr'>enim</span> <span class='ocrx_word' id='word_1_393' title='bbox 510 2750 658 2791; x_wconf 88' lang='lat' dir='ltr'>timida</span> <span class='ocrx_word' id='word_1_394' title='bbox 677 2750 872 2804; x_wconf 91' lang='lat' dir='ltr'>nequitia,</span> <span class='ocrx_word' id='word_1_395' title='bbox 897 2750 971 2791; x_wconf 92' lang='lat' dir='ltr'>dat</span> <span class='ocrx_word' id='word_1_396' title='bbox 1000 2750 1280 2791; x_wconf 88' lang='lat' dir='ltr'>testimonium</span> <span class='ocrx_word' id='word_1_397' title='bbox 1303 2749 1669 2791; x_wconf 87' lang='lat' dir='ltr'>condemnationis:</span> <span class='ocrx_word' id='word_1_398' title='bbox 1745 2760 1902 2801; x_wconf 88' lang='lat' dir='ltr'>semper</span> <span class='ocrx_word' id='word_1_399' title='bbox 1924 2747 2030 2788; x_wconf 89' lang='lat' dir='ltr'>enirn</span> 
     </span>
     <span class='ocr_line' id='line_1_46' title="bbox 390 2808 1309 2863; baseline -0.001 -13"><span class='ocrx_word' id='word_1_400' title='bbox 390 2809 602 2863; x_wconf 87' lang='lat' dir='ltr'>praesumit</span> <span class='ocrx_word' id='word_1_401' title='bbox 630 2822 749 2857; x_wconf 75' lang='lat' dir='ltr'>saeva,</span> <span class='ocrx_word' id='word_1_402' title='bbox 781 2810 1024 2862; x_wconf 87' lang='lat' dir='ltr'>perturbata</span> <span class='ocrx_word' id='word_1_403' title='bbox 1052 2808 1309 2850; x_wconf 90' lang='lat' dir='ltr'>conscientia.</span> 
     </span>
    </p>

    <p class='ocr_par' dir='ltr' id='par_1_25' title="bbox 130 2866 1539 2921">
     <span class='ocr_line' id='line_1_47' title="bbox 130 2866 1539 2921; baseline -0.002 -13"><span class='ocrx_word' id='word_1_404' title='bbox 130 2870 160 2892; x_wconf 85' lang='lat' dir='ltr'>n</span> <span class='ocrx_word' id='word_1_405' title='bbox 183 2867 293 2908; x_wconf 86' lang='lat' dir='ltr'>Nihil</span> <span class='ocrx_word' id='word_1_406' title='bbox 320 2868 427 2908; x_wconf 90' lang='lat' dir='ltr'>enim</span> <span class='ocrx_word' id='word_1_407' title='bbox 455 2873 516 2909; x_wconf 88' lang='lat' dir='ltr'>est</span> <span class='ocrx_word' id='word_1_408' title='bbox 543 2868 666 2909; x_wconf 91' lang='lat' dir='ltr'>timor</span> <span class='ocrx_word' id='word_1_409' title='bbox 693 2868 769 2908; x_wconf 89' lang='lat' dir='ltr'>nisi</span> <span class='ocrx_word' id='word_1_410' title='bbox 795 2868 972 2921; x_wconf 90' lang='lat' dir='ltr'>proditio</span> <span class='ocrx_word' id='word_1_411' title='bbox 1000 2867 1258 2921; x_wconf 87' lang='lat' dir='ltr'>cogitationis</span> <span class='ocrx_word' id='word_1_412' title='bbox 1286 2866 1539 2907; x_wconf 89' lang='lat' dir='ltr'>auxiliorum.</span> 
     </span>
    </p>

    <p class='ocr_par' dir='ltr' id='par_1_26' title="bbox 130 2923 2030 3039">
     <span class='ocr_line' id='line_1_48' title="bbox 130 2923 2030 2980; baseline -0.003 -12"><span class='ocrx_word' id='word_1_413' title='bbox 130 2929 161 2951; x_wconf 82' lang='lat'>¹2</span> <span class='ocrx_word' id='word_1_414' title='bbox 182 2926 238 2967; x_wconf 90' lang='lat' dir='ltr'>Et</span> <span class='ocrx_word' id='word_1_415' title='bbox 267 2927 365 2968; x_wconf 90' lang='lat' dir='ltr'>dum</span> <span class='ocrx_word' id='word_1_416' title='bbox 395 2927 446 2967; x_wconf 89' lang='lat' dir='ltr'>ab</span> <span class='ocrx_word' id='word_1_417' title='bbox 475 2926 586 2967; x_wconf 91' lang='lat' dir='ltr'>intus</span> <span class='ocrx_word' id='word_1_418' title='bbox 614 2926 747 2968; x_wconf 92' lang='lat' dir='ltr'>minor</span> <span class='ocrx_word' id='word_1_419' title='bbox 775 2932 837 2967; x_wconf 92' lang='lat' dir='ltr'>est</span> <span class='ocrx_word' id='word_1_420' title='bbox 871 2927 1115 2980; x_wconf 88' lang='lat' dir='ltr'>expectatio,</span> <span class='ocrx_word' id='word_1_421' title='bbox 1198 2926 1393 2967; x_wconf 89' lang='lat' dir='ltr'>maiorem</span> <span class='ocrx_word' id='word_1_422' title='bbox 1422 2928 1636 2977; x_wconf 89' lang='lat' dir='ltr'>computat</span> <span class='ocrx_word' id='word_1_423' title='bbox 1663 2923 1917 2964; x_wconf 86' lang='lat' dir='ltr'>inscientiam</span> <span class='ocrx_word' id='word_1_424' title='bbox 1947 2923 2030 2964; x_wconf 92' lang='lat' dir='ltr'>eius</span> 
     </span>
     <span class='ocr_line' id='line_1_49' title="bbox 392 2986 1217 3039; baseline -0.001 -13"><span class='ocrx_word' id='word_1_425' title='bbox 392 2998 534 3032; x_wconf 83' lang='lat' dir='ltr'>causae,</span> <span class='ocrx_word' id='word_1_426' title='bbox 566 2986 615 3026; x_wconf 91' lang='lat' dir='ltr'>de</span> <span class='ocrx_word' id='word_1_427' title='bbox 645 2998 727 3038; x_wconf 89' lang='lat' dir='ltr'>qua</span> <span class='ocrx_word' id='word_1_428' title='bbox 756 2990 1007 3026; x_wconf 90' lang='lat' dir='ltr'>tormentum</span> <span class='ocrx_word' id='word_1_429' title='bbox 1037 2989 1217 3039; x_wconf 71' lang='lat' dir='ltr'>praestat.</span> 
     </span>
    </p>

    <p class='ocr_par' dir='ltr' id='par_1_27' title="bbox 130 3040 2031 3156">
     <span class='ocr_line' id='line_1_50' title="bbox 130 3040 2031 3097; baseline -0.002 -14"><span class='ocrx_word' id='word_1_430' title='bbox 130 3046 162 3069; x_wconf 80' lang='lat'>13</span> <span class='ocrx_word' id='word_1_431' title='bbox 185 3043 246 3084; x_wconf 90' lang='lat' dir='ltr'>Illi</span> <span class='ocrx_word' id='word_1_432' title='bbox 271 3048 410 3085; x_wconf 88' lang='lat' dir='ltr'>autem</span> <span class='ocrx_word' id='word_1_433' title='bbox 435 3043 504 3097; x_wconf 91' lang='lat' dir='ltr'>qui</span> <span class='ocrx_word' id='word_1_434' title='bbox 528 3044 798 3097; x_wconf 90' lang='lat' dir='ltr'>impotentem</span> <span class='ocrx_word' id='word_1_435' title='bbox 823 3057 915 3085; x_wconf 88' lang='lat' dir='ltr'>vere</span> <span class='ocrx_word' id='word_1_436' title='bbox 939 3049 1114 3091; x_wconf 79' lang='lat' dir='ltr'>noctem,</span> <span class='ocrx_word' id='word_1_437' title='bbox 1194 3050 1235 3084; x_wconf 88' lang='lat' dir='ltr'>et</span> <span class='ocrx_word' id='word_1_438' title='bbox 1259 3044 1310 3083; x_wconf 90' lang='lat' dir='ltr'>ab</span> <span class='ocrx_word' id='word_1_439' title='bbox 1334 3042 1493 3089; x_wconf 81' lang='lat' dir='ltr'>infimis,</span> <span class='ocrx_word' id='word_1_440' title='bbox 1525 3046 1566 3081; x_wconf 94' lang='lat' dir='ltr'>et</span> <span class='ocrx_word' id='word_1_441' title='bbox 1590 3041 1641 3081; x_wconf 89' lang='lat' dir='ltr'>ab</span> <span class='ocrx_word' id='word_1_442' title='bbox 1667 3040 1871 3081; x_wconf 87' lang='lat' dir='ltr'>altissimis</span> <span class='ocrx_word' id='word_1_443' title='bbox 1895 3040 2031 3081; x_wconf 87' lang='lat' dir='ltr'>inferis</span> 
     </span>
     <span class='ocr_line' id='line_1_51' title="bbox 392 3100 1520 3156; baseline -0.004 -13"><span class='ocrx_word' id='word_1_444' title='bbox 392 3102 758 3156; x_wconf 79' lang='lat' dir='ltr'>supervenientem,</span> <span class='ocrx_word' id='word_1_445' title='bbox 842 3103 1015 3144; x_wconf 88' lang='lat' dir='ltr'>eundem</span> <span class='ocrx_word' id='word_1_446' title='bbox 1046 3115 1233 3143; x_wconf 88' lang='lat' dir='ltr'>somnum</span> <span class='ocrx_word' id='word_1_447' title='bbox 1263 3100 1520 3146; x_wconf 82' lang='lat' dir='ltr'>dormientes,</span> 
     </span>
    </p>

    <p class='ocr_par' dir='ltr' id='par_1_28' title="bbox 131 3157 2031 3270">
     <span class='ocr_line' id='line_1_52' title="bbox 131 3157 2031 3216; baseline -0.002 -15"><span class='ocrx_word' id='word_1_448' title='bbox 131 3163 162 3186; x_wconf 71' lang='lat'>¹⁴</span> <span class='ocrx_word' id='word_1_449' title='bbox 183 3160 403 3214; x_wconf 88' lang='lat' dir='ltr'>aliquando</span> <span class='ocrx_word' id='word_1_450' title='bbox 436 3166 712 3202; x_wconf 89' lang='lat' dir='ltr'>monstrorum</span> <span class='ocrx_word' id='word_1_451' title='bbox 757 3162 1074 3216; x_wconf 86' lang='lat' dir='ltr'>exagitabantur</span> <span class='ocrx_word' id='word_1_452' title='bbox 1108 3161 1263 3205; x_wconf 75' lang='lat' dir='ltr'>timore,</span> <span class='ocrx_word' id='word_1_453' title='bbox 1352 3158 1571 3211; x_wconf 89' lang='lat' dir='ltr'>aliquando</span> <span class='ocrx_word' id='word_1_454' title='bbox 1610 3158 1755 3198; x_wconf 83' lang='lat' dir='ltr'>animae</span> <span class='ocrx_word' id='word_1_455' title='bbox 1789 3157 2031 3198; x_wconf 87' lang='lat' dir='ltr'>deficiebant</span> 
     </span>
     <span class='ocr_line' id='line_1_53' title="bbox 391 3217 2027 3270; baseline -0.004 -9"><span class='ocrx_word' id='word_1_456' title='bbox 391 3219 668 3261; x_wconf 89' lang='lat' dir='ltr'>traductione:</span> <span class='ocrx_word' id='word_1_457' title='bbox 750 3220 988 3261; x_wconf 91' lang='lat' dir='ltr'>subitaneus</span> <span class='ocrx_word' id='word_1_458' title='bbox 1017 3220 1124 3260; x_wconf 89' lang='lat' dir='ltr'>enim</span> <span class='ocrx_word' id='word_1_459' title='bbox 1151 3218 1226 3259; x_wconf 87' lang='lat' dir='ltr'>illis</span> <span class='ocrx_word' id='word_1_460' title='bbox 1255 3223 1295 3258; x_wconf 92' lang='lat' dir='ltr'>et</span> <span class='ocrx_word' id='word_1_461' title='bbox 1322 3217 1550 3270; x_wconf 88' lang='lat' dir='ltr'>insperatus</span> <span class='ocrx_word' id='word_1_462' title='bbox 1578 3217 1701 3257; x_wconf 90' lang='lat' dir='ltr'>timor</span> <span class='ocrx_word' id='word_1_463' title='bbox 1728 3219 2027 3269; x_wconf 88' lang='lat' dir='ltr'>supervenerat.</span> 
     </span>
    </p>

    <p class='ocr_par' dir='ltr' id='par_1_29' title="bbox 131 3274 2025 3332">
     <span class='ocr_line' id='line_1_54' title="bbox 131 3274 2025 3332; baseline -0.004 -14"><span class='ocrx_word' id='word_1_464' title='bbox 131 3280 162 3302; x_wconf 85' lang='lat'>1⁵</span> <span class='ocrx_word' id='word_1_465' title='bbox 181 3278 340 3319; x_wconf 86' lang='lat' dir='ltr'>Deinde</span> <span class='ocrx_word' id='word_1_466' title='bbox 357 3279 389 3320; x_wconf 92' lang='lat' dir='ltr'>si</span> <span class='ocrx_word' id='word_1_467' title='bbox 402 3278 619 3332; x_wconf 84' lang='lat' dir='ltr'>quisquam</span> <span class='ocrx_word' id='word_1_468' title='bbox 633 3291 682 3318; x_wconf 85' lang='lat' dir='ltr'>ex</span> <span class='ocrx_word' id='word_1_469' title='bbox 698 3278 774 3320; x_wconf 91' lang='lat' dir='ltr'>illis</span> <span class='ocrx_word' id='word_1_470' title='bbox 791 3279 1017 3327; x_wconf 83' lang='lat' dir='ltr'>decidisset,</span> <span class='ocrx_word' id='word_1_471' title='bbox 1071 3277 1378 3319; x_wconf 89' lang='lat' dir='ltr'>custodiebatur</span> <span class='ocrx_word' id='word_1_472' title='bbox 1392 3275 1433 3316; x_wconf 90' lang='lat' dir='ltr'>in</span> <span class='ocrx_word' id='word_1_473' title='bbox 1447 3288 1603 3316; x_wconf 87' lang='lat' dir='ltr'>carcere</span> <span class='ocrx_word' id='word_1_474' title='bbox 1619 3275 1702 3316; x_wconf 90' lang='lat' dir='ltr'>sine</span> <span class='ocrx_word' id='word_1_475' title='bbox 1719 3274 1822 3315; x_wconf 89' lang='lat' dir='ltr'>ferro</span> <span class='ocrx_word' id='word_1_476' title='bbox 1840 3274 2025 3314; x_wconf 87' lang='lat' dir='ltr'>reclusus.</span> 
     </span>
    </p>
   </div>
   <div class='ocr_carea' id='block_1_6' title="bbox 132 3356 2025 3470">
    <p class='ocr_par' dir='ltr' id='par_1_30' title="bbox 132 3356 2025 3470">
     <span class='ocr_line' id='line_1_55' title="bbox 263 3356 2025 3423; baseline -0.005 -8"><span class='ocrx_word' id='word_1_477' title='bbox 263 3356 543 3421; x_wconf 45' lang='lat'>2032&#39;4162&#39;142</span> <span class='ocrx_word' id='word_1_478' title='bbox 569 3382 638 3416; x_wconf 72' lang='lat' dir='ltr'>Nm</span> <span class='ocrx_word' id='word_1_479' title='bbox 659 3384 712 3422; x_wconf 85' lang='lat'>11,</span> <span class='ocrx_word' id='word_1_480' title='bbox 728 3383 762 3423; x_wconf 82' lang='lat'>7;</span> <span class='ocrx_word' id='word_1_481' title='bbox 787 3384 829 3416; x_wconf 54' lang='grc' dir='ltr'>ΡΞ</span> <span class='ocrx_word' id='word_1_482' title='bbox 852 3384 903 3423; x_wconf 70' lang='lat'>77,</span> <span class='ocrx_word' id='word_1_483' title='bbox 922 3383 979 3419; x_wconf 82' lang='lat'>25:</span> <span class='ocrx_word' id='word_1_484' title='bbox 1004 3382 1041 3416; x_wconf 87' lang='lat'>10</span> <span class='ocrx_word' id='word_1_485' title='bbox 1063 3382 1093 3422; x_wconf 78' lang='lat'>6,</span> <span class='ocrx_word' id='word_1_486' title='bbox 1115 3382 1166 3415; x_wconf 81' lang='lat'>31.</span> <span class='ocrx_word' id='word_1_487' title='bbox 1185 3401 1226 3405; x_wconf 67' lang='lat'>-</span> <span class='ocrx_word' id='word_1_488' title='bbox 1243 3380 1304 3413; x_wconf 72' lang='lat'>22¹0</span> <span class='ocrx_word' id='word_1_489' title='bbox 1323 3379 1377 3412; x_wconf 81' lang='lat' dir='ltr'>Ex</span> <span class='ocrx_word' id='word_1_490' title='bbox 1393 3380 1424 3419; x_wconf 85' lang='lat'>9,</span> <span class='ocrx_word' id='word_1_491' title='bbox 1443 3380 1494 3413; x_wconf 83' lang='lat'>24.</span> <span class='ocrx_word' id='word_1_492' title='bbox 1512 3379 1609 3412; x_wconf 78' lang='lat'>—26</span> <span class='ocrx_word' id='word_1_493' title='bbox 1631 3379 1696 3411; x_wconf 70' lang='lat' dir='ltr'>th</span> <span class='ocrx_word' id='word_1_494' title='bbox 1713 3378 1743 3417; x_wconf 70' lang='lat' dir='ltr'>e,</span> <span class='ocrx_word' id='word_1_495' title='bbox 1761 3378 1796 3417; x_wconf 67' lang='lat'>3,</span> <span class='ocrx_word' id='word_1_496' title='bbox 1822 3377 1873 3408; x_wconf 76' lang='lat' dir='ltr'>Mt</span> <span class='ocrx_word' id='word_1_497' title='bbox 1890 3376 1919 3413; x_wconf 83' lang='lat'>4,</span> <span class='ocrx_word' id='word_1_498' title='bbox 1940 3374 1967 3405; x_wconf 80' lang='lat'>4.</span> <span class='ocrx_word' id='word_1_499' title='bbox 1985 3390 2025 3395; x_wconf 85' lang='lat'>—</span> 
     </span>
     <span class='ocr_line' id='line_1_56' title="bbox 132 3428 943 3470; baseline 0.001 -7"><span class='ocrx_word' id='word_1_500' title='bbox 132 3430 184 3470; x_wconf 67' lang='grc' dir='ltr'>ιτ,</span> <span class='ocrx_word' id='word_1_501' title='bbox 209 3429 229 3462; x_wconf 76' lang='lat'><em>2</em></span> <span class='ocrx_word' id='word_1_502' title='bbox 252 3429 327 3463; x_wconf 68' lang='lat' dir='ltr'>dax</span> <span class='ocrx_word' id='word_1_503' title='bbox 351 3428 404 3469; x_wconf 87' lang='lat'>10,</span> <span class='ocrx_word' id='word_1_504' title='bbox 430 3429 481 3462; x_wconf 82' lang='lat'>23.</span> <span class='ocrx_word' id='word_1_505' title='bbox 510 3450 550 3453; x_wconf 80' lang='lat'><em>-</em></span> <span class='ocrx_word' id='word_1_506' title='bbox 575 3429 595 3462; x_wconf 88' lang='lat'><em>7</em></span> <span class='ocrx_word' id='word_1_507' title='bbox 622 3429 693 3462; x_wconf 75' lang='lat' dir='ltr'>eEx</span> <span class='ocrx_word' id='word_1_508' title='bbox 719 3430 748 3470; x_wconf 82' lang='lat'>7,</span> <span class='ocrx_word' id='word_1_509' title='bbox 774 3431 831 3470; x_wconf 83' lang='lat'>22;</span> <span class='ocrx_word' id='word_1_510' title='bbox 857 3430 888 3470; x_wconf 80' lang='lat' dir='ltr'>e,</span> <span class='ocrx_word' id='word_1_511' title='bbox 915 3430 943 3464; x_wconf 81' lang='lat'>7.</span> 
     </span>
    </p>
   </div>
  </div>
 </body>
</html>
