2356 3760
109 663 139 686 ln
165 662 272 686 ’11411111-

142 699 232 722 ruint:

134 1194 241 1218 idolum

167 1230 216 1255 zeli

110 1266 266 1291 statutum,

126 1486 252 1517 picturas

116 1523 261 1551 adorata&

110 2192 271 2217 Adonim-111

87 2228 279 2259 (10111013111111.

147 2366 234 2390 8010111

109 2402 272 2432 adoratum,

137 2549 248 2566 sanium

98 2586 109 2599 :1
119 2578 287 2607 111111011111111.

133 3105 172 3120 ,ιιι
196 3106 256 3118 ,,,,

295 215 369 256 796
1101 211 1378 246 PROPHETIA
1988 216 2018 256 7,
2043 216 2162 257 27—9‚
2188 217 2208 248 4

290 309 428 362 pheta.
462 313 503 348 et
531 306 597 348 lex
627 306 775 360 peribit
807 318 831 345 a
860 305 1082 349 sacerdote,
1116 311 1157 346 et
1187 305 1399 346 consilium
1431 319 1455 346 a
1484 305 1721 348 senioribus.
1781 308 1815 331 ²⁷
1848 307 1937 348 Rex
1966 308 2133 363 lugebit,
2167 315 2209 350 et

292 367 478 420 princeps
515 366 709 407 induetur
746 376 929 411 moerore,
970 369 1011 405 et
1047 377 1194 405 manus
1231 364 1371 418 populi
1409 370 1527 405 terrae
1564 365 1935 408 conturbabuntur.
1974 367 2208 409 Secundum

292 426 402 466 viam
433 438 570 466 eorum
601 424 748 464 faciam
780 423 846 468 eis,
879 428 920 464 et
949 423 1172 464 secundum
1203 423 1352 464 iudicia
1381 436 1520 464 eorum
1549 423 1739 465 iudicabo
1769 437 1854 466 eos:
1886 430 1927 466 et
1955 426 2084 468 scient
2113 427 2209 481 quia

292 498 364 537 ego
394 484 608 526 Dominus.

521 588 560 627 3.
592 586 901 627 Idololatriam
934 585 1319 637 ierosolymorum
1350 585 1580 638 propheta
1608 586 1744 638 videt,
1774 588 1814 638 8,
1832 588 1984 629 1—18.

402 660 439 701 8.
497 661 507 682 1
525 658 581 698 Et
596 658 752 698 factum
769 657 885 697 estin
902 669 1008 697 anno
1026 662 1153 705 sexto,
1172 657 1212 697 in
1228 662 1344 698 sexto
1361 670 1509 703 mense,
1527 657 1567 698 in
1585 658 1731 711 quinta
1745 657 1911 698 mensis:
1929 672 2001 712 ego
2017 659 2209 701 sedebam

294 719 333 759 in
363 718 484 759 domo
515 730 615 759 mea,
648 722 689 757 et
717 729 830 757 801108
863 716 965 756 [uda
994 716 1192 756 sedebant
1222 729 1357 757 eoram
1387 729 1461 758 me.
1494 721 1535 756 et
1564 716 1710 757 cecidit
1737 716 1792 757 ibi
1822 729 1943 770 super
1970 731 2034 758 me
2064 732 2210 759 manus

292 776 459 817 Domini
476 776 563 816 Dei.
610 778 624 799 ‘²
642 776 697 816 Et
714 775 810 818 vidi.
830 780 871 816 et
888 788 978 816 ecce
996 775 1219 816 similitudo
1240 775 1354 828 quasi
1373 780 1561 828 aspectus
1579 775 1699 828 ignis:
1719 775 1770 815 ab
1788 780 1957 829 aspectu
1975 776 2209 818 lumborum

292 836 387 878 eius.
422 841 461 875 et
495 835 696 878 deorsum.
730 834 850 887 ignis:
884 839 926 874 et
957 848 981 874 a
1010 834 1159 874 lumbis
1191 834 1287 882 eius,
1322 840 1363 875 et
1393 847 1566 882 sursum,
1602 834 1717 888 quasi
1749 839 1938 888 aspectus
1970 835 2208 888 splendoris,

293 901 337 935 ut
362 894 461 935 visio
486 893 633 934 electri.
685 895 700 917 ³
727 893 803 934 ὃΕῒ.
825 893 971 934 emissa
993 892 1216 933 similitudo
1240 906 1385 934 manus
1409 893 1682 947 apprehendit
1703 906 1767 933 me
1790 893 1830 933 in
1854 893 2040 935 cincinno
2064 895 2210 948 capitis

293 953 388 993 mei:
418 960 457 993 et
485 953 663 993 elevavit
689 965 753 993 me
779 952 954 1005 Spiritus
981 952 1087 992 inter
1113 957 1276 996 terram.
1306 958 1347 992 et
1373 951 1533 993 caelum:
1563 957 1603 992 et
1630 952 1805 993 adduxit
1831 966 1895 993 me
1922 952 1963 993 in
1991 952 2210 994 Ierusalem

292 1013 332 1053 in
368 1011 519 1052 visione
553 1011 640 1059 Dei,
675 1011 793 1051 iuxta
825 1011 975 1051 ostium
1008 1011 1189 1059 interius,
1227 1012 1336 1064 quod
1368 1011 1611 1064 respiciebat
1644 1011 1696 1051 ad
1728 1011 1985 1064 Aquilonem,
2021 1012 2091 1052 ubi
2124 1018 2213 1053 erat

294 1076 499 1112 statutum
521 1070 674 1111 idolum
696 1069 767 1110 zeli
788 1070 840 1110 ad
859 1070 1166 1123 provocandam
1186 1070 1501 1111 aemulationem.
1550 1072 1565 1094 4
1586 1070 1641 1110 Et
1660 1082 1750 1110 ecce
1770 1069 1824 1110 ibi
1843 1070 1972 1123 gloria
1990 1071 2066 1111 Dei
2088 1071 2212 1112 Israel

294 1130 518 1171 seeundum
548 1129 758 1177 visionem,
791 1141 914 1182 quam
944 1129 1127 1169 videram
1156 1129 1196 1169 in
1226 1142 1383 1182 campo.

401 1191 415 1212 5
440 1188 495 1229 Et
519 1188 623 1229 dixit
647 1188 700 1229 ad
723 1201 806 1228 me:
832 1187 907 1228 Fili
931 1187 1118 1233 hominis,
1144 1188 1237 1228 leva
1261 1188 1396 1229 oculos
1421 1194 1513 1229 tuos
1538 1188 1590 1228 ad
1614 1187 1724 1228 viam
1748 1188 1973 1242 Aquilonis.
2001 1188 2056 1229 Et
2078 1188 2213 1230 levavi

297 1248 432 1289 oculos
461 1260 570 1289 meos
599 1248 651 1288 ad
679 1247 787 1287 viam
815 1246 1047 1300 Aquilonis:
1076 1252 1118 1287 et
1144 1260 1234 1288 ecce
1262 1248 1313 1288 ab
1340 1246 1542 1301 Aquilone
1569 1252 1699 1301 portae
1726 1246 1864 1288 altaris
1891 1246 2046 1288 idolum
2074 1248 2146 1288 zeli
2172 1248 2214 1288 in

293 1307 380 1361 ipso
406 1307 590 1347 introitu.
647 1308 662 1330 ⁶
686 1306 741 1347 Et
767 1306 872 1346 dixit
898 1306 950 1346 ad
974 1319 1056 1346 me:
1083 1305 1160 1346 Fili
1184 1306 1372 1355 hominis,
1400 1311 1586 1360 putasne,
1614 1306 1728 1346 vides
1754 1311 1799 1346 tu
1826 1306 1924 1359 quid
1948 1306 2015 1347 isti
2040 1307 2211 1353 faciunt,

295 1366 621 1407 abominationes
641 1377 823 1419 magnas,
847 1378 948 1418 quas
969 1364 1114 1406 domus
1138 1365 1261 1406 Israel
1282 1365 1381 1406 iacit
1401 1364 1476 1407 hic.
1500 1370 1547 1406 ut
1566 1364 1708 1418 procul
1727 1365 1914 1405 recedam
1936 1378 1961 1405 a
1979 1366 2213 1407 sanctuario

295 1425 409 1466 meo?
440 1430 481 1465 et
510 1425 644 1465 adhuc
672 1437 890 1465 conversus
920 1424 1077 1465 videbis
1107 1424 1433 1466 abominationes
1462 1424 1646 1465 maiores,

405 1486 418 1507 ⁷
443 1483 499 1525 Et
522 1484 753 1525 introduxit
776 1496 840 1524 me
865 1483 917 1524 ad
941 1483 1092 1524 ostium
1117 1483 1227 1524 atrii:
1254 1489 1295 1524 et
1319 1483 1415 1532 vidi,
1442 1488 1483 1524 et
1507 1496 1596 1524 0000
1620 1484 1804 1524 foramen
1829 1495 1957 1523 unum
1980 1482 2021 1523 in
2045 1483 2212 1537 pariete.

300 1546 314 1567 ⁸
338 1543 393 1584 Et
416 1543 521 1583 dixit
544 1543 596 1583 ad
619 1556 700 1583 me:
726 1542 801 1583 Fili
824 1542 999 1583 hominis
1022 1542 1116 1583 fode
1138 1542 1349 1595 parietem.
1375 1542 1431 1583 Et
1454 1555 1546 1582 oum
1569 1541 1762 1583 fodissem
1785 1541 1996 1595 parietem,
2022 1542 2216 1596 apparuit

294 1602 445 1643 ostium
470 1615 609 1642 unum.
665 1604 679 1625 ⁹
703 1601 758 1641 Et
781 1601 887 1642 dixit
910 1601 962 1641 ad
986 1614 1067 1641 me:
1094 1601 1321 1654 Ingredere,
1347 1608 1388 1642 et
1411 1601 1504 1641 vide
1528 1600 1855 1641 abominationes
1879 1600 2087 1654 pessimas,
2115 1614 2215 1654 quas

293 1661 361 1701 isti
375 1660 534 1701 faciunt
549 1660 624 1701 1110.
670 1662 705 1684 ¹0
719 1660 774 1700 Et
788 1660 990 1713 ingressus
1006 1659 1101 1706 vidi,
1120 1664 1161 1700 et
1176 1672 1266 1700 ecce
1281 1660 1412 1700 omnis
1427 1659 1652 1700 similitudo
1668 1659 1888 1713 reptilium,
1906 1664 1946 1700 et
1962 1659 2212 1709 animalium,

295 1719 560 1764 abominatio,
595 1724 634 1759 et
668 1719 859 1759 universa
889 1717 999 1759 idola
1029 1719 1175 1759 domus
1210 1718 1333 1759 Israel
1366 1718 1531 1772 depicta
1561 1724 1679 1759 erant
1709 1718 1749 1759 in
1782 1718 1937 1772 pariete
1969 1718 2010 1759 in
2043 1719 2214 1760 circuitu

294 1791 365 1832 per
394 1783 542 1819 totum.
602 1780 633 1802 11
663 1778 718 1818 Et
747 1777 1012 1831 septuaginta
1042 1777 1117 1818 viri
1147 1778 1196 1818 de
1226 1778 1451 1819 senioribus
1480 1778 1626 1819 domus
1659 1777 1793 1825 Israel,
1826 1782 1867 1818 et
1898 1777 2080 1818 Iezonias
2110 1777 2215 1818 filius

293 1837 460 1891 Saphan
490 1837 629 1878 stabat
657 1837 699 1877 in
726 1836 860 1878 medio
889 1850 1041 1885 eorum,
1072 1837 1273 1877 stantium
1303 1842 1398 1878 ante
1426 1836 1626 1890 picturas:
1657 1841 1698 1876 et
1726 1836 2006 1890 unusquisque
2034 1836 2216 1878 habebat

294 1896 550 1937 thuribulum
577 1896 618 1936 in
645 1909 771 1936 manu
798 1909 889 1937 sua:
919 1901 959 1936 et
986 1908 1116 1949 vapor
1142 1896 1301 1936 nebulae
1327 1896 1376 1936 de
1403 1895 1523 1936 thure
1550 1895 1834 1949 consurgebat.
1891 1897 1922 1919 1²
1949 1895 2005 1936 Et
2032 1895 2137 1936 dixit
2164 1896 2216 1936 ad

295 1969 378 1996 me:
399 1956 515 1996 Certe
535 1955 648 1996 vides
668 1955 723 1996 fili
742 1954 916 1996 hominis
937 1967 1027 2008 quae
1046 1954 1220 1996 seniores
1241 1955 1386 1996 (10111118
1407 1954 1531 1995 Israel
1550 1955 1708 1995 faciunt
1726 1954 1767 1995 in
1787 1954 1976 1999 tenebris,
1999 1954 2216 2007 unusquis-

295 2028 373 2068 que
401 2015 442 2055 in
472 2014 713 2056 abscondito
743 2013 918 2055 cubiculi
947 2014 1026 2054 sui:
1058 2013 1202 2054 dicunt
1230 2014 1356 2054 enim:
1388 2014 1481 2055 Non
1510 2014 1624 2054 videt
1652 2013 1854 2054 Dominus
1883 2026 1968 2061 nos,
2000 2013 2216 2067 dereliquit

295 2073 496 2115 Dominus
531 2078 694 2115 terram.
758 2075 790 2097 13
826 2073 881 2113 Et
915 2073 1021 2113 dixit
1055 2073 1107 2114 ad
1141 2086 1223 2113 me:
1260 2073 1408 2113 Adhuc
1442 2085 1661 2114 conversus
1696 2071 1853 2113 Videbis
1888 2072 2215 2113 abominationes

295 2133 479 2175 maiores,
513 2145 613 2186 quas
644 2132 710 2173 isti
740 2132 910 2173 faciunt.

404 2193 434 2215 ¹⁴
468 2191 521 2231 Et
554 2190 785 2231 introduxit
816 2204 879 2231 me
912 2203 982 2244 per
1014 2191 1165 2231 ostium
1197 2197 1326 2244 portae
1357 2191 1502 2232 domus
1534 2190 1713 2237 Domini,
1749 2191 1859 2244 quod
1890 2190 2133 2244 respiciebat
2164 2191 2215 2231 ad

296 2250 560 2304 Aquilonem:
592 2254 632 2290 et
663 2263 752 2290 0000
781 2249 837 2290 ibi
866 2249 1052 2290 mulieres
1083 2250 1281 2290 sedebant
1310 2249 1551 2303 plangentes
1581 2249 1824 2291 Adonidem.
1884 2250 1914 2273 ¹⁵
1944 2249 2000 2290 Et
2030 2249 2135 2290 dixit
2164 2249 2215 2290 ad

297 2322 379 2350 me:
406 2309 522 2349 Certe
548 2309 686 2349 vidisti
711 2308 765 2348 fili
790 2308 983 2349 hominis:
1010 2308 1144 2349 adhuc
1169 2321 1387 2349 conversus
1414 2308 1569 2349 videbis
1594 2307 1920 2349 abominationes
1945 2308 2116 2349 maiores
2140 2308 2213 2350 his.

406 2370 439 2391 ¹⁶
464 2368 519 2408 Et
542 2367 775 2408 introduxit
796 2380 861 2408 me
883 2367 923 2407 in
948 2367 1099 2408 atrium
1124 2367 1269 2408 domus
1291 2367 1457 2408 Domini
1484 2367 1672 2408 interius:
1704 2372 1745 2407 et
1768 2380 1857 2408 0000
1881 2367 1921 2407 111
1946 2367 2049 2409 ostio
2072 2367 2215 2421 templi

299 2427 464 2468 Domini
489 2426 596 2467 inter
615 2425 864 2467 vestibulum
890 2432 931 2467 et
955 2426 1094 2470 altare,
1123 2426 1237 2480 quasi
1258 2426 1587 2480 vigintiquinque
1609 2426 1684 2466 viri
1709 2427 1829 2467 dorsa
1849 2426 2047 2467 habentes
2073 2432 2218 2467 contra

301 2486 501 2539 templum
528 2485 706 2530 Domini,
736 2490 777 2526 et
802 2485 924 2526 facies
952 2486 1004 2526 ad
1031 2485 1259 2526 Orientem:
1288 2490 1329 2526 et
1356 2486 1586 2527 adorabant
1613 2486 1665 2526 ad
1691 2490 1827 2526 ortum
1854 2484 1967 2526 Solis.

408 2546 439 2569 ¹⁷
462 2545 517 2585 Et
539 2545 644 2585 dixit
666 2545 718 2585 ad
739 2557 821 2584 me:
845 2544 961 2585 Certe
983 2544 1123 2585 vidisti
1145 2544 1199 2585 fili
1222 2544 1415 2586 hominis:
1439 2544 1641 2598 numquid
1661 2544 1749 2585 leve
1771 2549 1832 2585 est
1853 2544 1929 2586 hoc
1950 2544 2090 2585 domui
2114 2545 2217 2586 Iuda

300 2610 347 2644 ut
368 2605 547 2644 facerent
570 2603 896 2644 abominationes
918 2603 1028 2648 istas,
1054 2616 1154 2657 quas
1175 2604 1360 2644 fecerunt
1380 2603 1462 2644 hie:
1487 2603 1584 2657 quia
1603 2603 1804 2657 replentes
1826 2608 1977 2644 terram
1997 2603 2216 2657 iniquitate

298 2663 481 2703 conversi
505 2670 601 2703 sunt
625 2663 677 2702 ad
700 2662 945 2703 irritandum
970 2662 1057 2702 me?
1083 2667 1123 2703 et
1147 2676 1237 2703 ecce
1261 2661 1472 2716 applicant
1494 2675 1655 2703 ramum
1679 2663 1731 2703 ad
1754 2675 1870 2702 nares
1893 2675 1998 2703 suas.
2051 2664 2085 2686 18
2108 2662 2214 2716 Ergo

299 2728 339 2762 et
359 2735 430 2774 ego
450 2721 596 2762 faciam
620 2722 660 2762 in
679 2721 832 2762 furore:
854 2734 935 2762 non
956 2728 1095 2774 parcet
1116 2721 1256 2762 oculus
1275 2734 1400 2767 meus,
1422 2735 1496 2762 nec
1516 2721 1753 2762 miserebor:
1775 2727 1816 2762 et
1835 2734 1927 2762 011111
1948 2721 2216 2762 clamaverint

298 2781 348 2821 ad
378 2793 494 2821 aures
522 2793 632 2821 meas
660 2793 758 2821 voce
787 2793 947 2832 magna,
978 2793 1059 2821 non
1087 2780 1305 2821 exaudiam
1334 2794 1411 2821 eos.

478 2886 515 2924 4.
548 2884 836 2924 Punitionem
869 2884 1255 2934 lerosolymorum
1286 2883 1516 2937 propheta
1546 2884 1722 2936 aspicit,
1750 2885 1789 2935 9,
1809 2885 1961 2934 1-11,
1979 2884 2044 2924 25.

407 2956 444 2998 9.
502 2958 510 2978 1
546 2955 599 2996 Et
632 2955 826 2996 clamavit
857 2955 897 2995 in
929 2955 1095 2995 aui-ibus
1127 2955 1225 2995 meis
1257 2968 1355 2996 voce
1385 2969 1546 3009 magna,
1581 2955 1734 2995 dicens:
1768 2954 2218 3008 Appropinquaverunt

212 3047 225 3054 -
242 3041 245 3049 ·
304 3015 558 3055 visitationes
583 3014 704 3058 urbis,
731 3020 771 3054 et
796 3014 1075 3067 unusquisque
1099 3027 1171 3054 vas
1195 3014 1489 3055 interfectionis
1513 3014 1639 3055 habet
1661 3014 1701 3054 in
1726 3026 1849 3054 manu
1874 3026 1958 3054 sua.
2011 3015 2025 3037 ²
2048 3013 2104 3055 Et
2127 3026 2216 3054 0000

255 3070 268 3085 ¹¹
303 3087 371 3113 sex
400 3074 474 3113 viri
502 3073 722 3113 veniebant
750 3073 799 3113 de
827 3073 893 3113 via
923 3078 1050 3126 portae
1076 3073 1303 3125 superioris.
1335 3087 1424 3126 quae
1451 3073 1614 3126 respicit
1641 3073 1690 3113 ad
1720 3072 1983 3126 Aquilonem:
2013 3078 2053 3113 et
2080 3072 2215 3113 unius-

304 3132 497 3185 cuiusque
521 3145 591 3172 vas
616 3132 802 3172 interitus
824 3131 864 3171 in
887 3145 1011 3172 manu
1035 3132 1136 3171 eius:
1161 3131 1222 3172 vir
1244 3145 1406 3185 quoque
1428 3146 1533 3173 unus
1554 3132 1594 3172 in
1617 3131 1749 3172 medio
1772 3144 1911 3172 eorum
1934 3131 2107 3171 Vestitus
2129 3136 2215 3171 erat

305 3190 426 3233 1111018,
450 3198 491 3231 et
512 3191 852 3232 atramentarium
873 3191 1080 3244 scriptoris
1102 3191 1153 3231 ad
1174 3204 1287 3231 renes
1309 3191 1411 3231 eius:
1434 3197 1475 3232 et
1495 3191 1660 3245 ingressi
1682 3196 1790 3235 sunt,
1814 3196 1855 3231 et
1875 3195 2078 3230 steterunt
2099 3189 2217 3229 iuxta

304 3249 430 3289 altare
454 3263 621 3290 aerenm:
673 3252 689 3273 ³
713 3250 769 3290 Et
791 3249 919 3297 gloria
942 3249 1108 3291 Domini
1137 3249 1258 3289 lsrael
1284 3256 1498 3303 assumpta
1521 3255 1582 3290 est
1606 3250 1655 3294 de
1680 3249 1843 3292 cherub.
1872 3261 1962 3302 quae
1985 3253 2073 3288 erat
2097 3261 2217 3301 super

303 3321 392 3347 011111
421 3309 471 3347 ad
495 3308 616 3348 limen
642 3309 805 3349 domus:
832 3314 873 3348 et
897 3309 1063 3349 vocavit
1087 3308 1232 3355 virum,
1260 3309 1329 3362 qui
1353 3309 1522 3349 indutus
1546 3314 1634 3349 erat
1658 3308 1783 3351 lineis,
1810 3313 1851 3348 et
1875 3307 2215 3348 atramentarium
2274 3336 2278 3341 .

302 3366 507 3419 scriptoris
530 3367 710 3407 1101101101
732 3367 772 3407 111
794 3367 943 3407 1111111118
965 3368 1057 3408 suis.
1108 3369 1123 3391 4
1145 3367 1200 3407 Et
1223 3367 1327 3408 dixit
1348 3368 1550 3409 Dominus
1573 3368 1624 3408 ad
1647 3380 1758 3407 eum:
1783 3366 1925 3406 Transi
1947 3378 2018 3419 per
2039 3365 2215 3405 mediam

302 3425 513 3465 civitatem
544 3425 582 3465 in
613 3426 744 3466 medio
778 3426 1014 3466 Ierusalem:
1050 3431 1108 3466 bet
1138 3425 1251 3479 signa
1281 3426 1382 3467 thau
1412 3439 1532 3480 super
1558 3427 1714 3467 frontes
1743 3425 1922 3466 virorum
1950 3424 2214 3478 gementium,

435 3552 465 3591 s,
492 3550 511 3583 :3
536 3551 738 3592 ==D1114,35
764 3574 802 3576 ffl-
827 3554 858 3593 9,
885 3553 904 3585 -1
930 3554 1001 3587 bEx
1028 3554 1079 3586 12.
1106 3554 1141 3593 7,
1168 3553 1240 3596 Ape
1267 3553 1297 3591 7,
1322 3554 1353 3587 3.
