2356 3760
142 81 174 120 9,
199 80 317 119 8*10‚
344 80 385 112 14
1041 71 1158 106 OSEE
1971 69 2046 112 859

161 174 176 196 ⁸
195 171 435 226 Speculator
462 168 659 222 Ephraim
689 180 780 208 cum
809 166 896 206 Deo
926 178 1033 206 meo:

196 230 398 284 propheta
428 229 596 281 laqueus
628 226 755 268 ruinae
786 224 919 264 factus
951 229 1013 264 est
1044 235 1163 276 super
1195 234 1333 263 omnes
1367 220 1452 261 vias
1485 220 1580 265 eius,
1668 220 1823 261 insania
1857 222 1896 262 in
1929 222 2049 263 domo

406 286 481 327 Dei
511 286 605 326 eius.

162 350 176 372 ⁹
202 346 427 389 ὃΡ101011110
457 348 741 398 peccaverunt,
775 341 879 381 sicut
910 340 950 380 in
982 339 1122 380 diebus
1153 339 1314 381 Gabaa:

197 403 477 447 recordabitur
504 400 733 455 iniquitatis
763 413 913 445 eorum,
999 404 1038 439 et
1068 397 1254 438 visitabit
1284 401 1453 450 peccata
1483 409 1633 437 eorum.

147 512 183 534 ¹0
200 507 324 557 Quasi
351 520 452 548 uvas
479 507 520 546 in
547 506 705 546 deserto
733 503 870 543 inveni
899 502 1039 543 lsrael:
1122 501 1237 555 quasi
1263 500 1394 554 prima
1420 512 1543 553 poma
1570 499 1749 539 ficulneae
1776 498 1815 538 in
1844 498 2051 539 cacumine
2099 507 2222 560 Iyggffgo

409 566 491 606 eius
521 563 604 604 vidi
634 568 770 615 patres
800 575 957 603 eorum:
2066 571 2256 599 adhaeserunt.

198 626 274 679 ipsi
310 631 449 666 autem
484 623 743 662 intraverunt
780 621 831 661 ad
869 620 1129 673 Beelphegor,
1221 624 1260 659 et
1297 616 1518 658 abalienati
1554 621 1649 656 sunt
1685 616 1725 656 in
1762 616 2052 665 confusionem,

199 690 239 725 et
267 684 367 724 facti
395 687 490 723 sunt
520 679 812 721 abominabiles
894 678 999 719 sicut
1027 691 1084 727 ea,
1118 690 1207 731 quae
1235 676 1476 718 dilexerunt.

147 746 176 767 ¹¹
199 742 395 796 Ephraim
419 739 533 794 quasi
555 738 640 779 avis
663 737 857 781 avolavit.
933 737 1060 790 gloria
1082 749 1220 777 eorum
1243 748 1266 775 a
1286 740 1421 788 partu,
1446 740 1485 774 et
1508 733 1559 774 ab
1582 738 1709 776 utero.
1734 738 1774 773 et
1796 745 1818 772 a
1841 738 2052 787 conceptu.

147 804 178 826 12
199 801 317 850 Quod
351 804 392 840 et
424 798 456 839 si
489 797 731 838 enutrierint
764 795 864 837 filios
898 809 1002 840 suos,
1091 795 1245 848 absque
1277 792 1411 834 liberis
1446 805 1511 834 eos
1544 791 1692 832 faciam
1727 791 1767 831 in
1802 791 2052 832 hominibus:

198 859 266 900 sed
297 864 337 899 et
367 870 429 898 vae
456 857 510 898 eis
593 869 684 896 cum
714 868 910 895 recessero
941 854 992 894 ab
1023 853 1088 894 eis.

146 921 177 943 13
198 916 407 971 Ephraim,
440 921 487 956 ut
518 915 613 956 vidi.
648 915 776 967 Tyrus
808 918 895 954 erat
925 913 1101 953 fundata
1130 912 1171 952 in
1202 910 1523 965 pulchritudine:
1609 916 1649 950 et
1680 908 1877 962 Ephraim
1909 909 2054 949 educet

355 975 406 1016 ad
435 974 737 1015 interfectorem
767 971 867 1013 filios
898 985 1002 1013 suos.

148 1038 181 1060 ¹4
200 1036 266 1076 Da
290 1034 344 1076 eis
369 1033 556 1075 Domine.
585 1031 691 1080 Quid
718 1031 832 1072 dabis
859 1030 938 1071 eis?
1017 1030 1082 1070 Da
1107 1029 1161 1070 eis
1188 1028 1355 1069 vulvam
1382 1028 1465 1068 sine
1491 1026 1636 1071 liberis,
1666 1031 1706 1067 et
1732 1026 1857 1067 ubera
1883 1025 2051 1067 arentia.

148 1096 179 1119 ¹2²
204 1093 374 1134 bOmnes
403 1091 596 1145 nequitiae
625 1103 763 1131 eorum
794 1090 833 1129 in
864 1088 1017 1143 Galgal,
1104 1088 1198 1141 quia
1226 1087 1281 1128 ibi
1312 1099 1452 1128 exosos
1483 1085 1607 1126 habui
1637 1098 1721 1126 eos:

199 1156 367 1205 propter
392 1150 593 1191 malitiam
621 1148 960 1189 adinventionum
989 1161 1127 1189 eorum
1207 1147 1256 1187 de
1284 1146 1404 1187 domo
1432 1157 1523 1184 mea
1550 1143 1705 1184 eiiciam
1733 1156 1817 1184 eos:

199 1223 281 1252 non
311 1210 461 1250 addam
492 1214 538 1249 ut
568 1207 732 1261 diligam
763 1220 841 1252 eos,
925 1219 1064 1248 omnes
1093 1204 1293 1259 principes
1324 1216 1461 1245 eorum
1492 1202 1735 1243 recedentes.

150 1271 182 1294 ¹⁶
200 1269 417 1309 Percussus
453 1275 513 1308 est
549 1266 758 1319 Ephraim,
848 1265 963 1305 radix
999 1277 1135 1306 eorum
1173 1263 1376 1304 exsiccata
1410 1266 1489 1302 est:
1578 1261 1757 1301 fructum
1793 1273 2053 1314 nequaquam

408 1326 572 1366 facient.

201 1386 319 1433 Quod
348 1390 389 1425 et
417 1384 448 1424 si
475 1383 700 1437 genuerint,
784 1381 1023 1422 interficiam
1053 1380 1335 1421 amantissima
1364 1379 1468 1419 uteri
1497 1391 1647 1420 00111111.

149 1445 183 1468 ¹⁷
200 1443 374 1484 Abiiciet
402 1455 468 1483 eos
496 1442 606 1482 Deus
635 1454 760 1484 1110113,
845 1440 940 1494 quia
967 1453 1048 1481 non
1078 1439 1297 1480 audierunt
1325 1451 1435 1479 eum:

200 1507 241 1543 et
270 1506 389 1542 erunt
418 1501 511 1554 vagi
540 1500 580 1540 in
611 1499 857 1541 nationibus.

150 1606 212 1650 10.
269 1608 281 1630 ¹
312 1605 415 1646 Vitis
444 1605 637 1646 frondosa
670 1603 803 1648 lsrael,
887 1603 1043 1643 fructus
1074 1603 1314 1655 adaequatus
1344 1606 1405 1642 est
1434 1600 1486 1641 ei:
2078 1597 2238 1657 lssssrissmgffls

201 1665 424 1706 secundum
453 1663 760 1704 multitudinem
790 1662 946 1703 fructus
976 1661 1036 1702 sui
1117 1660 1409 1713 multiplicavit
1437 1658 1594 1707 altaria,
2072 1652 2248 1693 confunden-

202 1724 319 1764 iuxta
347 1723 579 1764 ubertatem
610 1727 726 1762 terrae
755 1734 836 1762 suae
917 1720 1159 1761 exuberavit
1188 1718 1452 1760 simulachris.
2133 1705 2188 1729 ω·

167 1784 182 1807 2
202 1782 390 1823 Divisum
421 1786 481 1822 est
511 1794 578 1822 cor
606 1794 757 1826 0010111,
842 1793 949 1820 nunc
978 1779 1223 1820 interibunt:

202 1841 286 1894 ipse
316 1840 542 1894 confringet
571 1839 816 1880 simulachra
845 1852 995 1887 eorum,
1079 1837 1397 1890 depopulabitur
1426 1848 1515 1876 aras
1546 1848 1695 1877 eorum.

167 1903 183 1925 ³
203 1899 308 1948 Quia
336 1912 443 1939 nunc
473 1898 627 1939 dicent:
712 1898 803 1938 Non
834 1903 894 1937 est
923 1910 993 1937 rex
1022 1896 1156 1937 nobis:

202 1971 284 2000 non
314 1957 420 1998 enim
450 1957 641 1997 timemus
671 1956 913 1997 Dominum:
997 1960 1036 1996 et
1066 1968 1136 1996 rex
1167 1955 1264 2008 quid
1292 1954 1416 1994 faciet
1444 1952 1585 1994 nobis?

168 2019 184 2041 ⁴¹
203 2016 436 2070 Loquimini
462 2016 588 2055 verba
612 2015 777 2055 visionis
803 2014 968 2059 inutilis,
998 2019 1038 2054 et
1062 2014 1213 2054 ferietis
1238 2013 1391 2053 foedus:
1471 2017 1511 2052 et
1535 2010 1780 2065 germinabit
1808 2011 1921 2064 quasi
1948 2023 2058 2051 arna-

412 2074 548 2114 ritudo
577 2073 771 2114 iudicium
799 2086 919 2126 super
946 2072 1075 2114 sulcos
1104 2071 1200 2126 agri.

168 2133 357 2174 ⁵Vacoas
398 2133 611 2173 Bethaven
652 2132 862 2173 coluerunt
903 2131 1154 2172 habitatores
1194 2130 1405 2172 Samariae:
1530 2129 1625 2182 quia
1663 2128 1767 2169 luxit
1807 2141 1927 2182 super
1966 2141 2058 2169 eum

414 2191 588 2245 populus
618 2191 713 2233 01113.

205 2255 245 2292 et
274 2250 413 2292 aeditui
443 2250 526 2291 eius
556 2263 676 2303 super
705 2263 796 2290 eum
829 2249 1120 2290 exultaverunt
1151 2249 1191 2289 in
1223 2248 1350 2302 gloria
1380 2247 1476 2293 eius,
1565 2246 1660 2300 quia
1691 2246 1882 2300 migravit
1914 2246 1965 2287 ab
1997 2258 2055 2287 eo.

170 2312 185 2334 ὃ
205 2310 413 2363 Siquidem
443 2314 484 2350 et
512 2309 596 2362 ipse
626 2308 666 2348 in
696 2308 822 2349 Assur
851 2308 1009 2348 delatus
1040 2313 1112 2351 est,
1196 2319 1344 2347 munus
1374 2306 1455 2360 regi
1486 2305 1637 2346 Ultori:

206 2368 387 2410 confusio
416 2368 614 2421 Ephraim
645 2367 788 2420 capiet,
873 2372 914 2407 et
943 2367 1217 2408 confundetur
1247 2364 1371 2406 Israel
1399 2365 1439 2405 in
1471 2363 1684 2405 voluntate
1713 2376 1797 2404 sua.

171 2429 184 2450 ⁷
207 2427 392 2467 Transire
420 2426 516 2467 fecit
543 2426 728 2467 Samaria
754 2439 887 2479 regem
917 2439 1034 2467 suum
1117 2424 1232 2478 quasi
1260 2436 1448 2477 spumam
1477 2436 1597 2476 super
1623 2421 1768 2463 faciem
1798 2435 1924 2475 aquae.

171 2487 186 2510 8
206 2485 262 2526 Et
294 2485 580 2538 disperdentur
611 2484 768 2525 excelsa
799 2484 906 2529 idoli,
942 2490 1156 2538 peccatum
1192 2482 1332 2524 Israel:
1418 2482 1553 2535 lappa,
1588 2486 1629 2522 et
1661 2480 1834 2522 tribulus
1868 2481 2060 2522 ascendet

416 2557 536 2597 super
564 2556 653 2584 aras
684 2556 840 2584 eorum:

207 2608 247 2644 et
277 2603 414 2644 dicent
443 2602 671 2643 montibus:
712 2602 892 2656 cOperite
923 2615 1014 2651 nos;
1099 2607 1140 2643 et
1171 2601 1356 2643 collibus:
1389 2599 1532 2641 Cadite
1562 2612 1682 2653 super
1711 2612 1795 2640 nos.

425 2719 463 2758 4.
494 2717 748 2771 Captivitas
779 2728 831 2757 ac
860 2717 1088 2757 restitutio
1119 2715 1445 2768 praedicuntur,
1473 2716 1539 2765 10,
1558 2714 1704 2765 9—11,
1723 2714 1788 2754 11.

262 2790 278 2812 ⁹
305 2789 390 2829 dEx
413 2788 554 2829 diebus
579 2788 732 2832 Gabaa,
758 2788 945 2842 peccavit
970 2787 1103 2836 Israel,
1130 2787 1185 2828 ibi
1213 2792 1435 2828 steterunt:
1466 2798 1548 2827 non
1577 2784 1893 2838 comprehendet
1920 2796 1986 2824 eos
2016 2783 2056 2823 in
2095 2781 2157 2806 Fffii
2179 2781 2229 2806 ¹¹¹¹·

156 2846 299 2888 Gabaa
321 2847 504 2900 praeh’um
528 2860 648 2901 super
676 2847 775 2888 filios
806 2847 1046 2901 iniquitatis.
1099 2848 1134 2871 1⁰
1158 2846 1281 2886 quta
1303 2844 1545 2886 desiderium
1571 2856 1707 2884 meum
1731 2842 1945 2895 corripiam
1970 2855 2055 2883 eos:
2087 2818 2238 2882 οὲῗῖἶέῑῖῗι-

157 2906 511 2959 congregabuntur
533 2919 653 2960 super
676 2919 741 2946 eos
768 2905 919 2959 populi,
952 2919 1042 2946 cum
1068 2904 1335 2958 corripientur
1359 2908 1526 2958 propter
1554 2903 1654 2944 duas
1683 2901 1921 2954 iniquitates
1950 2913 2054 2941 suas.
2135 2890 2146 2912 t
2169 2895 2181 2912 f

158 2966 188 2988 ¹¹
208 2964 405 3017 Ephraim
425 2964 556 3005 vitula
576 2965 698 3005 docta
717 2964 879 3018 diligere
898 2964 1100 3011 trituram,
1124 2968 1165 3004 et
1181 2976 1253 3017 ego
1272 2962 1443 3004 transivi
1464 2975 1583 3014 super
1602 2959 1947 3014 pulchritudinem
1969 2958 2058 3000 colli

158 3022 259 3063 eius:
282 3023 498 3063 ascendam
519 3036 639 3076 super
658 3023 867 3076 Ephraim,
890 3023 1024 3064 arabit
1046 3023 1180 3071 Iudas,
1204 3021 1431 3075 confringet
1451 3020 1526 3061 sibi
1547 3019 1676 3060 sulcos
1700 3018 1834 3059 Iacob.
1884 3020 1915 3042 ¹2
1935 3017 2060 3059 Semi-

157 3086 252 3121 nate
273 3081 387 3122 vobis
407 3081 448 3122 in
468 3081 636 3127 iustitia,
656 3086 697 3122 et
715 3081 858 3122 metite
877 3081 918 3122 in
937 3095 1002 3122 ore
1021 3080 1315 3124 misericordiae,
1343 3079 1556 3120 Θ1110ον010
1577 3077 1692 3118 vobis
1712 3076 1876 3118 novale:
1898 3081 2059 3129 tempus

158 3144 296 3180 autem
327 3140 557 3194 requirendi
587 3140 823 3189 Dominum,
857 3153 949 3180 cum
982 3140 1138 3181 venerit
1171 3139 1239 3193 qui
1271 3138 1433 3179 docebit
1464 3149 1536 3178 vos
1568 3136 1779 3178 iustitiam.
1841 3137 1872 3160 ¹3
1903 3134 2059 3175 Arastis

158 3197 424 3251 impietatem,
463 3198 724 3252 iniquitatem
760 3199 995 3247 messuistis,
1036 3197 1266 3240 comedistis
1303 3197 1460 3250 frugem
1496 3194 1716 3236 mendacii:
1756 3193 1851 3248 quia
1887 3193 2060 3234 confisus

159 3269 199 3297 es
225 3256 266 3297 in
293 3257 367 3298 viis
394 3257 487 3305 tuis,
516 3257 558 3297 in
584 3257 848 3298 multitudine
874 3257 1042 3299 fortium
1070 3262 1247 3298 tuorum.
1304 3257 1335 3279 ¹4
1362 3254 1586 3308 Consurget
1613 3252 1815 3294 tumultus
1843 3252 1883 3293 in
1910 3250 2060 3305 populo

161 3406 202 3441 12
228 3360 322 3440 ehi}
347 3360 541 3441 {aldem
568 3381 608 3384 —
634 3361 674 3395 15
699 3361 735 3394 bl
762 3360 820 3394 Sm
845 3362 875 3395 8.
903 3381 943 3385 —-
968 3361 1021 3403 10,
1042 3362 1061 3395 8
1084 3360 1133 3394 eIs
1154 3361 1185 3400 2,
1208 3360 1263 3399 193
1287 3359 1333 3393 Le
1353 3359 1406 3398 23,
1427 3359 1484 3398 30;
1508 3359 1580 3402 Ape
1601 3358 1632 3398 6,
1655 3358 1706 3391 16.
1733 3377 1774 3381 —
1798 3356 1818 3389 9
1842 3355 1923 3388 dIdc
1948 3354 1999 3387 20.
2020 3373 2061 3376 —
