2356 3760
174 51 226 86 31
257 49 397 88 18-38,
424 49 466 82 ‘23
960 49 1301 84 EecLEsrAs'rrcr
1991 59 2065 100 655

176 145 210 167 ¹⁸
227 142 378 184 Anima
411 142 487 183 viri
520 142 652 183 sancti
685 140 876 182 enunciat
911 140 1130 194 aliquando
1164 155 1271 186 vera,
1371 156 1493 197 quam
1527 151 1681 198 septem
1716 149 2065 204 circumspectores

437 202 622 242 sedentes
650 200 692 240 in
721 198 876 240 excelso
908 200 959 240 ad
987 199 1292 253 speculandum.

175 262 209 285 ¹⁹
227 260 283 301 Et
312 260 353 301 in
382 260 443 301 his
473 258 660 301 omnibus
691 258 905 311 deprecare
934 257 1188 299 Altissimum
1276 265 1321 300 ut
1352 260 1499 314 dirigat
1530 261 1571 302 in
1600 263 1771 304 veritate
1801 266 1908 306 viam
1937 272 2062 309 tuam.

174 321 210 343 ²⁰
227 319 334 360 Ante
356 318 494 360 onmia
513 329 636 370 opera
654 316 827 356 verbum
846 328 973 356 verax
992 317 1196 370 praecedat
1216 322 1267 365 te,
1343 325 1384 359 et
1404 325 1498 360 ante
1519 333 1680 361 omnem
1702 326 1837 362 actum
1859 325 2065 366 consilium

436 375 592 417 stabile.

174 439 205 461 '2¹
227 437 407 477 Verbum
436 447 614 487 nequam
643 432 882 474 immutabit
912 446 996 475 cor:
1080 447 1130 474 ex
1160 447 1239 487 quo
1269 440 1404 488 partes
1436 441 1631 489 quattuor
1660 438 1854 485 oriuntur.

227 496 380 536 bonum
409 499 450 534 et
477 492 644 541 malum,
674 491 763 532 vita
789 497 831 533 et
857 505 983 534 mors:
1066 497 1107 533 et
1135 493 1383 534 dominatrix
1410 494 1569 536 illorum
1597 501 1658 536 est
1686 498 1847 539 assidua
1872 498 2019 552 lingua.

226 553 303 594 Est
332 552 395 592 vir
425 557 587 593 astutus
616 550 841 592 multorum
872 551 1063 595 eruditor.
1149 556 1189 592 et
1220 551 1365 592 anima}
1395 566 1475 593 suae
1504 553 1656 594 inutilis
1688 561 1758 597 est.

173 647 205 669 22
225 644 297 685 Vir
323 645 477 699 peritus
505 643 656 685 multos
685 643 873 691 erudivit,
956 649 997 685 et
1025 643 1170 685 animae
1197 657 1279 685 suae
1307 645 1442 685 suavis
1471 650 1542 686 est.
2087 649 2123 673 ad
2143 650 2251 679 samen-

173 706 204 728 ²³
226 703 304 752 Qui
333 703 550 758 sophistice
577 702 771 756 loquitur,
803 702 961 744 odibilis
991 707 1069 744 est:
1152 703 1192 744 in
1222 702 1332 744 omni
1360 716 1400 744 re
1430 704 1750 745 defraudabitur.
2136 685 2203 714 ‘em'

173 764 205 787 2¹
226 776 308 804 non
336 768 397 804 est
423 761 479 802 illi
508 762 608 802 data
635 775 659 802 a
685 761 862 803 Domino
891 761 1040 815 gratia:
1123 761 1234 803 omni
1261 762 1367 803 enim
1396 762 1596 816 sapientia
1624 763 1887 805 defraudatus
1915 770 1986 807 est.

172 823 205 846 '²5
226 822 302 863 Est
332 821 490 875 sapiens
522 820 668 862 animae
698 833 780 861 suae
809 820 987 874 sapiens:
1072 826 1111 861 et
1142 821 1298 862 fructus
1328 834 1468 862 sensus
1498 821 1601 862 illius
1630 821 1856 864 laudabilis.

172 882 208 904 ‘2⁶
225 880 296 921 Vir
324 879 484 934 sapiens
513 878 674 933 plebem
703 892 819 920 suam
849 879 994 925 erudit.
1079 883 1120 920 et
1147 879 1304 920 fructus
1333 893 1471 921 sensus
1501 879 1604 921 illius
1634 880 1769 921 fideles
1798 886 1904 922 sunt.

172 940 206 962 '2⁷
225 939 297 980 Vir
323 939 482 993 sapiens
510 938 747 992 implebitur
775 937 1137 987 benedictionibus,
1221 944 1262 980 et
1289 938 1473 980 videntes
1501 938 1613 979 illum
1641 939 1881 981 laudabunt.

172 999 208 1022 ²³
224 998 323 1039 Vita
352 997 427 1038 viri
458 997 499 1038 in
530 1010 698 1039 numero
730 997 904 1038 dierum:
990 997 1074 1038 dies
1105 1002 1244 1038 autem
1277 997 1399 1038 Israel
1429 997 1741 1039 innumerabiles
1772 1005 1878 1040 sunt.

172 1058 208 1081 '2⁹
225 1056 394 1110 Sapiens
413 1056 454 1097 in
474 1056 625 1110 populo
645 1056 893 1097 hereditabit
912 1056 1119 1104 honorem,
1192 1064 1233 1097 et
1251 1069 1399 1098 nomen
1420 1056 1522 1097 illius
1543 1056 1618 1097 erit
1637 1057 1777 1097 vivens
1797 1057 1838 1097 in
1858 1063 2066 1100 aeternum.

171 1152 208 1175 ³⁰
224 1150 300 1191 Fili
315 1151 356 1191 in
373 1150 462 1191 vita
476 1154 551 1191 tua
566 1154 684 1191 tenta
699 1149 877 1190 animam
894 1154 1028 1190 tuam:
1096 1154 1136 1190 et
1152 1149 1184 1190 si
1199 1149 1320 1190 fuerit
1337 1162 1526 1202 nequam,
1546 1162 1626 1189 non
1643 1150 1711 1190 des
1727 1150 1782 1190 illi
1798 1156 2064 1203 potestatem:
2082 1154 2118 1178 Μ
2133 1154 2259 1203 ³¹J¹¹¹¹²³m

171 1212 203 1234 ³¹
223 1223 306 1251 non
331 1208 437 1250 enim
464 1208 602 1250 omnia
626 1208 813 1250 omnibus
839 1208 1073 1262 expediunt,
1153 1214 1194 1248 et
1218 1221 1300 1249 non
1325 1208 1435 1249 omni
1460 1207 1605 1248 animae
1630 1221 1747 1249 omne
1772 1222 1895 1262 genus
1920 1209 2064 1263 placet.
2125 1196 2215 1219 su‘m’

170 1269 204 1293 ³²
226 1268 317 1310 Noli
342 1269 487 1309 andus
512 1280 595 1308 esse
620 1267 661 1308 in
686 1267 796 1308 omni
820 1266 1064 1321 epulatione,
1143 1272 1184 1307 et
1207 1279 1289 1307 non
1313 1270 1354 1306 te
1379 1266 1563 1306 effundas
1588 1279 1707 1319 super
1731 1280 1892 1308 omnem
1917 1281 2066 1308 escam:

170 1329 203 1352 ³³
223 1327 264 1368 in
278 1327 419 1368 multis
434 1326 541 1367 enim
557 1326 654 1367 escis
670 1326 745 1366 erit
759 1325 986 1368 infirmitas.
1045 1330 1086 1365 et
1097 1324 1274 1365 aviditas
1286 1324 1634 1378 appropinquabit
1645 1338 1772 1378 usque
1787 1327 1838 1366 ad
1853 1326 2065 1367 choleram.

170 1388 202 1411 ³⁴
223 1387 396 1440 Propter
426 1384 635 1438 crapulam
666 1384 786 1424 multi
818 1384 1024 1424 obierunt:
1115 1383 1183 1436 qui
1216 1388 1353 1424 autem
1386 1382 1593 1424 abstinens
1624 1389 1696 1431 est,
1735 1384 1896 1425 adiiciet
1925 1385 2066 1426 vitam.

170 1478 234 1522 38.
289 1480 302 1503 ¹
331 1478 500 1519 Honora
525 1476 729 1518 medicum
756 1481 922 1530 propter
948 1475 1250 1517 necessitatem:
1328 1475 1477 1516 etenim
1504 1475 1616 1517 illum
1644 1477 1798 1518 creavit
1822 1477 2064 1519 Altissimus.
2114 1477 2227 1537 fficffi‘

190 1539 204 1561 2
222 1538 258 1577 A
284 1538 371 1578 Deo
400 1542 461 1577 est
489 1535 595 1577 enim
625 1535 755 1577 omnis
782 1535 951 1579 medela,
1035 1540 1075 1576 et
1103 1548 1127 1576 a
1152 1547 1242 1587 rege
1272 1534 1442 1588 accipiet
1469 1535 1743 1577 donationem.
2216 1532 2222 1542 '

189 1598 204 1620 ³
221 1595 448 1649 Disciplina
459 1594 604 1636 medici
614 1594 814 1635 exaltabit
824 1600 948 1648 caput
961 1594 1077 1642 illius,
1123 1593 1216 1634 etin
1229 1598 1449 1647 conspectu
1461 1594 2066 1647 magnatorumcollaudabitur.

189 1657 203 1679 ¹
221 1654 454 1695 Altissimus
483 1653 637 1695 creavit
666 1654 714 1695 de
742 1658 851 1694 terra
877 1652 1188 1700 medicamenta,
1264 1657 1304 1693 et
1327 1652 1388 1692 vir
1415 1653 1590 1706 prudens
1618 1666 1700 1694 non
1728 1653 1961 1695 abhorrebit
1987 1653 2066 1696 illa.

188 1716 203 1738 ⁵
226 1714 390 1756 aNonne
418 1727 442 1754 a
466 1712 574 1767 ligno
602 1712 814 1754 indulcata
840 1718 900 1753 est
928 1725 1036 1765 aqua
1063 1711 1226 1752 amara?
1303 1713 1318 1735 ⁶
1341 1711 1405 1752 Ad
1433 1711 1679 1765 agnitionem
1706 1712 1917 1753 hominum
1940 1712 2069 1754 virtus

430 1772 601 1816 illorum.

221 1838 262 1873 et
289 1831 403 1873 dedit
430 1830 663 1873 hominibus
692 1830 903 1871 scientiam
930 1829 1176 1878 Altissimus,
1258 1829 1447 1870 honorari
1474 1828 1514 1870 in
1542 1828 1792 1871 mirabilibus
1821 1830 1912 1872 suis.

188 1892 202 1915 ⁷
223 1891 270 1932 In
298 1891 360 1931 his
389 1903 534 1931 curans
563 1888 770 1942 mitigabit
799 1888 990 1937 dolorem,
1062 1894 1103 1929 et
1130 1887 1423 1942 unguentarius
1451 1888 1573 1929 faciet
1601 1888 1811 1942 pigmenta
1838 1889 2066 1938 suavitatis,

431 1954 472 1989 et
500 1948 712 1990 unctiones
743 1948 928 1989 conficiet
957 1947 1158 1995 sanitatis,

221 2014 261 2049 et
291 2022 373 2049 non
404 2008 801 2049 consummabuntur
831 2020 954 2061 opera
983 2006 1077 2047 eius
1165 2008 1180 2030 ⁸
1210 2006 1298 2046 Pax
1328 2005 1434 2046 enim
1463 2005 1540 2046 Dei
1570 2019 1689 2060 super
1718 2006 1862 2047 faciem
1892 2011 2018 2048 terrae.

188 2070 203 2091 9
225 2066 320 2107 bFili
336 2067 376 2108 in
392 2071 466 2107 tua
480 2065 720 2107 infirmitate
735 2079 785 2106 ne
799 2065 995 2119 despicias
1011 2070 1052 2106 te
1066 2064 1213 2118 ipsum,
1270 2064 1341 2105 sed
1356 2077 1426 2105 ora
1437 2064 1673 2113 Dominum,
1688 2064 1827 2118 etipse
1840 2065 1999 2106 curabit
2013 2070 2066 2107 te.

170 2128 203 2150 ¹0
219 2126 371 2167 Averte
399 2138 424 2166 a
449 2125 609 2174 delicto,
639 2131 680 2166 et
706 2124 831 2178 dirige
858 2137 1016 2171 manus,
1103 2130 1143 2164 et
1170 2124 1221 2164 ab
1250 2123 1359 2164 omni
1386 2122 1531 2164 delicto
1558 2123 1714 2164 munda
1740 2136 1807 2165 cor
1832 2129 1963 2166 tuum.

171 2187 198 2209 ¹¹
219 2186 285 2226 Da
313 2184 563 2226 suavitatem
593 2189 634 2225 et
662 2184 901 2225 memoriam
930 2181 1176 2236 similaginis,
1261 2187 1301 2223 et
1329 2181 1540 2236 impingua
1568 2182 1827 2231 oblationem,

220 2251 260 2286 θῖ
289 2244 343 2285 da
368 2243 503 2285 locum
532 2243 708 2284 medico:
748 2245 780 2267 ¹2
803 2241 952 2283 etenim
981 2241 1095 2282 illurn
1116 2240 1317 2282 Dominus
1343 2241 1513 2282 creavit:
1601 2246 1642 2282 et
1664 2255 1745 2282 non
1767 2241 1949 2282 discedat
1969 2254 1993 2282 a
2013 2246 2065 2290 te,

430 2302 526 2357 quia
555 2315 678 2356 opera
706 2301 790 2342 eius
819 2306 916 2342 sunt
945 2300 1179 2341 necessaria.

167 2364 199 2387 ¹³
219 2362 296 2404 Est
323 2361 431 2402 enim
459 2367 622 2415 tempus
652 2361 816 2415 quando
845 2360 886 2401 in
914 2372 1060 2401 manus
1088 2358 1247 2400 illorum
1275 2358 1473 2400 incurras:
1560 2361 1591 2383 ¹⁴
1617 2358 1693 2412 ipsi
1722 2371 1815 2400 vero
1843 2358 2065 2400 Dominum

429 2421 769 2474 deprecabuntur,

219 2484 267 2521 ut
294 2479 443 2533 dirigat
470 2479 651 2533 requiem
680 2491 832 2527 eorum,
915 2483 957 2519 et
984 2477 1216 2525 sanitatem,
1247 2482 1413 2530 propter
1441 2476 1790 2517 conversationem
1817 2475 1988 2517 illorum.

168 2541 198 2563 ¹5
221 2538 299 2588 Qui
325 2538 527 2592 delinquit
551 2538 593 2579 in
619 2542 840 2592 conspectu
866 2537 961 2580 eius
992 2536 1061 2590 qui
1086 2535 1182 2577 fecit
1207 2548 1312 2583 eum,
1392 2535 1543 2576 incidet
1568 2535 1608 2576 in
1634 2547 1778 2575 manus
1804 2534 1958 2575 medici.

168 2635 202 2657 ¹⁶
219 2632 295 2673 Fili
321 2632 363 2673 in
390 2636 600 2674 mortuum
627 2631 783 2684 produc
809 2630 1023 2684 lacrymas,
1106 2634 1147 2670 et
1175 2629 1289 2683 quasi
1318 2628 1406 2669 dira
1432 2641 1573 2681 passus
1600 2627 1731 2682 incipe
1758 2627 1925 2681 plorare.
2084 2629 2120 2653 ad
2132 2630 2269 2655 mortuos·

219 2696 261 2733 et
282 2691 506 2732 secundum
528 2689 724 2731 iudicium
744 2694 913 2743 contege
935 2701 1080 2742 corpus
1103 2687 1220 2737 illius,
1293 2693 1333 2728 et
1354 2701 1435 2728 non
1459 2686 1654 2740 despicias
1675 2686 1924 2739 sepulturam
1946 2684 2061 2726 illius.

167 2752 200 2774 ¹⁷
218 2751 391 2804 Propter
412 2749 641 2792 delaturam
663 2753 801 2790 autem
824 2761 960 2789 amare
980 2748 1040 2788 fer
1058 2747 1216 2788 luctum
1236 2746 1341 2786 illius
1361 2759 1442 2786 uno
1465 2745 1538 2788 die.
1614 2750 1655 2785 et
1676 2743 1879 2786 consolare
1900 2749 2066 2798 propter

427 2808 651 2857 tristitiam,

168 2869 201 2892 ¹⁸
219 2872 259 2908 et
275 2867 340 2909 fac
354 2867 513 2909 luctum
528 2867 754 2908 secundum
769 2865 962 2907 meritum
979 2865 1063 2906 eius
1127 2878 1208 2906 uno
1227 2864 1301 2907 die.
1320 2863 1384 2904 vel
1400 2863 1558 2904 duobus
1575 2867 1740 2915 propter
1756 2861 2062 2903 detractionem.

168 2928 201 2952 ¹⁹
225 2927 278 2967 cA
301 2926 471 2968 tristitia
494 2926 601 2968 enim
625 2925 796 2967 festinat
819 2938 939 2971 mors,
967 2930 1008 2965 et
1032 2923 1213 2977 cooperit
1237 2922 1445 2969 virtutem,
1529 2926 1570 2961 et
1593 2920 1762 2961 tristitia
1785 2920 1914 2961 cordis
1939 2919 2066 2960 flectit

428 2985 637 3027 cervicem.

166 3046 202 3069 '2⁰
220 3044 267 3085 In
302 3043 548 3086 abductione
580 3048 795 3098 permanet
827 3042 1013 3084 tristitia:
1111 3045 1152 3082 et
1185 3039 1417 3081 substantia
1448 3037 1578 3091 inopis
1611 3038 1835 3079 secundum
1869 3050 1936 3078 cor
1967 3036 2063 3078 eius.

166 3105 197 3127 ²¹
222 3104 281 3144 Ne
298 3103 455 3145 dederis
470 3103 512 3144 in
528 3102 698 3144 tristitia
714 3115 781 3143 cor
796 3106 927 3147 tuum.
986 3101 1056 3142 sed
1071 3098 1216 3153 repelle
1234 3111 1322 3139 eam
1340 3102 1436 3138 ate:
1457 3102 1498 3137 et
1515 3100 1721 3138 memento
1739 3096 2063 3143 novissimorum,

165 3164 197 3186 '22
218 3162 300 3203 noli
328 3161 529 3204 oblivisci:
559 3175 691 3216 neque
721 3161 828 3202 enim
857 3166 919 3201 est
947 3158 1168 3207 conversio,
1256 3162 1296 3198 et
1324 3155 1416 3196 huic
1445 3154 1544 3195 nihil
1571 3155 1763 3209 proderis.
1796 3160 1836 3196 et
1864 3161 1904 3196 te
1932 3154 2063 3207 ipsum

426 3220 677 3275 pessimabis.

165 3281 198 3304 2³
217 3279 373 3322 Memor
399 3284 485 3321 esto
512 3278 650 3320 iudicii
676 3278 773 3320 mei:
803 3277 858 3319 sic
885 3277 992 3318 enim
1020 3276 1096 3317 erit
1121 3280 1163 3316 et
1189 3279 1325 3315 tuum:
1406 3272 1505 3313 mihi
1532 3272 1628 3319 heri,
1658 3278 1699 3313 et
1725 3272 1800 3313 tibi
1827 3271 1955 3312 hodie.

296 3394 350 3436 38,
387 3395 406 3428 5
432 3395 504 3428 aEx
529 3395 581 3436 15,
607 3395 658 3429 25.
686 3415 728 3419 —-
751 3394 772 3428 9
796 3394 850 3427 1Ἰε
874 3393 927 3434 38,
952 3392 982 3427 3.
1009 3412 1052 3416 -
1076 3391 1117 3425 19
1146 3391 1206 3424 ePr
1230 3389 1281 3429 15,
1307 3389 1364 3429 133
1390 3389 1442 3429 17,
1468 3389 1519 3422 22.
