2356 3760
306 164 383 205 382
1158 163 1305 198 LIBER
1332 164 1378 198 11.
1968 170 2020 212 18,
2047 172 2188 213 24-20,
2214 175 2233 207 2

308 257 530 300 maxillam,
562 262 604 298 et
633 256 708 297 ait:
740 256 816 296 Per
845 269 968 309 quam
1000 257 1109 298 viam
1141 258 1334 299 transivit
1358 258 1535 311 Spiritus
1564 260 1731 301 Domini
1760 274 1784 302 a
1811 275 1887 311 me,
1919 268 1967 305 ut
1994 264 2232 319 loqueretur

308 315 407 357 tibi?
466 318 498 340 2⁴
530 315 728 368 Dixitque
760 314 967 356 Michaeas:
1002 316 1062 357 Tu
1093 317 1178 370 ipse
1210 317 1366 358 videbis
1396 317 1438 358 in
1469 319 1533 359 die
1562 318 1642 365 illo,
1678 320 1842 373 quando
1873 321 2076 376 ingressus
2106 325 2230 366 fueris

307 374 539 416 cubiculum
576 375 625 415 116
659 373 845 414 cubiculo
882 380 928 415 ut
963 375 1237 417 abscondaris.
1319 378 1350 400 25
1385 376 1584 431 Praecepit
1619 383 1757 419 autem
1792 392 1863 420 rex
1899 380 2036 430 Israel,
2073 384 2228 425 dicens:

308 433 452 475 Tollite
483 434 707 475 Michaeam.
740 436 781 472 et
811 433 947 474 ducite
977 447 1070 475 eum
1100 435 1151 475 ad
1182 436 1316 476 Arnon
1346 435 1571 489 principem
1602 437 1794 486 civitatis,
1827 443 1869 480 et
1897 440 1949 481 ad
1981 440 2072 482 Ioas
2101 442 2230 484 filium

306 493 510 534 Ameleclr.
565 494 599 516 2⁶
624 492 679 532 Et
703 491 864 531 dicetis:
892 492 990 533 Haec
1014 493 1113 534 dicit
1138 507 1225 534 rex:
1252 494 1406 535 Mittite
1431 495 1539 535 hunc
1562 495 1603 536 in
1628 509 1841 545 carcerem,
1868 503 1909 539 et
1933 499 2029 540 date
2053 500 2089 540 ei
2112 502 2229 554 panis

307 552 526 594 modicum.
558 556 599 592 et
629 563 746 604 aquae
776 550 1015 603 pauxillum.
1047 553 1176 593 donec
1206 558 1388 594 revertar
1417 553 1457 593 in
1486 567 1598 607 pace.
1657 557 1691 579 2⁷
1721 555 1919 610 Dixitque
1948 558 2158 600 Michaeas:
2189 561 2230 601 Si

306 624 490 651 reversus
521 609 643 650 fucris
674 609 714 649 in
745 622 856 661 pace.
889 623 970 651 non
1001 616 1063 652 est
1093 611 1255 653 locutus
1284 612 1487 653 Dominus
1517 613 1557 653 in
1588 626 1664 655 me.
1712 614 1768 655 Et
1798 615 1874 656 ait:
1906 616 2059 658 Audite
2090 631 2230 660 omnes

308 669 458 722 populi.

99 732 188 792 ῑΙΙιῙῙιΙ-ἰῑ»)
198 732 297 791 ,1331113-
414 730 449 753 28
484 728 614 780 igitur
646 728 918 769 ascenderunt
950 742 1019 770 rex
1053 729 1188 775 Israel,
1224 733 1265 771 et
1298 730 1496 784 Iosaphat
1526 744 1597 771 rex
1631 731 1735 773 Iuda
1765 733 1806 774 in
1840 734 2023 776 Ramoth
2055 735 2225 778 Galaad.

191 779 196 791 ‘
222 784 228 791 “
292 787 342 812 ‘2⁹
371 787 570 841 Dixitque
599 800 669 827 rex
705 786 823 827 lsrael
852 788 905 828 ad
936 788 1150 841 iosaphat:
1181 789 1353 830 Mutabo
1382 789 1585 835 habitum,
1617 795 1658 831 et
1686 791 1741 832 sic
1770 792 1822 833 ad
1850 805 2032 846 pugnarn
2061 795 2227 845 vadam,

309 852 353 887 tu
386 852 524 887 autem
559 846 724 886 inducre
757 846 940 887 vestibus
974 848 1066 888 tuis.
1100 848 1348 902 Mutatoque
1379 861 1449 889 rex
1484 848 1607 889 Israel
1638 849 1796 899 habitu,
1830 852 1945 893 venit
1977 853 2029 894 ad
2061 852 2226 896 bellum.

306 907 343 930 ³⁰
369 906 457 946 Rex
482 910 621 946 autem
647 905 773 959 Syriae
797 911 1046 959 praecepcrat
1071 907 1243 948 ducibus
1267 907 1478 961 equitatus
1502 908 1575 953 3111,
1603 908 1758 949 dicens:
1787 910 1846 950 Ne
1870 912 2060 965 pugnetis
2085 917 2230 954 contra

308 965 535 1006 minimum.
567 969 640 1005 aut
667 970 811 1005 contra
838 965 1078 1013 maximum,
1107 966 1184 1006 nisi
1212 970 1358 1008 contra
1384 966 1515 1007 solum
1543 980 1676 1020 regem
1707 968 1842 1010 Israel.
1899 972 1930 994 ³¹
1961 971 2107 1025 Itaque
2136 985 2229 1012 cum

308 1024 507 1065 vidissent
535 1023 737 1077 principes
766 1024 978 1076 equitatus
1009 1025 1218 1078 iosaphat,
1249 1026 1460 1066 dixerunt:
1493 1026 1582 1066 Rex
1617 1026 1736 1067 [srael
1765 1032 1827 1069 est
1855 1028 1942 1070 iste.
1974 1030 2030 1070 Et
2058 1030 2228 1071 circum-

308 1083 508 1124 dederunt
532 1096 624 1122 eum
648 1082 908 1123 dimicantes:
933 1087 977 1124 at
998 1082 1064 1124 1116
1086 1083 1283 1125 clamavit
1305 1085 1357 1126 ad
1378 1085 1616 1134 Dominum,
1641 1090 1683 1126 et
1705 1086 1927 1128 auxiliatus
1949 1092 2010 1129 est
2031 1089 2078 1138 ei,
2102 1094 2228 1143 atque

309 1142 459 1183 avertit
490 1154 557 1183 603
587 1141 638 1182 ab
668 1140 747 1182 1110.
805 1143 838 1166 ³2
868 1141 969 1183 Cum
1000 1142 1106 1183 enim
1137 1143 1336 1184 vidissent
1364 1144 1487 1185 duces
1517 1144 1739 1198 equitatus
1773 1146 1883 1199 quod
1912 1160 1994 1188 non
2024 1152 2129 1188 esset
2158 1161 2228 1189 rex

312 1200 445 1244 Israel.
478 1200 731 1254 reliquerunt
760 1214 864 1241 eum.

113 1258 292 1325 ³⁰23&in
413 1263 445 1284 ³³
468 1260 630 1301 Accidit
653 1264 791 1300 autem
816 1265 864 1301 ut
886 1273 992 1301 unus
1015 1274 1035 1301 6
1059 1260 1210 1315 populo
1234 1262 1429 1316 sagittam
1453 1262 1495 1303 in
1518 1263 1720 1304 incertum
1744 1264 1905 1313 iaceret,
1931 1269 1973 1306 et
1996 1270 2227 1319 percuteret

149 1331 254 1359 occiso,
308 1332 441 1371 regem
472 1318 595 1360 Israel
622 1318 730 1360 inter
757 1319 954 1360 cervicem
982 1326 1024 1361 et
1051 1320 1250 1374 scapulas,
1281 1326 1326 1362 at
1352 1320 1417 1362 ille
1445 1321 1594 1374 aurigae
1621 1335 1693 1363 suo
1722 1323 1798 1363 ait:
1828 1324 2030 1365 Converte
2058 1337 2228 1365 manum

307 1384 435 1423 tuam.
462 1384 501 1419 et
526 1379 627 1418 educ
649 1391 714 1418 me
738 1378 787 1418 de
810 1379 906 1426 acie,
933 1379 1029 1433 quia
1052 1379 1293 1421 vulneratus
1315 1393 1418 1421 sum.
1469 1382 1502 1405 3⁴
1525 1380 1582 1421 Et
1604 1380 1722 1421 finita
1744 1386 1806 1422 est
1826 1394 1967 1435 pugna
1988 1383 2029 1424 in
2052 1383 2116 1424 die
2139 1382 2225 1424 illo:

307 1450 425 1491 porro
451 1450 521 1477 rex
550 1436 672 1477 Israel
697 1437 838 1477 stabat
862 1436 903 1478 in
929 1451 1047 1479 curru
1074 1452 1146 1480 suo
1172 1444 1317 1480 contra
1341 1440 1464 1493 Syros
1490 1453 1618 1493 usque
1644 1440 1696 1481 ad
1722 1453 1946 1494 vesperam,
1975 1446 2016 1483 et
2039 1446 2227 1483 mortuus

307 1501 368 1537 est
398 1496 607 1537 occidente
637 1495 731 1537 sole.

115 1550 288 1616 ῃῗῖζῖηἶῇῗᾷῗῃ
412 1556 475 1599 19.
532 1558 542 1580 ¹
581 1556 784 1596 Reversus
817 1559 878 1596 est
912 1560 1051 1596 autem
1087 1556 1286 1610 Iosaphat
1317 1570 1388 1597 rex
1423 1557 1527 1598 Iuda
1559 1558 1600 1598 in
1634 1558 1803 1599 domurn
1837 1572 1953 1600 suam
1986 1560 2153 1613 pacifice
2186 1560 2227 1601 in

127 1657 135 1681 l
157 1628 248 1673 sepse·
309 1614 541 1656 Ierusalem.
593 1617 608 1640 2
631 1615 703 1656 Cui
727 1614 902 1655 occurrit
927 1614 1026 1655 Iehu
1050 1614 1156 1656 filius
1180 1615 1347 1656 Hanani
1369 1616 1532 1663 Videns,
1559 1622 1599 1657 et
1622 1617 1680 1657 ait
1703 1618 1755 1658 ad
1778 1631 1890 1659 eum:
1917 1618 2048 1673 Impio
2070 1619 2226 1673 praebes

138 1658 275 1682 ”mmm
306 1674 517 1723 auxilium,
547 1679 589 1715 et
616 1674 677 1715 his
706 1673 775 1728 qui
802 1674 979 1715 oderunt
1005 1674 1231 1715 Dominum
1260 1674 1442 1716 amicitia
1468 1675 1656 1728 iungeris.
1686 1682 1728 1717 et
1754 1677 1903 1718 idcirco
1931 1677 2033 1719 iram
2063 1678 2228 1732 quidem

305 1733 473 1775 Domini
491 1734 731 1774 merebaris:
774 1735 789 1757 ³
808 1733 879 1774 sed
899 1733 1009 1774 bona
1028 1747 1153 1787 opera
1170 1734 1343 1775 inventa
1361 1738 1459 1775 sunt
1477 1734 1519 1775 in
1539 1739 1592 1780 te,
1614 1747 1660 1776 60
1680 1736 1790 1789 quod
1810 1736 2027 1778 abstuleris
2047 1736 2157 1778 lucos
2177 1737 2227 1778 de

307 1798 416 1834 terra
434 1792 548 1837 Iuda,
566 1798 608 1834 et
626 1792 920 1847 praeparaveris
937 1806 1005 1834 cor
1024 1797 1143 1834 tuum
1163 1798 1211 1834 ut
1230 1793 1453 1847 requireres
1467 1793 1693 1834 Dominum
1712 1794 1847 1836 Deum
1863 1800 2030 1848 patrum
2047 1800 2225 1837 tuorum.

889 1898 928 1938 3.
960 1896 1145 1938 Creatio
1176 1898 1391 1949 iudicum,
1421 1898 1488 1950 19,
1507 1898 1653 1939 4—11.

101 1970 294 2001 1²01³1¹¹¹¹¹³¹²¹d
412 1971 427 1993 ⁴
454 1969 674 2010 Habitavit
702 1982 795 2023 ergo
824 1969 1022 2023 Iosaphat
1047 1969 1088 2010 in
1117 1969 1356 2010 Ierusalem:
1384 1983 1629 2023 rursumque
1655 1982 1836 2023 egressus
1863 1975 1925 2010 est
1950 1970 2003 2011 ad
2029 1969 2228 2024 populum

126 2007 283 2069 [i‘gifiissiii's'
307 2029 356 2070 de
390 2029 590 2070 Bersabee
623 2041 750 2082 usque
784 2029 836 2069 ad
868 2033 1053 2070 montem
1087 2028 1298 2082 Ephraim,
1333 2034 1376 2071 et
1407 2028 1619 2071 revocavit
1650 2041 1718 2070 eos
1751 2029 1803 2070 ad
1833 2029 2060 2070 Dominum
2093 2029 2228 2069 Deum

306 2093 473 2142 patrum
501 2100 680 2129 suorum.

134 2147 292 2207 3¹¹2?ng
412 2149 426 2171 ⁵
456 2146 762 2200 Constituitque
790 2147 941 2187 iudices
971 2152 1088 2188 terrae
1115 2147 1156 2188 in
1185 2146 1343 2188 cunctis
1372 2147 1611 2188 civitatibus
1642 2147 1746 2187 Iuda
1772 2146 1942 2187 munitis
1970 2160 2042 2200 per
2069 2146 2228 2200 singula

114 2188 131 2213 p
172 2191 240 2243 imezi
276 2198 280 2205 ‘
308 2206 407 2251 1066,
457 2208 472 2230 ⁶
488 2211 530 2247 et
546 2206 782 2260 praecipiens
798 2206 1013 2255 iudicibus,
1032 2205 1190 2251 Videte,
1210 2206 1280 2255 ait,
1301 2206 1400 2259 quid
1414 2206 1596 2247 faciatis:
1615 2219 1697 2247 non
1715 2205 1823 2247 enim
1839 2205 2015 2247 hominis
2032 2205 2227 2247 exercetis

308 2265 515 2311 iudicium,
553 2266 622 2306 sed
657 2265 842 2306 Domini:
880 2270 921 2306 et
956 2265 1245 2319 quodcumque
1278 2265 1569 2309 iudicaveritis,
1606 2265 1647 2305 111
1683 2278 1756 2306 vos
1790 2265 2050 2306 redundabit.
2117 2266 2131 2288 ⁷
2165 2264 2227 2305 Sit

308 2325 430 2366 timor
455 2325 621 2366 Domini
650 2324 874 2371 vobiscum,
904 2329 946 2365 et
972 2337 1064 2365 cum
1092 2323 1306 2377 diligentia
1331 2328 1482 2365 cuncta
1508 2323 1648 2365 facite:
1677 2337 1759 2365 non
1786 2328 1849 2365 est
1874 2324 1981 2365 enim
2009 2323 2120 2377 apud
2145 2324 2227 2364 Do-

307 2384 464 2425 minum
488 2384 623 2424 Deum
647 2388 834 2425 nostrum
857 2383 1066 2437 iniquitas,
1098 2396 1190 2424 anec
1213 2396 1481 2437 personarum
1505 2383 1701 2437 acceptio,
1727 2395 1800 2423 nec
1824 2382 1971 2436 cupido
1995 2395 2224 2424 munerum.

125 2440 281 2499 fffr‘gssghffss,
416 2444 431 2467 Β
454 2443 501 2484 111
528 2442 746 2484 'Ierusalem
771 2456 933 2496 quoque
956 2442 1173 2484 constituit
1196 2442 1394 2496 Iosaphat
1415 2442 1593 2491 Levitas,
1618 2446 1659 2483 et
1680 2442 1931 2489 Sacerdotes,
1956 2446 1998 2482 et
2018 2441 2227 2496 Principes

121 2511 286 2535 etmstituit-
311 2502 557 2543 familiarum
595 2516 644 2542 ex
684 2501 818 2546 lsrael.
858 2506 905 2543 ut
941 2501 1136 2542 iudicium
1174 2506 1215 2542 et
1252 2515 1417 2543 causam
1454 2501 1621 2543 Domini
1658 2501 1887 2542 iudicarent
1922 2500 2228 2542 habitatoribus

307 2562 403 2603 eius.
466 2564 481 2585 ⁹
511 2562 793 2615 Praecepitque
825 2561 891 2606 eis,
925 2561 1081 2602 dicens:
1129 2561 1193 2602 Sic
1225 2561 1353 2614 agetis
1383 2561 1425 2602 in
1457 2561 1603 2602 timore
1632 2560 1801 2602 Domini
1832 2559 2007 2601 fideliter
2036 2564 2078 2601 et
2107 2560 2227 2601 corde

307 2622 500 2675 perfecto.
555 2623 589 2645 ¹⁰
611 2621 784 2662 Omnem
809 2633 986 2668 causam,
1013 2633 1102 2674 quae
1124 2620 1283 2662 venerit
1305 2621 1357 2661 ad
1379 2633 1452 2661 vos
1474 2620 1650 2660 fratrum
1673 2624 1917 2668 vestrorum,
1943 2619 2012 2673 qui
2034 2618 2228 2660 habitant

307 2681 348 2721 in
372 2680 541 2721 urbibus
565 2680 645 2721 suis
669 2680 776 2721 inter
799 2680 1085 2733 cognationem
1111 2685 1151 2720 et
1175 2680 1474 2733 cognationem,
1500 2679 1749 2733 ubicumque
1774 2678 1944 2733 quaestio
1968 2683 2030 2720 est
2053 2678 2102 2720 de
2125 2677 2224 2731 lege.

308 2739 357 2780 de
386 2739 598 2783 mandato.
631 2739 680 2780 de
711 2739 959 2785 ceremoniis,
988 2739 1038 2780 de
1066 2738 1446 2780 iustificationibus:
1479 2738 1683 2779 ostendite
1713 2738 1781 2787 eis,
1808 2743 1856 2779 ut
1880 2751 1963 2779 non
1986 2741 2157 2791 peccent
2185 2737 2227 2778 in

308 2799 546 2841 Dominum,
570 2804 611 2839 et
631 2812 680 2839 ne
702 2799 843 2839 veniat
868 2798 928 2839 ira
952 2811 1073 2852 super
1091 2811 1164 2838 vos
1186 2804 1227 2839 et
1247 2811 1369 2852 super
1388 2798 1535 2838 fratres
1558 2802 1734 2838 vestros:
1762 2797 1818 2838 sic
1837 2809 1930 2850 ergo
1952 2801 2120 2850 agentes
2143 2809 2226 2837 non

308 2858 541 2911 peccabitis.
593 2860 623 2882 ¹¹
650 2857 838 2899 Amarias
864 2862 1003 2898 autem
1035 2857 1223 2898 sacerdos
1255 2863 1296 2898 et
1327 2856 1515 2911 pontifex
1546 2860 1692 2904 vester,
1720 2857 1761 2897 in
1792 2856 1866 2905 his,
1896 2869 1985 2910 quae
2015 2856 2068 2896 ad
2089 2855 2225 2896 Deum

308 2917 527 2970 pertinent,
560 2917 811 2970 praesidebit:
844 2930 963 2969 porro
989 2916 1192 2958 Zabadias
1224 2915 1329 2958 filius
1358 2915 1548 2965 Ismahel,
1582 2915 1651 2969 qui
1682 2920 1744 2956 est
1772 2915 1857 2956 dux
1884 2915 1926 2955 in
1954 2914 2076 2956 domo
2104 2914 2222 2959 Iuda,

308 2989 429 3029 super
449 2989 494 3016 ea
517 2989 640 3029 opera
660 2976 748 3024 erit,
773 2989 862 3030 quae
887 2976 939 3017 ad
961 2975 1063 3029 regis
1089 2975 1270 3017 officium
1300 2975 1526 3029 pertinent:
1554 2974 1797 3027 habetisque
1817 2973 2036 3027 magistros
2056 2973 2225 3014 Levitas

309 3048 444 3075 coram
468 3035 595 3080 vobis,
619 3035 921 3078 confortamini.
948 3040 989 3076 et
1016 3034 1123 3087 agite
1151 3034 1377 3087 diligenter,
1402 3039 1443 3075 et
1470 3034 1546 3075 erit
1566 3033 1768 3075 Dominus
1790 3033 2002 3074 vobiscum
2030 3032 2070 3074 in
2097 3032 2224 3073 bonis.

700 3140 737 3179 4.
768 3139 965 3180 Victoria
995 3138 1051 3179 de
1082 3138 1295 3179 hostibus
1326 3138 1578 3190 foederatis,
1609 3139 1675 3189 20,
1695 3138 1842 3178 1—30.

152 3215 258 3273 ‘Gffils‘
413 3212 476 3254 20.
534 3214 544 3236 ¹
569 3212 668 3252 Post
692 3211 775 3251 lucc
798 3211 1032 3264 congregati
1055 3215 1153 3251 sunt
1176 3209 1245 3251 filii
1269 3211 1403 3255 Moab,
1429 3215 1471 3251 et
1495 3210 1564 3251 filii
1586 3210 1776 3253 Ammon,
1802 3212 1844 3248 et
1866 3221 1957 3249 cum
1981 3208 2036 3248 eis
2059 3208 2108 3249 de
2131 3208 2227 3248 Am-

138 3266 271 3326 A'nniwi„
309 3271 473 3310 monitis
501 3271 551 3311 ad
583 3270 778 3323 losaphat
805 3275 851 3311 ut
878 3276 1109 3323 pugnarent
1137 3274 1281 3311 contra
1308 3283 1413 3311 eum.
1469 3271 1483 3293 2
1512 3269 1803 3321 Veneruntque
1830 3266 1978 3312 nuncii,
2008 3271 2049 3307 et
2075 3267 2227 3308 indica-

175 3326 235 3344 ”ffl
310 3335 457 3369 verunt
494 3329 700 3382 iosaphat.
737 3329 936 3370 dicentes:
972 3328 1095 3369 Venit
1128 3333 1271 3369 contra
1305 3333 1344 3369 te
1377 3327 1602 3369 multitudo
1635 3340 1785 3379 magna
1818 3326 1866 3366 de
1899 3325 1960 3366 his
1994 3325 2102 3374 10613,
2137 3339 2228 3379 quae

310 3395 423 3428 trans
443 3401 553 3428 mare
574 3395 682 3437 sunt,
705 3395 745 3429 et
765 3389 814 3429 de
834 3389 963 3442 Syria.
987 3393 1028 3429 et
1048 3401 1138 3429 ecce
1159 3387 1389 3429 consistunt
1411 3388 1451 3428 in
1472 3387 1809 3433 Asasonthamar,
1832 3398 1922 3438 quae
1942 3390 2004 3426 est
2024 3384 2224 3438 Engaddi.

312 3527 332 3560 3
370 3528 388 3560 2
448 3480 543 3560 llinis
570 3479 711 3559 aptllss,
739 3481 793 3519 173
817 3480 885 3524 Sap
908 3480 938 3520 6,
961 3482 996 3520 ὅ,
1020 3480 1072 3514 Sir
1093 3479 1146 3520 35,
1171 3480 1226 3519 153
1250 3480 1315 3513 Act
1340 3480 1390 3519 10,
1413 3479 1470 3518 34;
1496 3478 1583 3511 Rom
1606 3479 1636 3518 2,
1661 3480 1716 3519 11;
1744 3477 1807 3512 Gal
1832 3477 1862 3517 2,
1889 3477 1923 3518 (33
1950 3476 2027 3521 Eph
2053 3478 2083 3517 6,
2109 3477 2144 3517 9;
2171 3477 2228 3510 Col

312 3549 343 3568 .‚
369 3527 426 3566 ·.');
532 3530 562 3560 tr
610 3554 617 3567 ,
667 3527 694 3559 ῖ.
