2356 3760
861 378 1512 467 EPISTOLA

320 501 726 587 BEATI
789 500 1333 588 IOANNIS
1398 499 2051 589 APOSTOLI

999 634 1378 687 TERTIA.

1018 811 1282 864 Exordium,
1312 814 1350 853 1.

35 887 199 917 Inscriptio·
331 884 344 906 ¹
376 881 517 923 Senior
548 882 649 922 Gaio
683 882 931 927 charissimo,
967 896 1088 936 quem
1120 896 1193 937 ego
1226 883 1348 937 diligo
1380 884 1421 924 in
1455 883 1641 925 veritate.

971 986 1215 1037 Tractatio,
1243 987 1396 1027 2-12.

36 1061 109 1085 Laus
134 1060 196 1085 ean
327 1060 341 1079 '-'
367 1055 621 1100 Charissiine,
649 1056 698 1096 de
724 1056 912 1096 omnibus
939 1056 1166 1098 orationem
1190 1057 1295 1098 facio
1322 1070 1511 1111 prospere
1538 1063 1577 1098 te
1602 1057 1770 1110 ingredi,
1797 1063 1839 1098 et
1865 1057 2011 1107 valere,
2037 1058 2142 1099 sicut

24 1098 204 1156 liiissfilffsst‘f}
222 1128 410 1168 prospere
430 1114 512 1167 agit
532 1114 670 1155 anima
689 1120 771 1156 tua.
818 1117 833 1139 3
851 1115 1025 1156 Gavisus
1044 1129 1135 1156 sum
1153 1116 1272 1156 valde
1291 1115 1551 1157 venientibus
1569 1115 1778 1164 fratribus,
1798 1121 1839 1157 et
1858 1116 2140 1158 testimonium

221 1173 530 1227 perhibentibus
560 1173 725 1214 veritati
754 1179 848 1223 tuze,
879 1174 983 1215 sicut
1012 1180 1059 1215 tu
1086 1174 1128 1215 in
1156 1174 1332 1216 veritate
1360 1174 1560 1216 ambulas.
1617 1176 1632 1198 ⁴
1660 1174 1856 1215 Maiorem
1884 1174 2031 1215 horum
2059 1189 2140 1217 non

35 1237 196 1296 θᾞέὃΐῐρῖξ
221 1232 353 1273 habeo
380 1232 568 1285 gratiani,
601 1246 724 1285 quam
751 1238 798 1273 ut
827 1233 992 1274 audiam
1020 1233 1122 1274 filios
1150 1246 1261 1274 ineos
1289 1233 1331 1275 in
1359 1233 1534 1274 veritate
1563 1233 1785 1275 ambulare.
1841 1235 1856 1257 5
1885 1233 2139 1281 Charissinie,

11 1278 155 1302 ³¹¹⁵⁶¹p¹⁰¹¹
174 1279 205 1296 '⁸'
221 1291 395 1331 fideliter
416 1291 514 1332 facis
538 1291 738 1345 quidquid
761 1291 937 1345 operaris
960 1291 1000 1332 in
1022 1292 1181 1339 fratres,
1205 1297 1247 1333 et
1267 1292 1344 1333 hoe
1366 1292 1407 1333 in
1428 1292 1673 1345 peregrinos,
1727 1294 1742 1316 ‘⁵
1765 1292 1833 1346 qui
1857 1292 2140 1334 testimonium

221 1350 485 1391 reddiderunt
511 1349 703 1391 charitati
728 1355 810 1391 tuae
833 1350 875 1390 in
900 1356 1122 1404 conspectu
1146 1350 1354 1392 Ecclesiae:
1383 1364 1496 1405 quos,
1524 1351 1794 1401 benefaciens,
1821 1350 1995 1392 deduces
2021 1350 2141 1405 digne

220 1409 319 1450 Deo.
378 1411 391 1432 ⁷
418 1409 496 1449 Pro
523 1409 686 1449 nomine
713 1409 820 1449 enim
847 1409 930 1449 eius
957 1409 1130 1462 profecti
1156 1414 1265 1459 sunt,
1293 1409 1393 1450 nihil
1420 1409 1665 1464 accipientes
1693 1423 1717 1450 a
1743 1409 1957 1451 Gentibus.
1981 1446 1983 1449 .
2016 1412 2031 1434 s
2058 1411 2140 1451 Nos

221 1480 313 1521 ergo
344 1467 538 1508 debemus
568 1468 769 1520 suscipere
797 1467 1044 1517 huiusmodi,
1075 1473 1123 1508 ut
1153 1473 1435 1520 cooperatores
1465 1468 1591 1509 simus
1621 1468 1820 1509 veritatis.

24 1527 204 1592 ζξῐίἒῒῐζῑζῇξξξ
330 1528 345 1550 ⁹
377 1526 634 1579 Scripsissem
668 1526 840 1567 forsitan
873 1525 1081 1567 Ecclesiae:
1117 1526 1189 1567 sed
1220 1526 1265 1576 is,
1317 1526 1386 1580 qui
1421 1533 1535 1567 amat
1568 1527 1793 1579 primatum
1825 1540 1962 1580 gerere
1996 1527 2037 1568 in
2072 1528 2139 1571 eis.

39 1597 189 1623 insolentis
221 1585 478 1638 Diotrephes,
513 1598 594 1625 non
627 1584 771 1638 recipit
802 1598 887 1626 nos.
950 1587 984 1609 ¹⁰
1016 1590 1183 1638 propter
1214 1584 1291 1625 hoc
1323 1585 1356 1626 si
1389 1598 1549 1627 venero.
1585 1584 1853 1627 commonebo
1886 1585 1970 1626 eius
2003 1599 2138 1639 opera,

71 1635 161 1664 atque

33 1668 193 1694 munnam·
222 1657 311 1697 quae
338 1643 456 1684 facit:
486 1643 619 1684 verbis
648 1642 834 1696 malignis
861 1643 1040 1696 garriens
1068 1643 1109 1684 in
1137 1657 1229 1684 nos:
1259 1650 1300 1685 et
1328 1644 1444 1697 quasi
1471 1656 1554 1685 11011
1582 1643 1617 1685 ei
1644 1644 1724 1685 ista
1751 1643 1977 1685 sufficiant:
2008 1658 2139 1698 neque

220 1702 305 1755 ipse
333 1702 502 1755 suscipit
529 1703 693 1743 fratres:
724 1708 765 1743 et.
793 1715 871 1744 eos,
903 1702 971 1755 qui
999 1702 1239 1755 suscipiunt,
1269 1702 1472 1755 prohibet,
1502 1708 1543 1744 et
1572 1702 1621 1743 de
1648 1702 1831 1744 Ecclesia
1858 1702 1978 1744 eiicit.

50 1762 179 1822 ¹222OE
328 1763 358 1786 11
392 1761 645 1808 Charissime,
681 1760 762 1801 noli
795 1761 947 1802 imitari
980 1760 1147 1810 malum,
1182 1761 1253 1802 sed
1286 1761 1397 1814 quod
1429 1761 1584 1802 bonum
1618 1767 1690 1803 est.
1727 1761 1805 1810 Qui
1838 1761 2055 1811 benefacit,
2090 1776 2141 1804 ex

87 1820 90 1821 ⁷
145 1817 150 1822 ”
221 1820 309 1861 Deo
338 1826 417 1861 est:
450 1820 519 1873 qui
548 1819 767 1869 malefacit,
798 1833 880 1860 non
909 1818 1015 1860 vidit.
1042 1820 1189 1861 Deum.

41 1885 186 1939 ⁰323?
327 1881 358 1903 ¹2
391 1878 601 1920 Demetrio
635 1878 917 1920 testimonium
950 1878 1136 1919 redditur
1169 1878 1220 1919 ab
1255 1879 1456 1928 omnibus,
1492 1885 1533 1920 et
1567 1878 1618 1919 ab
1651 1879 1741 1932 ipsa
1774 1879 1960 1922 veritate.
1996 1879 2066 1920 sed
2099 1886 2138 1920 et

45 1950 190 1975 Demetrii.
222 1951 294 1978 nos
324 1937 605 1979 testimonium
632 1937 912 1991 perhibemus:
942 1942 983 1978 et
1010 1937 1117 1978 nosti
1146 1937 1340 1990 quoniam
1369 1937 1651 1979 testimonium
1679 1943 1866 1979 nostrum
1895 1951 2037 1979 verum
2066 1944 2139 1980 est.

961 2040 1199 2092 Epilogus,
1228 2040 1401 2080 13—14.

50 2159 53 2163 .
82 2113 173 2173 &1¹5ss
330 2113 361 2135 13
377 2110 510 2151 Multa
525 2109 651 2150 habui
668 2109 743 2151 tibi
759 2110 950 2152 scribere:
968 2110 1039 2151 sed
1056 2110 1166 2151 nolui
1182 2124 1254 2164 per
1270 2116 1562 2159 atramentum,
1581 2119 1621 2152 et
1639 2111 1843 2152 calamum
1861 2112 2033 2154 scribere
2049 2113 2137 2154 tibi.

49 2155 120 2179 “³⁰⁸
137 2155 184 2174 ⁰¹'
225 2172 256 2194 11
283 2170 409 2223 Spero
438 2174 577 2210 autem
605 2168 791 2222 protinus
821 2175 861 2210 te
889 2169 1038 2215 videre,
1070 2175 1110 2210 et
1139 2182 1181 2210 os
1210 2169 1263 2210 ad
1291 2182 1333 2209 os
1360 2168 1587 2223 loquemur.
1618 2170 1707 2212 Pax
1734 2168 1821 2212 tibi.

15 2230 218 2255 ⁵²²¹¹t³ffi⁰¹¹ss³
328 2228 522 2270 Salutant
551 2232 591 2269 te
623 2227 753 2270 amici.
785 2227 930 2270 Saluta
960 2227 1111 2270 amicos
1141 2228 1399 2270 nominatim.
