2356 3760
244 222 325 261 894
1064 216 1340 250 PROPHETIA
1924 218 1954 258 6,
1982 217 2101 257 12—8,
2128 217 2170 251 10

48 314 233 374 Μζξζζῇᾖζξη
246 313 369 353 facies
393 325 574 357 coronas,
600 317 641 352 et
663 324 788 365 pones
812 311 852 350 in
876 310 1010 362 capite
1034 309 1125 350 Iesu
1148 309 1218 349 filii
1243 309 1407 350 Iosedec
1430 308 1652 350 sacerdotis
1674 309 1825 362 magni,
1877 311 1909 334 1²
1931 315 1972 352 et
1992 310 2168 364 loqueris

55 366 143 416 aium>
165 367 222 409 rex.
247 372 299 412 ad
334 385 438 418 eum,
477 372 632 412 dicens:
671 370 768 410 Haec
803 369 862 409 ait
896 367 1098 409 Dominus
1134 368 1401 412 exercituum.
1439 368 1594 409 dicens:
1635 366 1793 408 aECCE
1828 367 1929 409 VIR
1961 369 2168 411 ORIENS

246 430 443 471 NOMEN
467 430 613 471 EIUS:
639 435 680 469 et
703 428 844 468 subter
867 440 959 467 eum
983 426 1149 475 orietur,
1175 432 1216 467 et
1239 426 1460 467 aedificabit
1483 425 1684 480 templum
1707 425 1900 470 Domino.
1952 429 1984 452 ¹²³
2006 427 2062 469 Et
2084 429 2169 482 ipse

244 494 409 530 extruet
442 488 642 541 templum
675 486 873 527 Domino:
908 490 949 525 et
982 484 1066 538 ipse
1099 485 1286 538 portabit
1317 484 1500 539 gloriam,
1535 490 1577 526 et
1608 484 1779 533 sedebit,
1815 490 1857 526 et
1889 486 2171 528 dominabitur

244 561 365 601 super
390 548 488 588 solio
516 559 606 587 suo:
635 550 676 585 et
702 545 777 585 erit
804 544 991 585 sacerdos
1018 557 1140 597 super
1164 544 1264 585 solio
1291 557 1376 593 suo,
1405 548 1446 584 et
1472 543 1685 585 consilium
1712 543 1822 597 pacis
1849 544 1926 585 erit
1950 544 2057 586 inter
2081 545 2170 587 illos

244 607 358 648 duos.
420 609 450 630 ¹⁴
481 606 536 646 Et
568 616 726 645 coronae
757 608 878 643 erunt
911 602 1067 651 Helem,
1101 608 1143 644 et
1174 603 1323 649 Tobiae,
1357 608 1398 644 et
1431 602 1566 651 Idaiae,
1600 608 1642 643 et
1674 602 1792 648 Hem,
1826 602 1907 645 filio
1938 603 2167 657 Sophoniae,

245 664 478 705 memoriale
507 664 547 703 in
577 662 731 716 templo
761 661 940 703 Domini.
1000 663 1031 686 1⁵
1060 661 1116 702 Et
1147 662 1215 716 qui
1245 661 1386 715 procul
1415 666 1523 709 sunt,
1555 661 1734 707 venient,
1766 666 1807 702 et
1835 662 2101 704 aedificabunt
2128 663 2171 704 in

245 724 398 776 templo
424 722 609 764 Domini:
637 727 677 762 et
702 721 836 762 scietis
864 720 961 774 quia
984 720 1187 762 Dominus
1213 720 1470 761 exercituum
1494 720 1607 761 misit
1630 733 1695 761 me
1721 721 1775 762 ad
1800 734 1884 763 vos
1913 721 2004 763 Erit
2030 727 2170 764 autem

245 783 331 824 hoc.
364 782 395 821 si
426 782 572 822 auditu
603 780 813 821 audieritis
845 793 986 821 vocem
1017 779 1185 821 Domini
1215 780 1291 820 Dei
1321 779 1460 820 vestri.

869 905 1091 960 PARS
1133 904 1547 960 SECUNDA.

697 994 1013 1048 Condicio
1053 993 1315 1057 salutiS,
1357 992 1412 1058 7,
1439 993 1598 1059 1-—8,
1627 993 1732 1048 23.

51 1094 229 1133 mtefrogm-
353 1088 387 1131 7,
445 1090 456 1111 1
487 1087 542 1127 Et
570 1087 728 1127 factum
758 1092 819 1127 est
848 1086 888 1127 in
918 1100 1025 1128 anno
1056 1090 1204 1140 quarto
1234 1085 1348 1127 Darii
1376 1086 1491 1140 regis,
1522 1086 1680 1128 factum
1710 1092 1771 1127 est
1800 1087 1973 1128 verbum
2001 1085 2169 1128 Domini

69 1129 208 1189 „filliis
245 1148 297 1189 ad
325 1146 576 1193 Zachariam,
606 1145 646 1186 in
676 1150 824 1198 quarta
852 1146 1001 1186 mensis
1030 1145 1138 1190 noni,
1171 1145 1239 1199 qui
1267 1150 1329 1185 est
1356 1144 1511 1187 Casleu.
1568 1147 1583 1170 2
1610 1146 1666 1186 Et
1692 1145 1893 1187 miserunt
1920 1146 1973 1186 ad
2000 1145 2170 1186 domum

56 1201 218 1230 “¹³¹''‘'¹¹³¹‘'‘·
244 1206 319 1246 Dei
347 1206 526 1249 Sarasar.
557 1210 598 1245 et
627 1204 957 1258 Rogommelech,
988 1210 1029 1245 et
1057 1204 1144 1248 viri.
1176 1204 1245 1258 qui
1273 1209 1391 1245 erant
1418 1217 1511 1245 cum
1540 1218 1585 1246 eo
1614 1205 1667 1246 ad
1694 1205 1996 1258 deprecandam
2023 1204 2170 1245 faciem

242 1264 426 1306 Domini:
492 1266 507 1289 3
545 1269 592 1305 111
629 1263 811 1304 dicerent
849 1263 1130 1304 sacerdotibus
1169 1264 1315 1304 domus
1352 1263 1521 1304 Domini
1558 1264 1826 1313 exercituum,
1881 1269 1922 1305 et
1959 1263 2170 1317 prophetis

240 1324 473 1377 loquentes:
501 1322 703 1376 numquid
729 1321 910 1363 flendum
937 1328 997 1363 est
1023 1322 1123 1363 mihi
1148 1321 1189 1363 in
1216 1322 1361 1376 quinto
1387 1335 1537 1367 mense,
1566 1322 1631 1363 vel
1655 1322 1910 1364 sanctificare
1936 1336 2000 1363 me
2026 1322 2168 1371 debeo,

242 1383 347 1423 sicut
377 1383 458 1423 iam
488 1382 564 1423 feci
595 1381 735 1422 multis
766 1382 907 1422 311111εὲ

53 1443 221 1503 γῑίᾒιξζῐζξζυ
348 1444 362 1465 ⁴
376 1441 432 1482 Et
449 1441 606 1482 factum
626 1447 687 1482 est
702 1441 873 1482 verbum
887 1440 1054 1481 Domini
1073 1440 1328 1481 exercituum
1342 1440 1394 1481 ad
1412 1453 1488 1489 me,
1505 1440 1660 1482 dicens:
1701 1442 1715 1465 5
1728 1440 1914 1494 Loquere
1933 1440 1983 1481 ad
2005 1453 2168 1481 omnem

68 1496 205 1538 ninnium
245 1502 445 1555 populum
472 1506 600 1543 terrae.
622 1500 733 1541 etad
758 1500 1002 1549 sacerdotes,
1023 1499 1179 1540 dicens:
1211 1499 1333 1540 bCum
1350 1499 1597 1549 ieiunaretis‚
1619 1504 1660 1541 et
1685 1499 1931 1553 plangeretis
1957 1499 1998 1539 in
2025 1498 2170 1553 quinto

73 1550 202 1610 ‘'(ss}{‡{},¹}¹‘
244 1567 285 1601 et
315 1560 489 1613 septimo
521 1572 592 1613 per
622 1559 693 1601 hos
724 1559 989 1612 septuaginta
1019 1572 1165 1600 annos:
1198 1558 1401 1612 numquid
1430 1558 1627 1599 ieiunium
1657 1558 1868 1599 ieiunastis
1898 1557 2023 1599 mihi?
2085 1559 2100 1581 ⁶
2129 1563 2170 1598 et

243 1632 336 1659 cum
356 1618 601 1665 comedistis,
622 1624 663 1658 et
682 1617 854 1662 bibistis,
875 1617 1077 1670 numquid
1097 1630 1178 1658 non
1198 1617 1314 1658 vobis
1333 1617 1579 1666 comedistis,
1600 1622 1641 1658 et
1659 1617 1964 1671 vobismetipsis
1984 1616 2168 1658 bibistis?

246 1679 259 1700 ⁷
280 1677 491 1730 Numquid
508 1690 589 1717 non
607 1682 702 1717 sunt
721 1677 857 1718 verba.
878 1689 968 1730 quae
983 1675 1144 1717 locutus
1162 1680 1224 1716 est
1240 1675 1442 1716 Dominus
1459 1675 1501 1716 in
1517 1689 1643 1716 manu
1659 1676 1957 1730 prophetarum
1974 1676 2167 1729 priorum,

242 1750 334 1776 cuni
359 1736 493 1776 adhuc
521 1735 739 1776 Ierusalem
763 1735 1033 1783 habitaretur,
1060 1740 1101 1776 et
1124 1740 1230 1776 esset
1253 1734 1461 1788 opulenta,
1487 1734 1577 1788 ipsa
1599 1740 1639 1776 et
1663 1735 1782 1776 urbes
1807 1735 1847 1776 in
1872 1735 2043 1775 circuitu
2068 1734 2164 1782 eius,

241 1802 280 1835 et
313 1795 364 1835 ad
395 1795 606 1841 Austrum,
640 1799 681 1835 et
711 1794 752 1834 in
784 1794 1081 1847 campestribus
1113 1793 1396 1835 habitaretur?

68 1858 209 1917 mqssffiam
353 1856 368 1878 ⁸
394 1853 449 1894 Et
475 1854 632 1894 factum
661 1859 721 1894 est
748 1853 920 1894 verbum
946 1853 1114 1894 Domini
1142 1853 1194 1894 ad
1220 1852 1472 1897 Zachariam,
1501 1853 1657 1894 dicens:
1715 1855 1730 1877 ⁹
1757 1853 1855 1894 Haec
1882 1853 1940 1893 ait
1966 1851 2168 1893 Dominus

57 1914 217 1967 f·t**111i.<t-r1.
246 1913 512 1961 exercituum,
547 1912 702 1953 dicens:
739 1912 941 1953 Iudicium
974 1925 1116 1952 verum
1149 1912 1339 1961 iudicate,
1375 1917 1416 1953 et
1447 1912 1779 1961 misericordiam,
1814 1917 1856 1953 et
1886 1911 2168 1952 miserationes

60 1964 216 2029 „⁰'‡f,d¹f,¹,3,¹,¹,‚
246 1972 380 2016 facite.
410 1972 690 2025 unusquisque
718 1985 810 2012 cum
836 1972 963 2012 fratre
989 1984 1074 2013 suo.
1130 1973 1166 1996 ¹⁰
1199 1971 1270 2011 cEt
1297 1971 1478 2020 viduam,
1506 1976 1548 2012 et
1572 1970 1787 2024 pupillum,
1816 1976 1857 2012 et
1883 1971 2100 2018 advenam,
2128 1975 2170 2010 et

46 2039 233 2095 upgggfssgissm
249 2044 467 2084 pauperem
501 2030 626 2071 nolite
659 2030 917 2071 calumniari:
952 2035 993 2071 et
1024 2030 1179 2071 malum
1212 2030 1274 2070 vir
1304 2030 1422 2071 fratri
1454 2043 1526 2072 suo
1558 2043 1640 2071 non
1673 2030 1825 2084 cogitet
1856 2030 1898 2070 in
1930 2029 2049 2070 corde
2081 2042 2166 2070 suo.

90 2086 191 2132 niiss‘se?
248 2092 275 2114 11
314 2090 369 2131 Ε1.
404 2089 625 2131 noluerunt
661 2089 886 2137 attendere,
925 2095 966 2130 et
1002 2095 1243 2130 averterunt
1278 2089 1488 2142 scapulam
1523 2089 1794 2139 recedentem,
1847 2093 1888 2130 et
1924 2101 2039 2129 aures
2075 2101 2168 2128 suas

243 2154 573 2202 aggravaverunt
604 2161 654 2188 ne
685 2149 886 2189 audirent.
948 2150 978 2173 ¹²
1009 2148 1065 2189 Et
1095 2161 1163 2189 cor
1192 2162 1312 2189 suum
1342 2154 1570 2201 posuerunt
1600 2154 1646 2189 ut
1677 2148 1944 2189 adamantem
1974 2160 2024 2188 ne
2055 2147 2168 2187 audi-

242 2214 331 2248 rent
362 2207 503 2260 legem,
537 2213 577 2247 et
608 2207 735 2248 verba
765 2220 855 2261 quae
885 2207 997 2247 misit
1026 2207 1230 2247 Dominus
1262 2207 1516 2247 exercituum
1547 2207 1587 2247 in
1618 2207 1764 2260 spiritu
1795 2220 1867 2248 suo
1898 2219 1970 2260 per
1998 2219 2168 2246 manum

245 2266 537 2319 prophetarum
560 2266 762 2319 priorum:
787 2272 827 2306 et
850 2266 963 2307 facta
985 2271 1046 2307 est
1068 2265 1296 2319 indignatio
1320 2278 1471 2319 magna
1492 2278 1514 2306 a
1537 2266 1715 2307 Domino
1739 2265 2006 2306 exercituum.
2059 2266 2091 2289 13
2113 2264 2169 2305 Ε1

242 2326 400 2366 factum
430 2330 490 2366 est
519 2325 625 2365 sicut
652 2325 812 2366 locutus
841 2331 914 2372 est,
944 2330 985 2365 et
1014 2338 1094 2365 non
1123 2324 1360 2366 audierunt:
1390 2324 1445 2365 sic
1473 2324 1724 2372 clamabunt,
1756 2329 1796 2365 et
1823 2337 1905 2365 non
1934 2323 2165 2372 exaudiam,

241 2384 339 2424 dicit
373 2384 575 2424 Dominus
609 2384 875 2424 exercituum.
938 2386 969 2408 1⁴
1002 2383 1058 2424 Et
1091 2383 1260 2437 dispersi
1293 2396 1359 2425 eos
1393 2396 1464 2436 per
1496 2383 1634 2424 onmia
1665 2396 1800 2437 regna,
1836 2396 1927 2437 quae
1958 2382 2165 2423 nesciunt:

244 2449 283 2483 et
309 2449 416 2483 terra
439 2442 624 2483 desolata
647 2448 707 2483 est
731 2443 781 2483 ab
806 2443 872 2491 eis,
899 2456 944 2483 eo
970 2442 1079 2496 quod
1103 2455 1184 2483 non
1209 2448 1313 2483 esset
1337 2442 1538 2483 transiens
1562 2448 1603 2483 et
1626 2448 1852 2483 revertens:
1878 2447 1919 2483 et
1942 2446 2169 2495 posuerunt

245 2507 396 2542 terram
424 2501 732 2542 desiderabilem
760 2501 800 2542 in
828 2502 1047 2543 desertum.

106 2559 167 2585 9⁰³¹
349 2560 386 2604 8.
445 2563 456 2585 1
478 2560 532 2602 Et
552 2561 710 2601 factum
732 2566 793 2601 est
814 2561 986 2601 verbum
1007 2560 1173 2602 Domini
1195 2560 1461 2609 exercituum,
1485 2560 1640 2602 dicens:
1689 2563 1703 2585 2
1725 2560 1824 2601 Haec
1844 2559 1944 2601 dicit
1964 2559 2167 2600 Dominus

37 2591 225 2616 reversionem

81 2633 196 2685 ‘¹,¹¹‘'‘1¹,¹¹⁴“.
245 2620 517 2660 exercituum:
541 2619 703 2660 Zelatus
725 2633 814 2660 sum
835 2619 931 2660 Sion
953 2619 1036 2660 zelo
1057 2633 1219 2673 magno,
1243 2624 1284 2661 et
1303 2619 1585 2674 indignatione
1606 2633 1758 2674 magna
1776 2618 1931 2660 zelatus
1952 2631 2043 2659 sum
2063 2630 2166 2659 eam.

70 2665 206 2721 ‘ljsssslh‘ffii‘
245 2681 260 2703 3
292 2678 388 2720 Haec
419 2678 517 2719 dicit
548 2679 749 2719 Dominus
780 2678 1052 2719 exercituum:
1087 2679 1289 2719 Reversus
1319 2692 1409 2719 sum
1440 2679 1492 2720 ad
1521 2679 1630 2727 Sion,
1663 2683 1704 2720 et
1733 2678 1931 2719 habitabo
1961 2677 2002 2718 in
2032 2676 2167 2717 medio

49 2732 227 2794 ‘’'³⁹³{{{{,fss²,¹¹‘¹²¹
252 2737 486 2778 Ierusalem:
518 2742 559 2778 et
588 2738 805 2778 vocabitur
835 2737 1055 2778 Ierusalem
1086 2737 1240 2778 Civitas
1270 2737 1469 2787 veritatis,
1501 2742 1542 2778 et
1570 2737 1687 2779 Mons
1716 2736 1885 2778 Domini
1914 2735 2167 2777 exercituum

246 2810 360 2837 mons
391 2796 683 2838 sanctificatus.
742 2798 756 2821 4
788 2796 885 2837 Haec
915 2796 1013 2838 dicit
1043 2796 1245 2837 Dominus
1275 2796 1548 2837 exercituum:
1579 2796 1726 2838 Adhuc
1755 2795 2008 2836 habitabunt
2037 2807 2165 2843 senes,

243 2861 282 2894 et
307 2869 406 2895 anus
429 2855 469 2895 in
492 2854 638 2908 plateis
663 2855 902 2896 Ierusalem:
927 2860 968 2896 et
990 2855 1065 2896 viri
1088 2855 1257 2897 baculus
1279 2855 1320 2896 in
1342 2869 1468 2896 manu
1490 2856 1574 2896 eius
1597 2868 1679 2909 prae
1700 2854 1969 2896 multitudine
1991 2853 2160 2894 dierum.

243 2915 257 2937 ⁵
282 2913 335 2953 Et
360 2913 506 2966 plateae
530 2915 709 2955 civitatis
734 2914 1052 2968 complebuntur
1074 2914 1315 2962 infantibus,
1342 2920 1382 2955 et
1406 2914 1550 2968 puellis
1574 2914 1812 2955 ludentibus
1835 2913 1876 2954 in
1898 2912 2044 2967 plateis
2069 2912 2164 2954 eius.

249 2973 263 2995 ⁶
288 2972 383 3012 Haec
407 2973 505 3013 dicit
527 2973 729 3014 Dominus
752 2974 1026 3014 exercituum:
1049 2973 1091 3014 Si
1114 2973 1323 3014 videbitur
1345 2973 1509 3014 difficile
1531 2973 1572 3014 in
1596 2973 1720 3014 oculis
1742 2971 2005 3026 reliquiarum
2027 2970 2168 3025 populi

247 3030 364 3070 huius
385 3031 423 3070 in
444 3031 587 3072 diebus
607 3032 694 3077 illis,
716 3032 919 3086 numquid
936 3032 977 3072 in
998 3032 1122 3073 oculis
1141 3032 1240 3073 meis
1259 3032 1423 3073 difficile
1442 3033 1529 3081 erit,
1551 3032 1650 3073 dicit
1667 3031 1869 3073 Dominus
1888 3029 2166 3072 exercituum?

248 3090 261 3111 ⁷
280 3088 377 3129 Hzcc
394 3089 492 3130 dicit
510 3090 712 3131 Dominus
729 3091 1002 3131 exercituum:
1020 3091 1125 3132 Ecce
1142 3104 1214 3145 ego
1231 3091 1400 3133 salvabo
1416 3091 1615 3145 populum
1631 3104 1769 3131 meum
1786 3091 1834 3131 de
1851 3095 1960 3131 terra
1975 3087 2164 3135 Orientis,

245 3153 283 3187 et
312 3148 360 3187 (le
388 3153 492 3188 terra
522 3148 698 3190 Occasus
725 3150 830 3191 solis.
889 3152 903 3174 ⁸
929 3149 984 3191 Et
1012 3150 1215 3191 adducam
1242 3164 1321 3199 eos,
1350 3154 1391 3191 et
1417 3150 1670 3191 habitabunt
1694 3149 1736 3190 111
1761 3149 1895 3190 medio
1924 3147 2165 3190 Ierusalem:

245 3212 285 3245 et
307 3212 427 3246 erunt
449 3207 547 3246 milii
570 3207 608 3247 in
632 3209 842 3262 populum.
867 3215 907 3250 et
930 3222 1001 3263 ego
1024 3222 1090 3250 ero
1113 3209 1167 3250 eis
1190 3209 1230 3249 in
1252 3209 1386 3250 Deum
1408 3209 1449 3250 in
1471 3209 1658 3255 veritate,
1682 3213 1723 3250 et
1744 3208 1784 3249 in
1806 3207 1979 3249 iustitia.
2032 3208 2047 3231 ⁹
2069 3206 2168 3247 Haec

245 3264 342 3304 dicit
372 3265 571 3305 Dominus
601 3268 872 3308 exercituum:
902 3268 1197 3309 Consortentur
1223 3282 1369 3309 manus
1398 3274 1556 3313 vestrae,
1589 3267 1658 3322 qui
1687 3267 1838 3308 auditis
1866 3267 1906 3307 in
1934 3266 1995 3307 his
2023 3265 2166 3306 diebus

243 3336 447 3363 sermones
465 3324 561 3364 istos
579 3338 648 3376 per
663 3340 704 3365 os
722 3327 1016 3379 prophetarum
1031 3327 1072 3367 in
1089 3327 1164 3373 die,
1184 3340 1265 3381 qua
1280 3328 1458 3368 fundata
1474 3332 1535 3368 est
1550 3328 1696 3368 domus
1711 3326 1879 3368 Domini
1895 3325 2163 3368 exercituum.

245 3388 291 3422 ut
319 3382 515 3435 templum
546 3383 824 3426 fediticaretur.
882 3387 918 3410 ¹⁰
943 3385 1153 3439 Siquidem
1183 3392 1278 3426 ante
1306 3387 1389 3427 dies
1417 3386 1504 3427 illos
1532 3398 1684 3427 merces
1711 3385 1924 3426 hominum
1953 3397 2035 3424 non
2065 3388 2164 3431 erat,

243 3454 315 3481 nec
341 3454 491 3481 merces
519 3441 791 3483 iumentorum
820 3452 918 3486 erat.
940 3458 1072 3498 neque
1096 3445 1333 3488 introeunti,
1355 3458 1487 3498 neque
1513 3445 1679 3485 exeunti
1704 3449 1793 3485 erat
1820 3456 1903 3497 pax
1929 3455 2011 3496 prae
2038 3442 2167 3483 tribu-

375 3568 405 3609 6,
431 3568 473 3601 12
498 3568 562 3601 aLc
590 3570 618 3608 1,
644 3569 694 3602 78.
724 3590 762 3592 -ᾉ
790 3571 818 3610 7,
844 3571 864 3602 ,3
889 3571 941 3604 bIs
967 3572 1018 3606 58.
1045 3573 1074 3605 5.
1103 3592 1143 3595 —
1170 3571 1210 3605 10
1238 3571 1307 3605 “Ex
1332 3573 1384 3612 2³2,
1411 3573 1467 3613 2⁵23
1498 3572 1528 3605 Is
1555 3573 1582 3612 1,
1607 3572 1664 3611 23,
1692 3571 1725 3604 Ι1·
1747 3572 1778 3607 5,
1802 3571 1854 3604 28.
