2356 3760
99 544 112 560 :i
129 537 260 560 {ventum

108 573 202 596 nuntii
224 575 249 595 et

145 608 217 635 regis

90 643 184 667 loram
201 649 268 672 pra·-

138 678 219 704 dicit.

106 1717 258 1742 abuudan-

146 1754 219 1777 tiam

91 1789 229 1813 frumenti
243 1795 276 1812 ac

91 1825 273 1854 punitifflwlii

114 1860 252 1884 inereduli

100 1895 267 1925 prophetat,

282 152 359 192 318
1131 148 1277 182 LIBER
1304 148 1349 182 11.
1966 149 1997 189 6,
2023 149 2129 181 22—7
2163 149 2204 181 14

285 249 401 296 pater
431 242 508 282 mi?
567 243 598 266 2²
628 242 684 283 At
712 241 776 281 ille
806 241 882 281 ait:
915 240 1006 281 Non
1037 241 1256 294 percuties:
1288 254 1418 294 neque
1449 241 1555 281 enim
1586 240 1729 294 cepisti
1760 254 1825 282 cos
1854 240 2001 294 gladio,
2036 247 2076 283 et
2108 254 2202 282 arcu

287 312 368 345 tuo,
398 309 444 342 ut
469 301 692 354 percutias:
721 300 791 340 sed
816 312 921 352 pone
948 312 1108 352 panem.
1137 306 1178 341 et
1204 313 1355 353 aquam
1382 313 1518 341 coram
1545 300 1611 345 eis,
1642 305 1687 340 ut
1714 299 1945 344 comedant,
1974 306 2015 341 et
2043 300 2201 350 bibant,

285 366 325 401 01
350 360 507 400 vadant
532 360 583 400 ad
609 358 820 400 dominum
845 371 976 399 suum.
1031 360 1062 382 ²3
1087 358 1370 412 Appositaque
1395 364 1455 399 est
1481 358 1535 398 eis
1561 358 1742 399 ciborum
1768 371 1918 409 magna
1942 359 2201 412 praeparatio.

285 425 325 460 et
358 420 634 460 comederunt.
670 422 710 457 et
744 417 947 461 biberunt.
984 425 1024 457 et
1057 417 1213 458 dimisit
1245 431 1324 461 eos,
1360 417 1631 470 abieruntque
1664 417 1716 458 ad
1749 417 1962 458 dominum
1995 430 2127 462 suum,
2164 424 2199 458 et

287 477 391 518 ultra
423 491 502 518 non
531 483 732 516 venerunt
759 475 936 516 latrones
964 475 1090 529 Syriae
1119 476 1158 516 in
1188 476 1352 517 Terram
1384 476 1518 517 lsrael.

391 538 420 559 ²¹
455 536 626 575 Factum
658 540 719 575 est
750 540 888 575 autem
920 540 1013 587 post
1044 534 1139 579 11100,
1173 535 1435 585 congregavit
1472 535 1662 575 Benadad
1695 548 1764 575 rex
1794 534 1931 587 Syriae,
1966 534 2202 575 universum

287 595 509 635 exercitum
546 607 677 636 suum.
715 600 755 634 et
791 593 986 637 ascendit.
1024 599 1065 634 et
1100 594 1315 634 obsidebat
1350 593 1589 634 Samariam.
1670 595 1701 617 ²⁵
1736 593 1946 646 Factaque
1981 598 2042 634 est
2076 594 2203 633 fames

286 666 433 701 magna
463 653 503 692 in
533 652 735 693 Samaria:
768 658 808 692 et
838 652 981 692 tandiu
1014 652 1177 693 obsessa
1206 660 1278 696 est.
1312 652 1439 694 donec
1470 653 1776 693 venundaretur
1805 657 1931 705 caput
1960 652 2062 692 asini
2092 657 2202 693 octo—

285 712 401 761 ginta
438 711 650 761 argenteis,
691 717 730 751 et
770 718 917 763 quarta
954 724 1046 763 pars
1085 711 1174 752 cabi
1211 711 1397 752 stercoris
1436 710 1717 752 columbarum
1756 710 1936 764 quinque
1988 711 2201 764 argenteis.

285 772 320 795 2⁶
349 773 532 823 Cumque
561 783 631 810 rex
664 769 784 810 lsrael
817 770 1006 810 transiret
1038 783 1109 822 per
1138 783 1313 815 murum,
1345 770 1489 811 mulier
1519 770 1706 823 quaedam
1737 769 1985 810 exclamavit
2015 769 2067 810 ad
2097 782 2202 816 eum,

287 830 441 870 dicens:
473 828 596 869 Salva
627 842 688 868 me
720 828 882 869 domine
912 829 966 868 mi
997 842 1078 870 rex.
1138 831 1170 852 ²⁷
1202 829 1280 877 Qui
1311 829 1386 870 ait:
1420 829 1511 869 Non
1541 834 1581 869 te
1611 828 1746 870 salvat
1775 828 1995 870 Dominus:
2027 828 2135 869 unde
2164 833 2204 869 10

286 902 451 942 possum
482 887 664 928 salvare?
695 888 744 928 de
774 901 877 931 area,
910 887 973 927 vel
1003 888 1052 928 de
1083 888 1297 928 torculari?
1334 888 1527 941 Dixitque
1557 888 1608 928 ad
1638 900 1727 928 eam
1756 900 1844 928 rex:
1876 887 1983 936 Quid
2012 886 2088 928 tibi
2116 886 2202 927 vis?

287 948 386 996 Quae
416 947 643 1000 respondit:
702 948 736 970 2⁸
766 946 908 987 Mulier
937 945 1017 987 ista
1046 946 1151 987 dixit
1180 947 1297 987 milii:
1329 948 1394 987 Da
1423 946 1550 987 filium
1580 952 1712 995 tuum,
1744 952 1791 987 ut
1820 946 2081 987 comedamus
2111 959 2204 986 eum

286 1006 418 1050 hodie,
437 1012 477 1046 et
492 1005 617 1046 filium
635 1018 771 1045 meum
788 1006 1047 1045 comedemus
1063 1019 1161 1046 cras.
1207 1008 1241 1030 2⁹
1256 1006 1448 1047 Coximus
1464 1018 1556 1058 ergo
1572 1005 1699 1046 filium
1716 1018 1865 1053 meum,
1883 1010 1924 1046 et
1939 1004 2201 1046 comedimus.

287 1065 465 1118 Dixique
492 1065 524 1105 ei
552 1064 614 1104 die
641 1064 786 1105 altera:
813 1065 879 1104 Da
904 1064 1030 1104 filium
1058 1070 1188 1108 tuum.
1218 1071 1264 1105 ut
1289 1065 1551 1106 comedamus
1577 1078 1682 1105 eum.
1711 1064 1810 1113 Quae
1835 1063 2052 1105 abscondit
2076 1063 2203 1104 filium

287 1137 418 1164 suum.
472 1126 508 1147 ³³⁰
532 1123 651 1171 Quod
676 1136 768 1164 cum
794 1123 976 1164 audisset
1000 1137 1081 1169 rex,
1109 1123 1229 1164 scidit
1254 1124 1502 1164 vestimenta
1526 1136 1610 1169 sua,
1639 1129 1679 1164 et
1703 1123 1908 1164 transibat
1931 1135 2003 1176 per
2026 1135 2201 1163 murum.

288 1183 482 1236 Viditque
510 1182 640 1223 onmis
668 1181 842 1235 populus
871 1181 1057 1225 cilicium.
1088 1196 1168 1235 quo
1196 1183 1370 1224 vestitus
1399 1189 1486 1224 erat
1513 1183 1565 1223 ad
1592 1195 1754 1223 carnem
1781 1181 2035 1222 intrinsecus.
2091 1183 2123 1206 ³¹
2150 1180 2205 1221 Et

287 1241 345 1282 ait
373 1254 460 1282 rex:
493 1241 589 1282 Haee
617 1241 716 1281 mihi
744 1241 870 1281 faciat
897 1241 1019 1285 Deus.
1050 1247 1091 1282 et
1118 1241 1202 1282 haec
1231 1242 1370 1286 addat,
1401 1242 1432 1282 si
1460 1241 1620 1282 steterit
1648 1247 1773 1294 caput
1800 1240 1924 1282 Elisei
1951 1239 2021 1280 filii
2047 1239 2205 1293 Saphat

287 1314 407 1354 super
430 1300 563 1354 ipsum
588 1300 719 1341 hodie.
772 1302 804 1324 32
828 1299 986 1341 Eliseus
1011 1306 1149 1341 autem
1174 1301 1344 1342 sedebat
1366 1301 1407 1341 in
1432 1301 1553 1342 domo
1578 1314 1662 1345 sua,
1689 1306 1730 1341 et
1753 1313 1866 1341 senes
1890 1300 2089 1341 sedebant
2112 1312 2205 1340 cum

288 1373 345 1401 eo.
364 1359 565 1400 Praemisit
582 1359 721 1412 itaque
738 1359 889 1399 virum:
907 1365 946 1400 et
963 1366 1186 1413 antequam
1203 1360 1361 1401 veniret
1376 1359 1547 1400 nuncius
1563 1359 1639 1402 ille.
1658 1359 1761 1400 dixit
1777 1359 1829 1400 ad
1843 1372 1975 1399 senes:
1995 1357 2206 1411 Numquid

287 1418 398 1459 scitis
429 1419 539 1471 quod
568 1418 723 1459 miserit
753 1418 856 1458 filius
886 1418 1100 1459 homicidae
1129 1418 1204 1465 1110,
1237 1425 1283 1460 111
1313 1419 1558 1472 praecidatur
1586 1424 1711 1472 caput
1740 1417 1901 1459 meum?
1932 1417 2068 1458 videte
2098 1429 2203 1471 ergo,

288 1491 379 1518 cum
400 1477 558 1518 venerit
579 1477 761 1525 nuncius,
784 1476 961 1518 claudite
982 1477 1145 1525 ostium,
1168 1484 1209 1518 et
1227 1491 1309 1519 non
1329 1478 1471 1519 sinatis
1492 1491 1585 1518 eum
1604 1477 1789 1519 introire:
1811 1489 1902 1518 ecce
1921 1476 2028 1517 enim
2048 1475 2204 1517 sonitus

287 1537 438 1590 pedum
462 1536 615 1577 domini
638 1536 722 1577 eius
743 1542 837 1589 post
859 1549 952 1576 euin
974 1542 1046 1577 est.
1096 1538 1130 1561 3³
1150 1536 1297 1577 Adhuc
1318 1536 1384 1578 illo
1407 1536 1599 1590 loquente
1621 1536 1688 1581 015,
1713 1535 1906 1589 apparuit
1926 1535 2111 1583 nuncius,
2137 1534 2204 1588 qui

289 1595 480 1636 veniebat
497 1596 549 1636 ad
565 1608 669 1636 eum.
689 1595 744 1636 Et
760 1595 836 1636 ait:
855 1595 971 1638 Ecce.
989 1600 1156 1636 tantum
1172 1595 1327 1637 malum
1344 1610 1367 1636 a
1382 1595 1559 1637 Domino
1576 1600 1655 1636 est:
1675 1595 1772 1648 quid
1788 1594 1961 1648 amplius
1978 1594 2204 1648 expectabo

289 1668 312 1695 a
340 1654 542 1695 Domino?

397 1714 431 1756 7.
488 1716 499 1737 ¹
539 1713 657 1754 Dixit
695 1718 833 1754 autem
871 1713 1048 1754 Eliseus:
1087 1714 1240 1755 Audite
1277 1715 1448 1755 verbum
1487 1713 1671 1755 Domini:
1713 1713 1811 1754 Haec
1849 1712 1947 1754 dicit
1984 1711 2203 1753 Dominus:

292 1773 338 1813 111
366 1779 549 1826 tempore
577 1773 653 1813 1100
681 1785 767 1813 cras
795 1772 955 1814 modius
983 1772 1125 1814 similae
1151 1786 1232 1814 uno
1260 1778 1412 1814 statere
1440 1773 1527 1819 0111,
1557 1778 1598 1814 01
1625 1773 1706 1814 (1110
1733 1772 1860 1814 modii
1886 1770 2026 1812 hordei
2054 1775 2205 1812 statere.

291 1845 383 1878 11110,
413 1832 454 1872 111
482 1837 602 1885 porta
629 1831 833 1873 Samariae.
891 1833 905 1855 ²
934 1832 1200 1885 Respondens
1230 1846 1333 1873 unus
1362 1833 1411 1873 de
1439 1832 1622 1880 ducibus,
1653 1844 1773 1885 super
1799 1831 1912 1872 cuius
1940 1843 2108 1871 manum
2135 1842 2206 1869 rex

290 1891 568 1936 incumbebat,
591 1890 746 1932 homini
765 1891 853 1936 Dei,
877 1891 952 1931 ait:
975 1891 1015 1932 Si
1035 1891 1237 1932 Dominus
1257 1891 1398 1932 1000111
1418 1891 1542 1932 etiam
1564 1895 1793 1931 cataractas
1813 1890 1855 1930 in
1875 1889 1982 1931 caelo.
2005 1887 2206 1942 numquid

288 1950 439 2004 poterit
457 1964 540 1990 esse
559 1950 669 2003 quod
684 1949 886 2003 loqueris?
906 1950 983 1998 Qui
1001 1950 1076 1991 ait:
1097 1950 1263 1991 Videbis
1281 1950 1405 1991 oculis
1422 1950 1518 1999 tuis,
1537 1956 1577 1991 et
1594 1949 1687 1990 inde
1704 1963 1786 1991 non
1803 1949 2001 1990 comedes.
2046 1950 2062 1973 ³
2078 1948 2206 1996 Quat-

289 2016 382 2050 tuor
407 2022 498 2063 ergo
523 2009 599 2049 viri
625 2014 741 2049 erant
764 2009 911 2062 leprosi
936 2008 1053 2049 iuxta
1077 2009 1294 2051 introitum
1318 2014 1465 2063 portae:
1493 2009 1561 2063 qui
1586 2009 1779 2050 dixerunt
1803 2009 1855 2049 ad
1879 2007 2072 2048 invicem:
2099 2006 2206 2055 Quid

288 2068 352 2109 hic
387 2081 470 2109 esse
505 2067 693 2109 volumus
729 2068 857 2109 donec
890 2068 1137 2109 moriamur?
1200 2071 1215 2093 ⁴
1248 2068 1333 2109 sive
1367 2068 1522 2122 ingredi
1556 2067 1803 2110 voluerimus
1838 2066 2062 2114 civitatem,
2098 2066 2206 2106 fame

290 2127 525 2168 moriemur:
547 2127 631 2168 sive
649 2127 918 2168 manserimus
937 2127 1012 2175 1110,
1033 2127 1291 2168 moriendum
1309 2127 1426 2169 nobis
1445 2132 1523 2168 est:
1545 2127 1681 2168 venite
1700 2140 1804 2180 ergo,
1826 2132 1867 2167 et
1884 2125 2205 2179 transfugiamus

289 2187 341 2227 ad
381 2192 515 2227 castra
554 2186 691 2239 Syriae.
734 2186 766 2226 si
806 2186 1060 2240 pepercerint
1099 2187 1227 2230 nobis.
1270 2186 1475 2227 vivemus:
1517 2186 1549 2226 si
1589 2191 1727 2227 antem
1768 2185 1948 2226 occidere
1988 2183 2203 2227 voluerint.

289 2245 551 2301 nihilominus
580 2245 811 2286 moriemur.
868 2246 883 2269 ⁵
911 2245 1183 2286 Surrexerunt
1212 2259 1303 2299 ergo
1333 2245 1502 2299 vesperi,
1533 2251 1580 2286 ut
1609 2245 1795 2286 venirent
1824 2244 1876 2285 ad
1904 2248 2039 2285 castra
2066 2242 2203 2296 Syriae.

289 2305 472 2358 Cumque
510 2304 717 2345 venissent
756 2304 807 2345 ad
845 2304 1090 2357 principium
1129 2310 1356 2346 castrorum
1393 2305 1531 2358 Syriae,
1572 2303 1729 2344 nullum
1766 2303 1918 2344 ibidem
1955 2308 2203 2356 repererunt.

292 2365 306 2387 ⁶
327 2363 538 2417 Siquidem
559 2363 760 2404 Dominus
783 2363 963 2404 sonitum
986 2363 1117 2404 audiri
1137 2364 1291 2405 fecerat
1311 2364 1353 2404 in
1375 2363 1517 2404 castris
1539 2363 1677 2417 Syriae.
1702 2376 1906 2408 curruum,
1931 2367 1972 2403 et
1993 2373 2203 2415 equorum.

291 2428 331 2463 et
361 2422 560 2463 exercitus
590 2422 772 2475 plurimi:
804 2422 1078 2475 dixeruntque
1107 2423 1161 2463 ad
1188 2422 1381 2463 invicem:
1414 2423 1518 2463 Ecce
1546 2423 1730 2463 mercede
1760 2421 1958 2463 conduxit
1987 2421 2205 2462 adversum

291 2495 363 2523 nos
390 2495 460 2522 rex
490 2481 613 2522 Israel
639 2494 749 2535 reges
778 2481 1057 2530 Hethaeorum,
1088 2487 1128 2522 et
1156 2481 1455 2536 AEgyptiomm,
1486 2488 1526 2522 et
1553 2486 1754 2522 venerunt
1781 2493 1901 2534 super
1928 2493 2012 2521 nos.
2071 2481 2084 2503 ⁷
2112 2479 2206 2520 Sur-

291 2548 482 2582 rexerunt
512 2553 616 2594 ergo,
647 2547 687 2581 et
714 2541 907 2594 fugerunt
934 2540 975 2580 in
1003 2540 1194 2589 tenebris,
1225 2546 1266 2582 et
1294 2540 1596 2594 dereliquerunt
1624 2540 1803 2581 tentoria
1830 2553 1914 2583 sua,
1945 2544 1986 2580 et
2013 2552 2137 2592 equos
2165 2544 2206 2579 et

291 2599 424 2640 asinos
459 2599 499 2639 in
534 2600 687 2645 castris,
724 2600 998 2653 fugeruntque
1033 2599 1189 2640 animas
1223 2605 1388 2640 tantum
1423 2613 1516 2640 suas
1550 2599 1707 2640 salvare
1741 2599 1962 2652 cupientes.
2027 2600 2042 2621 ⁸
2077 2597 2207 2651 Igitur

292 2672 383 2699 cum
400 2658 606 2699 venissent
622 2658 767 2712 leprosi
783 2658 838 2699 illi
855 2659 906 2699 ad
922 2658 1167 2712 principium
1184 2664 1422 2706 castrorum,
1440 2658 1607 2712 ingressi
1623 2664 1719 2699 sunt
1735 2671 1863 2699 unum
1879 2656 2202 2699 tabernaculum.

291 2723 331 2758 et
363 2718 627 2758 comederunt
659 2723 700 2758 et
731 2717 939 2758 biberunt:
973 2717 1238 2771 tuleruntque
1267 2718 1361 2758 inde
1392 2723 1619 2771 argentum,
1653 2724 1694 2758 et
1724 2730 1880 2765 aurum,
1914 2722 1955 2757 et
1985 2721 2130 2764 vestes,
2165 2723 2205 2756 et

292 2776 491 2819 abierunt.
520 2783 561 2817 et
586 2777 906 2818 absconderunt:
934 2783 973 2818 et
998 2789 1158 2817 rursum
1184 2777 1333 2818 reversi
1358 2782 1454 2818 sunt
1480 2777 1531 2817 ad
1557 2776 1667 2817 aliud
1693 2775 2019 2824 tabernaculum,
2047 2779 2087 2815 et
2112 2774 2205 2816 inde

291 2835 475 2876 similiter
499 2836 727 2876 auferentes
752 2836 1065 2877 absconderunt.
1122 2838 1137 2860 ⁹
1160 2835 1446 2890 Dixeruntque
1470 2836 1522 2876 ad
1545 2835 1739 2876 invicem:
1766 2835 1857 2876 Non
1881 2840 1989 2875 recte
2012 2833 2203 2874 facimus:

292 2895 375 2935 haec
400 2894 506 2935 enim
531 2894 614 2935 dies
639 2894 734 2935 boni
758 2895 894 2935 nuncii
919 2902 991 2936 est.
1018 2895 1058 2936 Si
1083 2895 1342 2941 tacuerimus,
1369 2900 1409 2936 et
1432 2894 1679 2936 noluerimus
1704 2893 1896 2935 nunciare
1920 2906 2048 2946 usque
2071 2905 2202 2935 mane.

291 2953 449 2994 sceleris
472 2966 704 3005 arguemur:
729 2954 877 3002 venite,
902 2967 1053 3002 camus,
1077 2959 1118 2995 et
1139 2953 1376 2995 nunciemus
1398 2953 1438 2994 in
1461 2953 1555 2994 aula
1574 2953 1688 3005 regis.
1741 2955 1775 2977 ¹⁰
1794 2954 1978 3005 Cumque
1998 2951 2204 2992 venissent

293 3013 345 3053 ad
370 3019 532 3065 portam
558 3012 750 3058 civitatis,
780 3016 1049 3053 narraverunt
1076 3012 1142 3061 eis,
1171 3013 1369 3054 dicentes:
1400 3012 1553 3053 Ivimus
1580 3013 1629 3053 ad
1658 3018 1792 3053 castra
1816 3011 1954 3065 Syriae,
1983 3016 2022 3052 et
2048 3009 2204 3051 nullum

293 3071 442 3113 ibidem
461 3071 681 3123 reperimus
699 3072 918 3119 hominem,
939 3071 1013 3112 nisi
1033 3085 1168 3125 equos,
1189 3078 1229 3113 et
1247 3072 1380 3113 asinos
1399 3071 1596 3120 alligatos,
1617 3078 1657 3112 et
1676 3072 1758 3112 fixa
1774 3070 1965 3112 tentoria.
2014 3071 2044 3094 11
2064 3069 2205 3110 Ierunt

292 3143 384 3179 ergo
413 3130 593 3183 portarii,
624 3138 663 3171 et
693 3131 991 3172 nunciaverunt
1018 3130 1057 3170 in
1086 3130 1239 3183 palatio
1267 3131 1368 3181 regis
1396 3131 1648 3171 intrinsecus.
1707 3132 1737 3154 ¹2
1765 3129 1843 3178 Qui
1870 3128 2045 3170 surrexit
2071 3133 2202 3175 110010,

293 3195 334 3230 01
363 3188 420 3229 ait
449 3189 501 3229 ad
529 3202 665 3230 servos
694 3204 805 3231 suos:
836 3189 936 3231 Dico
967 3189 1081 3230 vobis
1113 3190 1210 3242 quid
1238 3190 1408 3231 fecerint
1436 3189 1552 3230 nobis
1580 3189 1689 3242 Syri:
1719 3188 1861 3230 Sciunt
1891 3188 1988 3242 quia
2013 3187 2121 3228 fame
2148 3186 2205 3228 la-

296 3248 496 3293 boramus,
519 3255 558 3289 et
579 3248 726 3289 idcirco
747 3249 891 3298 egressi
911 3255 1006 3290 sunt
1026 3249 1075 3289 de
1095 3248 1249 3295 castris,
1272 3254 1312 3290 et
1330 3248 1501 3289 latitant
1519 3248 1559 3288 in
1579 3248 1696 3302 agris,
1719 3248 1916 3289 dicentes:
1937 3246 2038 3288 Cum
2059 3245 2204 3300 egressi

293 3307 443 3347 fuerint
465 3307 513 3347 de
535 3307 714 3351 civitate,
738 3308 943 3360 capiemus
965 3321 1030 3349 eos
1051 3306 1179 3351 vivos,
1203 3314 1243 3348 et
1263 3313 1362 3348 tunc
1382 3307 1593 3348 civitatem
1613 3307 1769 3359 ingredi
1788 3305 2024 3361 poterimus.
2074 3307 2106 3330 ¹³
2127 3306 2204 3346 Re-

294 3365 458 3418 spondit
488 3372 625 3406 autem
655 3380 757 3407 unus
785 3380 993 3408 servorum
1021 3366 1123 3407 eius:
1154 3366 1358 3407 Tollamus
1387 3366 1566 3420 quinque
1594 3380 1730 3420 equos,
1760 3365 1829 3419 qui
1855 3370 2137 3406 remanserunt
2163 3364 2203 3404 in

295 3424 392 3465 urbe
422 3424 535 3477 (quia
564 3424 638 3477 ipsi
668 3432 833 3466 tantum
864 3433 959 3466 sunt
989 3426 1028 3465 in
1059 3425 1249 3465 universa
1277 3425 1541 3466 multitudine
1573 3425 1706 3470 Israel,
1739 3424 1805 3465 alii
1834 3424 1941 3466 enim
1971 3423 2203 3477 consumpti

293 3490 407 3532 sunt)
430 3488 469 3523 et
493 3483 716 3528 mittentes,
742 3485 950 3537 explorare
975 3484 1209 3537 poterimus.
1263 3487 1292 3508 ¹¹
1316 3485 1588 3526 Adduxerunt
1611 3497 1702 3534 ergo
1726 3484 1827 3525 duos
1850 3496 1986 3537 equos,
2012 3483 2203 3536 misitque
