2356 3760
123 782 248 811 'l'empus

123 824 220 847 imperi
229 825 245 842 i.

127 898 238 922 malitia

143 941 224 964 regis,

104 981 263 1010 captivitas

97 1018 122 1039 01
146 1022 221 1039 mors
240 1016 268 1040 in

118 1051 251 1082 Egypto.

123 1504 248 1533 Tempu<

121 1546 244 1569 imperii,

127 1621 240 1645 malitia

143 1664 223 1685 regis.

98 1704 270 1727 tributarius

101 1739 268 1769 Babylonis,

121 1803 249 1827 0111101115

95 1847 110 1863 a
128 1838 273 1863 latruncu-

162 1874 206 1900 lis„

93 2211 202 2242 reliqua
215 2211 275 2236 eius

99 2248 126 2271 i11
148 2247 268 2271 historia

83 2289 179 2310 regum
192 2282 278 2308 ludat

124 2387 245 2411 victoria

109 2422 264 2452 Babylonis

92 2459 125 2483 111·
140 2458 276 2489 AEgypto.

127 2679 251 2708 'rombus

124 2721 246 2744 unperll,

130 2796 242 2820 malitia

146 2838 227 2860 svssls,

105 2877 267 2907 asportatio

146 2919 228 2939 11115,

115 2948 258 2972 nmmum

99 2985 125 3007 et
146 2984 197 3007 fort
208 2984 275 3008 iuni.

287 178 365 219 338
1132 175 1277 209 LIBER
1303 175 1349 209 ΙΙ.
1915 177 1968 217 23,
1994 177 2138 215 30ffi24.
2169 178 2210 212 15

291 271 454 312 Nechao
488 284 558 311 rex
592 269 773 324 AEgypst
810 274 953 311 eontra
985 281 1119 322 regem
1152 269 1412 323 Assyriorum
1447 269 1499 309 ad
1535 268 1687 310 flumen
1721 269 1996 323 Euphratem:
2032 277 2072 313 et
2108 272 2212 312 abiit

292 330 417 371 Iosias
443 342 514 370 rex
538 330 579 370 in
606 342 818 371 occursum
845 328 948 368 eius:
975 332 1016 368 et
1042 327 1196 368 00015115
1223 333 1285 369 051,
1310 328 1350 368 in
1376 327 1589 380 Mageddo.
1618 341 1711 368 eum
1737 327 1908 369 vidisset
1934 343 2039 371 eum.
2095 332 2131 355 ³⁰
2156 331 2212 372 Et.

290 393 562 442 portaverunt
589 402 680 429 eum
708 387 812 427 servi
839 386 900 427 sui
927 391 1135 427 mortuum
1164 387 1213 427 de
1239 386 1460 440 Mageddot
1489 391 1529 427 ct
1554 386 1814 439 pertulerunt
1840 387 1881 427 in
1910 388 2141 433 Ierusalem,
2171 394 2211 430 et

289 447 534 501 sepelierunt
564 461 655 488 euni
686 447 726 486 in
757 445 968 498 sepulchro
1000 458 1084 486 5110.
1122 445 1335 499 ¹2Tulitque
1365 445 1540 499 populus
1572 449 1688 485 terrae
1718 445 1890 486 Ioachaz
1920 446 2048 488 filium
2075 448 2209 489 Iosiae:

289 510 330 547 et
357 511 564 547 unxerunt
592 518 697 550 011111,
727 509 767 544 01
795 504 1099 545 constituerunt
1126 517 1219 545 eum
1247 518 1378 558 regem
1411 517 1480 557 pro
1508 508 1625 556 patre
1652 517 1737 545 suo.

515 620 603 671 IV.
644 620 954 671 Adventus
994 619 1276 671 interitus
1314 619 1500 685 regni,
1540 618 1625 681 23,
1653 618 1875 681 31—-25,
1903 620 1990 673 30.

377 711 414 750 1.
446 709 632 750 loachaz
662 720 746 750 seu
777 707 946 750 Selium
978 708 1014 761 (1
1040 709 1128 749 Par
1147 711 1186 760 3,
1206 708 1278 759 153
1308 709 1347 749 h·
1366 710 1432 760 22,
1452 708 1522 761 11)
1552 720 1635 750 rex
1665 712 1828 762 malus,
1856 711 1923 762 23,
1941 711 2114 751 31—35.

398 784 429 805 ³¹
452 781 611 835 Viginti
627 781 752 821 trium
771 794 971 822 annorum
988 786 1076 822 erat
1097 780 1266 821 loachaz
1282 794 1376 822 01111]
1390 794 1557 833 regnare
1572 782 1775 835 coepisset,
1794 788 1834 823 et
1850 783 1981 824 tribus
1998 783 2207 824 mensibus

292 840 478 894 regnavit
503 840 543 881 in
573 839 810 880 Ierusalem:
839 853 987 881 nomen
1015 839 1156 880 matris
1183 839 1267 880 eius
1292 839 1460 885 Amital,
1490 840 1572 881 filia
1600 840 1790 889 Ieremiae,
1819 841 1868 882 de
1893 842 2049 883 Lobna.

394 902 427 924 ³2
452 900 507 940 Et
532 899 629 940 feeit
653 899 808 940 malum
834 910 970 940 coram
996 898 1187 945 Domino,
1215 898 1333 939 iuxta
1358 899 1496 940 onmia
1522 912 1612 953 quae
1635 900 1817 941 fecerant
1842 905 1978 953 patres
2005 900 2100 942 eius.

395 960 427 983 ³³
446 958 671 1012 Vinxitque
690 971 782 998 01111]
802 958 961 999 Pharao
983 957 1146 999 Nechao
1167 957 1207 998 in
1228 957 1369 1007 Rebla,
1392 971 1482 1011 quae
1500 963 1562 999 est
1580 958 1621 998 in
1639 962 1748 1000 terra
1766 959 1932 1003 Emath,
1954 972 2003 1000 ne
2022 965 2210 1013 regnaret

289 1018 329 1058 in
358 1017 595 1058 Ierusalem:
623 1022 664 1058 et
688 1016 885 1070 imposuit
910 1016 1107 1057 mulctam
1134 1021 1252 1057 terrae
1276 1021 1441 1057 centum
1468 1017 1634 1058 talentis
1660 1018 1829 1070 argenti,
1857 1023 1899 1059 et
1924 1018 2081 1060 talento
2109 1018 2207 1060 auri.

289 1079 321 1101 ³⁴
350 1077 583 1130 Regemque.
609 1075 826 1117 constituit
851 1075 1011 1117 Pharao
1040 1075 1204 1117 Nechao
1232 1075 1403 1117 Eliacim
1430 1076 1558 1117 filium
1587 1070 1799 1130 Iosiaepro
1830 1077 1937 1118 lesia
1962 1081 2078 1130 patre
2105 1076 2208 1118 eius:

290 1136 496 1189 vertitque
516 1148 664 1176 nomen
683 1134 767 1175 eius
789 1134 958 1176 Ioakim.
980 1147 1100 1187 porro
1122 1134 1295 1176 Ioachaz
1314 1134 1422 1183 tulit,
1444 1140 1485 1176 et
1504 1135 1624 1176 duxit
1642 1135 1683 1176 in
1701 1136 1942 1189 AEgyptum,
1964 1141 2005 1177 et
2023 1140 2211 1177 mortuus

290 1202 351 1235 est
372 1194 439 1235 ibi.
489 1195 521 1218 ³⁵
542 1193 770 1247 Argentum
793 1198 944 1242 autem,
968 1198 1009 1234 et
1031 1206 1177 1234 aurum
1199 1193 1313 1235 dedit
1336 1194 1494 1235 Ioakim
1516 1194 1720 1236 Pharaoni
1742 1208 1835 1235 011111
1858 1194 2073 1236 indixisset
2094 1199 2212 1236 terrae

289 1266 360 1307 per
387 1253 577 1306 singQulos
608 1257 655 1294 ut
682 1253 935 1293 conferretur
961 1252 1080 1294 iuxta
1107 1257 1358 1306 plaeceptum
1386 1253 1509 1293 Phar
1501 1267 1631 1295 101115
1661 1259 1702 1295 et
1729 1267 2066 1308 unumquemque
2093 1253 2212 1295 iuxta

291 1312 394 1353 vires
419 1325 512 1353 suas
537 1311 683 1365 exegit
709 1317 797 1352 tam
822 1316 1037 1363 argentum
1064 1325 1187 1365 quam
1213 1324 1358 1352 aurum
1383 1312 1432 1353 de
1455 1312 1607 1366 populo
1631 1317 1766 1354 tertrae
1793 1318 1840 1353 ut
1864 1313 1981 1354 daret
2004 1313 2207 1354 Pharaoni

293 1371 467 1412 Νο01110.

642 1429 680 1468 2.
712 1428 882 1468 loakim
914 1439 998 1468 seu
1028 1428 1208 1468 Eliacim
1239 1439 1321 1468 rex
1352 1429 1517 1479 malus,
1547 1429 1613 1480 23,
1634 1429 1806 1480 36—24,
1827 1431 1865 1470 7.

396 1503 432 1525 ⁸⁶
463 1500 802 1554 Vigintiquinque
835 1512 1036 1541 annorum
1069 1505 1157 1541 erat
1191 1500 1349 1541 Ioakim
1381 1514 1474 1542 cum
1506 1514 1674 1555 regnare
1706 1501 1914 1555 coepisset:
1949 1506 1990 1542 et
2021 1500 2211 1542 undecim

291 1559 406 1601 annis
437 1559 625 1610 regnavit
655 1559 696 1600 in
729 1559 966 1600 Ierusalem:
999 1572 1148 1600 nomen
1178 1559 1322 1600 matris
1353 1559 1437 1600 eius
1469 1560 1621 1601 Zebida
1650 1560 1733 1601 filia
1762 1560 1948 1601 Phadaia
1977 1560 2027 1601 de
2060 1560 2207 1601 Ruma.

395 1621 429 1644 ³⁷
464 1619 519 1660 Et
551 1619 648 1660 fecit
682 1618 836 1659 malum
870 1630 1006 1659 coram
1041 1618 1218 1660 Domino
1252 1618 1371 1659 iuxta
1403 1619 1552 1668 omnia,
1604 1633 1694 1673 quae
1726 1620 1909 1661 fecerant
1941 1623 2078 1673 patres
2112 1618 2208 1660 eius.

396 1678 460 1721 24.
517 1680 529 1702 ¹
561 1678 609 1718 In
639 1677 780 1719 diebus
811 1677 894 1718 eius
924 1677 1109 1718 ascendit
1139 1678 1520 1719 Nabuchodonosor
1547 1691 1618 1719 rex
1648 1679 1885 1732 Babylonis,
1916 1683 1958 1719 et
1986 1678 2120 1719 factus
2150 1682 2212 1718 est

292 1737 325 1778 ei
354 1737 512 1779 loakim
537 1749 677 1778 servus
703 1737 834 1777 tribus
862 1736 997 1776 annis:
1025 1741 1066 1777 et
1091 1749 1252 1777 rursum
1277 1737 1492 1778 rebellavit
1517 1742 1661 1779 contra
1686 1751 1790 1779 eum.

396 1798 411 1820 2
444 1795 702 1849 Immisitque
734 1796 768 1836 ei
798 1795 1000 1836 Dominus
1032 1795 1283 1837 latrunculos
1315 1796 1610 1846 Chaldaeorum,
1645 1801 1686 1838 et
1715 1796 1967 1838 latrunculos
1999 1795 2137 1850 Syriae‚
2171 1799 2212 1836 et

291 1855 542 1896 latrunculos
573 1855 708 1903 Moab,
741 1859 783 1896 et
812 1854 1062 1895 latrunculos
1094 1855 1269 1896 filiorum
1299 1855 1496 1897 Ammon:
1529 1861 1570 1897 et
1599 1856 1770 1896 immisit
1801 1869 1867 1897 eos
1897 1856 1940 1896 in
1972 1855 2131 1898 Iudam.
2164 1858 2211 1895 ut

290 1915 570 1968 disperderent
603 1927 707 1962 eum,
748 1914 885 1955 biuxta
918 1914 1089 1954 verbum
1123 1914 1301 1963 Domini,
1339 1915 1449 1968 quod
1482 1915 1642 1955 locutus
1674 1916 1810 1956 fuerat
1842 1928 1914 1968 per
1946 1927 2083 1955 servos
2117 1926 2210 1955 suos

290 1974 523 2027 prophetas.
573 1975 589 1997 ³
608 1973 783 2014 Factum
805 1978 867 2014 est
887 1978 1026 2014 autem
1047 1973 1124 2014 hoc
1144 1986 1215 2027 per
1236 1973 1407 2014 verbum
1427 1974 1594 2014 Domini
1615 1978 1759 2016 contra
1782 1974 1941 2023 Iudam,
1964 1978 2011 2014 ut
2032 1973 2212 2013 auferret

291 2046 383 2073 eum
404 2045 540 2073 coram
561 2046 602 2073 se
622 2037 790 2086 propter
809 2037 979 2085 peccata
999 2032 1186 2073 Manasse
1208 2032 1398 2073 universa
1419 2046 1508 2086 quae
1527 2033 1636 2082 fecit,
1685 2035 1701 2058 4
1721 2038 1762 2075 et
1782 2037 1950 2087 propter
1970 2031 2211 2085 sanguinem

290 2092 515 2139 innoxium,
552 2104 672 2145 quem
706 2091 863 2137 effudit,
898 2096 939 2131 et
969 2091 1157 2144 implevit
1192 2091 1410 2132 Ierusalem
1443 2104 1583 2133 cruore
1614 2092 1914 2134 innocentium:
1949 2095 1990 2132 et
2021 2092 2073 2132 ob
2106 2090 2211 2131 hanc

290 2164 374 2191 rem
405 2150 536 2192 noluit
565 2150 766 2191 Dominus
796 2150 1020 2204 propitiari.

395 2212 410 2234 ⁵
437 2209 611 2263 Reliqua
635 2214 774 2250 autem
799 2222 1032 2250 sermonum
1060 2209 1229 2255 Ioakim,
1257 2214 1298 2250 et
1323 2209 1513 2250 universa
1539 2223 1628 2263 quae
1652 2210 1760 2259 fecit,
1789 2223 1922 2251 nonne
1947 2209 2032 2250 haec
2057 2208 2212 2262 scripta

293 2274 388 2309 sunt
416 2269 457 2309 in
484 2269 606 2310 Libro
635 2281 867 2309 sermonum
896 2268 1053 2309 dierum
1080 2281 1220 2321 regum
1251 2268 1378 2309 Iuda?
1407 2268 1463 2309 Et
1491 2269 1687 2310 dormivit
1716 2269 1873 2310 Ioakim
1902 2281 1995 2309 cum
2022 2267 2210 2321 patribus

291 2328 391 2368 suis:
452 2329 467 2351 ⁶
497 2333 537 2368 et
566 2328 754 2381 regnavit
785 2327 953 2368 loaehin
983 2327 1087 2367 filius
1118 2327 1201 2367 eius
1231 2340 1304 2381 pro
1334 2341 1392 2368 eo.

399 2388 413 2410 ⁷
439 2386 494 2427 Et
519 2386 627 2427 ultra
652 2400 733 2428 non
759 2386 919 2427 addidit
942 2399 1013 2427 rex
1038 2386 1218 2440 AEgypti,
1247 2391 1293 2428 ut
1318 2387 1576 2440 egrederetur
1600 2387 1648 2428 de
1673 2392 1782 2428 terra
1806 2400 1897 2428 sua:
1923 2386 2077 2427 tulerat
2102 2385 2209 2426 enim

290 2459 360 2487 rex
392 2446 615 2499 Babylonis
648 2459 672 2486 a
700 2445 787 2487 rivo
821 2445 988 2499 AEgypti
1021 2458 1148 2498 usque
1180 2446 1232 2486 ad
1265 2445 1437 2486 fluvium
1469 2445 1722 2499 Euphraten,
1756 2445 1894 2487 omnia
1926 2458 2016 2499 quae
2046 2445 2211 2485 fuerant

290 2505 392 2558 regis
422 2504 603 2558 AEgypti.

368 2609 405 2649 3.
437 2609 616 2649 loachin
647 2617 731 2649 seu
761 2608 993 2649 lechonias
1024 2607 1059 2660 (1
1088 2609 1174 2648 Par
1194 2609 1323 2660 3,16;
1354 2609 1392 2649 11·
1413 2609 1478 2659 22,
1498 2607 1566 2660 24)
1597 2619 1679 2650 rex
1710 2609 1873 2660 malus,
1901 2609 1968 2659 24,
1988 2607 2134 2648 8—17.

401 2682 416 2703 ⁸
432 2681 583 2721 Decem
602 2685 643 2721 et
660 2686 751 2721 0010
770 2693 971 2722 annorum
988 2686 1075 2721 erat
1096 2680 1262 2722 Ioachin
1279 2694 1372 2722 cum
1389 2693 1556 2735 regnare
1573 2681 1775 2735 coepisset,
1796 2686 1837 2722 et
1853 2681 1985 2722 tribus
2002 2679 2210 2721 mensibus

292 2740 479 2793 regnavit
510 2740 551 2780 in
584 2739 820 2780 Ierusalem:
855 2753 1004 2781 nomen
1033 2740 1176 2781 matris
1209 2740 1291 2781 eius
1326 2740 1508 2781 Nohesta
1539 2739 1621 2780 filia
1651 2740 1861 2781 Elnathan
1893 2740 1941 2781 de
1976 2738 2207 2780 Ierusalem.

400 2801 415 2822 ⁹
442 2799 496 2839 Et
522 2799 619 2840 fecit
644 2798 798 2839 malum
825 2812 961 2839 eoram
988 2799 1178 2848 Domino,
1207 2799 1325 2840 iuxta
1351 2799 1489 2840 omnia
1515 2812 1605 2852 quae
1630 2800 1782 2840 fecerat
1808 2804 1928 2853 pater
1953 2799 2048 2840 eius.

398 2860 434 2882 ¹0
476 2858 541 2898 Cln
579 2863 762 2911 tempore
798 2857 865 2899 illo
904 2859 1175 2900 ascenderunt
1211 2858 1316 2899 servi
1353 2858 1733 2900 Nabuchodonosor
1768 2858 1870 2912 regis
1910 2856 2132 2911 Babylonis
2168 2855 2209 2896 in

298 2916 526 2965 Ierusalem,
564 2922 605 2957 et
639 2917 890 2957 circumdata
928 2922 988 2958 est
1023 2918 1117 2958 urbs
1152 2917 1461 2958 munitionibus.
1526 2919 1557 2941 ¹¹
1591 2917 1795 2971 Venitque
1831 2916 2211 2958 Nabuchodonosor

295 2988 363 3015 rex
394 2976 614 3028 Babylonis
641 2976 692 3017 ad
719 2976 931 3017 civitatem
957 2990 1050 3017 cum
1076 2976 1200 3016 servis
1227 2976 1308 3017 suis
1334 2981 1381 3017 ut
1407 2982 1693 3030 oppugnarent
1719 2989 1820 3018 eam.
1878 2978 1908 3000 ¹2
1933 2976 2210 3029 Egressusque

293 3039 355 3075 est
378 3034 543 3075 Ioachin
564 3048 633 3075 rex
656 3035 759 3075 Iuda
779 3036 829 3075 ad
850 3048 983 3089 regem
1006 3035 1241 3089 Babylonis,
1264 3035 1348 3089 ipse
1369 3040 1409 3076 et
1428 3040 1561 3075 mater
1581 3035 1676 3084 eius,
1699 3040 1740 3076 et
1759 3035 1865 3076 servi
1885 3035 1981 3084 eius,
2004 3039 2045 3075 et
2063 3032 2210 3087 princi-

292 3106 361 3145 pes
392 3093 487 3141 eius,
521 3099 559 3134 et
590 3094 763 3134 eunuchi
794 3094 896 3134 eius:
928 3099 968 3135 et
997 3094 1174 3147 suscepit
1205 3108 1293 3134 eum
1326 3107 1395 3134 rex
1427 3094 1650 3147 Babylonis
1680 3107 1786 3135 anno
1817 3099 1964 3135 octavo
1994 3092 2105 3147 regni
2134 3091 2207 3133 sui.

295 3154 325 3175 ¹³
357 3152 412 3193 Et
443 3152 615 3205 protulit
646 3153 739 3193 iude
772 3167 910 3195 omnes
942 3153 1154 3194 thesauros
1188 3154 1332 3193 domus
1364 3153 1543 3203 Domini,
1579 3157 1619 3195 et
1650 3153 1863 3194 thesauros
1896 3153 2041 3194 domus
2072 3150 2208 3204 regiae:

294 3215 334 3251 et
357 3211 535 3252 concidit
558 3211 746 3252 universa
772 3226 872 3253 vasa
895 3225 1028 3259 aurea,
1056 3226 1145 3266 quae
1168 3213 1320 3253 fecerat
1343 3212 1535 3253 Salomon
1559 3225 1629 3252 rex
1654 3212 1778 3253 Israel
1801 3213 1842 3253 in
1865 3210 2019 3265 templo
2042 3208 2210 3251 Domini

295 3269 410 3309 iuxta
436 3271 605 3310 verbum
634 3271 810 3312 Domini.
867 3273 898 3296 ¹4
923 3272 978 3312 Et
1003 3271 1217 3312 transtulit
1242 3285 1403 3312 omnem
1434 3271 1663 3321 Ierusalem,
1692 3276 1732 3312 et
1757 3271 1967 3312 universos
1992 3268 2207 3323 principes,

294 3333 335 3368 et
364 3342 502 3369 omnes
535 3330 656 3370 fortes
687 3330 899 3377 exereitus,
932 3331 1071 3372 decem
1101 3330 1238 3375 millia,
1272 3330 1311 3370 in
1341 3330 1648 3383 captivitatem:
1679 3334 1720 3371 et
1749 3342 1912 3371 omnem
1942 3328 2140 3369 artificem
2170 3331 2212 3368 et

293 3386 509 3427 clusorem:
540 3388 720 3442 nihilque
748 3389 933 3429 relietum
962 3394 1034 3434 est,
1065 3389 1244 3442 exeeptis
1272 3389 1520 3442 pauperibus
1549 3389 1687 3442 populi
1714 3394 1843 3430 terrae.
1900 3390 1931 3413 ¹⁵
1961 3385 2211 3428 dTranstulit

301 3528 313 3546 γ)
351 3526 371 3560 6
414 3478 467 3559 1310
493 3479 531 3558 {2
557 3478 624 3512 Par
647 3480 700 3517 36,
728 3481 756 3514 1.
796 3501 837 3504 *—
875 3481 929 3522 24,
968 3482 986 3513 ἕ.)
1012 3482 1102 3525 bSup
1128 3481 1180 3519 23,
1206 3481 1257 3514 27.
1298 3502 1339 3504 m
1378 3481 1420 3515 10
1448 3481 1520 3514 ch
1547 3483 1576 3521 1,
1603 3483 1632 3514 1.
1673 3501 1714 3505 -
1753 3482 1794 3515 15
1817 3481 1858 3514 <12
1884 3481 1951 3514 Par
1974 3478 2027 3518 36,
2056 3479 2112 3519 10;
2146 3478 2211 3512 Est
