2356 3760
788 125 929 159 RATIO
957 125 1100 159 HUIUS
1127 125 1366 160 EDITIONIS
1917 126 2027 168 XIII

130 222 253 269 atque
276 218 455 259 utilitate
475 218 515 258 in
539 221 746 270 posterum
770 216 1031 265 adiiciantur3
1054 216 1113 256 ita
1135 222 1285 265 tamen,
1310 222 1356 257 ut
1377 217 1568 257 lectiones
1590 219 1711 258 variae
1734 219 1784 259 ad
1806 219 2028 272 marginem

131 274 253 327 ipsius
289 276 440 317 Textus
474 275 640 316 minime
675 276 961 316 annotentur“.
1028 274 1139 315 Inter
1173 274 1422 324 adiumenta,
1458 288 1478 315 e
1514 275 1660 327 quibus
1695 277 1864 317 studiosi
1898 277 2029 318 Sacrae

130 333 346 385 Scripturae
386 333 585 386 praecipue
626 333 961 374 commoditatem
1001 338 1125 386 atque
1166 333 1388 373 utilitatem
1428 333 1631 385 percipere
1671 341 1854 386 possunt,
1896 335 2029 388 dispo-

130 390 293 432 sitiones
327 391 464 444 logicae
499 396 649 439 textus,
686 391 902 444 descriptio
937 391 1115 444 partium
1151 391 1402 444 poeticarum
1438 391 1659 431 secundum
1694 392 1873 445 regulam
1899 392 2029 445 paral-

130 449 270 489 lelismi
297 449 586 497 membrorum,
614 449 754 490 breves
781 454 887 490 notae
913 449 1127 502 exegeticae
1153 462 1177 490 a
1201 449 1296 490 viris
1323 449 1452 490 doctis
1478 454 1755 490 numerantur.
1810 450 2032 502 Propterea

131 508 211 547 iam
240 506 459 548 editionem
488 506 809 560 OEnipontanam
838 507 899 547 his
927 507 1172 548 adiumentis
1200 507 1386 553 instruxi,
1417 513 1458 548 et
1485 507 1595 549 Ems.
1625 507 1887 560 Metropolita
1912 507 2031 548 Salis—

133 565 353 618 burgensis,
392 565 562 605 Ioannes
597 565 711 606 Card.
743 565 1045 615 Katschthaler,
1081 565 1144 606 die
1177 566 1212 607 9.
1248 566 1352 606 Iunii
1383 566 1482 606 1904
1517 565 1735 606 editionem
1768 565 2032 607 libentissime

132 623 435 664 commendavit
457 636 575 669 „cum
598 624 757 664 adiecta
778 624 954 677 analysis
976 629 1114 665 textus
1136 623 1255 664 simul
1277 637 1368 665 cum
1390 624 1497 664 notis
1518 624 1808 677 marginalibus
1830 623 2032 665 studiosos

131 681 344 721 Sacrarum
372 682 673 734 Scripturarurn
701 682 819 723 valde
847 682 1039 723 adiutura
1065 682 1154 723 sit“.
1210 682 1289 723 Alii
1318 695 1479 736 quoque
1506 682 1582 722 viri
1609 682 1719 723 docti
1745 682 1866 722 istam
1895 686 2033 723 textus

130 739 387 792 imprimendi
407 740 605 780 rationem
625 740 905 794 approbarunt
923 746 964 781 et
980 741 1220 789 laudarunt3
1240 746 1284 781 at
1301 746 1495 794 rogarunt
1513 754 1589 785 me,
1609 746 1655 781 ut
1672 740 1713 781 in
1731 753 1839 781 nova
1855 740 2031 780 editione

132 798 412 838 distinctiones
433 804 474 839 et
493 798 852 840 subdistinctiones
872 812 953 840 non
972 799 1013 840 in
1033 799 1226 853 margine,
1248 799 1317 840 sed
1338 799 1446 852 typis
1468 798 1727 839 crassioribus
1747 799 1853 839 infra
1872 802 2033 839 textum

132 868 289 896 sacrum
319 868 510 909 ponerem
542 863 666 911 atque
696 863 814 899 notas
846 858 1083 911 exegeticas,
1117 858 1341 912 praesertim
1371 858 1412 898 in
1444 858 1560 898 Novo
1592 857 1867 905 Testamento,
1899 856 2035 897 multi·

132 914 333 968 plicarem.

236 971 482 1012 Examinavi
512 985 603 1025 ergo
633 972 766 1013 denuo
795 978 1035 1014 contextum
1065 986 1270 1014 sacrorum
1298 972 1506 1021 libroruin,
1537 973 1692 1026 inspexi
1723 985 1884 1026 quoque
1913 984 2035 1024 opera
2055 978 2220 1018 dispositio-

133 1030 408 1071 recentissima
447 1030 677 1071 criticorum
719 1036 758 1071 et
798 1031 1069 1085 interpretum
1109 1037 1198 1073 tum
1239 1031 1530 1072 catholicorum
1572 1038 1659 1072 turn
1701 1031 2032 1079 acatholicorum,
2055 1014 2223 1079 Πῖἶξῖιῗζῗω

133 1089 231 1142 elegi
259 1102 346 1129 eam
375 1088 614 1129 divisionem
643 1089 858 1131 cuiuslibet
884 1090 986 1139 libri,
1017 1102 1107 1144 quae
1133 1090 1355 1131 secundum
1383 1090 1581 1143 principia
1607 1090 1910 1130 hermeneutica
1936 1088 2035 1128 mihi

133 1147 381 1201 probabilior
416 1147 644 1189 videbatur.
709 1148 827 1196 Quod
863 1148 894 1189 si
929 1148 1073 1190 divisio
1110 1148 1296 1202 quaedam
1333 1148 1534 1188 nonnullis
1572 1148 1665 1188 viris
1701 1148 1830 1189 doctis
1866 1147 2037 1187 forsitan

133 1206 265 1246 minus
294 1205 504 1258 placuerit,
533 1219 793 1259 nequaquam
821 1206 1010 1248 mirabor.
1066 1207 1158 1248 Vidi
1187 1207 1306 1255 enini,
1336 1207 1494 1260 quoties
1522 1213 1706 1247 auctores
1735 1219 1901 1259 operum
1929 1205 2037 1246 criti-

134 1276 271 1305 corum
302 1269 341 1304 et
372 1264 668 1317 exegeticorum
700 1270 860 1306 textum
891 1278 1050 1306 sacrum
1080 1265 1309 1306 dividentes
1338 1265 1444 1305 inter
1473 1278 1513 1305 se
1542 1265 1804 1313 dissentiant;
1835 1269 1876 1305 et
1904 1276 2036 1312 nenio,

134 1336 183 1363 ne
198 1321 378 1363 Ecclesia
394 1322 594 1363 catholica
610 1323 787 1377 quidem,
814 1323 1021 1364 definitive
1038 1323 1241 1364 declarare
1258 1329 1405 1376 potest,
1425 1323 1554 1376 qualis
1571 1323 1775 1363 variarum
1793 1322 2038 1363 divisionum

135 1380 319 1421 absolute
340 1380 591 1434 praeferenda
612 1382 675 1422 sit.
727 1381 907 1430 Quilibet
927 1382 1051 1436 igitur
1072 1394 1143 1423 suo
1166 1381 1313 1422 iudicio
1337 1387 1489 1423 utatur.
1515 1406 1563 1410 —-
1585 1382 1792 1430 Quattuor
1814 1379 2038 1434 Evangelia

135 1439 357 1480 secundum
382 1439 488 1480 locos
514 1439 726 1492 parallelos
752 1441 807 1481 sic
832 1441 1009 1494 partitus
1035 1454 1137 1489 sum,
1166 1446 1212 1481 ut
1237 1440 1422 1493 synopsis
1449 1440 1682 1494 evangelica
1706 1440 1823 1481 facile
1848 1438 2037 1492 componi

134 1498 273 1551 possit.

239 1554 409 1596 Maiores
429 1560 565 1608 partes
590 1556 769 1608 poeticas
795 1556 1017 1598 secundum
1044 1556 1221 1609 regulam
1248 1556 1506 1609 parallelismi
1531 1556 1805 1597 membrorum
1831 1554 2035 1608 descripsi,
2062 1561 2222 1609 descriptio

136 1614 194 1655 ita
226 1619 364 1655 tamen
397 1626 446 1654 ne
480 1614 656 1654 multum
690 1614 811 1668 spatii
844 1615 1052 1668 perderem
1086 1628 1188 1656 neve
1221 1615 1380 1668 pondus
1414 1628 1460 1656 ac
1494 1615 1669 1668 pretium
1705 1614 1833 1668 operis
1867 1613 2038 1655 nimium
2064 1597 2220 1663 paississiis-

137 1685 335 1725 augerem.
387 1672 475 1720 Qua
498 1672 538 1712 in
561 1685 683 1713 causa
704 1686 862 1726 semper
884 1679 1043 1714 textum
1067 1673 1299 1727 originalem
1323 1673 1518 1723 consului,
1543 1687 1667 1727 quare
1688 1673 1872 1714 membra
1893 1671 2038 1725 saepius
2051 1674 2235 1729 mssssrffim'

136 1736 278 1772 contra
316 1730 686 1784 interpunctionem
727 1731 1022 1772 Clementinam
1064 1732 1310 1785 distinguere
1350 1732 1483 1773 debui.
1552 1732 1875 1772 Parallelismum
1913 1744 2040 1771 mem-
2200 1723 2207 1733 '

138 1789 300 1829 brorum
334 1788 375 1829 in
409 1789 591 1831 versione
624 1803 704 1830 non
739 1796 823 1831 tam
859 1790 1024 1843 pulchre
1058 1803 1252 1844 apparere
1286 1804 1408 1844 quain
1443 1790 1482 1830 in
1518 1795 1634 1831 textu
1670 1789 1865 1844 originali,
1902 1802 2040 1830 omnes

139 1847 255 1900 periti
282 1846 323 1887 in
351 1853 437 1888 arte
466 1847 566 1888 bene
594 1848 738 1889 sciunt.
769 1873 817 1876 —
845 1849 908 1889 Ad
937 1855 1111 1890 metrum
1141 1862 1283 1902 parum
1313 1849 1524 1890 attendere
1551 1848 1678 1902 potui.
1739 1848 1905 1889 Nullum
1933 1847 2040 1888 enim

138 1906 387 1946 diversorum
419 1911 688 1958 systematum
720 1920 769 1947 ne
799 1907 839 1947 in
871 1914 987 1948 textu
1019 1907 1201 1961 originali
1232 1907 1395 1960 quidem
1427 1907 1576 1948 servari
1606 1913 1756 1960 potest,
1789 1907 1885 1960 quin
1916 1905 2043 1946 verba

138 1964 217 2004 alia
240 1964 510 2013 eliminentur,
538 1964 617 2005 alia
641 1965 882 2014 inserantur,
909 1966 989 2006 alia
1013 1971 1346 2018 transponantur.
1401 1966 1500 2013 Quae
1526 1966 1662 2006 onmia
1686 1965 1830 2006 editori
1856 1964 2041 2017 Vulgatae

139 2022 320 2063 officialis
348 2022 489 2063 illicita
516 2029 624 2071 sunt,
654 2023 694 2063 in
724 2037 805 2076 qua
833 2030 970 2064 textus
1000 2023 1202 2077 originalis
1232 2023 1376 2076 saepius
1404 2037 1485 2064 non
1514 2024 1565 2064 ad
1594 2024 1776 2073 verbum,
1806 2023 1876 2065 sed
1903 2022 2039 2071 libere,

139 2094 229 2134 crgo
259 2079 441 2134 originali
469 2080 600 2121 forma
627 2081 787 2134 poetica
816 2095 895 2122 non
924 2088 1175 2130 conservata,
1208 2082 1429 2123 translatus
1458 2082 1642 2123 habetur.

242 2138 481 2192 Exegeticas
518 2145 636 2180 notas
673 2140 913 2193 marginales
949 2140 1233 2194 multiplicavi,
1271 2140 1493 2194 praesertim
1530 2140 1571 2181 in
1608 2141 1725 2182 Novo
1763 2140 2039 2188 Testamento,
2063 2140 2218 2201 exss‘ssffcae

140 2197 248 2251 quod
276 2197 446 2238 studiosi
475 2198 619 2251 saepius
647 2197 786 2252 legunt
815 2211 937 2252 quam
965 2199 1207 2253 Antiquum.
2117 2183 2133 2206 g
2221 2195 2228 2200 ’

242 2270 279 2309 4.
310 2266 385 2307 De
456 2268 794 2320 appendice
864 2268 1200 2309 lectionum
1272 2268 1789 2309 Clementinarum
1861 2272 2042 2320 atque
2093 2268 2200 2329 ςξίζξὲζὲ

141 2324 579 2366 Hebraicarum
646 2332 699 2367 et
766 2327 1098 2367 Graecarum
1165 2326 1669 2380 discrepantium.
1750 2326 1850 2367 Cum
1903 2339 2041 2366 omnes
2098 2340 2193 2364 roien

141 2383 388 2424 differentias
422 2383 528 2425 inter
561 2384 779 2438 Vulgatam
815 2385 1109 2426 Clementinam
1144 2391 1268 2439 atque
1303 2391 1463 2426 textum
1501 2384 1747 2426 Hebraicum
1782 2390 1823 2425 et
1856 2384 2041 2425 Graecum

141 2447 306 2495 propter
342 2441 518 2483 rationes
557 2442 597 2483 in
636 2443 874 2496 praefatione
913 2444 1138 2498 assignatas
1176 2443 1394 2485 lectoribus
1433 2456 1655 2497 proponere
1695 2443 1915 2496 nequirem,
1954 2442 2041 2483 illas

141 2505 304 2541 tantum
334 2500 497 2553 protuli,
530 2514 629 2554 quas
659 2502 739 2542 iam
770 2502 1006 2543 Franciscus
1038 2502 1201 2543 Toletus
1232 2508 1272 2543 et
1301 2502 1478 2556 Angelus
1510 2502 1646 2543 Rocca
1674 2507 1883 2542 notarunt.

245 2558 408 2599 Toletus
440 2559 550 2612 prius
582 2559 622 2600 in
654 2560 834 2614 margine
865 2561 1105 2614 exemplaris
1137 2560 1318 2609 Sixtinae,
1352 2574 1459 2601 nunc
1490 2560 1531 2600 in
1563 2559 1810 2601 bibliotheca
1841 2558 2042 2601 Vaticana
2065 2559 2225 2625 ewssssplari

142 2616 350 2666 asservati,
373 2624 491 2658 notas
512 2618 671 2659 criticas
692 2619 896 2672 apposuit,
920 2632 1020 2673 quas
1041 2620 1101 2660 28.
1125 2619 1299 2673 Augusti
1321 2619 1416 2659 anni
1439 2620 1551 2667 1592,
1575 2618 1638 2659 die
1658 2618 1789 2659 sancti
1809 2617 2039 2671 Augustini,
2080 2614 2211 2659 sixtinae..

142 2675 358 2716 Clementis
375 2675 491 2717 VIII.
512 2689 619 2717 anno
639 2677 668 2718 I.
689 2678 868 2730 perfecit.
916 2678 1026 2726 Quas
1043 2683 1162 2718 notas
1182 2678 1348 2732 quidam
1366 2677 1477 2718 iussu
1497 2678 1641 2718 Roceae
1659 2691 1708 2718 ex
1725 2677 1803 2718 isto
1822 2676 2044 2729 exemplari

142 2733 364 2787 exscripsit,
405 2734 517 2775 cuius
555 2736 879 2789 manuscriptum
916 2736 1023 2778 inter
1059 2736 1379 2785 ‚,Miscellanea“,
1419 2741 1517 2777 torn.
1561 2736 1652 2785 HL,
1690 2748 1781 2789 pag.
1823 2735 2043 2783 leb-572,

143 2791 396 2833 bibliothecae
428 2793 629 2846 Angelicae
661 2795 750 2845 (Ms.
787 2794 862 2836 XI.
898 2796 932 2836 1.
967 2796 1009 2847 6)
1041 2794 1226 2836 habetur.
1289 2794 1508 2848 Epitomen
1542 2807 1681 2835 earum
1716 2794 1852 2835 Rocca
1883 2793 1968 2846 ipse
2000 2792 2041 2833 in

142 2850 321 2903 margine
342 2851 580 2904 exemplaris
600 2852 740 2905 primae
760 2853 948 2894 editionis
968 2853 1229 2894 Clementinae
1249 2852 1306 2906 (in
1328 2852 1574 2894 bibliotheca
1594 2852 1798 2905 Angelica,
1821 2852 1866 2893 B.
1891 2852 1950 2893 18.
1974 2851 2043 2904 3*)

143 2908 340 2961 ascripsit,
362 2922 670 2964 nonnumquam
691 2911 740 2952 de
760 2924 831 2952 suo
852 2910 1005 2965 aliquid
1026 2911 1259 2966 adiungens.
1308 2911 1552 2965 Plerumque
1572 2910 1801 2951 differentia
1819 2909 2041 2951 lectionum

142 2966 393 3008 Sixtinarum
430 2981 475 3009 ac
512 2968 868 3019 Clementinarum,
907 2970 1051 3023 saepius
1087 2970 1211 3011 etiam
1248 2969 1521 3023 discrepantia
1556 2969 1776 3010 lectionum
1812 2967 2042 3022 vulgarium

143 3024 329 3078 Vulgatae
350 3038 395 3067 ac
416 3031 607 3068 textuum
629 3027 922 3069 Hebraicorum
944 3035 985 3069 et
1005 3029 1236 3070 Graecorum
1257 3028 1298 3068 in
1319 3028 1365 3069 iis
1387 3027 1682 3081 perstringitur.
1732 3026 1888 3069 Priores
1911 3025 2038 3075 omisi,

143 3082 383 3136 posteriores
412 3084 614 3138 descripsi.
646 3086 741 3139 quia
768 3086 884 3140 longe
911 3086 1074 3128 maioris
1101 3086 1299 3128 momenti
1327 3092 1434 3128 sunt.
1492 3086 1640 3127 Utrum
1669 3098 1766 3126 vera
1793 3085 1875 3126 sint
1902 3097 2041 3133 necne,

145 3154 233 3194 quae
253 3141 416 3182 Toletus
436 3149 476 3184 et
496 3144 632 3185 Rocca
649 3144 698 3185 de
716 3145 1003 3198 manuscriptis
1022 3145 1178 3186 Latinis
1199 3145 1419 3201 affirmant,
1439 3145 1663 3197 generatim
1683 3157 1763 3184 non
1782 3142 2040 3196 investigavi,

146 3199 241 3253 quia
257 3199 309 3240 ad
326 3199 563 3242 institutum
580 3215 716 3244 meum
734 3216 815 3244 non
833 3203 1083 3257 pertinebat;
1103 3209 1291 3245 accurate
1309 3209 1447 3244 tamen
1466 3202 1706 3244 assertiones
1724 3215 1861 3243 eorum
1880 3206 2042 3242 textum

146 3257 392 3299 Hebraicum
416 3264 457 3300 et
479 3259 664 3301 Graecum
687 3261 944 3315 respicientes
968 3261 1199 3303 examinavi
1223 3268 1264 3304 et
1287 3261 1589 3303 observationes
1613 3274 1723 3302 meas
1746 3260 1852 3301 inter
1874 3259 2042 3300 uncinos

145 3316 283 3357 adieci.

248 3373 397 3415 Postea
432 3375 595 3417 Toletus
630 3375 671 3416 in
707 3377 925 3431 exemplari
961 3378 1146 3419 secundae
1181 3377 1368 3419 editionis
1403 3377 1676 3427 Clementinae‚
1714 3376 1823 3431 quod
1858 3388 1964 3417 nunc
1998 3373 2040 3413 in
2128 3383 2157 3408 in

2064 3418 2225 3448 exemplari

145 3430 392 3474 bibliotheca
421 3433 622 3475 Vaticana
651 3436 881 3489 scrupulose
912 3436 1153 3486 custoditur,
1185 3435 1488 3478 emendationes
1518 3435 1742 3490 proposuit,
1776 3447 1864 3488 quae
1895 3433 2038 3474 saltem
2050 3453 2240 3479 Clementinae
