2356 3760
264 179 340 220 818
1073 174 1347 209 PROPHETIA
1904 177 1956 216 32,
1983 177 2117 210 13—33
2157 177 2178 210 4

264 270 444 324 AEgypti,
476 274 517 310 et
544 269 810 323 dissipabitur
838 268 1061 309 multitudo
1090 268 1186 310 eius.
1244 271 1276 294 13
1304 269 1358 309 Et
1387 269 1555 322 perdam
1585 269 1723 309 omnia
1750 269 1935 310 iumenta
1962 271 2057 319 eius,
2090 284 2180 325 quae

264 335 379 370 erant
400 341 520 382 super
539 341 666 382 aquas
686 328 899 381 plurimas:
921 332 962 367 et
980 340 1062 367 non
1082 327 1348 368 conturbabit
1368 340 1434 368 eas
1454 340 1524 381 pes
1543 327 1717 368 hominis
1738 327 1857 375 ultra,
1878 341 2009 382 neque
2027 329 2181 383 ungula

263 388 540 429 iumentorum
572 386 757 428 turbabit
789 398 867 426 eas.
928 387 959 409 ¹⁴
990 386 1102 426 Tunc
1132 386 1368 439 purissimas
1399 386 1568 426 reddam
1599 398 1726 439 aquas
1757 398 1908 435 eorum,
1941 392 1982 427 et
2010 387 2181 429 flumina

264 459 403 487 eorum
430 446 545 500 quasi
571 446 702 486 oleum
729 444 945 492 adducam,
973 444 1030 484 ait
1054 444 1256 485 Dominus
1281 445 1410 484 Deus:
1464 446 1495 469 ¹⁵
1519 444 1620 485 Cum
1646 444 1794 485 dedero
1821 445 1985 485 Terram
2011 446 2179 501 AEgypti

264 504 509 546 desolatam:
547 505 754 544 deseretur
788 508 926 543 autem
962 507 1071 543 terra
1104 516 1129 543 a
1162 503 1416 556 plenitudine
1451 516 1535 551 sua,
1573 503 1738 557 quando
1773 515 2005 557 percussero
2041 517 2180 546 omnes

264 564 517 604 habitatores
545 562 646 602 eius:
676 567 718 602 et
744 561 873 602 scient
900 561 996 615 quia
1022 574 1094 615 ego
1122 562 1335 603 Dominus.
1392 562 1427 585 ¹⁶
1454 561 1648 602 Planctus
1676 566 1748 606 est,
1778 566 1819 602 et
1845 561 2041 615 plangent
2067 576 2178 604 eum:

264 622 354 662 filize
376 621 569 663 Gentium
591 620 787 673 plangent
808 632 920 660 eum:
943 632 1064 673 super
1084 620 1323 674 AEgyptum,
1347 625 1389 661 et
1409 632 1530 673 super
1550 619 1857 661 multitudinem
1880 620 1964 661 eius
1984 620 2182 675 plangent

264 694 368 723 cum,
402 680 459 720 ait
489 679 689 719 Dominus
725 679 842 720 Deus.

102 756 131 794 ,et
152 761 224 801 cum*
372 751 405 773 ¹⁷
423 749 476 789 Et
494 749 649 789 factum
667 753 727 789 est
744 748 783 788 in
802 748 1042 790 duodecimo
1061 762 1180 792 anno.
1199 748 1239 789 in
1257 748 1564 802 quintadecima
1578 749 1738 792 mensis.
1757 749 1915 789 factum
1932 754 1994 790 est
2009 755 2181 791 verbum

55 789 249 864 aillfiiissslfin
268 808 432 848 Domini
457 808 509 848 ad
533 820 608 853 me,
636 807 791 847 diceus:
844 808 879 831 ¹⁸
902 807 977 848 Fili
1002 807 1176 848 hominis
1201 820 1300 848 canc
1323 807 1493 861 lugubre
1517 820 1638 861 super
1660 807 1969 848 multitudinem
1993 806 2180 862 AEgypti:

99 861 219 891 ‘'mum“
267 873 306 907 ct
333 866 502 907 detrahe
528 879 617 907 eam
644 866 786 920 ipsam.
815 871 856 907 et
882 866 983 906 filias
1009 866 1205 908 Gentium
1229 866 1493 907 robustarum
1519 866 1572 906 ad
1597 870 1748 906 terram
1774 865 1963 907 ultimam
1989 879 2081 907 cum
2106 867 2180 916 his,

264 925 333 979 qui
350 925 605 966 descendunt
621 925 661 965 in
677 925 824 966 lacum.
870 926 905 949 ¹⁹
922 926 1011 973 Quo
1028 925 1234 978 pulchrior
1250 925 1315 965 es?
1334 924 1544 973 descende,
1563 929 1605 965 et
1621 924 1752 965 dormi
1768 938 1861 965 cum
1877 924 2180 968 incircumcisis.

263 986 300 1009 2⁰
330 984 375 1024 In
406 984 539 1024 medio
569 984 879 1024 interfectorum
907 983 1041 1037 gladic
1073 984 1240 1024 cadent:
1270 983 1428 1037 gladius
1458 983 1580 1024 datus
1610 987 1683 1032 est,
1715 988 1979 1024 attraxerunt
2007 996 2110 1034 eam,
2142 989 2184 1025 et

264 1056 403 1084 omnes
433 1042 605 1096 populos
635 1042 731 1083 eius.
789 1043 820 1066 21
851 1042 1092 1096 Loquentur
1120 1042 1154 1083 ei
1184 1042 1458 1096 potentissimi
1488 1043 1751 1083 robustorum
1780 1042 1830 1083 de
1858 1042 1992 1084 medio
2021 1042 2180 1092 inferni,

265 1102 332 1155 qui
367 1115 459 1142 cum
493 1100 805 1141 auxiliatoribus
839 1100 923 1141 eius
956 1101 1266 1150 descenderunt,
1303 1106 1343 1142 et
1376 1101 1630 1142 dormierunt
1662 1100 1943 1149 incircumcisi,
1978 1100 2183 1143 interfecti

262 1160 409 1212 gladio.
470 1161 501 1183 22
535 1159 596 1200 lbi
627 1159 765 1205 Assur,
799 1164 839 1200 et
870 1159 1001 1200 omnis
1032 1159 1256 1201 multitudo
1289 1160 1391 1200 eius:
1425 1160 1465 1200 in
1496 1159 1668 1200 circuitu
1697 1159 1803 1200 illius
1834 1160 2049 1214 sepulchra
2079 1159 2182 1202 eius:

265 1232 404 1259 omnes
424 1218 641 1265 interfecti,
664 1223 703 1259 et
726 1218 794 1271 qui
815 1218 1048 1260 ceciderunt
1067 1218 1214 1272 gladio.
1263 1220 1296 1243 23
1316 1219 1499 1267 Quorum
1519 1219 1620 1259 data
1639 1223 1735 1259 sunt
1755 1219 1970 1272 sepulchra
1988 1219 2029 1259 in
2049 1219 2184 1260 novis-

264 1277 374 1318 simis
396 1277 491 1318 laci:
516 1281 557 1318 et
578 1277 692 1318 facta
713 1282 774 1318 est
796 1277 1020 1319 multitudo
1044 1277 1128 1318 eius
1150 1290 1222 1331 per
1243 1290 1390 1332 gyrum
1413 1276 1615 1331 sepulchri
1637 1277 1739 1317 eius:
1764 1277 1942 1318 universi
1964 1277 2181 1321 interfecti.

265 1336 539 1390 cadentesque
562 1335 709 1390 gladio,
737 1336 806 1389 qui
831 1336 1030 1377 dederant
1055 1337 1264 1390 quondam
1288 1335 1549 1378 formidinem
1572 1336 1613 1376 in
1638 1341 1747 1376 terra
1769 1336 2012 1377 viventium.
2064 1338 2097 1361 ²4
2122 1336 2185 1378 Ibi

266 1394 411 1443 AElam,
432 1400 472 1435 et
491 1395 621 1436 omnis
639 1394 864 1436 multitudo
883 1395 967 1436 eius
985 1409 1055 1449 per
1071 1408 1218 1449 gyrum
1237 1395 1438 1449 sepulchri
1456 1394 1530 1436 sui.
1550 1407 1689 1436 omnes
1707 1394 1748 1435 hi
1765 1394 1983 1444 interfecti,
2002 1400 2185 1436 ruentes-

267 1467 343 1507 que
378 1453 531 1507 gladio:
597 1454 664 1507 qui
700 1454 998 1495 descenderunt
1033 1454 1302 1495 incircumcisi
1337 1454 1390 1495 ad
1424 1459 1575 1495 terram
1610 1453 1818 1494 ultimam:
1857 1453 1926 1508 qui
1959 1459 2186 1508 posuerunt

266 1518 460 1553 terrorem
487 1526 605 1553 suum
631 1513 671 1553 in
697 1518 805 1553 terra
831 1513 1073 1562 viventium,
1101 1520 1141 1554 et
1166 1518 1440 1567 portaverunt
1463 1512 1729 1567 ignominiam
1754 1525 1870 1553 suam
1897 1525 1989 1553 cum
2014 1512 2088 1561 his,
2116 1513 2186 1567 qui

265 1572 518 1612 descendunt
542 1572 581 1611 in
603 1571 750 1612 lacum.
803 1573 834 1596 25
859 1572 905 1612 In
928 1572 1061 1613 medio
1084 1572 1394 1613 interfectorum
1416 1576 1643 1625 posuerunt
1664 1571 1795 1612 cubile
1818 1571 1902 1612 eius
1923 1570 1965 1612 in
1986 1571 2185 1612 universis

265 1630 426 1683 populis
448 1630 551 1670 eius:
575 1630 616 1670 in
639 1630 810 1670 circuitu
833 1630 917 1671 eius
939 1630 1199 1684 sepulchrum
1222 1630 1345 1671 illius:
1370 1643 1509 1671 omnes
1531 1629 1573 1670 hi
1594 1629 1875 1678 incircumcisi,
1898 1629 2186 1684 interfectique

264 1688 411 1741 gladio.
432 1689 634 1729 dederunt
651 1688 758 1729 enim
775 1694 971 1729 terrorem
989 1702 1108 1729 suum
1126 1689 1167 1729 in
1184 1694 1293 1730 terra
1309 1688 1553 1737 viventium,
1573 1693 1614 1730 et
1630 1693 1903 1742 portaverunt
1919 1688 2185 1742 ignominiam

265 1760 381 1787 suam
404 1760 496 1788 cum
517 1747 590 1793 1113,
616 1747 684 1801 qui
706 1748 961 1789 descendunt
980 1747 1021 1788 in
1041 1748 1195 1789 lacum:
1217 1748 1258 1788 in
1279 1748 1413 1789 medio
1433 1747 1744 1789 interfectorum
1764 1747 1887 1801 positi
1908 1753 2016 1789 sunt.
2065 1749 2101 1772 2⁶
2123 1747 2186 1788 Ibi

265 1806 444 1851 Mosoch.
468 1811 509 1847 et
530 1806 702 1855 Thubal,
726 1811 767 1847 et
788 1807 919 1848 omnis
939 1807 1164 1848 multitudo
1186 1807 1288 1848 eius:
1311 1806 1352 1847 in
1374 1806 1545 1847 circuitu
1566 1806 1650 1847 eius
1671 1806 1886 1860 sepulchra
1905 1806 2022 1847 illius.
2046 1819 2185 1847 omnes

267 1865 306 1905 hi
334 1865 615 1913 incircumcisi,
645 1865 932 1919 interfectique
960 1871 1001 1907 et
1028 1866 1220 1907 cadentes
1247 1865 1401 1919 gladio:
1432 1865 1528 1919 quia
1554 1865 1756 1906 dederunt
1781 1864 2041 1906 formidinem
2069 1878 2186 1906 suam

266 1923 307 1964 in
323 1930 432 1964 terra
446 1924 689 1966 viventium.
734 1925 768 1948 27
784 1924 840 1965 Et
854 1938 936 1966 non
952 1925 1157 1966 dormient
1172 1938 1264 1966 cum
1280 1924 1468 1973 fortibus,
1487 1924 1811 1978 cadentibusque
1826 1928 1868 1965 et
1881 1923 2183 1974 incircumcisis,

267 1983 336 2036 qui
357 1983 656 2024 descenderunt
677 1983 729 2024 ad
749 1983 953 2024 infernum
976 1997 1068 2025 cum
1090 1984 1212 2024 armis
1233 1983 1326 2031 suis,
1351 1988 1392 2024 et
1411 1988 1637 2037 posuerunt
1656 1981 1812 2037 gladios
1833 1995 1926 2024 suos
1946 1983 2022 2024 sub
2044 1983 2186 2037 capiti-

268 2042 341 2082 bus
368 2041 460 2084 suis.
489 2046 529 2082 et
555 2042 723 2083 fuerunt
747 2042 987 2096 iniquitates
1014 2056 1153 2084 eorum
1179 2043 1220 2083 in
1246 2042 1403 2084 ossibus
1429 2055 1588 2084 eorum:
1617 2042 1713 2096 quia
1737 2047 1867 2083 terror
1890 2041 2061 2083 fortium
2084 2041 2186 2083 facti

266 2106 362 2141 sunt
392 2100 432 2141 in
463 2106 571 2141 terra
599 2101 841 2142 viventium.
900 2103 935 2126 28
964 2102 1020 2142 Et
1048 2107 1094 2142 tu
1125 2115 1216 2155 ergo
1246 2102 1287 2142 in
1316 2101 1450 2142 medio
1480 2101 1854 2142 incircumcisorum
1884 2100 2113 2149 contereris,
2145 2105 2187 2142 et

267 2159 442 2200 dormies
466 2173 557 2200 cum
581 2159 806 2200 interfectis
828 2159 976 2213 gladio.
1028 2162 1063 2185 29
1088 2161 1150 2201 lbi
1175 2161 1369 2209 Idumaea,
1395 2166 1436 2201 et
1457 2173 1569 2214 reges
1593 2160 1689 2209 eius,
1714 2165 1755 2201 et
1778 2172 1918 2201 omnes
1941 2159 2063 2200 duces
2086 2159 2183 2209 eius,

268 2218 337 2271 qui
367 2218 453 2258 dati
483 2224 578 2259 sunt
609 2231 700 2259 cum
732 2219 911 2259 exercitu
942 2232 1013 2260 suo
1045 2233 1137 2259 cum
1166 2219 1391 2259 interfectis
1420 2218 1574 2272 gladio:
1605 2223 1647 2259 et
1677 2219 1745 2272 qui
1775 2232 1867 2259 cum
1896 2218 2186 2259 incircumcisis

268 2277 533 2320 dormierunt.
557 2283 596 2317 et
617 2290 708 2317 cum
728 2277 801 2322 his,
825 2278 893 2331 qui
914 2278 1167 2319 descendunt
1186 2278 1227 2318 in
1245 2277 1393 2318 lacum.
1441 2279 1478 2302 3⁰
1498 2277 1560 2318 Ibi
1578 2277 1779 2331 principes
1799 2276 2012 2331 Aquilonis
2033 2290 2184 2327 omnes,

267 2341 307 2376 et
324 2336 501 2376 universi
518 2342 752 2377 venatores:
772 2336 840 2390 qui
856 2337 1022 2377 deducti
1039 2342 1133 2378 sunt
1150 2350 1242 2377 cum
1258 2336 1496 2385 interfectis,
1513 2341 1725 2390 paventes,
1743 2341 1784 2377 et
1798 2336 1839 2376 in
1855 2349 1930 2376 sua
1943 2336 2187 2377 fortitudine

267 2394 442 2435 confusi:
477 2395 545 2448 qui
577 2395 831 2436 dormierunt
861 2395 1130 2436 incircumcisi
1161 2408 1254 2436 cum
1284 2394 1510 2436 interfectis
1539 2394 1687 2449 gladio,
1720 2399 1762 2435 et
1791 2399 2063 2448 portaverunt
2094 2407 2187 2436 con-

267 2454 467 2494 fusionem
486 2466 602 2493 suam
621 2467 713 2494 cum
732 2454 804 2497 his.
827 2454 894 2507 qui
913 2454 1168 2495 descendunt
1184 2454 1225 2495 in
1242 2453 1389 2495 lacum.
1435 2455 1467 2478 3¹
1486 2454 1600 2494 Vidit
1617 2467 1683 2495 eos
1701 2453 1874 2502 Pharao,
1895 2458 1936 2494 et
1953 2453 2186 2494 consolatus

267 2518 327 2552 cst
358 2525 478 2566 super
508 2512 699 2553 universa
728 2512 994 2554 multitudine
1024 2526 1109 2559 sua,
1144 2526 1234 2567 quae
1262 2513 1480 2554 interfecta
1510 2517 1571 2554 est
1599 2512 1746 2567 gladio,
1780 2512 1952 2561 Pharao,
1985 2517 2026 2553 et
2056 2512 2187 2553 omnis

267 2571 468 2611 exercitus
491 2571 586 2615 eius.
611 2572 668 2612 ait
689 2571 891 2612 Dominus
912 2572 1041 2613 Deus:
1090 2574 1123 2597 ³2
1145 2572 1241 2626 quia
1262 2572 1354 2613 dedi
1376 2577 1571 2613 terrorem
1592 2585 1729 2612 meum
1749 2571 1791 2612 in
1812 2576 1921 2612 terra
1940 2570 2184 2620 viventium,

267 2635 306 2669 et
341 2630 535 2670 dormivit
568 2630 609 2670 in
642 2630 775 2671 medio
810 2630 1183 2672 incircumcisorum
1217 2644 1309 2672 cum
1342 2630 1567 2671 interfectis
1599 2630 1752 2684 gladio:
1788 2630 1947 2670 Pharao
1981 2634 2023 2670 et
2056 2630 2186 2671 omnis

266 2688 491 2729 multitudo
521 2689 623 2729 eius:
655 2689 713 2730 ait
741 2690 942 2731 Dominus
971 2690 1093 2732 Deus.

916 2815 1136 2869 PARS
1178 2816 1539 2869 ALTERA.

311 2903 825 2956 consolationes
865 2903 1234 2957 Ezechielis
1273 2903 1649 2971 prophetae,
1689 2902 1789 2968 33,
1818 2901 2021 2968 1—48,
2049 2901 2150 2955 35.

1120 2992 1331 3013 ,ἤ-ᾲᾴμῗ

269 3046 570 3109 IntroituS,
592 3048 652 3098 in
684 3064 796 3113 quo
821 3046 1140 3097 admonitio
1163 3046 1492 3098 Iudaeorum
1521 3046 1873 3109 continetur,
1901 3045 2186 3108 33,1—33.

736 3138 774 3178 1.
806 3138 1014 3179 Invitatio
1045 3139 1104 3179 ad
1136 3138 1466 3190 poenitendum,
1496 3139 1562 3189 33,
1581 3139 1734 3179 1—20.

102 3209 228 3235 ¹³200¹¹¹⁹¹
376 3207 439 3251 33.
497 3212 508 3233 ¹
538 3210 592 3250 Et
620 3210 777 3250 factum
807 3216 867 3251 est
896 3210 1067 3250 verbum
1096 3209 1263 3250 Domini
1292 3210 1344 3250 ad
1373 3223 1435 3250 me
1464 3210 1619 3251 dicens:
1676 3211 1690 3233 2
1717 3208 1794 3250 Fili
1821 3208 1996 3250 hominis
2023 3208 2188 3262 loquere

75 3246 253 3306 {slliss'ssllffi‘s
272 3267 323 3307 ad
352 3266 453 3307 filios
482 3268 621 3320 populi
651 3269 723 3316 tui,
755 3274 795 3309 et
823 3269 931 3309 dices
961 3269 1012 3309 ad
1041 3281 1126 3309 eos:
1158 3269 1281 3309 Terra
1308 3281 1401 3309 cum
1430 3269 1628 3310 induxero
1657 3281 1777 3322 super
1805 3281 1895 3309 eam
1922 3267 2116 3321 gladium,
2147 3272 2189 3308 et

270 3325 404 3366 tulerit
435 3326 607 3379 populus
633 3332 749 3368 terrae
774 3328 907 3368 virum
933 3341 1060 3368 unum
1085 3327 1134 3368 de
1159 3327 1390 3368 novissimis
1414 3327 1507 3377 suis,
1535 3333 1576 3369 et
1600 3326 1860 3368 constituerit
1884 3339 1977 3367 eum
2001 3339 2123 3380 super
2146 3338 2187 3367 se

272 3383 587 3437 speculatorem:
632 3388 647 3409 ³
664 3392 703 3425 et
721 3386 785 3426 1110
805 3386 951 3427 viderit
967 3386 1148 3439 gladium
1167 3386 1399 3427 venientem
1417 3399 1537 3440 super
1553 3391 1717 3435 terram,
1737 3390 1777 3426 et
1794 3384 1984 3426 cecinerit
2000 3385 2184 3428 buccina.

271 3450 312 3483 et
337 3442 647 3483 annunciaverit
676 3445 843 3497 populo:
897 3447 912 3469 ⁴
937 3445 1117 3485 Audiens
1144 3450 1295 3488 autem.
1325 3445 1507 3498 quisquis
1532 3444 1597 3485 ille
1622 3449 1694 3493 est,
1722 3444 1902 3485 sonitum
1928 3443 2121 3488 buccinae,
2148 3448 2190 3484 et

270 3514 351 3542 non
376 3515 416 3542 se
440 3502 732 3547 observaverit,
761 3504 998 3558 veneritque
1021 3503 1191 3557 gladius,
1219 3508 1259 3544 et
1283 3503 1421 3544 tulerit
1447 3516 1559 3544 eum:
1584 3502 1747 3557 sanguis
1772 3502 1897 3556 ipsius
1920 3515 2041 3556 super
2064 3507 2191 3555 caput
