2356 3760
105 1071 247 1096 salutatio

91 1107 256 1136 apostoliea.

103 1394 192 1419 Fal-j>-
214 1398 243 1418 rt

97 1431 246 1455 inutilibus·

889 562 1577 652 EPISTOLA

397 685 818 772 BEATI
886 684 1317 774 PAULI
1380 685 2070 775 APOSTOLI

760 816 871 869 AD
911 817 1398 872 TIMOTHEUM
1436 818 1706 871 PRIMA.

1168 924 1171 925 r
1199 920 1310 929 ‘vxstfifx
1325 923 1336 925 ⁴

1002 995 1264 1047 Exordium,
1291 996 1332 1047 1,
1351 997 1469 1036 1—2.

383 1067 417 1109 1.
475 1069 483 1090 ¹
516 1065 667 1107 Paulus
688 1065 911 1119 Apostolus
935 1066 1025 1108 Iesu
1048 1067 1197 1109 Christi
1218 1068 1442 1109 secundum
1463 1067 1679 1122 imperium
1700 1067 1777 1109 Dei
1797 1067 2023 1111 Salvatoris
2044 1068 2185 1120 nostri,

278 1132 317 1167 et
342 1125 487 1167 Christi
514 1125 604 1166 Iesu
628 1124 713 1179 spei
736 1130 902 1167 nostrae:
955 1128 969 1150 '2
999 1126 1234 1168 aTimotheo
1258 1126 1407 1168 dilecto
1430 1126 1512 1169 filio
1535 1127 1577 1167 in
1601 1127 1691 1168 fide.
1717 1127 1872 1177 Gratia,
1898 1127 2184 1178 misericordia,

278 1192 315 1225 et
346 1198 425 1238 pax
455 1198 478 1224 a
506 1184 594 1226 Deo
622 1184 756 1233 Patre,
789 1190 830 1226 et
859 1184 1019 1227 Christo
1050 1185 1140 1227 Iesu
1170 1186 1348 1227 Domino
1377 1191 1529 1228 nostro.

704 1302 745 1353 Ι.
785 1302 868 1352 De
906 1301 1077 1352 falsis
1117 1302 1470 1364 doctoribuS,
1508 1304 1548 1357 1.
1576 1302 1769 1355 3—20.

379 1395 394 1417 3
413 1392 527 1433 Sicut
546 1392 686 1446 rogavi
706 1397 746 1433 te
766 1397 812 1433 ut
830 1405 1058 1433 remaneres
1078 1392 1229 1446 Ephesi
1249 1406 1340 1434 cum
1361 1393 1459 1434 irem
1478 1392 1520 1433 in
1539 1393 1835 1443 Macedoniam,
1856 1399 1904 1434 ut
1922 1393 2187 1435 denunciares

102 1466 240 1490 dtu-mnis
279 1451 521 1504 quibusdam
552 1464 601 1492 ne
631 1451 749 1492 aliter
777 1452 980 1497 docerent,
1039 1453 1054 1475 ⁴
1082 1464 1213 1505 neque
1242 1451 1502 1493 intenderent
1531 1451 1692 1502 fabulis,
1724 1457 1765 1493 et
1793 1452 2036 1506 genealogiis
2064 1451 2187 1494 inter-

87 1502 251 1526 intendunt.

96 1545 166 1567 qm„
190 1544 244 1561 ,Μ
276 1510 458 1552 minatis:
485 1524 574 1564 quae
597 1510 841 1565 quaestiones
864 1516 1064 1564 praestant
1085 1510 1214 1564 magis
1238 1524 1361 1565 quam
1385 1510 1696 1552 aedificationem
1719 1510 1808 1561 Dei,
1834 1524 1924 1565 quae
1946 1517 2009 1553 est
2029 1511 2072 1552 in
2094 1511 2185 1554 fide.

84 1573 255 1601 ¹¹¹¹“¹¹¹s¹¹¹¹‘-
275 1570 289 1593 5
312 1568 422 1610 Finis
446 1575 585 1610 autem
608 1569 799 1623 praecepti
824 1574 885 1611 est
908 1568 1086 1610 charitas
1110 1569 1159 1610 de
1180 1569 1299 1611 corde
1319 1582 1434 1623 puro,
1460 1575 1501 1611 et
1522 1569 1770 1611 conscientia
1789 1570 1911 1620 bona,
1939 1576 1979 1612 et
2003 1569 2082 1611 fide
2105 1583 2187 1612 non

114 1754 162 1771 ece
185 1753 241 1770 non

108 1781 234 1810 lvgitiina·

103 1822 130 1841 nt
139 1819 238 1844 untur:

97 2106 194 2124 veram
215 2100 249 2124 de

126 2136 217 2160 salute

91 2171 252 2195 ‹hu—trinam

122 2207 225 2231 Paulus

100 2243 244 2271 praedicnt.

113 2696 160 2717 ΓΜ
183 2697 237 2720 qun

92 2725 259 2749 v<llilviillvnae

275 1628 381 1669 ficta.
439 1630 453 1652 ⁶
480 1628 515 1668 A
546 1628 693 1682 quibus
722 1628 889 1682 quidam
919 1628 1167 1677 aberrantes,
1198 1628 1383 1670 conversi
1411 1634 1508 1669 sunt
1535 1628 1576 1668 in
1605 1628 1900 1682 vaniloquium,
1961 1631 1974 1653 ⁷
2004 1629 2188 1671 volentes

275 1701 357 1728 esse
372 1686 468 1741 legis
484 1688 682 1736 doctores,
700 1700 782 1729 non
797 1686 1070 1740 intelligentes
1084 1699 1216 1740 neque
1231 1700 1321 1741 quae
1334 1686 1571 1740 loquuntur,
1589 1699 1720 1740 neque
1735 1687 1784 1728 de
1800 1687 1948 1741 quibus
1963 1687 2185 1730 affirmant.

384 1748 399 1769 ⁸
429 1746 606 1787 bScimus
633 1752 772 1788 autem
800 1745 896 1799 quia
922 1746 1030 1787 bona
1056 1750 1117 1786 est
1142 1745 1218 1795 lex,
1247 1744 1280 1787 si
1307 1745 1396 1799 quis
1422 1759 1469 1787 ea
1492 1745 1672 1799 legitime
1698 1750 1859 1787 utatur:
1917 1748 1931 1770 ⁹
1956 1746 2085 1788 sciens
2110 1747 2186 1788 hoc

278 1804 373 1858 quia
396 1805 460 1845 lex
484 1805 591 1847 iusto
614 1818 697 1847 non
722 1810 783 1846 est
806 1804 952 1859 posita,
979 1805 1049 1845 sed
1072 1804 1245 1854 iniustis,
1271 1809 1313 1846 et
1335 1817 1417 1846 non
1441 1804 1627 1853 subditis,
1653 1804 1799 1858 impiis,
1825 1810 1867 1846 et
1889 1804 2184 1859 peccatoribus,

275 1863 489 1908 sceleratis,
532 1870 573 1905 et
612 1863 915 1912 contaminatis,
957 1863 1181 1917 parricidis,
1223 1868 1265 1905 et
1303 1862 1539 1913 matricidis,
1580 1863 1805 1912 homicidis,
1874 1865 1909 1887 ¹⁰
1946 1862 2185 1913 fornicariis,

276 1923 549 1964 masculorum
581 1923 925 1972 concubitoribus,
960 1922 1177 1977 plagiariis,
1211 1922 1488 1973 mendacibus,
1523 1927 1565 1963 et
1594 1921 1775 1976 periuris,
1810 1927 1852 1963 et
1882 1921 1915 1963 si
1947 1921 2046 1976 quid
2076 1921 2186 1964 aliud

277 1995 384 2023 sanae
415 1982 611 2024 doctrinae
642 1983 894 2031 adversatur,
957 1984 985 2005 ¹¹
1020 1995 1110 2036 quae
1141 1986 1203 2024 est
1233 1982 1456 2024 secundum
1488 1980 1759 2035 Evangelium
1789 1980 1925 2034 gloriae
1956 1980 2067 2023 beati
2096 1980 2184 2031 Dei,

278 2042 386 2095 quod
417 2041 615 2083 creditum
646 2047 707 2083 est
735 2041 846 2082 mihi.

384 2103 413 2124 ¹·-'
435 2100 597 2142 Gratias
619 2114 694 2154 ago
716 2100 762 2149 ei,
788 2100 857 2154 qui
878 2113 942 2141 me
964 2099 1215 2141 confortavit
1237 2099 1397 2142 Christo
1421 2100 1511 2141 Iesu
1532 2098 1711 2141 Domino
1732 2104 1884 2149 nostro,
1910 2098 2006 2153 quia
2025 2098 2185 2140 fidelem

277 2172 340 2200 me
366 2159 629 2208 existimam't,
657 2172 812 2213 ponens
837 2159 877 2199 in
903 2158 1146 2200 ministerio:
1200 2161 1232 2183 ¹³
1258 2159 1327 2213 qui
1350 2158 1462 2212 prius
1489 2157 1749 2211 blasphemus
1774 2157 1844 2207 fui,
1872 2163 1914 2199 et
1937 2163 2183 2212 persecutor,

277 2224 318 2260 et
350 2218 684 2259 contumeliosus:
719 2218 788 2259 sed
820 2217 1137 2258 misericordiam
1169 2217 1245 2257 Dei
1278 2223 1519 2258 consecutus
1551 2230 1653 2265 sum,
1689 2217 1784 2269 quia
1816 2217 2005 2270 ignorans
2037 2217 2113 2258 feci
2144 2217 2185 2258 in

278 2277 574 2318 incredulitate.
622 2279 652 2301 ¹⁴
669 2275 1031 2330 Superabundavit
1047 2281 1185 2317 autem
1202 2276 1335 2329 gratia
1350 2275 1516 2317 Domini
1533 2275 1661 2317 nostri
1679 2288 1770 2316 cum
1787 2275 1878 2325 fide,
1897 2281 1939 2317 et
1954 2276 2183 2326 dilectione,

279 2349 368 2389 quae
385 2336 503 2377 estin
522 2336 682 2377 Christo
702 2335 804 2377 Iesu.
851 2337 881 2359 ¹⁵
900 2334 1047 2375 Fidelis
1066 2348 1208 2384 sermo,
1228 2340 1269 2376 et
1287 2334 1397 2376 omni
1415 2333 1650 2388 acceptione
1668 2333 1831 2387 dignus:
1859 2335 1985 2388 equod
2003 2335 2185 2376 Christus

280 2395 389 2436 lesus
418 2394 530 2435 venit
559 2394 599 2435 in
628 2395 734 2435 hunc
763 2394 963 2435 mundum
992 2399 1224 2447 peccatores
1253 2393 1388 2435 salvos
1415 2393 1558 2442 facere,
1590 2406 1762 2446 quorum
1791 2393 1946 2446 primus
1974 2407 2047 2447 ego
2075 2407 2183 2434 sum:

277 2456 311 2478 ¹⁶
341 2454 419 2495 Sed
451 2454 541 2495 ideo
571 2452 887 2494 misericordiam
920 2458 1161 2494 consecutus
1193 2466 1300 2493 sum:
1334 2457 1380 2494 ut
1410 2452 1451 2493 in
1482 2465 1546 2493 me
1576 2451 1708 2505 primo
1740 2452 1972 2493 ostenderet
2003 2451 2186 2494 Christus

283 2512 389 2554 lesus
413 2526 573 2554 omnem
597 2511 841 2566 patientiam
865 2512 917 2553 ad
940 2511 1273 2553 informationem
1296 2524 1447 2560 eorum,
1474 2510 1542 2565 qui
1566 2510 1757 2552 credituri
1780 2515 1876 2552 sunt
1897 2510 1966 2560 illi,
1991 2510 2033 2551 in
2056 2511 2186 2553 Vitam

277 2578 482 2613 aeternam.
535 2573 567 2595 ¹⁷
592 2570 691 2625 Regi
715 2576 854 2613 autem
877 2570 1115 2611 saeeulorum
1138 2569 1371 2619 immortali,
1396 2569 1601 2619 invisibili,
1626 2569 1700 2611 soli
1721 2569 1809 2611 Deo
1831 2570 1972 2618 honor,
1997 2575 2039 2611 et
2059 2569 2187 2623 gloria

277 2630 316 2670 in
348 2630 492 2671 saeeula
521 2630 771 2671 saeculorum.
802 2630 946 2671 Amen.

386 2692 418 2713 ¹⁸
453 2689 539 2730 Hoc
572 2695 820 2742 praeeeptum
854 2689 1096 2730 commendo
1128 2687 1203 2729 tibi
1236 2687 1291 2729 fili
1324 2687 1548 2737 Timothee‚
1583 2687 1807 2729 secundum
1839 2688 2112 2741 praecedentes
2144 2687 2184 2729 in

127 2768 238 2785 dmm
281 2754 318 2788 te
351 2747 596 2801 prophetias,
646 2754 692 2788 ut
723 2747 871 2788 milites
903 2747 943 2787 in
975 2746 1052 2788 illis
1084 2747 1234 2788 bonam
1266 2746 1467 2796 militiam,
1528 2748 1563 2771 ¹⁹
1594 2746 1748 2787 habens
1779 2746 1913 2796 fidem,
1961 2751 2003 2788 et
2034 2746 2184 2788 bonam

218 2816 221 2818 ·
280 2806 580 2852 conscientiam,
607 2820 729 2860 quam
754 2805 920 2859 quidam
943 2805 1194 2859 repellentes,
1219 2805 1324 2847 circa
1346 2806 1467 2847 fidem
1490 2805 1857 2859 naufragaverunt:
1907 2807 1944 2830 2⁰
1964 2819 2014 2846 ex
2037 2805 2184 2859 quibus

279 2871 337 2904 cst
368 2865 626 2919 Hymenaeus,
657 2871 698 2907 ct
725 2865 973 2906 Alexander:
1004 2878 1105 2919 quos
1134 2864 1283 2907 tradidi
1311 2865 1486 2913 Satanae‚
1517 2870 1565 2906 ut
1592 2864 1752 2906 discant
1778 2877 1860 2906 non
1889 2864 2181 2918 blasphemare.

693 2982 764 3033 II.
802 2982 885 3032 De
924 2981 1098 3031 rebus
1138 2981 1407 3046 publiciS,
1445 2981 1494 3041 2,
1518 2980 1665 3042 1—3,
1693 2981 1769 3033 13.

795 3072 835 3113 1.
864 3072 927 3112 De
957 3071 1166 3112 oratione
1197 3072 1440 3122 communi,
1467 3073 1507 3123 2,
1526 3071 1672 3111 1-15,

383 3139 421 3182 2.
476 3142 489 3165 ¹
520 3140 694 3183 Obsecro
730 3142 852 3195 igitur
888 3143 1064 3196 primum
1101 3143 1282 3185 omnium
1319 3143 1403 3184 fieri
1440 3143 1753 3192 obsecrationes,
1790 3141 2005 3191 orationes,
2043 3147 2182 3195 postu-

106 3185 192 3236 1¹'¹'.„
221 3189 259 3236 ..L
282 3197 463 3241 lationes,
493 3199 711 3247 gratiarum
742 3202 920 3243 actiones
948 3216 1020 3255 pro
1049 3202 1237 3243 omnibus
1265 3202 1515 3243 hominibus:
1570 3204 1584 3226 2
1611 3215 1684 3255 pro
1710 3201 1882 3255 regibus,
1912 3207 1954 3242 et
1982 3200 2180 3249 omnibus,

133 3258 179 3307 ‚2¹1
212 3256 251 3301 2¹¹·
285 3257 348 3309 qui
375 3256 410 3296 in
437 3257 685 3298 sublimitate
709 3267 815 3307 sunt,
842 3268 885 3301 ut
909 3261 1102 3314 quietam,
1128 3266 1169 3301 et
1191 3260 1453 3314 tranquillam
1478 3260 1606 3301 vitam
1630 3273 1797 3314 agamus
1819 3259 1860 3300 in
1883 3259 1993 3301 omni
2015 3259 2180 3312 pietate,

89 3322 321 3377 Μχτῐζχῄηεεῖ
353 3316 552 3357 castitate.
612 3320 626 3339 ³¹
657 3317 729 3357 hoc
761 3319 864 3359 enim
899 3320 1051 3359 bonum
1082 3326 1154 3368 est,
1188 3325 1228 3360 et
1258 3325 1471 3372 acceptum
1503 3332 1636 3361 coram
1669 3318 1882 3360 Salvatore
1912 3323 2051 3360 nostro
2080 3318 2180 3365 Deo,

108 3397 133 3412 ι,
172 3397 186 3413 1.
222 3399 247 3414 1..
289 3376 296 3397 ⁸
325 3374 389 3426 qui
421 3388 557 3415 omnes
583 3374 763 3415 homines
793 3377 878 3418 vult
906 3378 1038 3418 salvos
1066 3378 1160 3427 fieri,
1190 3383 1231 3419 et
1257 3379 1308 3418 ad
1334 3378 1585 3431 agnitionem
1612 3377 1797 3419 veritatis
1824 3377 1971 3418 venire.
2025 3378 2039 3400 ⁵
2068 3376 2182 3417 Unus

282 3432 386 3472 enim
416 3433 534 3475 Dens.
563 3446 666 3473 unus
692 3439 733 3474 et
759 3435 958 3476 mediator
982 3436 1057 3477 Dei
1083 3442 1124 3477 et
1150 3435 1361 3477 hominum
1388 3437 1510 3478 homo
1536 3436 1719 3478 Christus
1747 3436 1876 3477 Iesus:
1933 3436 1948 3459 ⁶
1974 3434 2041 3488 qui
2069 3434 2182 3475 dedit

283 3491 599 3544 redemptionem
629 3491 888 3544 semetipsum
917 3507 992 3547 pro
1018 3495 1217 3544 omnibus,
1247 3495 1527 3536 testimonium
1556 3494 1808 3548 temporibus
1835 3493 1933 3535 suis:
1992 3495 2006 3517 ⁷
2033 3493 2073 3534 in
2101 3506 2182 3547 quo

417 3595 444 3634 1,
471 3594 490 3626 2
515 3595 598 3627 aAct
627 3597 675 3634 1⁴5,
704 3598 730 3628 1.
759 3616 797 3618 —
824 3601 841 3627 a
868 3596 975 3629 bizum
1003 3598 1031 3637 7,
1059 3599 1108 3631 12.
1137 3619 1176 3621 e—
1204 3599 1242 3631 15
1271 3598 1337 3631 ‘'th
1363 3599 1393 3634 9.
1422 3598 1476 3639 13;
1502 3598 1556 3631 Mc
1581 3599 1612 3639 2,
1637 3598 1689 3633 17.

2347 2130 2356 2153 a·
