2356 3760
90 482 258 507 seeundum.

112 895 239 923 tertium,

102 1186 248 1215 quartum,

103 1358 247 1388 quintum,

110 1600 235 1621 sextum.

132 1831 223 1854 matre

112 1865 238 1895 singulos

72 1903 98 1926 et
113 1901 269 1930 praesertim

100 1935 251 1961 rniniinurn

83 1972 266 1999 adhortante.

95 3072 261 3102 septimum,

282 213 358 251 940
1135 207 1278 241 LIBER
1306 208 1349 241 n.
1977 210 2006 244 τ.
2033 210 2128 244 (ςή-ῖ,
2154 210 2196 243 35

279 317 320 344 se
353 304 628 344 hortabantur
661 302 760 343 mori
795 301 966 344 fortiter.
1031 303 1045 323 ⁶
1077 300 1276 341 dicentes:
1312 300 1512 340 Dominus
1545 300 1655 340 Deus
1689 301 1857 353 aspiciet
1891 303 2120 351 veritatem,
2155 310 2196 344 et

280 361 559 403 consolabitur
584 362 622 401 in
649 361 776 403 nobis.
809 359 1178 412 ³=queniadnioduni
1205 359 1244 399 in
1273 358 1567 412 protestatione
1593 359 1741 400 cantici
1767 359 1991 402 declaravit
2015 363 2194 416 Moyses:

282 421 335 461 Et
367 421 404 461 in
435 420 559 461 servis
588 420 669 459 suis
699 417 988 459 consolabitur.

389 481 403 502 ⁷
429 480 590 520 Mortuo
616 478 755 530 itaque
780 476 845 516 illo
870 476 1013 529 primo,
1040 476 1115 517 hoc
1141 477 1273 521 modo,
1300 481 1538 529 sequentem
1563 477 1822 517 deducebant
1847 477 1898 518 ad
1923 478 2194 520 illudendum:

280 544 332 582 et.
367 544 459 579 cute
492 537 636 590 capitis
668 536 751 575 eius
785 549 875 575 cum
909 534 1063 587 capillis
1095 535 1317 578 abstracta,
1352 535 1674 584 interrogabant,
1708 535 1740 575 si
1772 537 2039 578 manducaret
2072 538 2194 591 prius.

280 610 403 651 quam
436 602 524 637 toto
556 607 721 648 corpore
755 606 823 647 per
853 593 1035 633 membra
1067 593 1225 646 singula
1257 593 1480 647 puniretur.
1543 597 1557 616 ⁸
1588 594 1643 634 At
1674 593 1750 637 ille.
1783 596 2031 648 respondens
2062 596 2197 649 patria

281 669 390 699 voce,
410 654 532 695 dixit:
554 653 642 693 Non
660 652 820 693 faciam.
844 653 1013 704 Propter
1029 653 1138 705 quod
1155 659 1195 693 et
1213 652 1299 694 iste.
1318 651 1505 705 sequenti
1521 651 1620 698 loco,
1640 652 1759 705 primi
1777 657 1983 694 tormenta
1999 655 2195 708 suscepit:

282 717 296 737 ²⁸
320 720 359 754 et
385 714 421 753 in
449 712 592 753 ultimo
617 711 761 764 spiritu
786 711 1049 754 constitutus.
1074 711 1129 751 sic
1154 711 1229 751 ait:
1256 711 1315 751 Tu
1340 710 1504 764 quidem
1528 710 1809 751 scelestissime
1833 712 1871 751 in
1898 714 2084 765 praesenti
2110 714 2194 754 vita

283 786 351 812 nos
382 771 532 824 perdis:
563 771 631 811 sed
664 771 751 810 Rex
779 770 922 810 mundi
951 770 1166 810 defunctos
1196 783 1266 809 nos
1298 782 1368 822 pro
1397 769 1477 809 suis
1506 768 1659 822 legibus
1689 769 1727 809 in
1756 776 1918 811 aeterna}
1946 771 2042 812 vitae
2070 785 2198 813 resur-

283 830 458 871 rectione
489 829 716 870 suscitabit.

390 891 423 912 ¹¹¹
455 889 549 929 l'ost
580 888 687 928 hunc
718 887 861 928 tertius
891 887 1086 930 illuditur.
1118 893 1157 927 et
1188 886 1367 937 linguam
1398 886 1629 940 postulatus
1659 887 1739 928 cito
1770 888 1951 940 protulit,
1984 895 2025 930 et
2053 903 2197 932 manus

281 953 518 988 constanter
544 947 748 987 extendit:
805 949 830 970 ¹¹
860 952 900 986 et
926 960 1017 986 cum
1046 946 1193 986 fiducia
1219 946 1295 986 ait:
1324 945 1358 985 Ε
1384 945 1478 986 caelo
1506 945 1584 986 ista
1611 945 1807 998 possideo,
1836 948 1905 987 sed
1932 953 2099 1001 propter
2122 949 2197 990 Dei

280 1006 385 1057 leges
416 1019 523 1047 nunc¹
554 1006 636 1047 lnec
668 1006 751 1058 ipsa
784 1005 972 1058 despicio.
1006 1004 1199 1058 quoniam
1231 1005 1282 1045 ab
1312 1004 1398 1057 ipso
1429 1018 1492 1044 me
1522 1017 1569 1044 ea
1597 1009 1856 1057 recepturum
1886 1019 2021 1059 spero:
2081 1009 2111 1031 ¹²
2140 1008 2199 1048 ita

283 1071 326 1106 ut
358 1078 438 1109 rex.
472 1071 509 1105 et
543 1065 609 1118 qui
641 1078 732 1104 cum
764 1064 849 1116 ipso
880 1070 1008 1106 erant.
1042 1063 1287 1104 mirarentur
1316 1062 1583 1104 adolescentis
1615 1063 1809 1109 animum,
1843 1065 1952 1117 quod
1984 1070 2198 1119 tamquam

282 1123 452 1164 nihilum
483 1124 648 1164 duceret
679 1123 894 1163 cruciatus.

390 1185 420 1206 ¹³³
450 1182 503 1222 Et
533 1182 608 1223 hoc
638 1182 696 1222 ita
724 1182 931 1227 defuncto,
964 1187 1157 1235 quartum
1189 1181 1397 1222 vexabant
1426 1179 1611 1221 similiter
1639 1186 1889 1234 torquentes.
1948 1185 1979 1207 ¹⁴
2008 1183 2074 1230 Et,
2106 1197 2196 1224 cum

283 1241 360 1282 iam
385 1246 489 1281 esset
513 1241 565 1282 ad
588 1246 775 1285 mortem,
800 1240 854 1281 sic
878 1239 954 1280 ait·
980 1239 1121 1280 Potius
1145 1245 1205 1280 est
1229 1240 1280 1280 ab
1303 1239 1536 1280 hominibus
1560 1240 1682 1280 morti
1705 1240 1823 1281 datos
1846 1254 1959 1294 spem
1983 1248 2198 1295 expectare

281 1314 304 1340 a
328 1301 427 1344 Deo,
457 1300 602 1340 iterum
629 1300 681 1340 ab
707 1299 793 1352 ipso
819 1299 1137 1339 resuscitandos:
1166 1299 1241 1339 tibi
1267 1299 1373 1339 enim
1399 1298 1637 1339 resurrectio
1664 1299 1715 1339 ad
1741 1299 1870 1340 vitam
1897 1313 1977 1341 non
2004 1301 2090 1342 erit.

390 1361 420 1383 ¹⁵
450 1359 504 1399 Et
535 1372 627 1399 cum
658 1358 938 1399 admovissent
969 1357 1172 1411 quintum,
1205 1358 1415 1398 vexabant
1446 1370 1550 1398 eum.
1583 1357 1637 1397 At
1668 1357 1743 1402 ille,
1776 1358 1991 1411 respiciens
2022 1359 2060 1399 in
2092 1373 2196 1406 eum.

284 1420 315 1441 ¹⁶
345 1418 467 1458 dixit:
499 1418 754 1459 Potestatem
784 1417 891 1458 inter
919 1417 1101 1458 homines
1132 1417 1297 1460 liabens.
1330 1430 1422 1457 cum
1451 1416 1503 1456 sis
1533 1416 1819 1469 corruptibilis,
1850 1417 1948 1458 facis
1979 1419 2089 1471 quod
2118 1419 2197 1459 vis:

281 1476 361 1517 noli
391 1483 527 1517 autem
559 1482 704 1530 putare
731 1490 857 1530 genus
886 1481 1072 1517 nostrum
1102 1489 1125 1516 a
1153 1476 1239 1516 Deo
1269 1489 1352 1516 esse
1381 1475 1632 1516 derelictum.
1690 1477 1723 1499 ¹⁷
1752 1481 1798 1516 tu
1827 1481 1965 1517 autem
1994 1477 2200 1530 patienter

281 1535 447 1578 sustine.
470 1542 510 1576 et
530 1535 686 1576 videbis
707 1549 898 1589 magnam
921 1540 1169 1588 potestatem
1189 1534 1326 1588 ipsius,
1350 1533 1526 1588 qualiter
1545 1539 1596 1581 te,
1618 1539 1659 1575 et
1678 1547 1814 1575 semen
1836 1540 1953 1576 tuum
1974 1536 2196 1589 torquebit.

392 1597 426 1618 ¹⁸
446 1595 544 1635 Post
565 1595 670 1635 hunc
691 1594 899 1635 ducebant
917 1599 1092 1638 sextum.
1115 1599 1156 1634 et
1174 1593 1219 1638 is.
1240 1593 1343 1635 mori
1362 1593 1569 1646 incipiens,
1592 1593 1645 1633 sic
1667 1593 1742 1634 ait:
1766 1593 1857 1634 Noli
1877 1594 2029 1635 frustra
2048 1608 2197 1636 errare:

283 1667 353 1694 nos
378 1653 484 1694 enim
510 1660 677 1706 propter
700 1652 970 1706 nosmetipsos
995 1653 1079 1693 haee
1104 1652 1296 1705 patimur,
1324 1657 1539 1705 peccantes
1564 1651 1604 1692 in
1627 1652 1761 1692 Deum
1788 1657 1985 1697 nostrum,
2012 1659 2052 1694 et
2077 1654 2200 1708 digna

282 1712 552 1753 admiratione
579 1713 689 1752 facta
716 1716 812 1752 sunt
839 1711 878 1751 in
905 1711 1040 1752 nobis:
1096 1713 1130 1735 ¹9
1156 1716 1201 1751 tu
1229 1717 1367 1751 autem
1396 1724 1444 1751 ne
1471 1710 1677 1751 existimes
1704 1710 1779 1751 tibi
1805 1711 1971 1764 impune
1997 1712 2196 1756 futurum.

282 1772 391 1824 quod
422 1777 561 1812 contra
594 1771 726 1811 Deum
758 1783 938 1824 pugnare
969 1769 1204 1811 tentaveris.

391 1832 427 1854 ²⁰
455 1831 586 1883 Supra
616 1831 785 1871 modum
817 1833 955 1869 autem
985 1834 1118 1869 mater
1147 1828 1355 1873 mirabilis,
1389 1834 1429 1869 et
1459 1829 1659 1869 bonorum
1690 1829 1886 1869 memoria
1915 1829 2049 1883 digna,
2110 1844 2199 1883 quae

284 1894 497 1942 pereuntes
530 1895 686 1942 septem
719 1888 820 1929 filios
853 1889 927 1929 sub
961 1888 1079 1928 unius
1111 1888 1189 1928 diei
1222 1894 1405 1940 tempore
1437 1887 1699 1939 conspiciens,
1734 1888 1841 1929 bono
1873 1888 2009 1929 animo
2041 1889 2200 1930 ferebat.

283 1954 450 2001 propter
471 1962 595 2001 spem,
623 1961 744 2001 quam
769 1947 809 1988 in
831 1948 965 1987 Deum
989 1947 1188 1987 habebat:
1239 1948 1269 1970 2¹
1293 1945 1470 1999 singulos
1493 1945 1653 1987 illorum
1676 1946 1923 1987 hortabatur
1945 1960 2043 1988 voce
2066 1948 2200 2001 patria

281 2007 453 2051 fortiter,
486 2006 641 2060 repleta
671 2006 890 2060 sapientia:
924 2012 975 2053 et,
1008 2006 1192 2046 femineae
1222 2005 1462 2055 cogitationi
1491 2004 1761 2046 masculinum
1793 2006 1975 2046 animum
2006 2006 2196 2050 inserens.

281 2069 312 2091 22
336 2066 440 2107 dixit
465 2067 516 2107 ad
541 2080 624 2107 eos:
651 2066 794 2106 Nescio
820 2064 996 2118 qualiter
1018 2065 1057 2105 in
1083 2070 1198 2106 utero
1221 2078 1311 2105 meo
1335 2064 1601 2117 apparuistis:
1628 2077 1758 2117 neque
1782 2064 1888 2105 enim
1913 2078 1984 2118 ego
2008 2065 2197 2119 spiritum

281 2131 321 2166 et
350 2126 529 2165 animam
558 2125 709 2166 donavi
738 2125 852 2165 vobis
880 2130 921 2165 et
948 2124 1091 2167 vitam.
1121 2129 1162 2164 et
1189 2122 1439 2177 singulorum
1468 2124 1651 2164 membra
1678 2137 1758 2164 non
1787 2136 1858 2177 ego
1886 2123 1974 2177 ipsa
2001 2124 2196 2179 compegi,

282 2187 314 2209 2⁵¹
347 2185 416 2225 sed
450 2184 555 2224 enim
590 2184 732 2224 mundi
766 2184 943 2227 Creator.
981 2183 1048 2236 qui
1081 2183 1278 2223 formavit
1311 2182 1485 2223 hominis
1519 2182 1795 2227 nativitatem,
1832 2182 1982 2236 quique
2016 2183 2197 2224 omnium

283 2243 439 2284 invenit
463 2243 669 2293 originem.
695 2248 735 2282 et
759 2242 947 2295 spiritum
973 2241 1087 2282 vobis
1112 2241 1259 2281 iterum
1283 2254 1375 2281 cum
1399 2241 1674 2281 misericordia
1696 2241 1839 2282 recidet
1862 2247 1903 2282 et
1926 2242 2068 2285 vitam.
2084 2242 2198 2290 ¹sicut

285 2315 390 2343 nnnc
426 2302 695 2354 vosmetipsos
731 2300 937 2354 despicitis
973 2306 1141 2353 propter
1174 2299 1278 2353 leges
1315 2299 1409 2340 eius.
1474 2301 1506 2323 ²⁴
1540 2300 1767 2340 Antiochus
1803 2306 1954 2344 autem.
1992 2301 2198 2341 contemni

282 2375 323 2401 se
346 2361 581 2404 arbitratus.
607 2359 726 2400 simul
749 2365 788 2400 et
812 2359 1097 2412 exprobrantis
1123 2372 1219 2399 voce
1243 2359 1446 2411 despecta,
1472 2372 1564 2398 cum
1588 2358 1721 2399 adhuc
1745 2358 2041 2400 adolescentior
2062 2373 2199 2413 super-

283 2425 398 2462 esset.
431 2433 510 2460 non
539 2419 668 2460 solum
699 2419 831 2459 verbis
860 2419 1117 2463 hortabatur,
1148 2418 1218 2458 sed
1246 2422 1287 2458 et
1315 2430 1406 2457 cum
1436 2417 1665 2458 iuramento
1695 2418 1929 2458 affirmabat
1958 2431 1998 2458 se
2027 2418 2197 2459 divitem

283 2485 323 2520 et
356 2480 522 2519 beatum
554 2479 773 2523 facturum.
808 2482 848 2518 et
880 2477 1125 2517 translatum
1159 2490 1183 2517 a
1213 2476 1355 2529 patriis
1386 2475 1541 2529 legibus
1573 2476 1748 2516 amicum
1782 2476 2032 2521 habiturum,
2067 2482 2107 2517 et
2139 2490 2198 2517 res

285 2538 527 2579 necessarias
550 2537 583 2577 ei
606 2537 884 2590 praebiturum.
935 2538 967 2560 25
988 2536 1067 2577 Sed
1089 2536 1141 2576 ad
1163 2536 1246 2576 haec
1268 2548 1360 2575 cum
1383 2535 1615 2576 adolescens
1638 2548 1899 2588 nequaquam
1921 2534 2196 2580 inclinaretur.

285 2597 448 2638 vocavit
472 2610 539 2636 rex
561 2602 747 2641 matrem,
771 2601 810 2636 et
832 2595 1033 2635 suadebat
1055 2595 1089 2635 ei
1111 2600 1157 2635 ut
1178 2594 1425 2635 adolescenti
1447 2594 1560 2634 fieret
1582 2594 1621 2634 in
1643 2593 1829 2635 salutem.
1879 2596 1915 2618 2⁶
1935 2594 2036 2635 Cum
2059 2600 2197 2635 autem

284 2655 422 2696 multis
443 2669 530 2695 eam
552 2655 684 2695 verbis
704 2660 809 2695 esset
829 2655 1029 2698 hortatus.
1053 2653 1238 2707 promisit
1257 2666 1469 2694 suasuram
1489 2666 1529 2693 se
1550 2653 1628 2693 filio
1649 2666 1732 2694 suc.
1781 2655 1815 2677 '2⁷
1838 2653 1983 2706 Itaque
2003 2653 2200 2694 inclinata

283 2716 335 2756 ad
370 2714 494 2759 illum,
531 2714 700 2754 irridens
735 2712 936 2754 crudelem
973 2718 1208 2766 tyrannum,
1245 2712 1303 2753 ait
1338 2711 1472 2765 patria
1507 2725 1622 2753 voce:
1659 2711 1734 2751 Fili
1768 2711 1834 2754 mi.
1887 2712 2072 2752 miserere
2105 2712 2196 2756 mei,

285 2787 374 2827 quse
398 2779 437 2813 te
461 2773 499 2813 in
525 2779 638 2813 utero
664 2785 809 2813 novem
833 2771 1040 2812 mensibus
1064 2770 1238 2824 portavi.
1264 2776 1305 2811 et
1326 2770 1388 2811 lac
1412 2770 1585 2811 triennio
1609 2770 1701 2811 dedi
1725 2775 1765 2811 et
1788 2770 1880 2815 alui.
1906 2775 1946 2811 et
1970 2770 2009 2811 in
2032 2776 2197 2811 aetatem

285 2834 404 2873 istam
435 2831 616 2885 perduxi.
673 2834 707 2855 ²⁸
734 2832 848 2876 Peto,
878 2836 985 2873 nate.
1016 2836 1061 2871 ut
1090 2830 1260 2883 aspicias
1289 2830 1339 2870 ad
1368 2829 1508 2870 caelum
1537 2835 1577 2870 et
1606 2835 1768 2874 terram,
1798 2835 1838 2870 et
1866 2830 1917 2870 ad
1945 2829 2082 2870 onmia
2109 2843 2199 2883 quae

284 2892 323 2931 in
350 2891 403 2931 eis
429 2897 542 2931 sunt:
570 2896 609 2931 et
635 2889 847 2939 intelligas,
877 2889 972 2943 quia
997 2903 1044 2929 ex
1072 2889 1194 2930 nihilo
1220 2889 1315 2929 fecit
1342 2888 1408 2928 illa
1432 2889 1555 2933 Deus,
1583 2893 1622 2928 et
1649 2888 1858 2929 hominum
1884 2901 2027 2941 genus:
2081 2889 2116 2912 2⁹
2141 2888 2195 2928 ita

286 2952 365 2993 liet,
397 2955 441 2990 ut
472 2964 550 2991 non
581 2949 724 2990 timeas
753 2948 981 2989 carnificem
1013 2948 1148 2990 istum.
1178 2948 1249 2988 sed
1277 2947 1421 3000 dignus
1450 2947 1644 2987 fratribus
1674 2947 1753 2987 tuis
1782 2947 1950 2987 effect-us
1978 2946 2195 3000 particeps.

284 3008 441 3061 suscipe
470 3014 654 3051 mortem.
687 3014 731 3048 ut
761 3007 798 3047 in
828 3007 892 3047 illa
922 3006 1181 3047 miseratione
1209 3020 1300 3047 cum
1330 3006 1524 3046 fratribus
1554 3006 1632 3046 tuis
1664 3011 1701 3046 te
1729 3005 1932 3058 recipiam.

391 3069 426 3090 ³⁰
455 3069 554 3107 (¹um
586 3067 668 3107 haec
698 3066 765 3106 illa
793 3067 926 3107 adhuc
956 3066 1118 3108 diceret.
1151 3065 1207 3106 ait
1237 3064 1487 3106 adolescens:
1520 3065 1648 3113 Quem
1678 3064 1912 3104 sustinetis?
1943 3077 2023 3105 non
2053 3064 2197 3105 obedio

289 3133 488 3179 praecepto
519 3126 629 3175 regis,
660 3126 730 3166 sed
760 3130 961 3178 praecepto
990 3124 1097 3175 legis.
1129 3138 1218 3177 quae
1246 3125 1343 3164 data
1373 3130 1433 3164 est
1462 3124 1576 3164 nobis
1606 3136 1676 3176 per
1703 3124 1882 3176 Moysen.
1939 3124 1969 3147 ³¹
2000 3123 2059 3163 Tu
2089 3135 2195 3164 vero.

287 3185 353 3238 qui
379 3185 567 3225 inventor
589 3184 717 3224 omnis
741 3183 906 3224 malitia}
929 3184 1061 3223 factus
1084 3197 1123 3223 es
1148 3183 1184 3223 in
1213 3183 1415 3226 Hebraeos,
1441 3196 1519 3223 non
1544 3182 1708 3231 effugies
1731 3195 1899 3222 manum
1922 3181 2008 3222 Dei.
2059 3183 2092 3205 3²
2116 3181 2197 3221 Nos

286 3244 390 3283 enim
423 3256 492 3296 pro
523 3243 696 3295 peccatis
726 3242 871 3283 nostris
901 3243 983 3282 lucc
1013 3242 1202 3295 patimur.
1258 3244 1291 3266 ²³³
1319 3242 1373 3281 Et
1400 3241 1431 3281 si
1461 3241 1574 3282 nobis
1603 3246 1769 3294 propter
1796 3240 2127 3293 increpationem,
2157 3244 2197 3279 et

286 3302 581 3354 correptionem
610 3302 805 3341 Dominus
829 3302 938 3341 Deus
964 3306 1100 3341 noster
1123 3300 1327 3341 modicum
1353 3300 1479 3340 iratus
1504 3305 1581 3340 est:
1607 3300 1676 3340 sed
1700 3299 1846 3339 iterum
1870 3298 2200 3339 reconciliabitur

285 3361 409 3401 servis
444 3361 535 3401 suis.
599 3362 630 3383 ²¹⁴
666 3360 723 3400 'l'u
759 3367 910 3404 autem,
948 3374 969 3399 o
1004 3359 1181 3403 sceleste.
1218 3365 1257 3399 et
1293 3358 1473 3400 oninium
1511 3358 1721 3398 hominum
1756 3357 2080 3407 flagitiosissime,
2118 3356 2196 3397 noli

285 3420 437 3461 frustra
466 3419 604 3460 extolli
637 3419 749 3458 vanis
780 3419 927 3472 spebus
960 3419 997 3459 in
1028 3431 1164 3459 servos
1195 3418 1278 3458 eius
1310 3417 1600 3458 inflammatus.
1658 3419 1690 3441 ³5
1722 3417 1902 3457 nondum
1933 3415 2039 3456 enim
2070 3415 2197 3456 omni—

419 3545 449 3586 7,
474 3545 494 3578 6
519 3545 587 3578 ant
610 3546 663 3585 32,
689 3546 740 3578 3⁴3.
