2356 3760
285 215 361 255 938
1125 211 1268 244 LIBER
1294 212 1338 244 II.
1952 213 1982 246 5
2010 212 2132 251 11—6,
2159 212 2201 245 10

725 305 763 345 4.
793 303 1053 356 Epiphanes
1084 304 1127 343 in
1158 303 1338 344 ludaeos
1369 302 1517 353 saevit,
1545 303 1778 354 5,11—27.

104 380 258 439 Civifftstffltss
393 378 422 400 ¹¹
457 375 528 416 His
560 376 698 429 itaque
727 374 862 425 gestis,
894 373 1124 426 suspicatus
1154 378 1214 414 est
1243 387 1314 414 rex
1343 373 1581 415 societatem
1612 374 1842 415 deserturos
1874 374 2051 416 Iudaeos:
2082 381 2121 415 et
2153 375 2204 415 ob

88 422 266 488 infilillnfns
290 435 362 476 hoc
389 436 593 488 profectus
618 447 666 474 ex
692 433 870 485 *Egypto
895 431 1072 472 efferatis
1097 432 1254 477 animis,
1280 432 1493 473 civitatem
1518 432 1681 486 quidem
1707 432 1828 473 armis
1853 433 1972 485 cepit.
2025 435 2056 458 ¹²
2082 433 2205 474 Iussit

109 485 246 510 mmmm·
287 498 425 534 autem
455 493 653 533 militibus
683 491 920 534 interficere,
951 503 1024 531 nec
1054 503 1217 543 pan-fere
1246 491 1567 536 occursantilms,
1599 496 1639 532 et
1668 503 1740 544 per
1767 492 1909 532 domos
1940 488 2204 533 ascendentes

286 553 501 593 trucidare.
556 554 587 575 ¹³
615 550 785 590 Fiebant
810 562 902 601 ergo
928 550 1055 589 medes
1081 549 1288 594 iuvenum,
1314 563 1360 590 ac
1385 549 1602 593 seniorum,
1629 556 1670 590 et
1693 549 1922 599 mulierum,
1948 555 1989 591 et
2013 555 2204 591 natorum

286 610 539 654 exterminia,
559 609 845 661 virginumque
863 613 903 648 et
920 607 1185 661 parvulorum
1203 621 1331 649 neces.
1379 610 1409 632 ¹⁴¹
1431 608 1556 649 Erant
1575 614 1713 649 autem
1733 613 1821 649 toto
1840 609 1976 650 triduo
1994 609 2204 663 octoginta

286 670 408 709 millia
439 667 654 711 interfecti,
686 666 959 720 quadraginta
988 666 1111 707 millia
1142 667 1281 711 vincti,
1312 680 1393 707 non
1423 666 1555 707 minus
1585 672 1723 708 autem
1754 667 1992 708 venundati.

105 728 253 793 (ξξῖἶῖᾗζξξξζᾙ
394 730 424 751 ¹5
456 727 535 768 Sed
568 739 641 766 nec
675 726 753 766 ista
785 725 1014 766 sufficiunt:
1049 739 1170 766 ausus
1204 731 1264 766 est
1298 726 1422 766 etiam
1456 725 1607 765 intrare
1640 725 1842 779 templum
1876 726 2066 767 universa
2098 730 2206 767 terra

146 786 150 787 ⁷
251 783 255 788 ’
288 786 481 829 sanctius,
501 784 684 825 Menelao
703 785 883 828 ductore,
904 784 970 838 (1111
989 784 1135 834 legum,
1155 790 1194 824 et
1214 784 1355 837 patria*
1372 784 1449 824 fuit
1468 784 1669 837 proditor:
1715 786 1749 809 ¹⁶
1764 789 1805 825 et
1822 784 1999 825 scelestis
2016 785 2205 826 manibus

283 858 446 885 sumens
473 848 618 884 sancta
644 856 755 889 vasa,
786 856 875 896 qua¹
902 844 953 883 ab
981 843 1067 883 aliis
1095 842 1267 895 regibus,
1297 848 1336 883 et
1364 843 1603 883 civitatibus
1630 848 1746 884 erant
1772 843 1905 897 posita
1934 844 1986 884 ad
2013 849 2205 885 ornatum

283 904 371 948 loci,
405 909 446 943 et
475 902 658 954 gloriani.
692 902 977 943 contrectabat
1009 901 1185 952 indigne,
1219 907 1258 941 ct
1290 902 1614 942 contaminabat.
1675 903 1708 926 ¹⁷
1742 902 1807 943 Ita
1837 902 2038 943 alienatus
2068 907 2206 944 mente

285 962 524 1005 Antiochus,
560 974 641 1001 non
676 961 963 1001 considerabat
998 961 1107 1013 quod
1142 965 1309 1013 propter
1342 965 1512 1014 peccata
1545 960 1825 1001 habitantium
1860 961 2085 1007 civitatem,
2121 975 2206 1002 1110-

284 1021 420 1062 dicum
438 1021 549 1061 Deus
568 1020 700 1060 fuerat
719 1020 866 1060 iratus:
887 1025 1054 1072 propter
1071 1019 1181 1072 quod
1200 1024 1240 1060 et
1258 1019 1406 1060 accidit
1425 1019 1531 1060 circa
1546 1019 1681 1060 locum
1700 1020 1925 1073 despectio:
1973 1022 2006 1044 1⁸
2024 1019 2205 1074 alioquin

283 1080 359 1121 nisi
391 1079 626 1133 contigisset
659 1092 725 1119 eos
757 1077 896 1118 multis
928 1077 1105 1131 peccatis
1137 1090 1221 1119 esse
1252 1077 1472 1123 involutos,
1510 1077 1635 1119 asicut
1667 1078 1924 1123 Heliodorus,
1960 1078 2028 1132 qui
2059 1078 2205 1119 missus

284 1145 345 1179 est
367 1152 387 1179 a
410 1138 576 1179 Seleuco
598 1150 688 1191 rege
711 1137 762 1177 ad
784 1136 1075 1190 expoliandum
1098 1136 1297 1181 zerarium,
1321 1137 1446 1177 etiam
1468 1136 1532 1178 hic
1553 1137 1696 1177 statim
1718 1137 1940 1178 adveniens
1961 1136 2203 1191 flagellatus

283 1202 325 1238 et
349 1196 533 1250 repulsus
560 1195 702 1249 utiquc
728 1195 872 1236 fuisset
897 1196 948 1236 ab
975 1196 1158 1237 auda-cia.
1214 1198 1249 1220 ¹⁹
1274 1196 1425 1236 Verum
1452 1210 1532 1237 11011
1559 1201 1727 1249 propter
1751 1196 1897 1241 locum,
1924 1202 2108 1251 gentem:
2136 1196 2206 1237 sed

285 1262 453 1310 propter
477 1260 654 1309 gentem,
682 1254 815 1295 locum
843 1255 954 1295 Deus
982 1254 1112 1307 elegit.
1168 1256 1205 1278 2⁰
1232 1254 1411 1308 ideoque
1438 1260 1477 1295 et
1505 1255 1589 1308 ipse
1615 1255 1725 1296 locus
1754 1255 1957 1309 particeps
1983 1255 2117 1296 factus
2145 1259 2206 1295 est

284 1314 424 1368 populi
454 1313 667 1355 malorum.
700 1318 845 1366 postea
874 1318 1013 1354 autem
1044 1313 1115 1354 fiet
1144 1314 1275 1355 socius
1306 1314 1520 1355 bonorum.
1553 1319 1595 1354 et
1625 1314 1694 1367 qui
1724 1314 1940 1355 derelictus
1970 1313 2010 1354 in
2041 1314 2099 1355 ira
2129 1314 2206 1354 Dei

284 1373 578 1427 omnipotentis
603 1377 676 1417 est,
703 1373 851 1413 iterum
876 1372 915 1412 in
940 1372 1077 1425 magni
1101 1373 1268 1413 Domini
1293 1372 1621 1414 reconciliatione
1645 1386 1738 1413 cum
1763 1386 1923 1413 summa
1946 1372 2075 1426 gloria
2098 1372 2206 1413 exal-

285 1433 453 1473 tabitur.

106 1494 253 1554 *Jffi’glfg*
391 1494 422 1516 2¹
456 1491 586 1542 igitur
614 1490 842 1531 Antiochus
873 1490 981 1531 mille
1012 1495 1053 1530 et
1083 1490 1328 1541 octingentis
1359 1489 1507 1531 ablatis
1538 1491 1587 1531 de
1619 1490 1771 1544 templo
1804 1490 1980 1535 talentis,
2014 1490 2208 1531 velociter

107 1549 250 1596 relinquit.
286 1550 547 1591 Antiochiam
584 1562 786 1599 regressus
823 1553 895 1594 est,
936 1549 1174 1590 existimans
1211 1563 1252 1590 se
1288 1562 1370 1602 pra*
1407 1549 1597 1602 superbia
1635 1555 1783 1590 terram
1822 1550 1874 1590 ad
1910 1549 2204 1603 navigandum,

284 1609 449 1663 pelagus
476 1621 571 1649 vere
599 1609 650 1649 ad
676 1609 753 1649 iter
778 1608 981 1659 agendum
1009 1608 1283 1648 deducturum
1310 1612 1478 1661 propter
1502 1608 1651 1648 mentis
1678 1607 1908 1649 elationem.
1963 1610 1995 1632 ²²
2023 1607 2206 1661 Reliquit

284 1674 422 1708 autem
446 1673 485 1708 et
508 1667 747 1720 przepositos
770 1667 821 1707 ad
844 1666 1106 1719 affligendam
1128 1672 1311 1715 gentem:
1338 1666 1594 1720 Ierosolymis
1618 1666 1782 1720 quidem
1804 1666 2041 1720 Philippum
2062 1680 2206 1720 genere

282 1727 499 1779 Phrygem.
523 1725 703 1767 moribus
725 1724 991 1766 crudeliorem
1013 1738 1058 1766 eo
1080 1724 1179 1778 ipso,
1204 1738 1224 1765 a
1249 1738 1328 1778 (1110
1350 1725 1601 1766 constitutus
1623 1730 1702 1766 est:
1752 1728 1783 1749 2³
1804 1725 1844 1766 in
1866 1725 2043 1766 Garizim
2066 1730 2205 1766 autem

283 1784 575 1828 Andronicum,
607 1789 647 1825 et
675 1783 918 1827 Menelaum,
951 1784 1017 1837 qui
1047 1783 1211 1837 gravius
1242 1797 1366 1837 quam
1396 1784 1518 1824 ceteri
1547 1784 1819 1825 imminebant
1849 1784 2018 1825 civibus.

155 1852 202 1874 Μ
390 1845 422 1868 2¹
442 1844 625 1896 (uimque
645 1843 857 1896 appositus
878 1847 982 1883 esset
1003 1847 1144 1884 contra
1168 1842 1337 1887 [udaeos.
1360 1843 1471 1883 misit
1491 1842 1676 1883 odiosum
1697 1843 1922 1896 principem
1941 1842 2205 1896 Apollonium

88 1880 270 1911 Apollonium

122 1916 230 1955 iterun·
286 1917 377 1944 cum
399 1902 579 1943 exercitu
600 1901 744 1955 viginti
765 1906 805 1942 et
825 1902 985 1942 duobus
1005 1901 1195 1947 millibus,
1218 1901 1454 1955 praecipiens
1475 1901 1509 1942 ei
1530 1914 1669 1942 omnes
1690 1901 1880 1955 perfectae
1899 1901 2033 1942 aetatis
2053 1901 2205 1942 interfi-

104 1952 253 2016 ᾙξῖζζῖἷξῗ
285 1975 384 2006 cere,
423 1961 621 2005 mulieres,
659 1974 704 2001 ac
740 1960 906 2001 iuvenes
942 1961 1129 2001 vendere.
1194 1962 1225 1984 25
1261 1960 1339 2009 Qui
1375 1974 1467 2001 cum
1504 1960 1682 2001 venisset
1718 1960 2023 2014 lerosolymam,
2062 1973 2204 2013 pacem

284 2020 491 2064 simulans.
527 2019 682 2073 quievit
713 2033 841 2072 usque
873 2020 924 2060 ad
955 2019 1062 2060 diem
1093 2024 1282 2060 sanctum
1313 2019 1495 2060 sabbati:
1528 2024 1569 2059 et
1599 2024 1697 2060 tunc
1727 2018 1881 2060 feriatis
1914 2019 2060 2060 Iudaeis
2092 2032 2204 2059 arma

284 2093 426 2132 capere
454 2078 534 2119 suis
563 2078 768 2132 praecepit.
825 2080 860 2102 ²⁶
888 2078 1122 2131 Omnesque
1151 2078 1219 2132 (1111
1248 2078 1299 2119 ad
1327 2078 1607 2132 spectaculum
1636 2083 1928 2131 processerant,
1959 2077 2202 2118 trucidavit:

283 2143 322 2178 et
355 2138 567 2178 civitatem
600 2151 691 2177 cnm
725 2136 893 2177 arma-tis
925 2136 1165 2182 discurrens,
1199 2137 1406 2191 ingentem
1439 2136 1747 2177 multitudinem
1782 2136 1964 2190 peremit.

90 2238 112 2260 Ἢ
138 2201 223 2260 111111Ξῄ
267 2244 269 2247 ,
391 2199 425 2221 ²⁷
451 2197 572 2237 Iudas
596 2201 734 2236 autem
757 2196 1029 2241 Machabaeus,
1056 2195 1124 2249 qui
1147 2196 1327 2236 decimus
1350 2195 1496 2238 fuera-t.
1521 2201 1740 2236 secesserat
1763 2196 1802 2236 in
1826 2196 2032 2236 desertum
2054 2195 2201 2239 locum,

90 2243 271 2297 ἰιῗῧρῖρὲἷέῗ
286 2256 423 2309 ibique
441 2255 545 2296 inter
560 2254 664 2295 feras
682 2255 812 2295 vitam
829 2254 868 2294 in
885 2254 1094 2295 montibus
1111 2268 1202 2295 cum
1220 2255 1300 2295 suis
1317 2255 1484 2308 agebat:
1503 2260 1542 2295 et
1559 2254 1657 2295 foeni
1674 2255 1763 2296 cibo
1780 2259 2002 2298 vescentes.
2020 2255 2204 2295 demora-

284 2314 446 2360 bantur,
477 2328 527 2355 ne
556 2313 773 2366 participes
802 2318 936 2354 essent
965 2313 1321 2366 coinquinationis.

374 2419 412 2459 5.
444 2418 538 2460 Rex
569 2417 733 2458 ludaeis
764 2417 894 2468 leges
923 2416 1132 2469 gentium
1163 2417 1370 2468 imponit,
1399 2417 1614 2470 proprias
1643 2417 1884 2468 interdicit,
1912 2418 1952 2467 6,
1972 2418 2117 2457 1—17.

76 2492 252 2553 Μζξζῑῐζζξῐξὲΐ
390 2490 428 2531 6.
485 2491 497 2512 ¹
521 2489 601 2529 Sed
624 2502 705 2529 non
729 2493 822 2542 post
846 2487 1024 2528 multum
1049 2487 1243 2541 temporis
1267 2487 1379 2528 misit
1401 2500 1471 2528 rex
1494 2500 1631 2528 senem
1657 2487 1861 2540 quendam
1884 2486 2201 2531 Antiochenum,

145 2544 151 2552 ‘
261 2548 265 2552 ”
285 2548 353 2602 (1111
377 2547 636 2601 compelleret
662 2547 820 2588 Iudaeos
844 2552 889 2588 ut
913 2560 954 2588 se
978 2545 1247 2587 transferrent
1270 2560 1293 2587 a
1316 2546 1470 2599 patriis,
1497 2550 1537 2587 et
1560 2546 1636 2586 Dei
1658 2545 1833 2599 legibus:
1885 2548 1899 2569 ²
1923 2545 2204 2587 contaminare

283 2607 407 2648 etiam
442 2607 552 2659 quod
585 2607 625 2647 in
661 2606 918 2659 ierosolymis
952 2610 1039 2646 erat
1072 2605 1285 2658 templum.
1321 2610 1362 2646 et
1394 2604 1680 2659 cognominare
1715 2604 1823 2645 Iovis
1856 2604 2055 2658 Olympii:
2090 2609 2131 2645 et
2163 2604 2202 2644 in

281 2665 471 2708 Garizim.
496 2670 616 2718 prout
637 2670 753 2705 erant
774 2665 825 2708 hi,
850 2664 917 2717 qui
937 2664 1071 2705 locum
1093 2664 1398 2708 inhabitabant,
1424 2663 1531 2705 Iovis
1552 2663 1777 2716 hospitalis.
1826 2665 1842 2687 3
1861 2662 2044 2704 Pessima
2063 2668 2202 2703 autem

282 2730 323 2766 et
341 2723 540 2765 universis
558 2724 692 2777 gravis
712 2729 798 2764 erat
819 2723 1017 2764 malorum
1039 2723 1232 2763 incursio:
1279 2725 1293 2747 ⁴
1313 2736 1407 2763 nam
1427 2722 1627 2776 templum
1646 2721 1819 2766 luxuria,
1840 2727 1880 2762 et
1899 2721 2203 2763 comessationi-

284 2785 357 2824 bus
388 2783 582 2825 Gentium
614 2787 700 2823 erat
730 2782 908 2835 plenum.
942 2788 982 2822 et
1011 2782 1283 2823 scortantium
1314 2795 1405 2822 cum
1436 2781 1735 2822 meretricibus:
1767 2780 2018 2833 sacratisque
2048 2780 2201 2821 {edibus

284 2842 468 2883 mulicres
498 2855 538 2882 se
567 2841 674 2882 ultro
706 2841 956 2895 ingerebant,
988 2841 1095 2882 intro
1123 2840 1298 2881 ferentes
1328 2854 1386 2885 ea,
1419 2853 1508 2894 quae
1536 2853 1617 2880 11011
1646 2839 1806 2880 licebat.
1864 2841 1879 2863 ⁵
1908 2838 2048 2879 Altare
2077 2839 2199 2879 etiam

285 2901 447 2954 plenum
476 2906 563 2941 erat
591 2900 751 2944 illicitis,
782 2913 872 2953 quae
898 2899 1052 2953 legibus
1082 2899 1416 2953 prohibebantur.

77 2966 270 3006 ide¹3›¹³tsi³¹¹¹¹
391 2962 406 2983 *³
426 2960 564 3012 Neque
581 2965 719 2999 autem
737 2959 910 2999 sabbata
929 2958 1280 3003 custodiebantur,
1299 2971 1430 3011 neque
1447 2957 1530 2998 dies
1547 2957 1760 2998 sollemnes
1777 2956 1899 3009 patrii
1914 2956 2199 2999 servabantur.

133 3002 220 3031 ''¹¹³⁰‘'
286 3032 355 3058 1199
394 3018 630 3071 simpliciter
670 3018 852 3058 ludaeum
891 3031 931 3057 se
970 3030 1053 3058 esse
1093 3017 1310 3070 quisquam
1348 3016 1634 3057 confitebatur.
1705 3017 1717 3039 ⁷
1754 3015 2025 3056 Ducebantur
2062 3021 2201 3055 autem

284 3091 376 3117 cum
403 3090 541 3116 amara
568 3076 809 3117 necessitate
834 3076 874 3116 in
900 3075 963 3116 die
989 3075 1136 3116 natalis
1163 3076 1263 3129 regis
1290 3076 1341 3116 ad
1367 3075 1580 3116 sacrificia:
1608 3078 1660 3117 et,
1688 3088 1779 3113 911111
1806 3073 1939 3113 Liberi
1964 3086 2076 3114 sacra
2103 3073 2201 3113 cele-

286 3136 510 3177 brarentur,
544 3135 795 3185 cogebantur
825 3135 975 3175 hedera
1004 3134 1185 3175 coronati
1218 3134 1361 3175 Libero
1393 3133 1569 3174 circuire.

78 3199 273 3257 ¹¹¹5‘bffdg³f!‡⁴·³
394 3196 408 3216 Β
436 3194 651 3234 Decretum
677 3200 814 3234 autem
841 3194 939 3234 exiit
964 3193 1003 3233 in
1028 3193 1234 3246 proximas
1259 3192 1483 3233 Gentilium
1508 3191 1709 3239 civitates,
1736 3190 2044 3244 suggerentibus
2069 3189 2202 3231 Ptole-

107 3234 181 3258 ΜΠ
204 3241 227 3257 ‘¹
247 3254 250 3261 ’
287 3252 408 3296 nimis,
433 3257 477 3292 ut
502 3252 585 3304 pari
609 3252 729 3293 modo
751 3257 791 3293 et
815 3252 886 3305 ipsi
910 3252 1104 3293 adversus
1129 3251 1287 3292 ludaeos
1309 3256 1487 3301 agerent,
1512 3255 1557 3291 ut
1579 3249 1872 3290 sacrificarent:
1924 3251 1939 3272 ⁹
1960 3262 2026 3289 eos
2048 3254 2200 3292 autem,

284 3311 350 3363 qui
377 3310 526 3351 nollent
557 3311 726 3350 transire
751 3311 802 3351 ad
828 3311 1020 3351 instituta
1043 3309 1251 3352 Gentium,
1277 3309 1570 3350 interficerent:
1596 3313 1683 3348 erat
1707 3321 1799 3358 ergo
1824 3307 1960 3348 videre
1984 3306 2200 3347 miseriam.

285 3372 318 3393 ¹⁰
350 3370 448 3409 lhue
477 3369 582 3409 enim
615 3369 799 3409 mulieres
829 3369 975 3410 delatfe
1004 3373 1101 3409 sunt
1130 3374 1249 3409 natos
1278 3382 1371 3409 suos
1402 3367 1717 3408 circumcidisse:
1750 3379 1862 3419 quas,
1894 3365 2122 3406 infantibus
2151 3366 2203 3406 ad

283 3429 407 3468 ubera
439 3427 654 3480 suspensis,
687 3442 778 3467 cum
812 3428 970 3480 publice
1001 3441 1071 3481 per
1101 3427 1312 3467 civitatem
1343 3425 1724 3468 circumduxissent.
1759 3438 1828 3477 per
1857 3437 1993 3465 muros
2025 3423 2204 3477 praecipi-

419 3554 450 3593 5,
477 3554 517 3586 I&
543 3554 632 3596 ab'up
658 3555 689 3589 53,
715 3554 766 3586 223.
794 3555 845 3587 27.
