2356 3760
93 120 145 152 34.
174 118 313 152 13—36.
339 119 358 150 9
980 114 1117 148 ISAIAE
1906 124 1981 164 597

95 214 127 236 ¹³
147 211 202 252 Et
224 211 404 251 orientur
424 210 464 250 in
486 210 673 251 domibus
695 208 778 249 eius
800 207 936 261 spinae,
1013 213 1053 249 et
1075 209 1224 254 urticae,
1249 214 1289 249 et
1310 209 1487 262 paliurus
1509 210 1549 249 in
1571 212 1859 254 munitionibus
1882 216 1982 256 eius:

147 276 188 311 et
217 269 292 310 erit
321 269 451 310 cubile
481 269 715 315 draconum,
799 270 840 306 et
869 279 1021 319 pascua
1049 267 1338 309 struthionum.

95 331 127 354 ¹4
158 328 213 369 Et
246 333 456 369 occurrent
489 325 690 367 daemonia
721 325 1016 368 onocentauris,
1103 331 1143 365 et
1175 325 1323 378 pilosus
1357 325 1549 367 clamabit
1582 327 1683 367 alter
1714 329 1764 368 ad
1797 330 1984 372 alterum:

146 387 202 427 ibi
231 386 399 427 cubavit
427 385 561 431 lamia,
645 388 685 424 et
714 383 871 424 invenit
900 383 976 424 sibi
1005 384 1195 436 requiem.

96 447 127 470 ¹⁵
149 445 211 486 Ibi
243 445 388 485 habuit
421 444 583 484 foveam
617 441 770 485 ericius.
858 447 899 482 et
931 442 1129 482 enutrivit
1162 442 1328 488 catulos,
1365 448 1404 482 et
1438 443 1704 490 circumfodit,
1740 450 1779 485 et
1813 447 1915 486 fovit
1948 447 1985 487 in

358 502 501 542 umbra
530 501 631 541 eius:

148 562 240 603 illuc
269 560 501 614 congregati
530 564 625 599 sunt
654 558 779 602 milvi,
864 558 966 599 alter
995 559 1046 599 ad
1076 558 1260 599 alterum.

97 624 132 646 ¹⁶
150 619 358 673 Requirite
388 618 601 671 diligenter
628 617 668 657 in
698 617 798 659 libro
828 617 1006 662 Domini,
1090 622 1131 658 et
1159 617 1296 670 legite:

148 691 275 719 unum
305 691 354 718 ex
383 677 437 718 cis
466 689 548 717 non
578 676 719 725 defuit,
804 676 907 716 alter
935 676 1107 717 alterum
1137 689 1218 717 non
1250 676 1452 729 quaesivit:

149 737 245 791 quia
260 736 369 790 quod
385 749 435 776 ex
449 748 515 776 ore
531 748 620 775 meo
636 735 831 788 procedit,
850 734 913 775 ille
929 735 1155 781 mandavit,
1226 740 1265 775 et
1281 735 1445 787 spiritus
1461 734 1543 775 eius
1560 735 1643 788 ipse
1659 738 1914 788 congregavit
1931 751 1988 778 ea.

97 798 131 820 ¹⁷
149 796 204 837 Et
231 795 315 849 ipse
343 794 453 835 misit
481 794 535 834 eis
564 799 726 841 sortem,
809 799 850 834 et
877 806 1021 834 manus
1050 793 1133 834 eius
1162 793 1300 834 divisit
1328 806 1417 833 eam
1445 792 1518 833 illis
1547 794 1587 834 in
1616 787 1861 834 mensuram:

149 868 276 908 usque
300 854 342 894 in
365 858 562 894 aeternum
587 852 854 906 possidebunt
878 865 980 896 eam,
1058 852 1099 892 in
1123 852 1423 905 generationem
1448 857 1488 892 et
1512 853 1810 905 generationem
1836 853 1993 893 habita-

358 912 463 953 bunt
490 912 531 952 in
560 924 618 953 ea.

97 1018 161 1062 35.
216 1021 230 1042 ¹
255 1017 483 1058 Laetabitur
507 1017 667 1057 deserta
691 1022 732 1057 et
756 1016 878 1059 invia.
958 1021 998 1056 et
1023 1015 1225 1056 exultabit
1250 1015 1436 1060 solitudo,
1464 1020 1504 1055 et
1529 1014 1686 1055 florebit
1714 1016 1826 1068 quasi
1853 1015 1989 1057 lilium.
2037 1022 2155 1061 emam-⁴

114 1080 129 1102 2
149 1076 389 1118 Germinans
418 1075 674 1129 germinabit.
706 1080 747 1115 et
775 1074 978 1120 exultabit
1058 1074 1293 1115 laetabunda
1322 1079 1362 1114 et
1390 1073 1579 1114 laudans:
2035 1057 2157 1116 9353?

148 1135 275 1190 gloria
303 1134 448 1176 Libani
477 1134 577 1175 data
605 1140 665 1174 est
695 1134 747 1174 ei:
831 1134 950 1174 decor
978 1133 1160 1180 Carmeli,
1192 1138 1232 1173 et
1261 1133 1399 1176 Saron,
2010 1127 2178 1187 *cfflffififfl'

149 1194 225 1248 ipsi
254 1194 454 1234 videbunt
482 1193 651 1247 gloriam
680 1193 857 1237 Domini,
941 1198 982 1232 et
1011 1192 1194 1232 decorem
1223 1191 1299 1231 Dei
1328 1190 1466 1231 nostri.

114 1256 130 1278 ³
150 1253 388 1294 Consortate
417 1265 562 1292 manus
592 1251 821 1299 dissolutas,
904 1256 944 1291 et
973 1264 1106 1304 genua
1134 1249 1282 1290 debilia
1310 1249 1509 1290 roborate.

114 1314 130 1337 4
149 1312 285 1353 Dicite
313 1310 598 1365 pusillanimis:
682 1310 989 1352 Consortamini.
1022 1314 1062 1348 et
1091 1308 1215 1348 nolite
1244 1308 1404 1347 timere:

150 1384 240 1411 ecce
252 1371 362 1411 Deus
374 1376 508 1410 vester
519 1369 715 1410 ultionem
728 1369 905 1408 adducet
916 1366 1213 1407 retributionis:
1278 1366 1388 1406 Deus
1403 1365 1486 1418 ipse
1502 1365 1648 1409 veniet,
1666 1371 1705 1406 et
1720 1365 1894 1406 salvabit
1910 1379 1993 1407 vos.

115 1432 130 1454 ⁵
151 1430 264 1469 Tunc
294 1429 527 1481 aperientur
555 1427 659 1467 oculi
688 1439 896 1469 caecorum.
981 1431 1021 1465 et
1052 1438 1166 1464 aures
1196 1425 1409 1464 surdorum
1439 1424 1651 1476 patebunt.

115 1489 131 1511 ⁶
151 1487 263 1527 Tunc
293 1486 409 1527 saliet
438 1486 542 1525 sicut
573 1498 714 1525 cervus
744 1483 923 1528 claudus.
1008 1488 1049 1523 et
1078 1488 1220 1536 aperta
1249 1483 1322 1523 erit
1352 1482 1489 1535 lingua
1517 1487 1743 1523 mutorum:

152 1546 247 1599 quia
275 1545 406 1585 scissae
435 1548 532 1584 sunt
560 1543 601 1584 in
631 1543 789 1584 deserto
819 1556 946 1596 aquae.
1031 1547 1072 1583 et
1101 1547 1299 1582 torrentes
1329 1541 1369 1581 in
1399 1540 1626 1582 solitudine.

116 1607 130 1629 ⁷
151 1604 207 1645 Et
237 1617 326 1658 quae
355 1608 441 1644 erat
471 1602 596 1648 arida,
629 1602 703 1642 erit
732 1602 772 1642 in
802 1608 1005 1650 stagnum,
1090 1606 1129 1641 et
1159 1600 1296 1641 sitiens
1326 1600 1366 1640 in
1396 1600 1527 1640 fontes
1558 1612 1768 1653 aquarum.

153 1663 201 1704 In
220 1662 432 1709 cubilibus,
453 1661 494 1702 in
516 1661 662 1715 quibus
682 1661 792 1714 prius
813 1661 1005 1701 dracones
1025 1659 1284 1704 habitabant,
1359 1659 1509 1699 orietur
1527 1658 1635 1699 viror
1653 1658 1796 1698 calami
1816 1664 1855 1698 et
1876 1658 1993 1699 iunci.

117 1725 132 1747 ⁸
152 1722 207 1763 Et
234 1722 309 1762 erit
334 1721 389 1762 ibi
416 1720 561 1761 semita
588 1726 627 1760 et
654 1719 732 1764 via,
814 1725 855 1760 et
881 1719 948 1759 via
973 1724 1116 1759 sancta
1142 1718 1373 1759 vocabitur:

152 1794 233 1822 non
261 1780 452 1821 transibit
476 1792 668 1833 >peream
697 1777 888 1832 pollutus,
972 1783 1011 1818 et
1041 1777 1124 1818 haec
1153 1777 1228 1817 erit
1256 1776 1371 1817 vobis
1400 1776 1553 1817 directa
1581 1775 1658 1821 via,

151 1840 211 1881 ita
239 1845 286 1880 ut
315 1839 431 1880 stulti
460 1851 541 1880 non
571 1843 703 1878 errent
734 1850 804 1891 per
833 1850 933 1878 eam.

117 1901 133 1924 ⁹
154 1899 245 1940 Non
275 1898 349 1939 erit
379 1898 434 1939 ibi
462 1897 535 1941 leo,
620 1902 660 1937 et
689 1896 798 1936 mala
827 1896 957 1936 bestia
985 1908 1065 1935 non
1096 1895 1287 1935 ascendet
1315 1907 1385 1947 per
1414 1906 1514 1941 eam,

153 1971 226 1998 nec
254 1957 485 1998 invenietur
513 1956 586 1996 ibi:
670 1961 709 1996 et
740 1955 1011 1995 ambulabunt
1042 1954 1109 2007 qui
1139 1953 1298 1994 liberati
1327 1952 1488 1993 fuerint.

102 2019 138 2041 ¹⁰
153 2017 209 2057 Et
236 2016 437 2070 redempti
467 2028 489 2055 a
518 2015 694 2056 Domino
725 2019 1026 2057 convertentur,
1111 2018 1151 2052 et
1180 2012 1343 2052 venient
1374 2011 1413 2051 in
1443 2011 1538 2051 Sion
1567 2024 1657 2051 cum
1687 2009 1824 2050 laude:

153 2080 194 2117 et
224 2074 368 2116 laetitia
399 2074 647 2127 sempiterna
677 2086 797 2127 super
828 2078 953 2126 caput
985 2084 1142 2112 eorum:
1227 2070 1420 2124 gaudium
1453 2074 1493 2109 et
1525 2069 1709 2109 laetitiam
1741 2068 1997 2113 obtinebunt,

362 2138 403 2174 et
431 2133 559 2187 fugiet
589 2132 703 2173 dolor
731 2138 771 2173 et
799 2131 988 2186 gemitus.

101 2261 461 2329 Appendix
484 2259 810 2312 historica
837 2257 926 2310 ad
949 2258 1219 2323 partem
1243 2255 1554 2322 priorem,
1591 2251 1692 2317 36,
1718 2251 1916 2315 1—39‚
1942 2250 1999 2304 8.

914 2353 1128 2364 ——0-00*

154 2406 193 2446 1.
223 2404 434 2445 Ezechias
465 2415 492 2444 a
521 2401 829 2444 Sennacherib
860 2400 1073 2450 afflictus,
1103 2399 1184 2440 sed
1215 2410 1241 2439 a
1262 2399 1356 2438 Deo
1386 2397 1618 2446 liberatus,
1646 2396 1710 2446 36,
1724 2396 1868 2445 1-37,
1883 2396 1947 2435 38.

207 2475 271 2520 36.
327 2477 340 2499 ¹
356 2475 411 2516 Et
431 2474 607 2514 afactum
623 2479 683 2514 est
699 2473 740 2513 in
758 2472 1063 2526 quartodecimo
1081 2484 1186 2511 anno
1203 2470 1304 2523 regis
1320 2468 1514 2515 Ezechiae,
1533 2467 1714 2508 ascendit
1729 2466 1999 2507 Sennacherib
2008 2466 2203 2496 3¹³³1³¹¹⁸¹¹²¹²>÷

102 2548 173 2576 rex
196 2535 454 2588 Assyriorum
481 2545 600 2586 super
625 2545 763 2573 omnes
789 2531 977 2572 civitates
1004 2530 1108 2570 Iuda
1131 2529 1322 2573 munitas,
1351 2534 1390 2568 et
1416 2527 1523 2581 cepit
1548 2540 1625 2567 eas.
1678 2527 1693 2549 2
1717 2525 1772 2565 Et
1796 2525 1905 2565 misit
1930 2537 1999 2564 rex
2018 2502 2186 2562 Iegssiin‘t‘ffgu

102 2594 360 2649 Assyriorum
387 2592 600 2633 Rabsacen
625 2591 673 2632 de
698 2591 842 2631 Lachis
867 2590 908 2631 in
934 2588 1163 2635 Ierusalem,
1191 2588 1241 2628 ad
1266 2600 1399 2641 regem
1424 2585 1639 2627 Ezechiam
1664 2584 1703 2624 in
1727 2597 1849 2624 manu
1874 2583 1998 2636 gravi,

103 2658 144 2694 et
172 2652 287 2694 stetit
316 2652 356 2692 in
385 2651 630 2705 aquaeductu
660 2649 823 2703 piscinae
851 2648 1065 2702 superioris
1093 2647 1133 2687 in
1162 2647 1230 2687 via
1257 2646 1353 2700 Agri
1380 2644 1553 2686 fullonis.
1609 2646 1625 2668 ³
1652 2643 1706 2683 Et
1735 2655 1911 2695 egressus
1941 2646 2000 2681 est

104 2712 157 2753 ad
185 2725 278 2753 eum
307 2710 478 2751 Eliacim
508 2709 611 2750 filius
643 2708 804 2752 Helciae,
838 2708 905 2762 qui
935 2712 1023 2748 erat
1052 2719 1171 2759 super
1199 2706 1379 2750 domum,
1411 2709 1450 2744 et
1479 2703 1616 2744 Sobna
1644 2701 1784 2744 scriba.
1815 2706 1853 2740 ct
1880 2700 1999 2740 Ioahe

104 2771 207 2812 filius
235 2769 375 2824 Asaph
404 2783 428 2810 a
455 2767 767 2810 commentariis.
825 2769 840 2792 ⁴
868 2767 923 2807 Et
952 2766 1055 2806 dixit
1085 2765 1136 2806 ad
1165 2778 1230 2805 eos
1261 2764 1482 2804 Rabsaces:
1511 2760 1644 2801 Dicite
1672 2759 1871 2799 Ezechiae:
1904 2758 1998 2798 Haec

103 2829 202 2870 dicit
226 2842 297 2870 rex
322 2841 505 2882 magnus,
533 2840 604 2868 rex
628 2826 905 2880 Assyriorum:
934 2825 1032 2873 Quae
1057 2829 1118 2864 est
1143 2823 1223 2863 ista
1247 2822 1405 2869 fiducia,
1435 2833 1515 2875 qua
1540 2817 1730 2860 confidis?
1782 2819 1797 2842 ⁵
1823 2823 1894 2857 aut
1921 2830 1999 2870 quo

104 2887 268 2929 consilio
286 2887 351 2927 vel
366 2886 607 2928 fortitudine
624 2885 816 2926 rebellare
834 2883 1038 2938 disponis?
1057 2895 1177 2936 super
1194 2895 1313 2935 quern
1330 2880 1454 2920 habes
1472 2877 1673 2924 fiduciam,
1694 2876 1789 2929 quia
1804 2875 1999 2916 recessisti

104 2960 128 2987 a
147 2946 236 2988 me?
288 2948 303 2970 ⁶
323 2946 427 2986 Ecce
449 2945 615 2986 confidis
637 2957 758 2998 super
778 2943 968 2984 baculum
991 2941 1258 2982 arundineum
1281 2939 1531 2980 confractum
1553 2936 1688 2980 istum,
1712 2947 1832 2988 super
1851 2934 2001 2987 ⁴Egyp-

104 3011 212 3046 tum:
243 3005 307 3046 cui
335 3005 366 3045 si
394 3004 556 3045 innixus
584 3003 707 3044 fuerit
735 3003 869 3047 homo,
900 3001 1071 3042 intrabit
1100 3000 1139 3040 in
1168 3012 1335 3039 manum
1365 2997 1459 3039 eius.
1490 3000 1531 3035 et
1558 2993 1780 3047 perforabit
1809 3006 1916 3033 eam:
1946 2992 2000 3032 sic

103 3064 263 3105 Pharao
292 3077 364 3104 rex
392 3063 560 3117 AEgypti
590 3062 790 3107 omnibus,
824 3061 891 3114 qui
922 3059 1133 3100 confid'unt
1162 3058 1203 3098 in
1233 3071 1290 3098 eo.
1352 3058 1364 3079 ⁷
1395 3054 1513 3103 Quod
1541 3053 1573 3093 si
1602 3051 1853 3105 responderis
1884 3050 1999 3091 mihi:

106 3123 154 3164 In
176 3122 354 3164 Domino
378 3122 464 3162 Deo
489 3127 630 3162 nostro
652 3119 911 3162 confidimus:
936 3131 1070 3159 nonne
1093 3117 1177 3170 ipse
1202 3121 1273 3163 est,
1300 3115 1410 3155 cuius
1436 3110 1605 3153 abstulit
1629 3110 1821 3151 Ezechias
1846 3109 2002 3150 excelsa

104 3187 145 3222 et
173 3181 329 3228 altaria,
361 3185 401 3221 et
430 3180 533 3221 dixit
564 3180 675 3221 Iudae
703 3184 743 3220 et
774 3177 1010 3219 Ierusalem:
1041 3176 1183 3217 Coram
1214 3174 1331 3215 altari
1359 3173 1435 3213 isto
1465 3169 1711 3211 adorabitis?
1770 3170 1784 3193 Β
1813 3168 1867 3209 Et
1896 3180 2000 3208 nunc

105 3241 220 3281 trade
242 3245 281 3281 te
303 3239 467 3281 domino
488 3252 578 3280 meo
599 3238 681 3292 regi
701 3237 971 3291 Assyriorum,
996 3240 1036 3276 et
1057 3235 1163 3275 dabo
1186 3233 1260 3274 tibi
1281 3233 1360 3272 duo
1382 3229 1507 3270 millia
1527 3241 1735 3282 equorum,
1759 3240 1830 3268 nec
1852 3225 1999 3279 poteris

104 3312 154 3340 ex
184 3304 224 3340 te
254 3299 432 3352 praebere
463 3310 690 3338 ascensores
721 3309 871 3337 eorum.
927 3297 942 3319 ⁹
972 3294 1026 3334 Et
1058 3292 1261 3347 quomodo
1291 3288 1507 3330 sustinebis
1537 3287 1682 3327 faciem
1712 3285 1852 3326 iudicis
1883 3283 1998 3324 unius

104 3357 181 3399 loci
206 3371 255 3398 ex
279 3357 403 3398 servis
428 3356 581 3397 domini
605 3355 683 3396 mei
707 3353 956 3395 minoribus?
983 3352 1101 3401 Quod
1125 3351 1157 3391 si
1182 3348 1347 3391 confidis
1371 3347 1412 3388 in
1437 3346 1627 3400 AEgypto,
1654 3345 1695 3386 in
1720 3342 1932 3398 quadrigis.
1959 3344 1998 3379 et

211 3436 214 3437 ⁷
237 3435 337 3501 ὲθ-[ΙΫ
362 3436 400 3494 az)
427 3460 479 3505 Rg
505 3462 556 3500 is,
584 3460 639 3498 13:
666 3461 684 3492 2
711 3458 777 3492 Par
800 3459 853 3497 32,
880 3459 910 3491 1.
