2356 3760
98 148 152 181 21,
179 147 194 178 1
204 146 298 183 mee,
323 143 344 177 8
957 138 1189 173 SAML'ELIS
1926 140 2002 180 245

709 233 748 272 8.
779 231 924 272 David
953 231 997 271 in
1027 230 1166 280 Nube,
1194 230 1261 280 21,
1280 229 1399 270 1—9.

204 307 269 349 21.
324 309 337 330 1
366 304 489 347 Venit
516 308 653 344 autem
681 301 818 342 David
846 301 886 341 in
915 301 1029 342 Nobe
1058 301 1110 341 ad
1136 299 1394 341 Achimelech
1422 299 1692 339 sacerdotem:
1722 304 1762 339 et
1789 300 2003 354 obstupuit
2018 301 2196 327 Achimelech

100 365 371 411 Achimelech,
403 377 449 405 eo
481 362 591 416 quod
621 360 801 401 venisset
830 359 978 401 David.
1012 360 1067 400 Et
1097 359 1202 400 dixit
1232 358 1284 399 ei:
1318 359 1450 406 Quare
1481 362 1526 397 tu
1557 356 1676 405 solus,
1709 362 1749 397 et
1780 357 1911 398 nullus
1943 364 2003 399 est
2019 337 2118 398 3819ῗᾶἶί
2119 338 2197 397 {iffa

102 424 263 467 tecum?
314 426 328 448 ‘³
351 423 405 463 Et
428 421 486 462 ait
507 419 645 461 David
668 420 719 460 ad
741 418 1001 459 Achimelech
1023 418 1294 458 sacerdotem:
1321 418 1408 457 Rex
1430 415 1624 470 praecepit
1644 415 1743 455 mihi
1765 428 2003 461 sermonem,

102 490 143 525 et
171 483 294 525 dixit:
325 482 453 522 Nemo
481 479 584 519 sciat
611 491 707 522 rem,
737 482 905 531 propter
932 490 1055 530 quam
1083 476 1229 516 missus
1258 489 1297 515 es
1327 488 1350 515 a
1376 488 1452 523 me,
1482 480 1523 515 et
1550 473 1776 515 cuiusmodi
1803 479 2007 527 praecepta

103 543 178 584 tibi
204 539 401 582 dederim:
428 551 524 579 nam
551 542 591 578 et
616 536 750 590 pueris
776 535 939 577 condixi
963 535 1005 575 in
1031 534 1145 575 illum
1171 539 1211 575 et
1236 533 1349 574 illum
1374 533 1520 574 locum.
1574 536 1589 557 ³
1615 533 1732 573 Nunc
1757 546 1849 586 ergo
1875 532 2007 586 siquid

104 602 227 643 habes
254 599 306 640 ad
331 610 512 642 manum,
546 595 611 636 Vel
637 594 817 648 quinque
843 608 980 648 panes,
1016 595 1069 634 da
1093 593 1205 637 mihi,
1242 598 1314 632 aut
1340 591 1539 645 quidquid
1565 591 1777 632 inveneris.
1831 594 1846 615 ⁴
1871 591 1925 632 Et
1951 604 2009 631 re-

106 658 309 713 spondens
330 656 515 697 sacerdos
537 655 587 695 ad
604 653 754 697 David.
770 653 828 694 ait
847 653 921 693 illi:
944 653 1035 693 Non
1055 652 1186 692 habeo
1206 651 1328 691 laicos
1348 664 1472 703 panes
1494 650 1545 690 ad
1564 663 1744 692 inanum.
1760 650 1829 690 sed
1844 654 2009 690 tantum

105 730 254 772 panem
275 720 482 757 sanctum:
505 713 537 754 si
557 712 700 753 mundi
720 717 817 753 sunt
836 711 962 765 pueri,
986 711 1162 751 maxime
1184 724 1208 750 a
1227 709 1486 749 mulieribus?
1535 710 1549 733 ⁵
1570 709 1625 748 Et
1645 708 1854 761 respondit
1874 708 2011 748 David

105 775 318 819 sacerdoti,
347 779 388 815 et
414 772 520 814 dixit
545 772 597 812 ei:
627 770 842 824 Equidem.
870 771 902 811 si
929 771 978 811 de
1004 769 1239 810 mulieribus
1267 768 1418 821 agitur:
1447 767 1722 808 continuimus
1750 780 1821 807 nos
1849 767 1900 807 ab
1927 767 2010 806 heri

106 840 148 876 et
176 831 485 881 nudiustertius,
519 831 683 884 quando
714 829 1030 883 egrediebamur.
1064 834 1104 869 et
1133 829 1300 868 fuerunt
1329 840 1429 867 vasa
1458 839 1675 879 puerorum
1706 830 1859 865 sancta.
1891 838 2010 878 porro

107 894 175 934 via
199 893 284 933 haec
308 890 467 945 polluta
492 894 564 934 est.
592 889 661 930 sed
686 893 728 929 et
752 888 840 942 ipsa
864 888 983 929 hodie
1008 886 1332 928 sanctificabitur
1358 885 1397 925 in
1423 885 1542 925 vasis.

215 953 230 975 ⁶
257 950 401 991 aDedit
422 962 514 1003 ergo
538 949 572 989 ei
594 948 779 989 sacerdos
802 946 1104 987 sanctificatum
1126 959 1286 999 panem.
1312 958 1442 997 neque
1466 943 1572 984 enim
1595 948 1682 984 erat
1704 942 1758 983 ibi
1780 942 1909 996 panis,
1934 942 2009 981 nisi
2026 950 2207 1004 efflemtfflffc

108 1015 273 1052 tantum
306 1022 431 1063 panes
464 1006 765 1062 propositionis,
803 1005 872 1059 qui
904 1005 1055 1046 sublati
1087 1005 1251 1045 fuerant
1284 1017 1307 1043 a
1339 1003 1440 1043 facie
1474 1002 1651 1046 Domini.
1688 1007 1734 1042 ut
1766 1005 2014 1055 ponerentur
2054 986 2066 1003 '¹
2091 986 2123 1003 ⁰³
2140 985 2198 1008 Μ’

108 1083 233 1124 panes
263 1066 392 1109 calidi.

217 1130 230 1151 ⁷
258 1127 360 1168 Erat
386 1131 525 1167 autem
552 1125 607 1165 ibi
634 1125 695 1164 vir
722 1123 888 1178 quidam
916 1124 964 1164 de
992 1122 1115 1164 servis
1143 1122 1250 1170 Saul,
1281 1121 1320 1161 in
1348 1121 1411 1162 die
1437 1120 1516 1165 illa,
1546 1120 1655 1160 intus
1682 1119 1723 1159 in
1750 1117 2013 1160 tabernaculo
2052 1118 2189 1181 prgggsste

109 1186 294 1228 Domini:
324 1191 365 1226 et
391 1198 540 1226 nomen
568 1184 651 1225 eius
679 1184 794 1236 Doeg
824 1182 1038 1227 ldumaeus,
1068 1180 1377 1235 potentissimus
1406 1185 1618 1233 pastorum
1646 1178 1752 1219 Saul.
2151 1172 2168 1183 ‘⁷

218 1247 233 1269 s
261 1244 380 1285 Dixit
410 1249 548 1284 autem
578 1242 716 1283 David
746 1242 798 1282 ad
827 1241 1104 1282 Achimelech:
1137 1240 1177 1281 Si
1207 1240 1331 1280 habes
1362 1238 1426 1278 hic
1457 1238 1508 1278 ad
1538 1250 1705 1277 manum
1736 1237 1911 1285 hastam,
1944 1242 2011 1276 aut
2034 1233 2207 1295 &Gffiffiigm

110 1304 315 1358 gladium?
349 1303 445 1357 quia
472 1302 653 1356 gladium
683 1314 832 1345 meum,
864 1306 905 1341 et
935 1313 1048 1340 arma
1076 1312 1168 1339 mea
1196 1312 1278 1339 non
1309 1297 1383 1338 tuli
1414 1310 1585 1338 mecum.
1617 1309 1747 1337 sermo
1779 1295 1885 1335 enim
1915 1294 2016 1347 regis
2153 1287 2155 1291 ’
2180 1288 2184 1293 ’

113 1364 295 1418 urgebat.
347 1364 362 1387 9
383 1362 439 1403 Et
459 1361 564 1402 dixit
584 1361 787 1401 sacerdos:
811 1360 914 1399 Ecce
935 1359 999 1399 hic
1018 1358 1175 1412 gladius
1197 1356 1362 1398 Goliath
1384 1355 1620 1399 Philisthaei,
1644 1368 1765 1409 quem
1785 1352 2019 1407 percussisti

111 1423 153 1464 in
173 1422 287 1463 Valle
306 1420 540 1465 terebinthi,
563 1425 625 1460 est
644 1418 853 1459 involutus
875 1417 996 1471 pallio
1017 1422 1111 1470 post
1131 1416 1283 1469 ephod:
1305 1415 1336 1456 si
1358 1415 1482 1455 istum
1504 1415 1563 1455 vis
1584 1414 1735 1457 tollere,
1758 1412 1865 1454 tolle.
1888 1425 2019 1465 neque

113 1482 220 1522 enim
240 1481 304 1521 hic
325 1484 388 1521 est
407 1479 507 1520 alius
529 1479 682 1532 absque
704 1491 761 1518 eo.
785 1477 840 1517 Et
860 1477 917 1517 ait
938 1477 1093 1516 David:
1118 1476 1209 1517 Non
1230 1480 1291 1515 est
1310 1474 1403 1515 huic
1425 1474 1527 1514 alter
1546 1472 1698 1515 similis.
1722 1472 1773 1512 da
1794 1471 1892 1512 mihi
1913 1484 2017 1512 eum.

450 1583 488 1623 9.
519 1581 663 1623 David
692 1582 736 1621 in
767 1580 903 1631 Geth,
935 1579 1162 1629 odollam,
1194 1578 1346 1629 Haret,
1374 1578 1440 1628 21,
1460 1578 1637 1628 10—22,
1657 1577 1696 1618 5.

220 1658 256 1679 ¹⁰
281 1654 465 1696 Surrexit
491 1653 630 1706 itaque
657 1652 806 1698 David.
837 1657 877 1693 et
903 1652 1007 1706 fugit
1035 1651 1075 1691 in
1103 1650 1166 1691 die
1194 1650 1263 1690 illa¹
1290 1663 1313 1690 a
1338 1649 1440 1690 facie
1467 1649 1581 1690 Saul:
1611 1654 1652 1690 et
1679 1648 1792 1689 venit
1819 1648 1871 1689 ad
1898 1647 2019 1687 Achis
2062 1645 2095 1670 1¹¹
2117 1644 2192 1669 ‘³2²¹'

115 1728 249 1769 regem
274 1713 399 1755 Geth:
455 1714 485 1736 11
511 1712 784 1765 dixeruntque
809 1711 913 1752 servi
939 1710 1061 1751 Aeliis
1089 1710 1140 1750 ad
1166 1723 1258 1750 eum
1285 1722 1376 1749 cum
1403 1708 1601 1749 vidissent
1626 1707 1781 1748 David:
1811 1705 2021 1759 Numquid
2035 1679 2218 1744 εὲῗῗζὲῗιῗιξι,

116 1787 198 1816 non
216 1773 292 1814 iste
312 1778 374 1813 est
391 1771 529 1812 David
548 1784 617 1812 rex
636 1771 777 1811 terrae?
798 1784 932 1811 nonne
953 1769 1044 1810 huie
1065 1768 1292 1809 cantabant
1311 1781 1381 1821 per
1400 1767 1554 1815 choros,
1576 1767 1773 1807 dicentes:
1800 1765 2021 1806 bPercussit

116 1832 213 1875 Saul
234 1831 354 1881 mille,
378 1836 419 1872 et
440 1830 576 1871 David
599 1830 737 1871 decem
760 1828 909 1870 millia?
960 1831 990 1853 ¹²
1013 1828 1155 1869 Posuit
1178 1832 1315 1868 autem
1338 1826 1474 1867 David
1496 1839 1698 1867 sermones
1721 1825 1820 1866 istos
1842 1824 1883 1865 in
1905 1824 2023 1865 corde

117 1906 202 1939 suo,
229 1896 271 1932 et
294 1889 488 1932 extimuit
511 1889 630 1930 valde
656 1903 679 1929 a.
702 1888 804 1929 facie
829 1887 951 1929 Aeliis
977 1887 1078 1937 rogis
1104 1886 1222 1928 Geth.
1278 1888 1308 1910 ¹3
1334 1886 1388 1926 Et
1412 1885 1652 1925 immutavit
1676 1898 1718 1925 os
1743 1897 1861 1924 suum
1887 1896 2023 1924 coram

117 1951 185 1996 eis.
207 1955 247 1991 et
266 1949 546 1991 collabebatur
564 1948 670 1989 inter
688 1961 832 1987 manus
852 1960 1009 1987 eorum:
1031 1952 1069 1986 et
1090 1945 1343 1999 impingebat
1361 1944 1402 1984 in
1422 1943 1526 1985 ostia
1544 1948 1683 1997 portae,
1705 1943 2024 1995 defluebantque

118 2009 255 2051 saliva}
276 2008 359 2049 eius
381 2008 423 2048 in
444 2008 626 2048 barbam.
679 2009 709 2030 11
732 2006 785 2047 Et
808 2006 863 2046 ait
886 2005 1008 2046 Achis
1031 2006 1082 2045 ad
1104 2017 1240 2045 servos
1262 2017 1373 2044 suos:
1398 2002 1565 2044 Vidistis
1588 2002 1793 2043 hominem
1816 2001 2023 2041 insanum:

121 2082 243 2123 quare
265 2066 494 2109 adduxistis
515 2079 607 2106 eum
628 2066 680 2106 ad
699 2065 788 2106 me?
837 2067 868 2089 ¹⁵
887 2064 951 2105 An
971 2064 1119 2104 desunt
1138 2063 1254 2104 nobis
1276 2062 1427 2104 furiosi.
1451 2061 1559 2114 quod
1581 2060 1865 2101 introduxistis
1885 2060 2023 2104 istum,

120 2133 167 2169 ut
194 2128 346 2168 fureret
372 2139 436 2166 me
464 2124 686 2179 praesente?
716 2123 870 2164 hiccine
899 2123 1147 2177 ingredietur
1175 2122 1342 2162 (1011111111
1370 2120 1528 2161 meam?

225 2186 289 2229 22.
319 2188 331 2209 1
343 2184 458 2225 Abiit
476 2197 568 2237 ergo
583 2183 719 2224 David
738 2182 843 2228 inde,
859 2188 900 2223 et
916 2182 1021 2233 fugit
1039 2182 1080 2222 in
1099 2181 1333 2234 speluncam
1349 2179 1549 2221 Odollam.
1573 2179 1691 2227 Quod
1706 2192 1797 2219 cum
1817 2177 2026 2219 audissent
2043 2175 2221 2243 iflpssjfflgg'

120 2246 266 2287 fratres
292 2244 388 2294 eius,
417 2248 458 2284 et
484 2243 614 2284 omnis
633 2243 777 2283 domus
796 2241 925 2295 patris
947 2241 1042 2287 eius,
1064 2240 1361 2281 descenderunt
1380 2239 1432 2279 ad
1453 2252 1544 2279 eum
1571 2237 1675 2278 illuc.
1724 2240 1738 2261 ²
1755 2237 1810 2277 Et
1830 2249 2027 2277 convene·
2068 2248 2197 2278 suscipit,

122 2310 218 2346 runt
237 2304 289 2345 ad
306 2316 399 2344 eum
418 2315 569 2351 omnes,
587 2301 655 2355 qui
673 2306 788 2342 erant
808 2301 849 2341 in
867 2300 1056 2354 angustia
1074 2298 1300 2340 constituti.
1320 2304 1359 2339 et
1378 2297 1558 2351 oppressi
1576 2310 1651 2337 aere
1670 2296 1811 2343 alieno,
1830 2301 1871 2336 et
1889 2308 2027 2336 amaro

123 2363 278 2404 animo:
310 2368 352 2403 et
374 2362 508 2402 factus
534 2366 595 2402 est
620 2373 757 2401 eorum
789 2360 987 2413 princepS‚
1019 2359 1266 2411 fueruntque
1291 2370 1383 2397 cum
1409 2370 1454 2397 eo
1481 2355 1596 2410 quasi
1622 2354 1910 2409 quadringenti
1939 2353 2027 2394 viri.

228 2425 243 2447 ³
270 2421 326 2462 Et
352 2421 558 2475 profectus
587 2425 648 2460 est
674 2418 811 2460 David
839 2419 931 2459 inde
960 2418 1000 2458 in
1028 2417 1212 2470 Maspha,
1243 2429 1333 2470 quae
1360 2421 1421 2456 est
1448 2416 1588 2456 Moab:
1618 2419 1658 2455 et
1685 2413 1790 2455 dixit
1818 2414 1869 2454 ad
1896 2426 2029 2467 regem
2051 2411 2222 2472 etp‘gffiffim

124 2481 264 2523 Moab:
297 2481 476 2527 Maneat,
510 2492 591 2525 oro,
624 2484 742 2532 pater
772 2491 884 2518 meus
916 2482 957 2518 et
987 2482 1119 2517 mater
1148 2489 1239 2516 mea
1270 2475 1494 2519 vobiscum.
1528 2474 1657 2515 donec
1687 2472 1811 2513 sciam
1844 2471 1942 2526 quid
1972 2472 2030 2512 fa·
2069 2481 2097 2506 in
2118 2481 2204 2521 Mpab

126 2540 207 2581 ciat
236 2539 336 2580 mihi
365 2539 488 2580 Deus.
546 2540 562 2562 1
591 2537 648 2578 Et
675 2537 839 2591 reliquit
869 2550 935 2577 eos
966 2542 1061 2577 ante
1091 2534 1236 2576 faciem
1266 2534 1368 2588 regis
1399 2533 1538 2574 Moab:
1572 2536 1890 2585 manseruntque
1922 2531 2031 2584 apud
2092 2517 2181 2546 (ΜΨ

126 2612 218 2640 911111
250 2598 406 2639 cunctis
437 2597 592 2646 diebus,
626 2596 772 2650 quibus
802 2595 939 2636 David
970 2595 1048 2635 fuit
1079 2594 1119 2634 in
1149 2593 1347 2647 praesidio.

231 2660 247 2682 ⁵
271 2657 470 2710 Dixitque
495 2656 585 2697 Gad
611 2655 814 2709 propheta
839 2655 891 2695 ad
916 2653 1071 2694 David:
1100 2653 1193 2694 Noli
1217 2665 1380 2693 manere
1407 2651 1447 2691 in
1475 2650 1672 2705 praesidio,
1700 2649 1963 2704 proficiscere,
1992 2653 2033 2689 et
2067 2645 2096 2671 111
2117 2645 2209 2670 Ham

127 2717 232 2758 vade
258 2716 300 2757 in
329 2716 494 2757 Terram
524 2715 638 2756 Iuda.
669 2714 725 2755 Et
751 2714 958 2767 profectus
986 2718 1047 2753 est
1073 2711 1223 2758 David,
1254 2717 1294 2752 et
1322 2710 1436 2751 venit
1462 2710 1503 2750 in
1531 2709 1682 2751 saltum
1711 2708 1852 2749 Haret.
2094 2681 2182 2706 mm.

564 2819 630 2858 10.
661 2817 770 2859 Saul
801 2817 1026 2858 civitatem
1058 2816 1182 2857 Nobe
1212 2816 1345 2866 delet,
1374 2815 1440 2865 22,
1459 2814 1610 2854 6—23.

234 2893 251 2916 θ
267 2891 323 2932 Et
343 2889 503 2931 audivit
521 2888 618 2930 Saul
636 2888 745 2942 quod
766 2887 1022 2943 apparuisset
1041 2886 1190 2936 David,
1212 2891 1254 2927 et
1272 2885 1348 2926 viri
1367 2885 1436 2938 qui
1457 2889 1572 2925 erant
1592 2896 1684 2924 cum
1702 2896 1760 2923 eo.
1780 2881 1876 2923 Saul
1897 2886 2035 2923 autem
2054 2883 2241 2946 L211r¹g¹²it³sst¹

128 2963 221 2992 cum
249 2954 434 2990 maneret
461 2948 503 2989 in
529 2948 684 2997 Gabaa,
716 2952 758 2988 et
786 2952 892 2987 esset
920 2946 961 2987 in
990 2958 1173 2994 nemore,
1214 2945 1324 2999 quod
1359 2949 1420 2985 est
1454 2943 1495 2983 in
1524 2943 1675 2991 Rama,
1713 2941 1875 2982 hastam
1911 2953 2035 2981 manu
2138 2927 2155 2952 g

129 3015 283 3056 tenens,
305 3007 522 3061 cunctique
541 3006 647 3047 servi
664 3005 747 3048 eius
767 3006 1080 3046 circumstarent
1098 3018 1202 3053 eum,
1253 3005 1266 3027 ⁷
1286 3003 1345 3044 ait
1363 3003 1415 3043 ad
1434 3015 1570 3043 servos
1589 3014 1681 3042 suos
1702 3000 1771 3054 qui
1789 3000 2037 3041 assistebant

129 3068 182 3109 ei:
201 3067 353 3108 Audite
371 3079 480 3107 nunc
496 3065 568 3106 filii
587 3065 749 3106 Iemini:
770 3064 971 3118 numquid
990 3063 1178 3105 omnibus
1197 3061 1314 3104 vobis
1333 3061 1450 3102 dabit
1468 3060 1572 3100 filius
1592 3059 1671 3100 Isai
1691 3072 1805 3113 agros
1825 3064 1865 3100 et
1883 3058 2036 3104 vineas,

129 3131 171 3168 et
201 3126 411 3167 universos
445 3138 517 3166 Vos
550 3124 674 3165 faciet
704 3123 904 3169 tribunos
940 3128 980 3163 et
1013 3122 1287 3163 centuriones:
1352 3122 1367 3144 ⁸
1397 3119 1590 3173 quoniam
1624 3118 1865 3159 coniurastis
1900 3130 2037 3159 omnes

129 3186 347 3227 adversum
376 3198 452 3230 me,
484 3188 525 3224 et
552 3196 634 3224 non
663 3188 724 3224 est
754 3182 822 3236 qui
851 3182 950 3222 mihi
978 3181 1201 3230 renunciet,
1232 3179 1410 3220 maxime
1439 3191 1531 3219 cum
1561 3182 1601 3218 et
1630 3177 1733 3218 filius
1763 3190 1875 3217 meus
1904 3176 2037 3216 foedus

128 3244 265 3285 inierit
287 3257 380 3284 cum
402 3242 484 3284 filio
509 3241 613 3283 Isai?
639 3242 731 3283 Non
754 3246 816 3282 est
840 3240 909 3294 qui
932 3240 1061 3281 vicem
1085 3253 1219 3281 meam
1242 3239 1380 3280 doleat
1403 3251 1452 3278 ex
1475 3236 1603 3280 Vobis,
1630 3250 1702 3277 nec
1727 3235 1795 3289 qui
1818 3233 2039 3276 annunciet

129 3303 247 3344 mihi:
280 3316 325 3344 eo
356 3302 466 3356 quod
494 3300 755 3342 suscitaverit
783 3299 889 3341 filius
918 3312 1031 3340 meus
1061 3312 1225 3340 servum
1253 3310 1391 3338 meum
1422 3296 1640 3337 adversum
1669 3308 1745 3343 me,
1776 3293 2038 3334 insidiantem

129 3361 229 3402 mihi
252 3375 379 3415 usque
402 3360 533 3402 hodie.

261 3475 315 3517 21,
339 3476 359 3509 6
385 3475 456 3509 aMt
480 3476 532 3515 12,
557 3475 587 3508 3.
614 3495 656 3498 —
681 3475 719 3508 11
745 3473 836 3518 bSup
861 3473 913 3514 18,
939 3474 974 3513 7;
1000 3473 1053 3507 Sir
1076 3473 1129 3513 47,
1154 3472 1186 3506 7.
