2356 3760
133 135 165 174 4,
190 133 311 174 -23-6,
335 133 356 166 3
998 130 1149 165 exon}
1979 139 2029 178 49

133 227 350 268 Dominus:
386 226 509 266 Filius
542 238 654 264 meus
687 224 978 277 primogenitus
1013 225 1146 266 Israel.
1207 227 1239 249 ‘²³
1271 225 1365 265 Dixi
1400 225 1491 265 tibi:
1526 226 1698 266 Dimitte
1734 229 1859 269 filium
1893 244 2029 271 meum

133 291 181 326 ut
202 285 353 326 serviat
374 284 491 332 mihi;
514 288 555 323 et
576 282 740 323 noluisti
763 283 966 323 dimittere
989 297 1099 323 eum:
1123 296 1211 324 ecce
1234 296 1305 336 ego
1327 284 1569 323 interficiam
1595 284 1721 324 filium
1743 292 1858 327 tuum
1882 289 2030 341 primo-

133 344 328 397 genitum.
380 345 411 367 ²4
433 342 615 394 Cumque
639 347 743 381 esset.
765 342 805 381 111
829 341 982 385 itinere,
1008 342 1048 382 in
1072 342 1290 382 diversorio
1314 343 1487 382 occurrit
1510 343 1543 382 ei
1566 343 1778 391 Dominus,
1804 350 1844 385 et
1866 346 2030 388 volebat

132 403 311 443 occidere
328 414 432 441 eum.
477 402 509 424 25
527 399 638 440 Tulit
654 399 758 440 illico
776 400 953 453 Sephora
974 400 1251 441 acutissimam
1268 405 1439 453 petram.
1459 406 1500 441 et
1517 401 1768 442 circumcidit
1785 405 2029 456 praeputium

134 461 204 501 filii
227 461 298 505 sui,
322 459 538 512 tetigitque
560 459 682 511 pedes
704 458 799 505 eius,
824 463 866 499 et
887 458 962 499 ait:
986 459 1165 511 Sponsus
1188 459 1428 511 sanguinum
1452 464 1497 499 tu
1520 459 1618 499 mihi
1641 474 1692 501 es.
1743 462 1778 485 2ss
1800 461 1855 501 Et
1877 462 2030 503 dimisit

132 533 223 561 eum
253 523 472 571 postquam
502 516 680 557 dixerat:
710 517 889 570 Sponsus
919 517 1161 570 sanguinum
1191 518 1242 558 ob
1272 517 1628 559 circumcisionem.

235 579 268 601 ²⁷
300 576 418 618 Dixit
449 581 586 616 autem
617 575 817 616 Dominus
850 576 901 616 ad
932 576 1086 616 Aaron:
1120 576 1232 616 Vade
1264 576 1305 616 in
1337 589 1547 616 occursum
1578 577 1707 630 Moysi
1740 578 1780 618 in
1812 579 2027 620 desertum.
2064 589 2205 628 Aaroywm

131 636 207 684 Qui
225 636 403 689 perrexit
420 634 583 675 obviam
602 634 635 674 ei
653 634 694 674 in
711 634 893 674 Mentem
910 634 998 677 Dei.
1019 639 1059 675 et
1076 634 1280 675 osculatus
1298 639 1359 675 est
1376 648 1480 676 eum.
1526 636 1561 659 ²8
1580 636 1851 689 Narravitque
1869 637 2028 691 Moyses
2077 624 2191 686 ‘Jfssffissssl'f

129 695 265 735 Aaron
290 694 426 735 onmia
450 693 574 733 verba
597 693 762 733 Domini
788 693 933 746 quibus
959 693 1124 733 miserat
1148 707 1251 739 eum.
1279 697 1320 733 et
1343 693 1457 745 signa
1482 707 1570 747 quae
1595 695 1874 737 mandaverat.

233 755 269 777 2⁹
305 752 593 805 Veneruntque
630 751 760 796 simul,
801 756 841 791 et
878 757 1224 805 congregaverunt
1262 757 1427 792 cunctos
1466 753 1638 793 seniores
1679 752 1853 793 filiorum
1891 755 2024 796 Israel.
2051 769 2067 786 a
2089 762 2214 821 filiislk-

128 814 165 836 30
190 812 449 864 Locutusque
477 815 537 850 est
563 810 699 850 Aaron
727 810 861 850 omnia
889 811 1014 851 verba
1042 824 1130 864 quae
1158 811 1317 851 dixerat
1343 811 1542 851 Dominus
1571 811 1622 851 ad
1649 812 1834 865 Moysen:
1865 818 1905 853 et
1931 814 2025 854 fecit
2057 804 2203 858 matins.

129 870 243 921 signa
263 882 397 910 coram
418 869 580 923 populo.
630 871 661 893 31
682 873 723 909 01
744 869 914 909 credidit
934 869 1119 922 populus.
1142 870 1452 922 Audieruntque
1475 870 1583 923 quod
1604 869 1810 911 visitasset
1830 872 2028 913 Dominus

131 922 231 970 filios
262 927 394 977 Israel,
425 933 466 969 et
494 928 603 982 quod
630 927 871 980 respexisset
898 927 1163 968 afflictionem
1192 928 1368 969 illorum:
1399 933 1440 968 et
1466 928 1582 981 proni
1611 929 1897 971 adoraverunt.

612 1031 667 1085 A.
699 1030 1002 1084 Contemptus
1032 1029 1299 1081 Pharaonis,
1327 1031 1366 1082 5,
1384 1032 1529 1072 1—23.

231 1098 269 1140 5.
323 1099 338 1123 1
369 1097 469 1137 Post
499 1097 583 1138 haec
615 1097 778 1147 ingressi
811 1102 906 1137 sunt
937 1098 1095 1150 Moyses
1128 1103 1169 1137 et
1200 1097 1347 1145 Aaron,
1382 1102 1423 1138 et
1454 1098 1645 1138 dixerunt
1675 1098 1895 1140 Phara-oni:
1932 1100 2027 1141 Haec
2078 1108 2190 1134 Pharao

128 1157 226 1197 dicit
250 1156 450 1197 Dominus
475 1156 585 1196 Deus
614 1149 753 1196 Israel:
781 1156 954 1197 Dimitte
981 1156 1177 1209 populum
1204 1169 1339 1196 meum
1366 1162 1413 1196 ut
1438 1156 1638 1197 sacrificet
1664 1157 1760 1197 mihi
1787 1158 1827 1198 111
1854 1159 2022 1200 deserto.
2046 1144 2214 1209 ssssnffliss',

126 1217 142 1239 2
164 1215 221 1256 At
244 1214 309 1255 ille
332 1215 559 1267 respondit:
587 1215 684 1263 Quis
710 1219 770 1255 est
793 1215 1005 1258 Dominus.
1033 1220 1080 1255 ut
1105 1214 1267 1255 audiam
1293 1228 1433 1255 vocem
1460 1215 1554 1259 eius.
1582 1220 1623 1255 et
1647 1215 1853 1256 dimittam
1881 1217 2027 1259 Israel?

126 1274 259 1315 nescio
277 1274 512 1318 Dominum.
533 1279 574 1314 et
593 1273 715 1314 lsrael
733 1287 813 1314 non
832 1274 1051 1315 dimittam.
1097 1276 1112 1298 ³
1129 1274 1431 1327 Dixeruntque:
1451 1274 1560 1314 Deus
1581 1274 1844 1315 Hebraeorum
1863 1278 2029 1317 vocavit

127 1346 210 1381 nos,
245 1337 292 1373 ut
323 1346 461 1373 eamus
493 1332 601 1372 viam
635 1332 758 1372 trium
791 1332 946 1373 dierum
978 1333 1017 1372 in
1051 1332 1323 1378 solitudinem,
1358 1338 1399 1372 et
1430 1332 1700 1373 sacrificemus
1733 1334 1908 1375 Domino
1941 1335 2027 1376 Deo

126 1396 283 1432 nostro:
308 1405 357 1431 ne
381 1392 485 1432 forte
509 1391 667 1431 accidat
690 1391 805 1431 nobis
831 1391 954 1443 pestis
979 1396 1051 1431 aut
1074 1390 1241 1443 gladius.
1294 1393 1308 1415 1
1333 1391 1403 1431 Α11
1426 1392 1477 1431 ad
1502 1405 1567 1432 eos
1591 1405 1661 1432 rex
1685 1392 1870 1445 [Egyptit
1897 1394 2029 1441 Quare

126 1450 284 1503 Moyses
300 1455 341 1490 et
354 1450 490 1490 Aaron
506 1449 716 1490 solicitatis
733 1449 928 1502 populum
945 1450 995 1490 ab
1012 1450 1198 1502 operibus
1215 1450 1320 1490 suis?
1337 1450 1391 1490 ite
1408 1450 1459 1490 ad
1475 1463 1596 1491 onera
1611 1455 1758 1492 vestra.
1801 1453 1816 1475 ⁵
1832 1452 2028 1506 Dixitque

125 1509 302 1549 Pharao:
332 1507 484 1548 Multus
513 1513 574 1548 est
600 1508 773 1561 populus
802 1514 935 1549 terrae:
964 1509 1111 1549 videtis
1141 1509 1249 1562 quod
1278 1509 1400 1549 turba
1426 1510 1686 1550 succreverit:
1718 1516 1872 1563 quanto
1900 1511 2027 1566 magis

125 1567 157 1607 si
186 1567 377 1608 dederitis
407 1567 462 1607 eis
491 1567 669 1620 requiem
700 1568 751 1608 ab
782 1568 993 1620 operibus?

232 1627 247 1649 ⁶
277 1626 474 1679 Praecepit
506 1639 596 1679 ergo
628 1626 668 1666 in
701 1626 764 1666 die
796 1626 861 1666 illo
894 1627 1092 1679 przefectis
1125 1639 1290 1679 operum
1324 1632 1365 1667 et
1396 1627 1652 1668 exactoribus
1684 1627 1835 1680 populi,
1870 1629 2023 1670 dicens:
2106 1641 2156 1665 sed

127 1686 141 1708 ⁷
168 1685 439 1738 Nequaquam
465 1684 569 1725 ultra
597 1685 746 1725 dabitis
772 1685 907 1738 paleas
934 1685 1084 1738 populo
1111 1686 1161 1725 ad
1188 1685 1459 1726 conficiendos
1485 1685 1641 1730 lateres.
1670 1687 1775 1727 sicut
1800 1687 1927 1740 prius:
1955 1689 2025 1729 sed
2060 1676 2200 1740 ''gf'ffliffl'

124 1743 199 1796 ipsi
223 1743 391 1792 vadant,
418 1748 459 1785 et
483 1743 673 1797 colligant
698 1744 878 1797 stipulas.
935 1745 949 1767 8
974 1744 1029 1784 Et
1054 1757 1282 1785 mensuram
1309 1744 1494 1794 laterum,
1523 1759 1645 1798 quam
1671 1746 1780 1798 prius
1804 1746 2022 1795 iaciebant,
2058 1749 2205 1778 Oppfifflm

125 1802 341 1855 imponetis
365 1815 484 1855 super
505 1816 583 1847 eos,
610 1816 680 1843 nec
704 1802 894 1843 minuetis
920 1803 1162 1856 quidquam:
1188 1808 1338 1843 vacant
1361 1804 1478 1847 enim.
1505 1810 1545 1844 et
1567 1804 1713 1845 idcirco
1738 1805 2023 1853 vociferantur,

125 1861 320 1901 dicentes:
344 1861 509 1910 Eamus,
533 1867 574 1901 et
595 1861 866 1902 sacrificemus
888 1862 973 1902 Deo
996 1867 1145 1903 nostro.
1198 1864 1214 1886 9
1235 1862 1531 1915 Opprimantur
1552 1863 1749 1916 operibus,
1774 1869 1815 1904 et
1835 1864 2027 1917 expleant

124 1933 189 1960 ea:
220 1925 267 1960 ut
295 1933 375 1960 non
404 1920 664 1973 acquiescant
694 1921 825 1960 verbis
856 1921 1129 1961 mendacibus.
1188 1923 1223 1944 ¹⁰
1253 1921 1381 1970 igitur
1409 1922 1552 1974 egressi
1582 1922 1759 1974 praefecti
1789 1935 1955 1975 operum
1985 1927 2026 1964 et

124 1983 342 2025 exactores,
375 1978 427 2019 ad
454 1979 648 2031 populum
679 1979 886 2019 dixerunt:
917 1979 981 2020 Sic
1009 1980 1107 2020 dicit
1134 1980 1311 2019 Pharao:
1345 1980 1434 2020 Non
1463 1981 1513 2020 do
1543 1981 1657 2021 vobis
1686 1980 1839 2034 paleas:
1896 1983 1927 2006 11
1955 1982 2022 2030 ite,

124 2042 165 2077 et
199 2036 372 2090 colligite
407 2037 533 2077 sicubi
569 2037 747 2077 invenire
782 2037 979 2090 poteritis,
1031 2051 1103 2078 nec
1138 2038 1344 2078 minuetur
1379 2039 1602 2091 quidquam
1638 2039 1686 2079 de
1722 2052 1840 2092 opere
1875 2045 2021 2081 vestro.

124 2097 155 2119 ¹2
187 2095 482 2148 Dispersusque
516 2100 577 2136 est
610 2095 781 2149 populus
816 2109 886 2149 per
919 2109 1080 2137 omnem
1115 2097 1278 2136 Terram
1313 2097 1479 2150 AEgypti
1514 2098 1565 2137 ad
1599 2097 1840 2151 colligendas
1874 2099 2022 2152 paleas,

123 2156 154 2178 ¹³
180 2154 365 2195 Praefecti
393 2167 553 2207 quoque
581 2168 747 2207 operum
774 2155 997 2199 instabant,
1027 2155 1224 2195 dicentes:
1253 2155 1461 2209 Complete
1489 2169 1589 2209 opus
1618 2161 1799 2197 vestrum
1828 2158 2021 2211 quotidie,

122 2216 169 2253 ut
194 2213 304 2265 prius
329 2213 460 2253 facere
486 2212 676 2254 solebatis
704 2214 867 2266 quando
894 2214 1101 2255 dabantur
1125 2214 1240 2255 vobis
1268 2214 1403 2268 paleae.
1458 2217 1490 2239 1⁴
1516 2215 1806 2269 Flagellatique
1833 2222 1929 2257 sunt
1955 2216 2023 2270 qui

122 2276 323 2324 praeerant
356 2272 543 2325 operibus
581 2271 753 2312 filiorum
791 2272 923 2315 lsrael.
961 2274 1012 2313 ab
1047 2273 1303 2314 exactoribus
1337 2273 1572 2319 Pharaonis,
1609 2274 1854 2315 dicentibus:
1891 2276 2024 2324 Quare

122 2343 204 2371 non
228 2330 404 2383 impletis
430 2344 661 2371 mensuram
686 2331 859 2371 laterum
885 2332 990 2372 sicut
1015 2332 1136 2385 prius,
1164 2345 1236 2373 nec
1262 2332 1356 2377 heri,
1385 2346 1457 2373 1100
1482 2333 1625 2374 hodie?
1679 2335 1709 2358 15
1735 2333 2024 2388 Veneruntque

122 2389 327 2442 praepositi
358 2389 532 2430 filiorum
562 2389 696 2434 Israel.
727 2396 768 2430 et
795 2391 1004 2431 vociferati
1034 2396 1130 2431 sunt
1158 2391 1209 2432 ad
1237 2391 1492 2432 Pharaonem
1521 2392 1717 2432 dicentes:
1747 2392 1827 2433 Cur
1854 2393 1913 2433 ita
1940 2394 2023 2447 agis

122 2452 264 2488 contra
292 2461 427 2488 servos
456 2448 572 2489 tuos?
629 2450 664 2473 ¹⁶
692 2448 822 2489 Paleae
851 2462 931 2490 non
961 2449 1112 2490 dantur
1140 2450 1266 2499 nobis,
1299 2455 1339 2491 et
1366 2450 1511 2491 lateres
1541 2450 1723 2491 similiter
1750 2451 2021 2505 imperantur:

121 2519 171 2547 en
198 2505 341 2546 famuli
370 2506 431 2547 tui
463 2507 627 2561 flagellis
657 2508 858 2553 caedimur,
891 2513 932 2549 et
959 2508 1106 2549 iniuste
1136 2509 1270 2562 agitur
1298 2514 1439 2549 contra
1467 2509 1664 2563 populum
1694 2514 1823 2551 tuum.
1882 2512 1915 2534 1⁷
1945 2511 2022 2559 Qui

122 2565 197 2605 ait:
226 2565 390 2605 Vacatis
418 2566 512 2611 otio,
542 2571 583 2606 et
608 2567 755 2607 idcirco
782 2567 933 2608 dicitis:
962 2567 1127 2615 Eamus,
1156 2573 1197 2608 et
1223 2568 1494 2609 sacrificemus
1520 2569 1709 2610 Domino.
1765 2570 1800 2593 1⁸
1828 2569 1889 2610 Ite
1916 2583 2019 2623 ergo,

121 2628 162 2664 et
184 2624 422 2676 operamini:
446 2624 571 2677 paleae
592 2638 673 2666 non
695 2625 904 2666 dabuntur
924 2627 1051 2675 vobis,
1076 2630 1117 2667 et
1137 2627 1314 2667 reddetis
1336 2633 1575 2668 consuetum
1598 2640 1811 2668 numerum
1832 2627 2018 2669 laterum.

121 2684 156 2707 1⁹
185 2682 470 2736 Videbantque
499 2696 540 2724 se
568 2684 773 2737 praepositi
806 2684 979 2725 filiorum
1011 2685 1132 2726 Israel
1161 2685 1202 2726 in
1232 2685 1350 2733 malo,
1382 2699 1427 2727 eo
1459 2686 1568 2739 quod
1597 2686 1797 2727 diceretur
1825 2687 1897 2727 eis:
1931 2688 2021 2728 Non

121 2741 328 2782 minuetur
357 2742 581 2795 quidquam
611 2743 659 2783 de
688 2742 881 2784 lateribus
911 2756 982 2797 per
1009 2744 1185 2797 singulos
1215 2745 1310 2786 dies.

225 2801 261 2823 ‘²⁰
295 2799 645 2855 Occurreruntque
681 2802 810 2855 Moysi
846 2807 888 2843 et
921 2802 1069 2849 Aaron,
1109 2803 1176 2856 qui
1212 2804 1381 2844 stabant
1416 2817 1465 2845 ex
1500 2804 1681 2851 adverso,
1720 2804 2016 2857 egredientibus
2032 2805 2116 2864 ⁶12¹}ssss
2120 2804 2213 2865 ξῒζξξῗ

121 2871 145 2898 a
171 2858 400 2899 Pharaone:
456 2861 487 2884 '21
515 2865 556 2901 et
583 2861 774 2901 dixerunt
801 2861 852 2902 ad
880 2874 964 2902 eos:
994 2861 1142 2903 Videat
1168 2862 1367 2903 Dominus
1396 2867 1437 2904 et
1463 2862 1624 2911 iudicet,
1656 2863 1849 2915 quoniam
1875 2863 2017 2905 foetere
2053 2857 2057 2864 ‘
2094 2878 2150 2901 tur.

120 2917 271 2957 fecistis
299 2918 462 2959 odorem
489 2924 674 2959 nostrum
700 2932 836 2960 coram
862 2920 1073 2961 Pha-raone
1101 2925 1142 2962 et
1167 2921 1291 2962 servis
1319 2922 1413 2969 eius,
1443 2926 1484 2962 et
1510 2921 1738 2975 praebuistis
1766 2921 1800 2962 ei
1825 2921 2017 2975 gladium,

122 2979 169 3016 ut
197 2975 396 3017 occideret
423 2990 507 3018 nos.
564 2979 596 3002 22
626 2978 907 3032 Reversusque
936 2984 997 3019 est
1024 2979 1183 3033 Moyses
1213 2980 1265 3020 ad
1293 2980 1527 3029 Dominum,
1559 2984 1600 3020 et
1628 2979 1703 3020 ait:
1734 2980 1919 3028 Domine,
1951 2994 2022 3022 cur

122 3033 306 3074 afflixisti
329 3035 526 3088 populum
550 3036 699 3077 istum?
726 3049 849 3090 quare
873 3037 1017 3078 misisti
1041 3038 1129 3079 me?
1181 3040 1213 3063 ‘2³
1237 3038 1301 3079 Ex
1325 3052 1370 3080 eo
1396 3039 1502 3080 enim
1527 3051 1606 3092 quo
1630 3038 1829 3092 ingressus
1854 3053 1943 3080 sum
1968 3040 2020 3081 ad

122 3092 377 3134 Pharaonem
398 3099 446 3135 ut
464 3094 649 3148 loquerer
668 3095 710 3135 in
731 3095 892 3136 nomine
915 3100 998 3141 tuo,
1024 3096 1174 3137 afflixit
1194 3097 1391 3150 populum
1413 3103 1549 3138 tuum:
1573 3102 1615 3138 et
1635 3110 1716 3138 non
1737 3097 1917 3139 liberasti
1939 3112 2016 3140 eos.

623 3197 661 3238 5.
690 3198 853 3239 lterata
881 3199 1041 3240 missio
1071 3199 1236 3250 divina,
1264 3200 1303 3251 6,
1322 3200 1441 3251 1—7,
1460 3200 1525 3240 13.

225 3262 263 3304 6.
318 3264 332 3286 1
351 3261 548 3315 Dixitque
568 3262 767 3304 Dominus
789 3264 841 3305 ad
861 3264 1047 3318 Moysen:
1071 3266 1189 3306 Nunc
1210 3266 1364 3307 videbis
1388 3279 1476 3320 quae
1496 3267 1677 3307 facturus
1698 3266 1774 3307 sim
1794 3266 2014 3307 Pharaoni:
2064 3266 2177 3295 ³10sz

122 3333 192 3373 per
213 3334 381 3361 manum
403 3321 510 3362 enim
531 3321 679 3361 fortem
701 3322 883 3363 dimittet
904 3337 982 3369 eos.
1007 3329 1049 3364 et
1069 3323 1110 3364 in
1133 3338 1257 3365 manu
1279 3325 1447 3366 robusta
1469 3325 1599 3366 eiiciet
1620 3324 1707 3366 illos
1730 3325 1778 3365 de
1801 3329 1908 3365 terra
1930 3338 2012 3365 sua.
2042 3302 2072 3326 et
2092 3300 2197 3329 ΛΜΨ

122 3381 137 3403 2
162 3379 421 3432 Locutusque
447 3384 508 3420 est
531 3379 731 3420 Dominus
757 3381 809 3421 ad
833 3382 1001 3435 Moysen
1027 3381 1180 3423 dicens:
1208 3384 1293 3437 Ego
1322 3384 1521 3424 Dominus
1561 3386 1577 3408 3
1603 3383 1670 3437 qui
1697 3383 1866 3436 apparui
1890 3383 2017 3423 Abra-

123 3438 231 3486 ham,
258 3438 383 3486 Isaac,
409 3442 449 3479 et
473 3438 595 3479 Iacob
617 3438 658 3478 in
680 3438 767 3480 Deo
791 3440 1087 3493 omnipotente:
1112 3447 1152 3483 et
1174 3455 1321 3483 nomen
1344 3455 1479 3483 meum
1502 3442 1716 3484 ADONAI
1739 3454 1819 3482 non
1841 3440 2015 3482 indicavi

190 3511 439 3543 Hetzenauer,
462 3511 591 3543 Vulgata
612 3513 805 3539 clementina.
1789 3510 1812 3548 4
