2356 3760
157 1434 263 1464 Capita

148 1471 274 1495 fontium

150 1506 273 1530 obturat

133 1544 162 1567 et
183 1542 287 1566 eivita-

120 1580 178 1601 tem
196 1578 301 1602 munit.

111 2434 305 2465 blasphemias

168 2470 256 2501 legati

124 2507 192 2537 regii
209 2506 301 2536 audit,

318 157 395 197 394
1158 157 1303 192 LIBER
1329 159 1376 193 11.
1937 165 1996 199 31
2023 166 2164 206 14-36,
2193 169 2231 200 17

318 253 359 289 et
390 249 573 293 Mahath,
608 255 644 290 et
682 250 869 292 Banaias.
903 251 1109 303 praepositi
1141 252 1216 292 sub
1247 252 1438 293 manibus
1468 253 1697 300 (fithonefliae,
1729 261 1770 296 et
1800 256 1931 298 Semei
1962 259 2102 301 fratris
2132 260 2227 305 eius,

319 321 367 348 ex
385 308 553 362 imperio
567 308 751 349 Ezechize
770 309 870 356 regis
889 314 929 349 et
942 309 1099 350 Azariae
1116 311 1319 363 pontificis
1337 311 1482 352 domus
1500 312 1587 361 Dei,
1604 313 1656 353 ad
1675 327 1776 366 quos
1795 315 1933 356 omnia
1949 319 2226 369 pertinebant.

319 368 350 391 ¹⁴
378 367 476 408 Core
504 381 598 407 vero
630 367 732 407 lilius
764 367 904 407 lemna
931 368 1094 408 Levites
1122 374 1161 410 et
1191 369 1339 410 ianitor
1366 370 1583 411 Orientalis
1612 377 1751 425 portae,
1783 375 2023 427 praepositus
2052 382 2139 418 erat
2168 378 2226 426 iis,

319 438 409 479 qua)
432 432 576 479 sponte
600 426 877 466 offerebantur
899 427 1088 475 Domino,
1114 428 1383 481 primitiisque
1406 434 1448 469 et
1470 431 1715 471 consecratis
1737 431 1777 471 in
1800 432 1954 474 Sancta
1975 440 2224 478 sanctorum.

319 486 350 508 ¹⁵
381 485 435 525 Et
466 485 541 525 sub
573 497 666 525 cura
700 485 784 524 eius
818 484 942 529 Edon.
976 491 1017 526 et
1049 486 1274 531 Beniamin,
1310 487 1437 531 lesue,
1469 493 1507 528 et
1539 489 1728 536 Semeias,
1761 490 1948 532 Amarias
1979 506 2155 546 quoque,
2187 501 2227 535 et

317 544 532 583 Sechenias
563 543 602 583 in
634 543 872 583 civitatibus
902 545 1167 586 Sacerdotum
1200 550 1247 585 ut
1278 546 1451 586 fideliter
1479 547 1769 589 distribuerent
1798 550 1993 591 fratribus
2024 552 2105 592 suis
2137 565 2227 605 par-

319 609 391 652 tes,
426 602 649 643 minoribus
680 607 805 655 atque
837 603 1075 644 maioribus:
1139 606 1170 627 ¹⁶
1201 604 1380 657 exceptis
1412 605 1592 646 maribus
1624 607 1677 647 ab
1708 607 1824 648 annis
1855 609 1984 650 tribus
2016 615 2058 651 et
2089 623 2225 664 supra,

318 661 474 701 cunctis
506 661 574 714 qui
606 661 938 714 ingrediebantur
969 662 1166 715 templum
1198 663 1375 707 Domini,
1409 669 1450 704 et
1481 664 1681 718 quidquid
1711 679 1781 719 per
1811 667 1988 719 singulos
2019 669 2102 710 dies
2134 683 2228 711 con-

316 719 495 760 ducebat
515 720 556 760 in
577 720 811 766 ministerio,
835 725 958 774 atque
979 721 1333 763 observationibus
1355 722 1471 763 iuxta
1491 723 1707 765 divisiones
1727 738 1832 772 suas.
1880 718 1917 750 ¹⁷
1936 727 2227 769 Sacerdotibus

318 791 388 831 per
405 778 590 824 familias,
610 785 649 819 et
668 779 821 819 Levitis
839 793 862 819 a
880 780 1071 833 vigesimo
1090 793 1196 821 anno
1214 786 1254 821 et
1271 794 1405 834 supra,
1425 794 1497 834 per
1511 782 1672 823 ordines
1694 788 1735 824 et
1757 789 1912 825 turmas
1937 799 2042 834 suas,
2088 788 2122 811 ¹⁸
2141 787 2228 827 uni-

320 850 524 891 versaeque
551 838 806 879 multitudini
834 844 918 879 tam
946 839 1152 885 uxoribus,
1182 853 1304 893 quam
1332 839 1466 881 liberis
1491 854 1630 881 eorum
1658 842 1869 896 utriusque
1894 857 2026 893 sexus,
2055 844 2229 886 fideliter

318 896 394 937 cibi
422 897 471 937 de
498 897 569 940 his.
600 910 689 950 quae
716 898 973 938 sanctificata
998 899 1173 945 fuerant,
1203 898 1502 951 przebebantur.
1560 902 1593 924 ¹⁹
1619 901 1698 941 Sed
1725 906 1765 941 et
1792 902 1965 943 filiorum
1993 903 2131 945 Aaron
2158 917 2229 957 per

316 968 445 1009 agros,
468 961 505 996 et
527 956 766 996 suburbana
785 957 946 997 urbium
966 957 1215 1008 singularum
1237 957 1423 1011 dispositi
1443 964 1560 999 erant
1580 959 1666 1005 viri,
1690 960 1759 1012 qui
1780 966 1917 1013 partes
1935 962 2228 1003 distribuerent

317 1015 504 1055 universo
539 1015 652 1055 sexui
688 1015 911 1056 masculino
947 1016 995 1056 de
1030 1016 1330 1060 Sacerdotibus,
1367 1022 1408 1057 et
1442 1017 1608 1059 Levitis.
1686 1020 1724 1042 2⁰
1756 1019 1869 1060 Fecit
1903 1033 1994 1074 ergo
2030 1021 2229 1062 Ezechias

317 1073 506 1114 universa
531 1087 620 1127 quae
645 1074 821 1114 diximus
846 1074 886 1114 in
912 1075 1021 1115 omni
1053 1075 1169 1115 luda:
1196 1080 1471 1129 operatusque
1494 1082 1555 1117 est
1581 1077 1733 1118 bonum
1759 1084 1799 1119 et
1823 1084 1992 1125 rectum,
2019 1084 2061 1120 et
2086 1093 2226 1121 verum

316 1146 450 1173 coram
482 1133 660 1174 Domino
691 1134 777 1174 Deo
809 1146 880 1174 suo
938 1135 969 1157 2¹
1000 1134 1040 1174 in
1072 1134 1261 1175 universa
1291 1134 1452 1175 cultura
1480 1135 1693 1177 ministerii
1723 1137 1868 1178 domus
1899 1138 2077 1183 Domini.
2110 1138 2228 1180 iuxta

315 1191 442 1245 legem
476 1197 517 1232 et
550 1192 809 1241 ceremonias,
846 1192 984 1233 volens
1018 1193 1220 1246 requirere
1253 1194 1387 1234 Deum
1421 1207 1539 1234 suum
1573 1195 1614 1235 in
1649 1200 1738 1237 toto
1771 1197 1889 1237 corde
1923 1210 2017 1238 suo:
2049 1197 2230 1251 fecitque

315 1255 357 1291 et
386 1257 648 1305 prosperatus
677 1257 750 1292 est.

516 1357 554 1395 2.
585 1356 620 1395 Α
650 1355 961 1397 Sennacherib
992 1356 1206 1407 afflictus,
1236 1356 1320 1398 sed
1350 1368 1376 1397 a
1406 1356 1503 1398 Deo
1531 1357 1767 1409 liberatus,
1796 1359 1863 1409 32,
1882 1352 2028 1400 1423.

422 1426 485 1469 32.
543 1429 553 1450 ¹
576 1428 673 1468 Post
698 1440 808 1480 aquae
826 1432 867 1468 et
886 1427 1166 1468 huiuscemodi
1186 1429 1415 1474 veritatem,
1438 1428 1550 1469 venit
1570 1429 1843 1469 Sennacherib
1863 1441 1933 1470 rex
1953 1430 2226 1483 Assyriorum.

317 1492 354 1527 et
389 1486 589 1539 ingressus
624 1486 782 1530 Iudam.
816 1486 976 1527 obsedit
1008 1486 1196 1527 civitates
1228 1487 1421 1536 munitas,
1455 1487 1594 1529 volens
1625 1500 1691 1528 eas
1723 1500 1876 1541 capere.
1937 1490 1951 1512 2
1983 1489 2102 1537 Quod
2134 1502 2227 1530 cum

319 1545 485 1585 vidisset
507 1545 714 1591 Ezechias,
739 1544 895 1585 venisse
917 1544 1069 1585 scilicet
1090 1545 1376 1594 Sennacherib,
1400 1552 1442 1587 et
1463 1551 1599 1587 totum
1622 1546 1714 1587 belli
1736 1547 1935 1600 impetum
1958 1548 2063 1588 verti
2085 1553 2229 1589 contra

323 1604 549 1651 lerusalem,
613 1606 628 1628 ³
663 1604 763 1645 inito
799 1617 891 1644 cum
927 1603 1177 1657 principibus
1212 1604 1389 1650 consilio,
1427 1605 1604 1658 virisque
1638 1606 1870 1646 fortissimis
1904 1612 1950 1647 ut
1986 1607 2227 1648 obturarent

317 1663 454 1717 capita
486 1664 676 1707 fontium.
714 1663 782 1716 qui
817 1668 933 1703 erant
968 1668 1086 1703 extra
1120 1663 1280 1704 urbem:
1331 1670 1372 1704 et.
1406 1663 1482 1705 hoc
1516 1664 1697 1704 omnium
1733 1665 1975 1706 decernente
2010 1666 2224 1707 sententia.

316 1726 330 1747 ¹
358 1723 620 1776 congregavit
647 1722 864 1776 plurimam
894 1721 1214 1771 multitudinem,
1244 1728 1283 1763 et
1312 1723 1612 1764 obturaverunt.
1639 1728 1806 1764 cunctos
1834 1725 1981 1769 fontes.
2010 1729 2051 1765 et
2077 1725 2224 1768 rivum.

316 1782 385 1837 qui
416 1782 571 1823 fluebat
599 1782 638 1822 in
668 1782 799 1823 medio
831 1787 958 1824 terrae.
990 1781 1188 1822 dicentes:
1220 1781 1279 1822 Ne
1308 1782 1477 1822 veniant
1506 1795 1615 1835 reges
1644 1782 1916 1835 Assyriorum,
1945 1788 1986 1823 et
2014 1783 2227 1824 inveniant

317 1854 517 1896 aquarum
552 1841 862 1881 almiulantiam.
925 1843 939 1864 ⁵
974 1840 1207 1881 AEdificavit
1243 1854 1416 1894 quoque,
1453 1854 1575 1894 agens
1608 1841 1817 1884 industrie.
1854 1854 2016 1882 0111116111
2050 1854 2225 1885 11111111111,

316 1901 384 1955 qui
415 1901 551 1941 fuerat
582 1900 815 1954 dissipatus.
849 1905 889 1940 et
921 1900 1104 1940 extruxit
1135 1904 1265 1940 turres
1297 1900 1479 1953 desuper.
1514 1906 1553 1940 et
1584 1900 1805 1940 lorinsecus
1837 1900 2010 1940 alterum
2042 1913 2226 1941 murum:

316 1960 648 2013 instauravitque
682 1959 799 2000 Mello
834 1959 874 1999 in
907 1959 1083 1999 Civitate
1116 1959 1264 2005 David,
1300 1964 1341 1999 et
1373 1959 1469 2000 fecit
1502 1958 1679 1999 universi
1711 1959 1865 2012 generis
1899 1964 2151 2000 armaturam
2186 1966 2226 1999 et

318 2020 498 2073 clypeos:
553 2021 568 2043 ⁶
590 2018 886 2072 constituitque
908 2018 1108 2072 principes
1132 2017 1374 2059 bellatorum
1400 2018 1440 2058 in
1462 2018 1660 2058 exercitu:
1685 2023 1726 2058 et
1748 2018 1994 2058 convocavit
2016 2018 2228 2059 universos

317 2079 358 2120 in
388 2079 525 2132 platea
554 2084 681 2131 portae
711 2077 902 2122 civitatis.
935 2091 980 2118 ac
1010 2077 1169 2118 locutus
1199 2082 1261 2118 est
1290 2078 1342 2118 ad
1372 2090 1439 2118 cor
1468 2090 1606 2118 eorum
1637 2077 1791 2117 dicens:
1853 2078 1866 2100 Τ
1898 2076 2077 2117 Viriliter
2105 2077 2226 2130 agite,

318 2144 358 2179 et
396 2137 701 2179 confortamini:
741 2136 866 2177 nolite
905 2136 1058 2185 timere,
1098 2149 1171 2177 nec
1209 2136 1395 2189 paveatis
1432 2148 1566 2189 regem
1604 2136 1875 2189 Assyriorum,
1915 2141 1956 2177 et
1994 2136 2227 2176 universam

318 2197 638 2240 multitudinem.
665 2209 754 2250 quae
777 2201 838 2236 est
862 2209 953 2236 cum
978 2209 1042 2236 eo:
1068 2195 1197 2236 multo
1222 2195 1328 2235 enim
1353 2195 1486 2248 plures
1510 2195 1722 2236 nobiscum
1746 2200 1853 2238 sunt,
1881 2208 2004 2248 quam
2028 2208 2121 2236 cum
2144 2194 2224 2236 illo.

320 2258 335 2280 s
367 2257 468 2298 Cum
501 2256 567 2297 illo
601 2256 707 2296 enim
741 2260 802 2295 est
834 2254 1045 2295 brachium
1078 2267 1288 2294 carneum:
1338 2254 1549 2295 nobiscum
1582 2253 1782 2294 Dominus
1815 2254 1926 2295 Deus
1958 2260 2107 2299 noster,
2158 2254 2228 2308 qui

318 2316 536 2357 auxiliator
555 2320 616 2355 est
636 2319 782 2361 noster,
804 2319 1043 2367 pugnatque
1063 2326 1134 2367 pro
1155 2313 1282 2354 nobis.
1305 2313 1651 2366 Confortatusque
1671 2317 1731 2353 est
1751 2312 1926 2366 populus
1944 2312 2227 2354 huiuscemodi

317 2375 451 2416 verbis
480 2374 663 2415 Ezechiae
692 2373 793 2427 regis
826 2373 938 2414 luda.

425 2436 440 2458 ⁹
471 2435 569 2482 Quze
600 2438 819 2487 postquam
849 2438 965 2486 gesta
993 2437 1101 2477 sunt,
1134 2431 1244 2472 misit
1274 2431 1547 2472 Sennacherib
1577 2444 1649 2471 rex
1679 2430 1937 2484 Assyriorum
1967 2444 2104 2472 servos
2134 2444 2227 2472 suos

318 2494 358 2534 in
394 2493 611 2534 Ierusalem
644 2492 746 2546 (ipse
779 2492 886 2532 enim
920 2504 1011 2532 cum
1046 2491 1233 2532 universo
1267 2491 1446 2531 exercitu
1480 2490 1695 2532 obsidebat
1727 2489 1890 2542 Lachis)
1924 2489 1976 2530 ad
2008 2489 2227 2530 Ezechiam

319 2566 452 2606 regem
478 2552 591 2594 Iuda.
617 2557 658 2592 et.
679 2551 731 2592 ad
754 2564 916 2592 omnem
938 2550 1148 2603 populum,
1174 2550 1241 2603 qui
1264 2555 1351 2591 erat
1373 2550 1414 2590 111
1436 2550 1546 2597 urbe,
1572 2550 1726 2590 dicens:
1778 2550 1812 2573 ¹⁰
1835 2549 1932 2589 Haec
1954 2548 2054 2589 dicit
2075 2549 2228 2590 Senna—

320 2612 455 2652 cherib
487 2625 557 2651 rex
588 2611 865 2664 Assyriorum:
902 2610 948 2649 In
981 2623 1059 2663 quo
1093 2609 1289 2650 habentes
1322 2609 1512 2649 fiduciam
1545 2608 1692 2649 sedetis
1725 2608 1875 2649 obsessi
1905 2607 1947 2648 in
1981 2607 2225 2648 Ierusalem?

320 2673 350 2695 ¹¹
379 2671 486 2711 Num
513 2670 707 2710 Ezechias
733 2669 884 2722 decipit
910 2682 993 2718 vos,
1022 2674 1066 2709 ut
1095 2669 1233 2709 tradat
1259 2668 1380 2709 morti
1405 2669 1445 2709 111
1470 2668 1578 2708 fame
1604 2673 1645 2708 et
1669 2667 1747 2713 siti,
1776 2667 1984 2707 affirmans
2012 2667 2121 2720 quod
2146 2667 2227 2707 Do-

320 2731 455 2771 minus
482 2731 591 2770 Deus
619 2734 753 2769 vester
779 2728 922 2769 liberet
949 2741 1020 2769 vos
1049 2728 1097 2768 de
1124 2741 1250 2768 manu
1277 2728 1379 2781 regis
1406 2726 1689 2781 Assyriorum?
1746 2728 1776 2750 ¹²
1806 2726 2016 2779 Numquid
2044 2739 2125 2767 non
2151 2725 2227 2766 iste

322 2795 382 2830 est
405 2789 611 2837 Ezechias,
638 2788 707 2842 qui
730 2788 933 2828 destruxit
955 2787 1113 2827 excelsa
1135 2786 1251 2835 illius,
1277 2792 1317 2827 et
1341 2786 1498 2833 altaria,
1524 2791 1564 2827 et
1587 2785 1779 2839 praecepit
1805 2785 1908 2826 [uda
1929 2790 1970 2825 et
1996 2784 2225 2833 Ierusalem,

321 2849 475 2889 dicens:
494 2848 638 2889 (Toram
656 2847 774 2888 altari
792 2860 871 2888 uno
889 2846 1124 2891 adorabitis,
1143 2851 1184 2886 et
1201 2846 1239 2886 in
1257 2846 1342 2899 ipso
1361 2845 1608 2886 comlmretis
1624 2844 1858 2885 incensum?
1905 2846 1937 2868 ¹³
1952 2844 2015 2884 An
2033 2843 2227 2897 ignoratis

323 2921 412 2961 quae
439 2921 509 2957 ego
536 2907 710 2953 fecerim,
740 2912 780 2947 et
808 2912 942 2959 patres
970 2905 1047 2945 mei
1074 2905 1229 2945 cunctis
1258 2911 1456 2945 terrarum
1484 2904 1667 2958 populis?
1696 2903 1896 2957 numquid
1922 2902 2225 2956 praevaluerunt

323 2967 376 3007 dii
399 2967 594 3016 gentium,
621 2966 884 3019 omniumque
909 2970 1106 3005 terrarum
1131 2964 1299 3004 liberare
1322 2964 1525 3017 regionem
1549 2976 1664 3004 suam
1688 2963 1737 3003 de
1761 2975 1884 3002 manu
1908 2961 2022 3002 mea?
2076 2964 2105 2986 11
2130 2962 2227 3010 Quis

323 3032 384 3066 est
415 3026 463 3066 de
496 3025 692 3066 universis
723 3025 797 3065 diis
828 3024 1022 3077 gentium,
1057 3036 1157 3076 quas
1192 3028 1459 3064 vastaverunt
1490 3028 1625 3076 patres
1657 3021 1746 3071 mei,
1781 3021 1849 3075 qui
1883 3021 2060 3074 potuerit
2091 3033 2227 3061 eruere

326 3085 520 3137 populum
542 3097 660 3125 suum
681 3084 730 3125 de
751 3097 874 3123 manu
897 3096 997 3129 mea,
1020 3087 1066 3122 ut
1087 3082 1214 3135 possit
1234 3082 1357 3123 etiam
1378 3082 1489 3122 Deus
1509 3086 1642 3122 vester
1662 3093 1798 3121 eruere
1818 3093 1890 3121 vos
1911 3080 1960 3120 de
1980 3080 2055 3121 hac
2076 3078 2225 3120 manu?

326 3146 355 3167 ¹⁵
387 3144 475 3185 Non
505 3157 575 3185 vos
604 3156 694 3191 ergo
724 3143 900 3196 decipiat
932 3141 1134 3187 Ezechias,
1165 3154 1236 3181 nec
1265 3155 1373 3181 vana
1400 3141 1657 3194 persuasione
1685 3139 1865 3184 deludat,
1897 3152 2026 3192 neque
2053 3138 2228 3179 credatis

325 3203 370 3242 ei.
393 3203 433 3242 Si
453 3203 558 3243 enim
581 3202 711 3242 nullus
734 3202 863 3255 potuit
888 3202 985 3241 deus
1004 3206 1243 3241 cunctarum
1263 3200 1446 3251 gentium
1466 3205 1590 3253 atque
1609 3211 1823 3251 regnorum
1842 3197 2011 3238 liberare
2032 3197 2224 3250 populum

324 3274 442 3300 suum
470 3262 518 3301 de
547 3275 669 3301 manu
698 3274 798 3309 mea,
828 3266 867 3301 et
896 3261 944 3300 (16
971 3273 1096 3300 manu
1124 3265 1288 3312 patrum
1316 3272 1510 3302 meorum,
1540 3262 1833 3312 consequenter
1860 3270 1931 3297 nec
1958 3256 2068 3297 Deus
2096 3260 2230 3297 vester

327 3320 475 3372 poterit
498 3333 633 3360 eruere
656 3333 727 3361 vos
749 3320 798 3360 de
820 3333 943 3359 manu
967 3332 1069 3359 mea.
1121 3319 1154 3342 ¹⁶
1175 3319 1252 3358 Sed
1275 3323 1316 3359 et
1338 3318 1417 3358 alia
1438 3318 1569 3358 multa
1589 3317 1714 3358 locuti
1736 3321 1832 3357 sunt
1853 3315 1958 3356 servi
1979 3315 2063 3356 eius
2085 3320 2229 3356 contra

325 3378 547 3419 Dominum
579 3380 723 3421 Deum,
756 3384 795 3419 et
826 3383 969 3419 contra
998 3376 1212 3417 Ezechiam
1246 3391 1406 3417 servum
1438 3377 1532 3417 eius.
1594 3378 1625 3401 ¹⁷
1656 3375 1846 3430 epistolas
1877 3387 2039 3428 quoque
2069 3373 2228 3427 scripsit

458 3503 510 3546 32,
539 3506 553 3538 1
582 3505 618 3537 ³2
649 3504 697 3549 ng
726 3506 774 3538 is.
803 3506 857 3545 i3;
884 3506 935 3538 sn·
960 3506 1012 3546 is,
1039 3506 1094 3545 ειη
1125 3505 1154 3537 is
1179 3504 1232 3541 30,
1260 3506 1286 3537 1.
