2356 3760
278 162 354 201 528
1151 158 1299 192 LIBER
1922 157 1974 201 77,
2000 159 2143 200 50›78‚
2170 160 2187 192 7

279 256 315 277 5⁰
332 253 450 293 Viam
467 252 562 293 fecit
581 253 735 293 semitae
753 252 819 292 irae
836 265 928 295 suae.
997 264 1078 292 non
1096 253 1277 305 pepercit
1299 266 1322 293 a
1339 258 1470 294 morte
1488 253 1702 294 animabus
1720 266 1877 294 eorum:
1948 260 1989 294 et
2005 254 2189 294 iumenta

542 325 680 352 eorum
711 311 749 351 in
780 317 911 351 morte
941 310 1150 352 conclusit.

279 373 308 395 ³¹¹
336 371 411 412 aEt
440 371 637 424 percussit
668 383 786 411 omne
816 369 1132 422 primogenitum
1164 370 1204 410 in
1235 375 1343 410 terra
1372 371 1558 425 Egypti:
1646 370 1847 424 primitias
1878 371 2009 412 omnis
2038 370 2188 412 laboris

542 442 679 469 eorum
711 429 750 469 in
781 427 1054 468 tabernaculis
1083 428 1223 470 Cham.

279 491 311 513 ⁵2
332 489 385 529 Et
417 488 586 529 abstulit
617 488 721 527 sieut
749 500 845 528 oves
875 486 1071 540 populum
1102 500 1239 528 suum:
1327 494 1366 529 et
1396 489 1587 541 perduxit
1618 502 1684 529 eos
1713 494 1927 543 tamquam
1957 501 2115 541 gregem
2147 488 2187 528 in

543 547 713 587 deserte.

279 609 311 631 ⁵³³
334 607 384 647 lit
416 605 587 646 deduxit
615 618 681 645 eos
711 605 750 645 in
779 618 860 658 spe,
892 610 931 645 et
961 617 1040 645 non
1071 604 1315 646 timuerunt:
1407 611 1468 646 bet
1497 605 1679 646 inimicos
1708 619 1846 647 eorum
1876 606 2034 660 operuit
2063 618 2186 646 mare.

90 717 207 740 ΟΜΝΗ]
231 711 256 733 ¹¹¹
280 713 310 734 ⁵⁴
333 710 387 750 Et
422 709 584 751 induxit
620 723 686 751 eos
722 709 761 750 in
797 716 979 750 montem
1015 710 1349 750 sanctificationis
1385 724 1477 757 suae,
1579 716 1774 756 montem,
1813 724 1933 764 quem
1970 710 2189 764 acquisivit

106 749 241 811 ,u-fhssffsl...
543 769 712 810 dextera
741 768 836 810 eius.

105 823 242 876 ¹¹¹‘g{2‡⁴1',¹‘'⁵
332 828 385 869 Et
400 827 515 869 eiecit
529 841 553 868 a
565 828 666 869 facie
680 841 818 868 eorum
832 830 1000 869 Gentes:
1054 833 1111 868 cet
1124 833 1231 869 sorte
1243 828 1381 869 divisit
1395 829 1449 869 eis
1465 834 1614 869 terram
1630 828 1669 869 in
1683 828 1861 869 funiculo
1874 828 2185 869 distributionis.

541 889 574 911 55
605 887 656 927 Et
690 886 876 927 habitare
907 887 1003 927 fecit
1032 887 1072 927 in
1103 887 1376 928 tabernaculis
1407 900 1545 929 eorum
1576 888 1707 928 tribus
1739 887 1873 929 Israel.

278 947 314 970 56
332 946 385 987 Et
417 952 695 990 tentaverunt.
732 952 770 986 et
803 947 1153 987 exacerbaverunt
1182 947 1315 987 Deum
1346 946 1567 987 excelsum:
1655 952 1696 987 et
1726 946 1962 988 testimonia
1991 946 2075 987 eius
2105 958 2187 986 non

543 1005 835 1046 custodierunt.

279 1066 313 1088 ⁵⁷
334 1065 382 1105 Et
414 1069 651 1105 averterunt
678 1077 729 1108 se.
758 1070 799 1104 et
824 1077 905 1105 non
931 1069 1201 1105 servaverunt
1225 1069 1412 1118 pactum:
1496 1065 1844 1118 quemadmodum
1870 1070 2008 1118 patres
2033 1076 2185 1111 eorum,

543 1123 725 1164 conversi
755 1128 852 1163 sunt
880 1122 921 1163 in
951 1136 1090 1163 arcum
1120 1135 1307 1177 pravum.

279 1183 315 1206 56
336 1182 380 1222 ]11
407 1182 508 1222 iram
534 1182 845 1222 concitaverunt
872 1195 964 1222 eum
989 1182 1030 1222 in
1056 1181 1224 1223 collibus
1249 1182 1348 1223 suis:
1429 1187 1470 1223 et
1495 1183 1535 1223 in
1560 1182 1816 1236 sculptilibus
1842 1182 1923 1223 suis
1949 1182 1999 1223 ad
2026 1181 2188 1222 aemula-

543 1241 695 1282 tionem
726 1254 818 1281 eum
848 1247 1190 1294 provocaverunt.

278 1302 314 1325 ⁵⁹
343 1301 515 1341 Audivit
545 1300 667 1345 Deus,
700 1306 741 1341 et
770 1300 942 1353 sprevit:
1026 1306 1068 1341 et
1098 1301 1148 1341 ad
1179 1300 1350 1341 nihilum
1380 1301 1535 1353 redegit
1564 1301 1683 1342 valde
1716 1300 1850 1341 lsrael.

282 1361 317 1384 66
337 1360 412 1401 dEt
431 1359 580 1413 repulit
598 1359 907 1400 tabernaculum
926 1359 1019 1405 Silo,
1086 1359 1398 1401 tabernaculum
1416 1373 1547 1405 suum,
1568 1360 1638 1401 ubi
1655 1359 1863 1400 habitavit
1880 1359 1920 1399 in
1938 1358 2184 1400 hominibus.

281 1421 312 1443 ⁶1
331 1419 387 1460 Et
422 1419 592 1460 tradidit
626 1419 667 1459 in
702 1419 989 1472 captivitatem
1025 1419 1221 1459 virtutem
1257 1432 1415 1460 eorum:
1516 1424 1557 1460 et
1591 1418 1938 1473 pulchritudinem
1972 1430 2111 1459 eorum
2146 1417 2188 1457 in

542 1491 687 1518 manus
718 1491 880 1519 mimici.

282 1539 314 1562 ⁶2
332 1538 386 1578 Et
415 1537 613 1579 conclusit
640 1537 680 1577 in
708 1537 841 1590 gladio
871 1536 1069 1590 populum
1097 1550 1235 1578 suum:
1318 1543 1359 1578 et
1387 1537 1657 1578 hereditatem
1688 1550 1804 1578 suam
1834 1536 2001 1590 sprevit.

282 1598 314 1621 63
335 1597 506 1637 Iuvenes
537 1609 674 1637 eorum
706 1596 884 1637 comedit
913 1596 1033 1649 ignis:
1123 1601 1164 1636 et
1193 1596 1368 1649 virgines
1398 1609 1537 1637 eorum
1567 1609 1648 1637 non
1679 1601 1776 1637 sunt
1803 1595 2053 1636 lamenta-taz.

281 1657 313 1680 ⁶⁴
331 1656 570 1697 Sacerdotes
605 1668 744 1696 eorum
778 1655 818 1695 in
852 1654 985 1708 gladio
1021 1654 1272 1696 ceciderunt:
1371 1661 1412 1695 et.
1446 1655 1580 1696 viduae
1614 1668 1753 1696 eorum
1788 1668 1869 1696 non
1902 1654 2184 1708 plorabantur.

282 1716 313 1740 65
332 1715 387 1756 Et
418 1715 620 1756 excitatus
652 1720 712 1755 est
742 1720 958 1768 tamquam
989 1714 1193 1755 dormiens
1223 1714 1436 1761 Dominus,
1527 1719 1742 1768 tamquam
1773 1719 1919 1767 potens
1951 1712 2187 1766 crapulatus

543 1788 567 1814 a
595 1774 703 1815 vino.

281 1835 317 1858 66
333 1834 388 1874 Et.
413 1833 610 1887 percussit
634 1833 816 1873 inimicos
841 1846 933 1874 suos
958 1832 998 1873 in
1023 1832 1265 1886 posteriora:
1351 1833 1615 1886 opprobrium
1641 1832 1935 1886 sempiternum
1960 1831 2074 1872 dedit
2097 1830 2183 1871 illis.

282 1894 315 1916 ⁶⁷
332 1893 385 1933 Et
415 1892 563 1947 repulit
593 1891 903 1933 tabernaculum
934 1891 1099 1945 Ioseph:
1183 1899 1224 1933 et
1252 1891 1406 1935 tribum
1436 1891 1633 1945 Ephraim
1663 1905 1744 1933 non
1774 1891 1911 1945 elegit:

282 1953 317 1976 68
332 1952 411 1993 Sed
441 1952 560 2005 elegit
590 1952 743 1992 tribum
777 1951 890 1995 Iuda,
976 1956 1159 1992 montem
1190 1950 1286 1992 Sion
1318 1964 1438 2005 quem
1469 1950 1623 1992 dilexit.

283 2012 316 2035 69
332 2011 385 2052 Et
419 2011 637 2052 aedificavit
669 2011 773 2051 sicut
804 2010 1060 2051 unicornium
1093 2010 1363 2051 sanctificium
1396 2023 1515 2051 suum
1610 2010 1651 2050 in
1683 2014 1802 2057 terra,
1838 2021 1962 2063 quam
1993 2007 2189 2049 fundavit

543 2071 582 2111 in
613 2069 770 2110 saecula.

282 2131 318 2153 ⁷⁰
332 2130 387 2171 Et
415 2129 531 2183 elegit
560 2130 698 2170 David
726 2141 888 2168 servum
917 2142 1047 2173 suum,
1131 2134 1172 2169 et
1200 2128 1365 2169 sustulit
1393 2142 1485 2168 eum
1515 2129 1563 2169 de
1590 2128 1777 2182 gregibus
1806 2127 1963 2169 ovium:

332 2189 381 2230 de
403 2194 494 2242 post
517 2190 711 2230 soetantes
734 2187 888 2240 accepit
911 2200 1015 2231 eum.
1086 2189 1117 2211 ⁷¹
1139 2188 1308 2228 Pascere
1332 2187 1454 2228 Iacob
1476 2200 1639 2228 servum
1661 2201 1791 2233 suum,
1865 2192 1906 2227 et
1929 2185 2053 2227 Israel
2073 2185 2186 2226 here-

544 2248 716 2289 ditatem
747 2259 881 2287 suam:

283 2308 314 2331 ⁷²
333 2308 386 2348 Et
419 2307 534 2361 pavit
567 2320 633 2347 eos
665 2307 704 2348 in
737 2305 969 2346 innocentia
1002 2305 1132 2346 cordis
1164 2305 1242 2346 sui:
1340 2311 1380 2346 et
1412 2305 1452 2346 in
1484 2304 1758 2346 intellectibus
1789 2317 1988 2345 manuum
2021 2316 2185 2344 suarum

543 2366 714 2407 deduxit
744 2378 821 2406 eos.

794 2480 963 2530 78(79).
992 2480 1224 2521 Excidium
1256 2481 1384 2521 urbiS
1415 2480 1674 2522 Ierusalem.

386 2567 397 2588 1
429 2564 614 2605 Psalmus
644 2563 795 2617 Asaph.
828 2563 1067 2604 LXXVIII.

85 2673 253 2732 ‘1¹¹‘ijjgffjj31311‘r
332 2670 443 2710 Deus
462 2674 663 2710 venerunt
676 2669 826 2710 Gentes
845 2668 884 2709 in
904 2669 1175 2709 hereditatem
1194 2674 1322 2717 tuam,
1371 2669 1605 2723 polluerunt
1622 2668 1822 2723 templum
1842 2673 2031 2710 sanctum
2048 2672 2186 2710 tuum:

122 2728 124 2731 ’
258 2729 263 2737 ’
542 2734 767 2782 posuerunt
799 2727 1016 2769 Ierusalem
1047 2728 1087 2768 in
1117 2741 1331 2781 pomorum
1363 2729 1604 2770 custodiam.

302 2790 316 2812 2
334 2788 563 2828 Posuerunt
584 2788 801 2829 morticina
821 2800 1028 2828 servorum
1050 2792 1228 2835 tuorum,
1249 2800 1358 2828 escas
1376 2787 1612 2829 volatilibus
1633 2787 1734 2828 caeli:
1793 2800 1932 2827 carnes
1952 2792 2187 2828 sanctorum

543 2853 707 2888 tuorum
738 2846 876 2888 bestiis
906 2852 1034 2887 terrae.

300 2907 315 2929 ³
334 2905 578 2947 Effuderunt
607 2906 844 2960 sanguinem
873 2918 1011 2946 eorum
1040 2910 1254 2959 tamquam
1284 2919 1433 2959 aquam
1462 2905 1502 2946 in
1530 2905 1699 2946 circuitu
1726 2904 1963 2946 Ierusalem:
2037 2910 2078 2946 et
2105 2918 2187 2946 non

544 2971 631 3006 erat
661 2965 730 3018 qui
760 2964 956 3018 sepeliret.

300 3025 314 3047 ·²
332 3023 447 3063 Far-ti
466 3036 604 3064 sumus
622 3024 885 3077 opprobrium
902 3023 1043 3064 vicinis
1062 3023 1227 3064 nostris:
1285 3024 1551 3065 subsannatio
1571 3030 1611 3064 et
1629 3023 1758 3064 illusio
1777 3022 1849 3072 his,
1867 3023 1935 3077 qui
1953 3023 1994 3063 in
2012 3023 2183 3064 circuitu

542 3089 679 3123 nostro
711 3089 817 3124 sunt.

107 3185 243 3244 ἔχ’,ῑῇῂῐζζζζῧ
334 3187 555 3241 Usquequo
584 3188 758 3229 Domine
787 3188 966 3230 irasceris
996 3188 1035 3229 in
1065 3188 1204 3228 finem:
1289 3189 1533 3230 accendetur
1562 3187 1675 3229 velut
1703 3188 1804 3241 ignis
1834 3187 1941 3228 zelus
1971 3186 2091 3228 tuus?

110 3257 243 3286 moratur,
303 3247 316 3267 6
337 3246 530 3285 “Effunde
554 3246 653 3286 iram
679 3253 792 3287 tuam
817 3248 856 3288 in
880 3249 1042 3293 Gentes,
1070 3260 1159 3301 quae
1183 3253 1222 3288 te.
1246 3260 1326 3288 non
1350 3253 1571 3289 noverunt:
1637 3253 1677 3288 et
1699 3247 1741 3288 in
1763 3260 1897 3301 regna.
1924 3259 2013 3300 quae
2036 3259 2184 3287 nomen

544 3313 658 3345 tuum
692 3320 769 3346 non
802 3307 1115 3348 invocaverunt:

303 3364 315 3386 ⁷
335 3363 437 3411 Quia
470 3364 730 3404 comederunt
766 3366 905 3405 Iacob:
991 3371 1032 3406 et
1061 3365 1194 3406 locum
1226 3365 1309 3405 eius
1341 3365 1639 3407 desolaverunt.

302 3513 316 3546 I
360 3467 547 3547 1033&
572 3468 621 3507 12,
644 3468 694 3499 211.
738 3489 763 3491 ἡ
789 3469 830 3501 53
856 3469 926 3501 nux
954 3470 1005 3509 14,
1031 3470 1082 3503 27.
1112 3490 1151 3493 ἡ
1176 3469 1218 3502 ,54
1243 3469 1314 3502 clos
1337 3470 1388 3510 13,
1411 3470 1439 3503 7.
1461 3491 1502 3494 —
1527 3469 1569 3503 60
1589 3471 1627 3502 <11
1650 3469 1707 3503 s1n
1729 3470 1760 3509 4,
1782 3470 1817 3510 4;
1841 3469 1874 3502 11
1895 3469 1925 3506 7.
1947 3468 1997 3501 12.
2026 3489 2066 3491 ῌ
2093 3468 2144 3510 78,
2165 3468 2185 3502 6

283 3522 298 3540 e
318 3525 334 3547 r
405 3541 411 3554 ,
457 3526 485 3547 «1.
