2356 3760
136 151 165 190 τ,
190 150 309 191 39-6,
336 152 376 184 19
906 153 1283 187 MACHABAEORUM
1962 166 2037 207 915

237 245 272 268 ³⁹
295 244 352 284 Et
374 244 473 285 exiit
498 244 674 286 Nicanor
697 244 748 284 ab
774 242 1003 293 Ierusalem,
1031 250 1071 286 et
1094 250 1228 287 castra
1251 247 1448 301 applicuit
1471 249 1523 290 ad
1547 249 1771 293 Bethoron:
1798 260 1838 295 et
1861 258 2034 299 occurrit
2066 257 2093 282 ³¹¹
2116 258 2210 296 Praefls’

132 303 188 343 illi
218 303 417 343 exercitus
448 302 585 356 Syriae.
643 304 679 327 4⁰
708 302 764 343 Et
795 302 917 343 Iudas
949 303 1146 356 applicuit
1174 305 1214 345 in
1244 306 1403 347 Adarsa
1432 320 1524 348 cum
1554 308 1683 349 tribus
1713 311 1888 354 millibus
1920 316 2031 357 viris:
2086 299 2193 358 ¹333?

133 366 174 401 et
200 361 334 402 oravit
361 361 495 409 Iudas,
525 366 565 401 et
591 360 712 401 dixit:
766 361 798 384 ‘³²
829 360 927 408 aQui
952 362 1062 402 missi
1088 368 1205 404 erant
1230 377 1253 404 a
1278 378 1368 418 rege
1393 366 1678 415 Sennacherib,
1706 368 1880 411 Domine
1906 406 1913 419 ,
1943 374 2037 426 quia

134 419 524 473 blasphemaverunt
555 424 606 467 te,
642 418 741 458 exiit
771 418 948 472 angelus.
983 425 1024 460 et
1054 422 1253 473 percussit
1285 436 1333 463 ex
1365 423 1418 464 eis
1451 430 1614 465 centurn
1647 427 2037 483 octogintaquinque

132 478 276 519 millia:
330 480 362 502 4²
388 478 443 518 sic
468 482 630 519 contere
657 476 879 517 exercitum
904 477 1029 519 istum
1055 479 1096 519 in
1122 486 1342 534 conspectu
1368 488 1505 523 nostro
1531 483 1667 525 hodie:
1696 490 1737 525 et
1761 486 1892 527 sciant
1917 490 2037 529 ceteri
2097 511 2099 513 ·

133 537 230 590 quia
253 536 358 577 male
383 535 543 577 locutus
569 540 630 575 est
655 548 775 588 super
799 541 943 576 sancta
967 542 1057 577 tua:
1085 543 1126 578 et
1150 538 1284 579 iudica
1308 539 1421 580 illum
1446 543 1668 582 secundum
1694 544 1893 585 malitiam
1918 546 2034 588 illius.

131 597 164 620 4³
194 595 250 636 Et
280 594 572 635 commiserunt
601 593 801 634 exercitus
832 594 1015 647 praelium
1046 596 1329 638 tertiadecima
1358 598 1421 639 die
1452 600 1598 640 mensis
1629 600 1757 642 Adar:
1790 607 1831 643 et
1861 605 2038 645 contrita

132 658 229 694 sunt
250 658 384 694 castra
406 651 628 696 Nicanoris,
653 656 694 692 et
715 652 861 693 cecidit
881 653 965 706 ipse
986 654 1140 707 primus
1161 654 1202 695 in
1223 656 1371 708 praelio.
1421 658 1454 681 44
1475 657 1533 698 Ut
1553 663 1690 699 autem
1713 660 1817 701 vidit
1838 663 2037 703 exercitus

132 712 214 753 eius
246 712 341 765 quia
370 711 579 752 cecidisset
609 710 796 759 Nicanor,
828 712 1086 765 proiecerunt
1114 725 1228 754 arma
1256 726 1340 763 sua,
1373 720 1413 755 et
1441 715 1650 769 fugerunt:
1708 720 1739 742 ⁴⁵
1769 724 1810 759 et
1837 721 2037 772 persecuti

131 775 227 811 sunt
246 783 312 811 eos
330 770 439 810 viam
459 768 577 809 unius
595 768 673 809 diei
692 769 743 809 ab
761 769 920 810 Adazer
936 783 1148 824 usquequo
1166 772 1356 812 veniatur
1372 772 1413 813 in
1431 773 1599 821 Gazara,
1620 780 1661 815 et
1678 776 1787 817 tubis
1806 778 2037 819 cecinerunt

130 833 225 882 post
241 842 307 869 eos
325 841 416 869 cum
433 826 815 880 significationibus:
860 830 895 852 4⁶
912 833 953 869 et
969 829 1155 870 exierunt
1171 831 1220 871 de
1237 830 1425 872 omnibus
1442 832 1614 873 castellis
1634 833 1780 875 Iudaeae
1794 834 1835 875 in
1852 836 2034 886 circuitu,

131 892 173 928 et
195 886 455 928 ventilabant
478 898 544 926 eos
568 885 768 934 cornibus,
795 891 836 927 et
859 888 1206 929 convertebantur
1228 889 1375 930 iterum
1400 890 1453 930 ad
1476 903 1554 938 eos,
1580 896 1621 931 et
1644 892 1876 934 ceciderunt
1899 907 2035 935 omnes

130 945 277 999 gladio,
309 950 349 985 et
376 957 458 985 non
488 949 548 984 est
576 944 738 984 relictus
768 957 817 984 ex
846 945 900 985 eis
928 958 1002 986 nec
1030 959 1146 987 unus,

234 1006 268 1028 4⁷
294 1004 350 1044 Et
374 1007 618 1056 acceperunt
642 1002 771 1056 spolia
794 1016 933 1044 eorum
957 1004 997 1044 in
1023 1006 1221 1058 praedam:
1248 1011 1289 1046 et
1313 1011 1438 1059 caput
1464 1007 1673 1049 Nicanoris
1698 1014 2030 1062 amputaverunt,
2072 1057 2075 1058 ⁷
2100 1016 2177 1039 “ssiu-‘³

130 1067 172 1103 et
194 1063 405 1104 dexteram
430 1061 525 1107 eius,
553 1074 676 1114 quam
701 1063 942 1103 extenderat
965 1064 1148 1116 superbe,
1175 1069 1215 1105 et
1239 1064 1479 1114 attulerunt,
1505 1070 1546 1106 et
1569 1068 1869 1120 suspenderunt
1892 1074 2035 1110 contra
2055 1052 2221 1110 [ifffssffltrapfffi

133 1120 363 1162 Ierusalem.
410 1121 446 1144 ‘¹8
465 1120 521 1160 Et
539 1119 702 1161 laetatus
722 1126 783 1161 est
801 1120 975 1174 populus
995 1121 1125 1167 valde,
1148 1127 1188 1162 et
1207 1128 1376 1176 egerunt
1395 1123 1500 1164 diem
1520 1123 1630 1165 illam
1649 1124 1690 1165 in
1708 1125 1853 1167 laetitia
1870 1139 2029 1181 magna.
2046 1120 2239 1185 Sss‘gfssssjssfffsssss,

129 1181 164 1204 4⁹
192 1179 248 1220 Et
276 1178 491 1220 constituit
519 1178 582 1232 agi
611 1178 798 1220 omnibus
827 1179 942 1220 annis
970 1180 1077 1221 diem
1105 1180 1227 1221 istam
1256 1181 1537 1222 tertiadecima
1565 1182 1628 1223 die
1655 1184 1802 1224 mensis
1830 1184 1952 1226 Adar.

233 1239 270 1262 ⁵0
297 1237 354 1278 Et
382 1237 493 1277 siluit
522 1242 630 1277 terra
660 1237 763 1278 Iuda
792 1238 874 1278 dies
904 1252 1066 1291 paucos

527 1340 565 1380 3.
596 1339 731 1380 ludas
763 1352 863 1380 cum
895 1340 1112 1380 Romanis
1141 1341 1401 1393 paciscitur,
1428 1343 1468 1392 8,
1488 1342 1638 1383 1—32.

233 1411 271 1454 8.
327 1414 340 1435 ¹
373 1411 430 1451 Et
461 1410 621 1451 audivit
654 1410 776 1450 Iudas
809 1423 957 1451 nomen
992 1411 1284 1459 Romanorum,
1320 1412 1415 1464 quia
1446 1418 1543 1453 sunt
1574 1418 1761 1466 potentes
1794 1413 1959 1463 viribus,
1993 1421 2033 1455 et
2082 1419 2194 1443 Aud'stiss

129 1470 394 1524 acquiescunt
419 1469 472 1509 ad
498 1468 645 1512 omnia,
675 1481 765 1521 quae
789 1468 1053 1521 postulantur
1078 1469 1129 1510 ab
1156 1469 1228 1509 eis:
1257 1475 1298 1510 et
1325 1470 1569 1524 quicumque
1596 1478 1851 1512 accesserunt
1876 1473 1928 1513 ad
1954 1486 2031 1519 eos,
2050 1455 2226 1513 ρὲῗῖιῗῖἷέἷῗῑᾶ

129 1532 365 1571 statuerunt
387 1540 479 1568 cum
503 1526 556 1567 eis
580 1526 792 1574 amicitias,
817 1532 858 1567 et
882 1527 977 1579 quia
998 1532 1096 1568 sunt
1116 1532 1305 1581 potentes
1329 1528 1493 1570 viribus.
1545 1531 1559 1554 2
1581 1529 1637 1570 Et
1659 1530 1877 1571 audierunt
1898 1530 2034 1584 praelia
2054 1524 2222 1584 “fifflsfflff

129 1601 280 1633 eorum,
300 1592 341 1627 et
358 1586 531 1627 virtutes
550 1586 688 1633 bonas,
709 1598 809 1638 quas
826 1585 1011 1626 fecerunt
1026 1586 1066 1626 in
1084 1586 1258 1634 Galatia,
1279 1586 1375 1640 quia
1391 1588 1658 1629 obtinuerunt
1674 1602 1751 1637 eos,
1772 1593 1812 1629 et
1828 1589 2034 1630 duxerunt
2107 1601 2168 1618 rum

129 1647 203 1688 sub
231 1646 453 1686 tributum:
508 1646 523 1669 3
550 1649 591 1685 et
618 1649 775 1697 quanta
801 1643 985 1684 fecerunt
1011 1644 1051 1685 in
1078 1645 1238 1698 regione
1267 1645 1485 1699 Hispaniae,
1516 1651 1556 1686 et
1583 1647 1692 1700 quod
1718 1647 1758 1688 in
1786 1652 2034 1700 potestatem

128 1706 371 1758 redegerunt
398 1702 566 1744 metalla
595 1702 749 1755 argenti
781 1707 822 1743 et
851 1702 949 1749 auri,
982 1716 1071 1756 quae
1100 1702 1178 1743 illic
1208 1709 1315 1750 sunt,
1347 1709 1387 1744 et
1416 1706 1683 1757 possederunt
1712 1718 1872 1747 omnem
1900 1705 2034 1747 locum

129 1763 294 1805 consilio
322 1776 407 1810 suo,
438 1767 478 1802 et
506 1761 724 1814 patientia:
780 1763 795 1785 ⁴¹
822 1760 991 1815 locaque
1020 1775 1109 1815 quae
1135 1761 1253 1815 longe
1281 1768 1397 1803 erant
1424 1762 1542 1803 valde
1570 1764 1621 1805 ab
1649 1764 1715 1812 eis,
1746 1769 1786 1804 et
1813 1777 1935 1817 reges,
1966 1764 2035 1818 qui

129 1826 450 1876 supervenerant
468 1820 522 1860 eis
541 1821 592 1861 ab
612 1819 803 1860 extremis
822 1825 950 1865 terrae,
971 1820 1264 1865 contriverunt,
1286 1827 1327 1861 et
1345 1827 1629 1874 percusserunt
1646 1835 1711 1863 eos
1730 1821 1850 1875 plaga
1866 1835 2032 1876 magna:

129 1880 251 1922 ceteri
272 1885 410 1921 autem
432 1879 534 1920 dant
554 1878 608 1919 eis
629 1878 832 1919 tributum
855 1878 1042 1920 omnibus
1064 1879 1191 1920 annis.
1240 1881 1255 1903 5
1276 1885 1317 1920 et
1336 1879 1570 1933 Philippum
1591 1886 1632 1921 et
1652 1881 1799 1921 Persen
1820 1881 2033 1922 Ceteorum

127 1952 273 1993 regern,
305 1944 346 1979 et
373 1943 539 1985 ceteros,
571 1938 640 1991 qui
668 1938 885 1978 adversum
915 1950 980 1978 eos
1009 1950 1123 1979 arma
1151 1938 1342 1984 tulerant,
1373 1939 1654 1980 contriverunt
1681 1939 1721 1980 in
1751 1938 1865 1987 bello,
1896 1944 1937 1979 et
1965 1940 2034 1980 ob-

130 1999 342 2040 tinuerunt
371 2010 456 2038 eos:
517 1998 531 2020 ⁶
562 2002 603 2037 et
630 1996 882 2037 Antiochum
911 2009 1106 2049 magnum
1135 2009 1269 2050 regem
1299 1997 1415 2041 Asiae,
1449 1998 1517 2050 qui
1547 1997 1601 2038 eis
1630 2011 1809 2051 pugnam
1840 1997 2035 2038 intulerat

128 2057 282 2098 habens
308 2060 473 2097 centum
498 2055 644 2108 viginti
669 2054 919 2107 elephantos,
947 2060 988 2096 et
1012 2055 1257 2108 equitatum,
1285 2061 1326 2096 et
1351 2068 1500 2104 currus,
1528 2061 1569 2097 et
1594 2056 1815 2097 exercitum
1840 2069 2034 2109 magnum

129 2115 259 2164 valde,
286 2114 510 2156 contritum
535 2114 586 2154 ab
611 2113 676 2155 eis.
733 2115 746 2137 ⁷
771 2118 812 2154 et
837 2114 932 2167 quia
955 2119 1150 2167 ceperunt
1173 2127 1265 2155 eum
1290 2114 1443 2163 vivum,
1470 2120 1511 2155 et
1533 2119 1768 2155 statuerunt
1791 2114 1826 2155 ei
1849 2120 1896 2155 ut
1919 2115 2035 2155 daret

128 2175 225 2228 ipse,
259 2178 300 2215 et
331 2173 400 2227 qui
429 2177 645 2226 regnarent
675 2176 769 2225 post
799 2172 944 2225 ipsum,
978 2172 1181 2213 tributum
1211 2186 1418 2227 magnum,
1452 2178 1492 2214 et
1522 2173 1638 2214 daret
1668 2173 1838 2220 obsides,
1872 2178 1912 2213 et
1942 2186 2034 2213 con-

129 2233 335 2281 stitutum,
400 2233 415 2255 ⁸
449 2236 490 2272 et
522 2231 726 2285 regionem
762 2230 969 2279 Indorum,
1006 2236 1048 2272 et
1079 2231 1231 2279 Medos,
1268 2236 1309 2272 et
1341 2232 1489 2285 Lydos,
1526 2232 1575 2272 de
1609 2231 1772 2285 optimis
1806 2231 2034 2284 regionibus

129 2305 285 2333 eorum:
315 2296 357 2331 et
384 2294 572 2343 acceptas
600 2303 666 2330 eas
694 2290 746 2330 ab
774 2290 840 2337 eis,
871 2290 1072 2330 dederunt
1098 2289 1274 2330 Eumeni
1300 2290 1393 2343 regi.
1452 2292 1467 2314 ⁹
1494 2295 1535 2330 et
1564 2290 1658 2343 quia
1686 2290 1755 2343 qui
1782 2295 1898 2330 erant
1925 2290 2034 2343 apud

130 2350 359 2398 Helladam,
387 2349 607 2390 voluerunt
632 2348 699 2396 ire,
729 2353 770 2389 et
795 2347 935 2389 tollere
961 2361 1045 2389 eos:
1075 2353 1115 2388 et
1141 2348 1322 2389 innotuit
1348 2361 1477 2389 sermo
1505 2348 1576 2396 his,
1632 2350 1667 2372 10
1693 2352 1734 2388 et
1758 2348 1956 2388 miserunt
1982 2348 2034 2388 ad

129 2422 195 2450 eos
224 2409 369 2449 ducem
396 2421 536 2456 unum,
557 2412 598 2448 et
625 2412 914 2461 pugnaverunt
942 2412 1085 2448 contra
1112 2406 1210 2454 illos,
1234 2411 1275 2447 et
1303 2407 1535 2447 ceciderunt
1560 2419 1608 2446 ex
1637 2406 1691 2446 eis
1719 2405 1849 2451 multi,
1870 2410 1911 2446 et
1939 2419 2033 2459 cap—

129 2468 237 2508 tivas
263 2467 470 2508 duxerunt
495 2478 641 2507 uxores
667 2479 818 2515 eorum,
855 2471 896 2506 et
921 2465 1035 2514 filios,
1074 2470 1115 2506 et
1141 2465 1397 2518 diripuerunt
1422 2478 1499 2511 eos,
1537 2470 1577 2505 et
1603 2470 1753 2505 terram
1779 2477 1917 2505 eorum
1943 2477 2033 2517 pos—

129 2527 332 2574 sederunt,
366 2530 407 2566 et
436 2525 728 2566 destruxerunt
756 2537 893 2566 muros
924 2537 1074 2572 eorum,
1108 2529 1149 2564 et
1177 2524 1218 2564 in
1248 2524 1488 2565 servitutem
1518 2523 1605 2564 illos
1635 2523 1877 2576 redegerunt
1906 2535 2033 2575 usque

128 2586 169 2626 in
201 2584 310 2625 hunc
340 2583 466 2625 diem:
526 2585 557 2607 ¹1
589 2588 630 2624 et
661 2583 822 2624 residua
852 2596 986 2637 regna,
1036 2588 1077 2623 et
1107 2582 1270 2631 insulas,
1306 2595 1395 2636 quae
1426 2581 1645 2635 aliquando
1677 2581 1912 2621 restiterant
1942 2580 2030 2628 illis,

129 2642 518 2690 exterminaverunt,
548 2647 588 2682 et
612 2642 654 2682 in
679 2646 929 2695 potestatem
956 2642 1208 2695 redegerunt.
1264 2643 1295 2665 12
1321 2641 1422 2682 Cum
1448 2640 1586 2681 amicis
1613 2644 1750 2680 autern
1776 2639 1869 2686 suis,
1897 2644 1938 2679 et
1965 2639 2032 2692 qui

128 2702 169 2743 in
196 2701 292 2755 ipsis
320 2700 501 2754 requiem
528 2700 749 2749 habebant,
780 2705 1127 2742 conservaverunt
1154 2699 1388 2747 amicitiam,
1419 2704 1460 2740 et
1487 2698 1753 2740 obtinuerunt
1779 2710 1912 2750 regna,
1944 2710 2033 2750 quae

129 2765 246 2801 erant
278 2759 476 2814 proxima,
513 2764 555 2799 et
589 2772 678 2812 quae
712 2764 829 2800 erant
860 2759 996 2812 longe:
1034 2759 1129 2812 quia
1162 2758 1408 2812 quicumque
1442 2757 1665 2797 audiebant
1698 2768 1844 2796 nomen
1879 2768 2029 2804 eorum,

130 2819 333 2860 timebant
361 2831 439 2859 eos.
496 2820 528 2842 13
557 2818 703 2871 quibus
732 2830 828 2859 vero
857 2817 1009 2858 vellent
1036 2816 1186 2858 auxilio
1216 2830 1299 2857 esse
1327 2822 1374 2857 ut
1401 2820 1626 2869 regnarent,
1657 2814 1900 2867 regnabant:
1933 2826 2032 2866 quos

130 2881 269 2918 autem
295 2876 458 2925 vellent,
486 2889 608 2929 regno
634 2876 931 2917 deturbabant:
960 2881 1001 2916 et
1026 2875 1198 2916 exaltati
1223 2880 1320 2916 sunt
1345 2874 1474 2915 valde.
1530 2875 1560 2897 ¹4
1586 2873 1641 2913 Et
1666 2872 1706 2912 in
1733 2871 1920 2913 omnibus
1946 2871 2033 2912 istis

129 2949 247 2976 nemo
274 2935 470 2988 portabat
496 2935 696 2983 diadema,
721 2947 794 2976 nec
820 2935 1069 2976 induebatur
1094 2946 1285 2987 purpura,
1316 2939 1361 2974 ut
1386 2932 1714 2988 magnificaretur
1739 2930 1780 2970 in
1807 2943 1864 2971 ea.
1920 2932 1951 2954 ¹⁵
1978 2930 2033 2971 Et

131 2994 226 3048 quia
263 2993 416 3034 curiam
452 2993 637 3034 fecerunt
672 2993 759 3042 sibi,
799 2998 841 3034 et
878 2993 1060 3047 quotidie
1097 2992 1364 3034 consulebant
1400 2995 1602 3031 trecentos
1640 2988 1785 3042 viginti
1821 2988 2031 3029 consilium

130 3057 295 3106 agentes
327 3064 486 3105 semper
517 3052 566 3092 de
598 3051 875 3101 multitudine,
910 3056 957 3092 ut
990 3065 1080 3105 quae
1112 3051 1234 3104 digna
1266 3054 1372 3097 sunt,
1405 3053 1566 3102 gerant:
1627 3049 1662 3072 1⁶
1694 3052 1735 3087 et
1767 3046 2034 3087 committunt

129 3111 199 3152 uni
228 3109 383 3152 homini
411 3109 699 3163 magistratum
728 3124 847 3151 suum
876 3123 948 3164 per
976 3109 1152 3164 singulos
1182 3122 1308 3150 annos
1339 3106 1538 3148 dominari
1567 3105 1764 3146 universae
1794 3110 1909 3146 terrae
1938 3118 2030 3151 suae,

131 3174 172 3210 et
197 3182 336 3211 omnes
362 3167 560 3209 obediunt
584 3168 665 3215 uni,
694 3173 735 3209 et
759 3182 841 3210 non
866 3174 928 3210 est
951 3168 1118 3217 invidia,
1145 3180 1275 3220 neque
1301 3166 1407 3206 zelus
1432 3165 1538 3206 inter
1562 3178 1640 3206 eos,

234 3229 267 3252 1⁷
294 3227 350 3268 Et
377 3226 496 3279 elegit
524 3226 646 3267 Iudas
673 3226 958 3280 Eupolemum,
987 3227 1114 3267 filium
1144 3225 1318 3269 Ioannis,
1347 3223 1416 3264 filii
1444 3224 1579 3271 Iacob,
1608 3227 1650 3263 et
1677 3222 1874 3269 Iasonem,
1904 3221 2029 3261 filium
2077 3224 2190 3282 „3528OE

130 3286 324 3334 Eleazari,
362 3290 404 3326 et
436 3284 548 3325 misit
583 3298 648 3326 eos
685 3286 860 3326 Romam
896 3285 1142 3327 constituere
1177 3297 1268 3325 cum
1302 3282 1378 3323 illis
1413 3282 1648 3330 amicitiam,
1700 3285 1741 3321 et
1774 3279 2027 3320 societatem:
2073 3276 2193 3330 Romam

130 3346 165 3369 1⁸
189 3349 231 3385 et
253 3349 301 3385 ut
325 3344 532 3385 auferrent
556 3343 608 3384 ab
632 3343 687 3384 eis
711 3343 851 3396 iugum
875 3344 1119 3389 Graecorum,
1148 3342 1243 3396 quia
1266 3341 1458 3382 viderunt
1483 3340 1592 3394 quod
1615 3340 1656 3380 in
1681 3338 1919 3380 servitutem
1943 3349 2029 3389 pre·
2091 3328 2174 3354 ”³¹³²

129 3408 288 3444 merent
309 3415 479 3456 regnum
504 3401 638 3443 Israel.
692 3403 726 3426 1⁹
749 3402 805 3442 Et
828 3401 1018 3443 abierunt
1041 3403 1216 3443 Romam
1239 3399 1349 3440 viam
1372 3398 1547 3440 multam
1570 3397 1700 3444 valde,
1727 3401 1768 3437 et
1789 3395 2031 3436 introierunt

262 3493 301 3525 211
329 3473 370 3526 ³2⁷
387 3493 439 3537 Rg
458 3494 510 3534 19,
529 3494 586 3533 35;
613 3493 685 3527 Tob
711 3494 741 3534 1,
760 3494 817 3534 213
837 3494 889 3527 Sir
907 3494 959 3534 48,
979 3494 1036 3534 24;
1057 3493 1089 3526 Is
1108 3494 1161 3532 37,
1186 3492 1242 3531 36;
1268 3492 1287 3524 2
1312 3491 1385 3524 Mcc
1410 3492 1440 3531 8,
1467 3491 1517 3524 19.

1737 3543 1822 3584 58*
