2356 3760
103 327 213 351 Summi

71 362 243 388 sacerdotes.

107 1036 222 1063 Leviter,

93 1747 236 1768 camme&

118 2510 214 2535 officia

84 2546 252 2570 Levitarum

81 2583 106 2604 Μ
130 2581 256 2606 filiorum

115 2618 222 2642 Aaron:

83 2745 131 2769 ulii
153 2746 257 2769 Aaron:

128 2928 143 2944 u
149 2927 159 2943 r
165 2921 169 2942 l
175 2927 210 2943 »es

68 2955 196 2980 sacerdot
203 2962 218 2979 u
224 2962 229 2978 Ι
235 2965 239 2978 ι
245 2964 259 2979 ιΑ

263 166 340 206 345
1114 161 1256 194 LIBER
1288 162 1311 194 I.
1950 164 1982 203 ὅ,
2009 165 2106 202 1-5,
2132 166 2174 196 oo

830 255 869 294 6.
900 253 1235 294 Generationes
1257 253 1378 304 Levi,
1406 253 1605 302 6‚1—81.

369 329 406 370 6.
466 330 474 351 ¹
510 327 597 367 Filii
634 327 749 366 Lex-i:
789 327 974 368 ³(ierson.
1011 325 1154 372 (jaath,
1190 330 1230 365 et
1264 324 1420 365 Merari.
1483 326 1497 347 ‘2
1531 324 1620 364 Filii
1653 324 1802 365 (Jaatlu
1836 325 2020 375 Amram,
2059 327 2181 369 Isaar.

267 387 446 430 Hebron.
477 392 516 426 et
545 385 666 426 Oziel.
723 388 738 408 ³
767 383 854 424 Filii
883 384 1070 424 Amram:
1100 383 1249 425 Aaron.
1282 383 1452 436 Moyses.
1484 391 1523 423 et
1552 383 1698 424 Maria:
1730 383 1818 423 Filii
1847 383 2003 425 Aaron:
2037 385 2184 426 Nadab

265 451 305 486 et
328 445 447 488 Abiu.
477 445 653 485 Eleazar.
679 449 719 484 et
749 443 940 483 ltbamar.
993 445 1006 467 4
1030 442 1200 483 Eleazar
1220 442 1361 492 genuit
1385 442 1568 486 Phinees,
1595 449 1633 482 et
1662 442 1830 482 Phinees
1852 443 1993 493 genuit
2017 444 2181 489 Abisue.

265 507 280 529 ⁵
304 504 454 544 Abisue
480 516 572 542 vero
596 502 737 553 genuit
762 501 894 545 Bocei
921 509 959 541 et
986 501 1106 542 Boeei
1129 502 1268 550 genuit
1294 501 1376 542 Ozi.
1433 503 1448 524 6
1471 501 1542 540 Ozi
1565 501 1707 551 genuit
1731 501 1928 548 Zaraiam,
1956 508 1995 543 et
2021 503 2185 544 Zaraias

266 563 405 610 genuit
433 561 645 603 Meraioth.
705 562 718 584 ⁷
746 560 870 601 Porro
898 560 1097 601 Meraiotli
1124 560 1265 610 genuit
1292 559 1514 605 Amariam,
1544 566 1585 600 et
1611 559 1800 600 Amarias
1824 561 1965 613 genuit
1991 561 2182 603 Achitob.

270 626 285 645 ⁸
310 621 487 662 Aeliitob
513 620 648 669 genuit
679 620 822 663 Sadoe.
851 626 890 659 et
917 619 1048 660 Sadoe
1073 619 1211 668 genuit
1240 618 1469 660 Aebimaas.
1528 620 1543 642 ⁹
1568 618 1787 659 Aeliimaas
1812 619 1953 671 genuit
1982 620 2182 669 Azariam.

269 680 433 720 Azarias
451 679 591 733 genuit
617 678 810 722 lohanan,
860 680 895 701 ¹⁰
915 678 1098 719 Iohanan
1117 678 1258 728 genuit
1276 678 1478 718 Azariam.
1502 677 1585 730 ipse
1605 683 1665 718 est
1685 678 1753 731 qui
1773 678 1999 719 sacerdotio
2019 679 2186 720 functus

268 745 327 779 est
361 739 400 778 in
433 738 566 779 domo.
602 750 725 790 quam
758 737 976 777 aedifieavit
1008 737 1201 777 Salomon
1233 737 1273 777 in
1313 736 1540 777 ierusalem.
1604 738 1632 760 ¹¹
1666 737 1816 777 (lenuit
1849 742 1986 777 autem
2019 738 2186 778 Azarias

269 798 490 838 Amariam.
521 802 559 837 et
587 796 776 836 Amarias
799 796 941 847 genuit
969 796 1159 844 Achitob,
1218 798 1247 820 ¹²
1274 795 1451 836 Aellitob
1478 796 1620 848 genuit
1646 796 1789 838 Sadoe.
1820 802 1861 836 et
1887 796 2018 837 Sadoc
2044 797 2185 850 genuit

269 857 432 900 Selium,
488 858 520 880 ¹³
545 855 696 897 Sellum
722 855 862 909 genuit
897 854 1087 897 Heleiam.
1117 860 1157 896 et
1186 854 1347 895 Heleias
1371 854 1512 907 genuit
1538 854 1740 899 Azariam,
1798 857 1826 878 ¹¹
1853 854 2020 895 Azarias
2045 856 2186 908 genuit

269 915 465 963 Saraiam,
487 921 528 956 et
547 914 708 955 Saraias
725 914 867 967 genuit
893 914 1063 955 losedee.
1114 915 1144 938 ¹5
1162 914 1287 955 Porro
1310 914 1473 955 losedee
1493 926 1673 966 egressus
1693 920 1764 961 est,
1788 914 1952 966 quando
1973 914 2185 955 transtulit

272 974 469 1015 Dominus
502 973 660 1017 Iudam,
693 979 734 1014 et
766 973 984 1013 Ierusalem
1015 986 1086 1026 per
1116 986 1261 1013 manus
1294 973 1682 1013 Nabmhodonosor.

378 1034 411 1056 ¹⁶
428 1033 516 1073 Filii
539 1038 650 1085 bergo
667 1032 785 1072 Levi:
804 1032 969 1080 Gerson,
990 1032 1133 1080 (¹aath‚
1153 1038 1193 1073 et
1210 1032 1367 1073 Merari.
1415 1033 1447 1055 ¹⁷
1465 1032 1519 1073 Et
1537 1031 1621 1072 haee
1638 1031 1805 1073 nomina
1820 1031 1994 1072 filiorum
2012 1034 2184 1073 Gerson:

270 1092 411 1137 Lobni,
442 1100 483 1131 et.
510 1091 652 1131 Semei.
712 1092 745 1114 ¹⁸
772 1090 863 1131 Filii
891 1091 1040 1131 (jaatht
1070 1091 1251 1133 Amram.
1283 1096 1322 1131 et
1354 1091 1476 1133 Isaar.
1507 1096 1547 1131 et
1576 1090 1756 1134 Hebron.
1787 1095 1828 1130 et
1856 1089 1977 1131 Oziel.
2036 1092 2069 1115 ¹⁹
2096 1091 2186 1131 Filii

269 1150 432 1192 Merari:
466 1149 617 1191 Moholi
648 1155 688 1191 et
719 1149 835 1190 Musi.
871 1149 945 1190 Hae
977 1156 1114 1191 autem
1147 1150 1410 1200 cognationes
1441 1149 1540 1190 Levi
1571 1150 1795 1190 seeundum
1825 1148 2001 1190 familias
2032 1162 2183 1191 eorum.

269 1211 305 1234 2⁰
333 1210 498 1252 Gerson.
531 1208 662 1250 Lobni
692 1208 796 1249 filius
827 1209 922 1253 eius,
957 1209 1106 1249 Iahath
1137 1209 1242 1249 filius
1272 1209 1367 1251 eius.
1401 1209 1571 1249 Zamma.
1600 1209 1705 1249 filius
1734 1208 1830 1253 eius,
1889 1210 1920 1232 2¹
1954 1208 2052 1250 Ioah
2083 1208 2188 1250 filius

269 1269 365 1311 eius.
391 1268 509 1309 Addo
534 1268 638 1308 filius
662 1268 758 1311 eius,
784 1268 887 1308 Zara
910 1267 1014 1308 filius
1038 1268 1133 1313 eius,
1167 1268 1314 1309 lethrai
1337 1268 1443 1308 filius
1466 1268 1561 1309 eius.
1615 1270 1646 1292 ²²
1669 1267 1759 1308 Filii
1783 1267 1926 1308 (jaath.
1952 1267 2187 1309 Aminadab

271 1327 374 1368 filius
404 1328 500 1372 eius,
533 1329 632 1368 Fore
662 1327 766 1368 filius
796 1327 891 1375 eius.
924 1327 1016 1367 Asir
1045 1327 1149 1367 filius
1179 1327 1274 1370 eius,
1334 1329 1366 1351 '²³
1396 1327 1548 1367 Elcana
1580 1326 1685 1367 filius
1714 1326 1810 1375 eius,
1842 1326 2051 1379 Abiasaph
2082 1326 2188 1367 filius

270 1387 366 1430 eius,
392 1386 484 1427 Asir
507 1386 611 1426 filius
636 1386 730 1427 eius.
785 1388 816 1410 2⁴
842 1385 1031 1427 Thahath
1058 1385 1163 1427 filius
1187 1386 1282 1429 eius,
1310 1385 1420 1427 Uriel
1445 1386 1548 1426 filins
1574 1386 1669 1435 eius,
1697 1385 1815 1426 Ozias
1841 1385 1944 1425 filius
1969 1385 2065 1434 eius,
2091 1386 2188 1426 Saul

273 1446 375 1486 lilius
396 1446 491 1486 eius.
543 1447 574 1470 2⁵
596 1445 684 1485 Filii
708 1444 872 1488 Eleana.
896 1445 1062 1485 Amasai
1085 1451 1124 1486 et
1146 1445 1366 1487 Aellimoth
1415 1447 1450 1469 ²⁶
1471 1452 1507 1485 et
1534 1445 1705 1485 Eleana:
1729 1444 1818 1485 Filii
1840 1443 2013 1485 Eleana:
2035 1444 2188 1497 Sopliai

272 1504 376 1545 lilius
399 1505 494 1545 eius.
523 1504 689 1545 Nahath
714 1504 819 1544 filius
842 1504 937 1550 eius,
990 1505 1023 1528 2⁷
1049 1504 1166 1545 Eliab
1191 1504 1295 1545 filius
1319 1505 1415 1549 eius,
1444 1504 1630 1545 Jleroham
1655 1504 1759 1544 filius
1783 1503 1878 1546 eius.
1906 1503 2061 1544 Eleana
2083 1503 2188 1544 filius

271 1564 366 1604 eius.
417 1565 452 1588 ²⁸
471 1563 561 1604 Filii
581 1563 744 1604 Samuel
764 1563 1060 1616 primogenitus
1080 1563 1261 1610 Vasseni,
1284 1569 1324 1604 et
1344 1564 1460 1604 Abia.
1511 1565 1545 1587 ²⁹
1569 1563 1655 1603 Filii
1676 1568 1814 1604 autem
1835 1562 1992 1608 Merari,
2015 1562 2185 1604 Moholi:

272 1623 402 1663 Lobni
428 1623 533 1664 filius
560 1622 655 1671 eius,
684 1622 815 1663 Semei
842 1622 946 1662 filius
973 1622 1068 1663 eius.
1098 1622 1184 1663 Oza
1209 1622 1315 1663 filius
1340 1623 1436 1665 eius.
1491 1624 1528 1646 ³⁰
1552 1622 1747 1663 Sarnmaa
1771 1622 1876 1662 filius
1903 1621 1998 1666 eius,
2030 1621 2190 1675 Haggia

272 1681 376 1722 filius
407 1682 502 1729 eius,
535 1681 660 1722 Asaia
689 1681 794 1721 filius
824 1681 919 1722 eius.

377 1742 408 1765 ³¹
427 1741 499 1781 Isti
515 1747 622 1782 sunt.
642 1754 742 1794 quos
757 1740 973 1781 constituit
988 1741 1125 1781 David
1140 1754 1261 1794 super
1274 1746 1461 1781 cantores
1477 1741 1622 1781 domus
1637 1740 1814 1782 Domini.
1829 1752 1879 1781 ex
1894 1753 1973 1793 quo
1989 1739 2189 1780 collocata

272 1806 332 1840 est
351 1813 461 1840 area:
507 1801 539 1824 ³2
557 1806 596 1841 et
613 1800 905 1840 ministrabant
922 1812 1058 1840 eoram
1076 1799 1341 1841 tabernaculo
1359 1799 1595 1842 testimonii.
1615 1806 1807 1840 canentes
1825 1800 1952 1840 donec
1969 1798 2187 1839 aedifiearet

272 1859 465 1900 Salomon
500 1859 666 1899 domum
702 1858 867 1899 Domini
901 1858 941 1899 in
978 1859 1216 1899 Ierusalem:
1252 1859 1422 1900 stabant
1455 1864 1593 1899 autem
1628 1859 1746 1900 iuxta
1779 1857 1961 1899 ordinem
1995 1871 2114 1898 suum
2148 1857 2189 1898 in

272 1918 507 1959 ministerio.
561 1921 594 1942 ³³
618 1918 671 1958 Hi
697 1931 791 1959 vero
817 1925 924 1963 sunt,
952 1918 1020 1971 qui
1045 1918 1294 1959 assistebant
1317 1932 1409 1959 eum
1434 1917 1525 1959 filiis
1549 1918 1641 1962 suis,
1669 1918 1718 1959 de
1742 1917 1831 1958 filiis
1856 1916 1999 1959 Caath.
2028 1916 2188 1957 Heman

271 1982 416 2018 cantor
440 1976 545 2017 filius
574 1976 667 2026 loel,
696 1976 765 2017 filii
791 1976 966 2018 Samuel.
1021 1979 1053 2001 ³⁴
1080 1977 1149 2017 filii
1176 1977 1341 2020 Eleana.
1370 1977 1440 2018 filii
1468 1977 1667 2020 leroham,
1696 1976 1764 2017 filii
1796 1975 1904 2021 Eliel.
1933 1975 2003 2016 filii
2030 1976 2186 2018 Thohu.

271 2038 304 2061 ³⁵
331 2036 399 2076 filii
426 2036 551 2088 Subli.
582 2035 650 2077 filii
677 2036 844 2080 Eleana,
874 2036 941 2076 filii
969 2036 1154 2083 Mahath,
1184 2036 1254 2077 filii
1280 2036 1458 2080 Aniasai.
1514 2038 1549 2060 ³⁶
1576 2035 1644 2076 filii
1672 2036 1839 2081 Eleana,
1868 2034 1938 2075 filii
1968 2034 2090 2080 Iohel,
2120 2034 2189 2075 filii

274 2095 438 2143 Azariae,
466 2095 535 2135 filii
561 2095 788 2148 Sophoniae,
842 2097 876 2119 ³⁷
903 2095 972 2135 filii
998 2095 1202 2138 Thahath.
1231 2095 1300 2135 filii
1325 2096 1427 2137 Asir.
1456 2095 1525 2136 filii
1549 2095 1772 2149 Abia-saph,
1800 2094 1869 2135 filii
1895 2095 2005 2135 Core.
2059 2096 2094 2118 ³¹⁴
2119 2093 2189 2134 filii

281 2155 398 2203 lsaar,
422 2153 492 2195 filii
513 2154 655 2195 (jaath.
680 2154 749 2194 filii
770 2154 881 2203 Levi,
905 2154 974 2194 filii
998 2154 1131 2195 lsrael.
1181 2156 1217 2179 3⁹
1237 2154 1292 2195 Et
1312 2154 1440 2195 frater
1459 2154 1544 2195 eius
1564 2154 1715 2207 Asa-ph,
1740 2154 1809 2207 qui
1830 2153 1970 2195 stabat
1991 2166 2013 2194 a
2035 2153 2190 2193 dextris

273 2214 368 2259 eius,
396 2213 535 2266 Asaph
560 2213 664 2253 filius
694 2213 909 2259 Baraohiae,
938 2213 1007 2254 filii
1031 2213 1191 2262 Samaa‚
1245 2215 1282 2237 ‘¹⁰
1305 2213 1374 2254 filii
1399 2213 1582 2261 Miehael,
1610 2213 1679 2253 filii
1706 2213 1872 2257 Basaiae,
1900 2211 1970 2252 filii
1993 2211 2186 2254 Melchian

273 2275 302 2296 ⁴¹
327 2272 395 2312 filii
418 2272 611 2321 Atl1anai‚
637 2272 706 2313 filii
729 2272 842 2316 Zara.
868 2272 937 2313 filii
959 2272 1103 2315 Adaia.
1155 2275 1187 2297 ⁴2
1210 2272 1279 2313 filii
1303 2272 1454 2317 Ethan,
1480 2272 1549 2313 filii
1572 2272 1753 2317 Zamma,
1779 2272 1848 2312 filii
1870 2271 2013 2314 Semel.
2065 2273 2097 2295 ⁴³
2120 2270 2190 2311 filii

280 2331 377 2378 leth,
412 2331 481 2371 filii
506 2331 685 2375 Gersom,
720 2331 790 2371 filii
821 2331 931 2372 Levi.
986 2333 1018 2356 44
1049 2331 1139 2372 Filii
1172 2338 1309 2372 autem
1342 2331 1488 2372 Merari
1519 2333 1665 2372 fratres
1697 2344 1848 2373 eorum.
1884 2330 1937 2371 ad
1968 2330 2186 2374 sinistram,

278 2390 413 2431 Ethan
437 2390 541 2430 filius
564 2390 668 2437 Cusi.
695 2390 763 2431 filii
785 2390 906 2437 Abdi,
933 2390 1001 2431 filii
1024 2391 1197 2434 Maloeh.
1249 2392 1281 2415 45
1304 2390 1373 2431 filii
1398 2391 1600 2435 Hasabiae,
1627 2390 1695 2431 filii
1717 2390 1905 2439 Amasiae,
1931 2389 2000 2429 filii
2024 2389 2186 2432 Heleiae.

273 2452 309 2473 46
331 2449 399 2490 filii
419 2449 598 2491 Amasai.
622 2449 691 2490 filii
715 2449 829 2494 Boni,
854 2449 923 2490 filii
944 2450 1095 2492 Somer.
1152 2451 1180 2473 ¹⁷
1203 2449 1272 2490 filii
1293 2450 1456 2493 Moholi.
1481 2449 1549 2490 filii
1571 2450 1687 2493 Musi.
1712 2449 1782 2490 filii
1803 2448 1961 2496 Merari,
1985 2448 2054 2489 filii
2075 2448 2185 2489 Levi.

380 2510 415 2533 46
443 2509 606 2549 Fratres
637 2522 799 2562 quoque
829 2522 965 2550 eorum
997 2509 1162 2551 Levitae.
1196 2509 1265 2562 qui
1294 2509 1471 2550 ordinati
1500 2514 1596 2549 sunt
1625 2509 1663 2549 in
1694 2514 1889 2549 ounetum
1918 2507 2188 2548 ministerium

275 2567 529 2609 tabernaculi
555 2568 700 2608 domus
726 2568 903 2609 Domini.
958 2570 993 2592 ⁴⁰
1017 2569 1154 2610 Aaron
1182 2581 1288 2610 vero.
1317 2574 1357 2608 et
1384 2567 1452 2608 filii
1478 2568 1563 2609 eius
1589 2568 1810 2609 adolebant
1834 2568 2042 2608 incensum
2070 2579 2190 2619 super

275 2626 403 2668 altare
432 2626 671 2675 holocausti,
705 2632 744 2667 et
775 2640 895 2680 super
924 2627 1052 2668 altare
1082 2627 1379 2681 thymiamatis.
1413 2627 1452 2667 in
1483 2641 1602 2668 omne
1631 2640 1733 2681 opus
1763 2627 1903 2667 Sancti
1932 2631 2186 2667 sanctorum:

275 2695 313 2726 et
351 2695 391 2726 ut
429 2692 693 2739 precarentur
725 2699 797 2739 pro
839 2686 957 2726 lsrael
990 2687 1109 2727 iuxta
1142 2687 1289 2728 (miliia.
1327 2699 1417 2740 quae
1449 2692 1697 2739 praeeeperat
1731 2686 1891 2739 Moyses
1925 2697 2065 2726 servus
2099 2684 2185 2725 Dei.

381 2747 417 2769 ⁵⁰
448 2745 500 2785 Hi
531 2750 627 2786 sunt
657 2750 793 2785 autem
828 2745 894 2786 filii
925 2745 1080 2787 Aaron:
1112 2746 1282 2786 Eleazar
1312 2745 1416 2786 filius
1446 2745 1540 2788 eius.
1574 2745 1744 2786 Phinees
1777 2744 1879 2785 filius
1909 2744 2005 2793 eius,
2037 2743 2189 2784 Abisue

277 2804 379 2844 lilius
404 2805 499 2846 eius.
553 2806 581 2827 ⁵¹
611 2804 730 2845 Boeei
756 2803 858 2844 filius
884 2805 979 2848 eius.
1007 2805 1079 2845 Ozi
1103 2804 1208 2845 filius
1233 2805 1328 2848 eius.
1356 2804 1529 2845 Zarahia
1552 2804 1657 2845 filius
1682 2805 1777 2851 eius,
1803 2806 1836 2828 52
1859 2802 2060 2844 Meraioth
2085 2802 2189 2843 filius

276 2863 371 2905 eius.
391 2863 578 2903 Amarias
597 2863 701 2903 filius
721 2863 816 2907 eius.
837 2863 1014 2904 Achitob
1036 2863 1139 2904 filius
1158 2864 1253 2913 eius,
1301 2866 1334 2888 5³
1349 2864 1480 2904 Sadoc
1499 2863 1604 2904 filius
1622 2864 1717 2912 eius,
1731 2863 1950 2904 Achimaas
1968 2862 2072 2902 filius
2090 2861 2186 2902 eius.

369 2924 400 2946 54
429 2922 481 2963 Et
510 2922 595 2963 haee
622 2922 858 2963 habitacula
886 2936 1023 2963 eorum
1052 2936 1123 2976 per
1150 2923 1259 2964 vicos
1288 2930 1412 2976 atque
1440 2923 1626 2966 confinia..
1657 2922 1830 2963 filiorum
1859 2921 2009 2962 scilieet
2037 2920 2186 2962 Aaron.

276 2981 391 3021 iuxta
420 2982 682 3033 cognationes
711 2981 1014 3022 (faatliitarmm
1045 2982 1141 3035 ipsis
1169 2982 1274 3022 enim
1305 2988 1411 3023 sorte
1440 2982 1707 3035 contigerant.
1765 2983 1797 3005 ⁵⁵
1830 2981 2037 3021 bedf-runt
2068 2979 2190 3029 igitur

276 3041 330 3080 eis
349 3040 515 3081 Hebron
533 3041 571 3080 in
591 3047 695 3081 terra
718 3040 830 3083 luda.
851 3048 890 3080 et
909 3041 1145 3081 suburbana
1161 3041 1245 3081 eius
1263 3054 1333 3094 per
1349 3041 1583 3081 ‹·ireuitum:
1629 3043 1664 3065 66
1688 3053 1820 3093 “agros
1838 3047 1976 3080 autem
1995 3038 2185 3079 civitatis.

276 3108 310 3139 et
347 3099 472 3141 villas.
505 3099 626 3140 (faleb
657 3099 735 3140 lilio
770 3099 958 3152 lephone.
1017 3101 1050 3123 ⁵⁷
1082 3100 1204 3140 I'orro
1237 3100 1325 3140 filiis
1354 3100 1491 3141 Aaron
1521 3100 1721 3140 dederunt
1751 3099 1940 3139 civitates
1969 3098 2021 3139 ad
2050 3099 2188 3138 eoniu-

276 3158 465 3207 giendum
505 3158 679 3200 Hebron.
715 3166 753 3199 et
786 3159 940 3201 Lobna.
976 3167 1016 3200 et
1048 3159 1283 3199 suburbana
1317 3159 1411 3201 eius.
1473 3160 1509 3183 ⁵⁸
1547 3159 1678 3199 lether
1711 3172 1884 3211 quoque,
1919 3163 1959 3198 et
1992 3156 2187 3197 Estliemo

276 3230 366 3257 eum
390 3217 633 3258 suburbanis
655 3218 747 3260 suis.
771 3218 841 3258 sed
862 3224 900 3258 et
925 3218 1068 3263 Helori,
1092 3224 1131 3258 et
1157 3218 1282 3258 Dabir
1302 3232 1391 3258 eum
1416 3218 1660 3258 suburbanis
1682 3218 1774 3260 suis.
1824 3218 1860 3241 5⁹
1880 3217 1990 3257 Asan
2013 3228 2186 3268 quoque.

276 3283 315 3316 et
342 3276 577 3317 Bethsemes
600 3282 640 3317 et
663 3277 900 3317 suburbana
923 3290 1073 3318 earum.
1129 3279 1165 3300 ‘⁵⁰
1189 3277 1247 3316 De
1272 3277 1379 3317 tribu
1405 3283 1543 3317 autem
1570 3276 1794 3320 Beniamin.
1821 3275 1958 3317 Gabee
1981 3281 2021 3315 et
2045 3274 2188 3314 subur-

278 3335 383 3375 bana
407 3336 501 3378 eius.
528 3343 565 3375 et
590 3335 757 3376 Almatli
782 3349 870 3376 eum
899 3336 1142 3377 suburbanis
1165 3336 1257 3379 suis,
1283 3336 1496 3377 Anatboth
1524 3349 1685 3389 quoque
1709 3348 1798 3376 cum
1825 3333 2070 3375 suburbanis
2093 3332 2185 3373 suis.

277 3407 415 3434 onmes
447 3394 646 3436 civitates.
682 3395 886 3436 tredecim.
924 3409 991 3447 per
1022 3395 1284 3440 cogitationes
1316 3408 1420 3436 suas.

406 3511 436 3549 6,
466 3511 479 3542 I
508 3511 576 3540 affin
606 3509 656 3547 4⁴5,
688 3511 738 3541 ll:
768 3510 822 3541 lnl'
848 3510 899 3549 2³5,
927 3512 954 3542 Γ».
984 3531 1023 3533 --
1057 3513 1097 3544 m
1125 3510 1196 3543 blix
1223 3512 1252 3544 o'.
1283 3512 1328 3543 145.
1423 3511 1463 3543 :50¹
1494 3510 1564 3543 ⁴'Ios
1592 3511 1644 3549 21.
1672 3510 1721 3543 12.
