2356 3760
36 892 77 916 Ad
91 900 218 922 uxorein,

30 1710 66 1735 ad
79 1711 213 1740 amicum.

48 2369 85 2393 ad
107 2369 215 2393 consili-

81 2412 182 2435 arium,

246 128 322 168 654
1124 127 1271 161 LIBER
1863 131 1915 170 36,
1945 131 2083 171 15-37,
2111 133 2150 165 17

248 222 278 244 15
298 220 484 261 Miserere
514 220 674 262 civitati
703 220 1035 262 sanctificationis
1067 226 1148 262 tuae
1232 220 1461 271 Ierusalem,
1495 221 1653 264 civitati
1682 223 1834 277 requiei
1862 230 1955 267 tuae.

249 280 281 303 ¹⁶
300 279 426 333 Reple
454 279 550 321 Sion
578 279 915 321 inenarrabilibus
944 279 1077 320 verbis
1106 280 1198 324 tuis.
1282 287 1323 321 et
1349 280 1476 334 gloria
1502 286 1576 322 tua
1602 281 1800 335 populum
1829 288 1959 325 tuum.

246 339 279 361 ¹⁷
298 338 361 378 Da
384 338 663 380 testimonium
687 338 759 380 his.
785 338 854 391 qui
876 338 927 379 ab
949 338 1064 380 initio
1087 345 1282 380 creaturae
1308 343 1390 380 tuae
1411 345 1518 383 sunt.
1595 347 1636 381 et
1657 341 1809 382 suscita
1829 342 2149 395 praedicationes,

509 410 609 451 quas
638 397 763 437 locuti
793 403 890 437 sunt
919 397 958 437 in
989 398 1152 439 nomine
1182 402 1254 439 tuo
1284 399 1494 452 prophetae
1523 399 1686 453 priores.

247 457 280 479 1⁸
298 456 363 496 Da
391 457 617 497 mercedem
647 455 943 496 sustinentibus
973 462 1025 505 te,
1110 463 1155 497 ut
1185 457 1395 511 prophetae
1424 458 1485 498 tui
1514 458 1649 499 fideles
1678 458 1959 500 inveniantur:

297 520 339 556 et
371 514 519 555 exaudi
563 514 765 556 orationes
813 527 1022 556 servorum
1056 520 1221 557 tuorum
1308 517 1342 540 ¹⁹
1380 518 1622 558 asecundum
1657 518 1981 560 benedictionem
2014 520 2150 561 Aaron

506 574 555 614 de
585 573 735 627 populo
767 579 850 616 tuo,

297 639 337 673 et
358 632 482 685 dirige
508 645 581 673 nos
607 632 648 673 in
669 633 777 673 viam
805 632 984 682 iustitiae,
1057 640 1098 675 et
1124 634 1254 675 sciant
1279 647 1418 675 omnes
1443 633 1512 688 qui
1537 635 1731 677 habitant
1749 641 1912 685 terram,
1988 637 2084 691 quia
2106 641 2150 678 tu

505 704 545 732 es
575 692 686 732 Deus
716 697 957 744 conspector
985 693 1237 734 saeculorum.

606 808 644 848 4.
675 807 909 860 Praecepta
940 808 995 848 de
1027 808 1247 849 relatione
1277 809 1420 859 varia,
1449 809 1516 860 36,
1535 810 1707 861 20--38,
1727 811 1792 850 24.

243 892 278 915 2⁰
295 889 469 931 Omnem
500 903 634 931 escam
663 890 932 931 manducabit
963 895 1117 931 venter.
1203 895 1244 931 et
1273 896 1334 931 est
1364 890 1476 932 cibus
1507 891 1595 933 cibo
1625 892 1777 934 melior.

241 950 271 973 ‘2¹
294 949 449 990 Fauces
481 949 725 1001 contingunt
758 949 895 990 cibum
925 949 1031 998 ferae,
1118 954 1159 990 et
1190 962 1258 991 cor
1288 954 1497 991 sensatum
1531 951 1657 992 verba
1686 952 1911 994 mendacia.

241 1009 273 1034 ²2
295 1008 371 1049 Cor
400 1021 574 1061 pravum
606 1008 723 1049 dabit
753 1008 978 1053 tristitiam,
1064 1014 1105 1049 et
1133 1008 1256 1050 homo
1286 1008 1442 1063 peritus
1472 1009 1634 1050 resistet
1662 1009 1730 1051 illi.

239 1068 272 1092 ²³
293 1067 467 1108 Omnem
499 1066 726 1107 masculum
758 1067 933 1121 excipiet
962 1067 1123 1108 mulier:
1210 1072 1251 1108 et
1281 1072 1343 1109 est
1373 1067 1455 1109 filia
1485 1068 1626 1110 melior
1656 1068 1748 1111 filia.

239 1128 271 1150 24
292 1126 452 1179 Species
482 1125 658 1167 mulieris
689 1125 890 1167 exhilarat
919 1126 1065 1167 faciem
1096 1126 1171 1167 viri
1201 1126 1273 1171 sui,
1363 1132 1404 1168 et
1433 1140 1553 1181 super
1582 1141 1745 1169 omnem
1778 1130 2150 1184 concupiscentiam

500 1185 676 1227 hominis
706 1185 942 1239 superducit
972 1185 1227 1227 desiderium.

239 1245 271 1268 2⁵
289 1244 330 1286 Si
355 1251 417 1285 est
440 1244 579 1298 lingua
605 1244 837 1287 curationis.
867 1251 928 1285 est
953 1251 993 1286 et
1019 1244 1287 1299 mitigationis
1313 1250 1356 1286 et
1379 1245 1680 1287 misericordiae:
1764 1261 1847 1288 non
1872 1253 1934 1289 est
1958 1249 2021 1289 vir
2045 1248 2151 1290 illius

501 1304 726 1345 secundum
756 1303 857 1345 filios
886 1304 1111 1345 hominum.

239 1364 274 1387 ²⁸
292 1363 370 1412 Qui
402 1363 583 1417 possidet
614 1363 824 1404 mulierem
856 1364 1020 1409 bonam,
1049 1363 1217 1405 inchoat
1248 1363 1561 1418 possessionem:
1649 1364 1899 1406 adiutorium
1926 1367 2151 1407 secundum

500 1422 614 1463 illum
645 1429 716 1466 est,
750 1429 789 1463 et
820 1422 1011 1464 columna
1038 1428 1086 1464 ut
1114 1422 1284 1476 requies.

238 1482 272 1505 2⁷
292 1481 372 1523 Ubi
394 1495 476 1523 non
498 1487 559 1523 est
577 1495 702 1535 sepes,
724 1481 937 1535 diripietur
958 1481 1175 1536 possessio:
1254 1488 1295 1522 et
1317 1481 1388 1523 ubi
1408 1495 1491 1523 non
1509 1488 1569 1523 est
1592 1483 1746 1527 mulier,
1770 1483 2000 1537 ingemiscit
2016 1497 2148 1538 egens

238 1542 273 1564 ²⁸
292 1540 390 1590 Quis
420 1541 547 1582 credit
576 1541 622 1589 ei,
655 1541 724 1595 qui
752 1555 833 1582 non
862 1541 989 1582 habet
1016 1541 1171 1589 nidum,
1261 1547 1301 1582 et
1330 1540 1548 1582 deflectens
1577 1541 1826 1596 ubicumque
1856 1543 2148 1593 obscuraverit,

292 1599 407 1654 quasi
436 1601 665 1641 succinctus
692 1600 797 1641 latro
879 1600 1044 1640 exiliens
1074 1601 1122 1641 de
1151 1599 1320 1640 civitate
1347 1600 1389 1640 in
1417 1600 1654 1641 civitatem?

239 1715 302 1761 37.
352 1719 365 1741 1
386 1716 528 1759 Omnis
549 1717 702 1758 amicus
722 1717 847 1758 dicet:
867 1717 924 1758 Et
942 1730 1014 1771 ego
1035 1716 1259 1758 amicit-iam
1279 1715 1479 1771 copulavi.
1543 1717 1614 1758 sed
1632 1722 1694 1758 est
1712 1717 1866 1759 amicus
1883 1717 1967 1760 solo
1986 1718 2150 1760 nomine

502 1776 667 1818 amicus

291 1836 436 1877 Nonne
469 1835 639 1877 tristitia
668 1835 775 1877 inest
808 1849 936 1890 usque
967 1836 1020 1877 ad
1047 1835 1248 1877 mortem?
1337 1837 1352 1860 ²
1381 1834 1539 1877 Sodalis
1569 1841 1708 1877 autem
1742 1843 1783 1877 et
1810 1836 1964 1878 amicus
1992 1837 2045 1878 ad
2076 1836 2149 1877 ini-

500 1895 698 1936 micitiam
729 1900 1032 1936 convertentur.

257 1956 273 1980 ³
290 1954 324 1996 Ο
343 1954 608 2009 praesumptio
627 1954 887 2008 nequissima,
907 1955 1015 1995 unde
1033 1959 1171 1995 creata
1188 1967 1229 1995 es
1285 1954 1489 2007 cooperire
1506 1953 1663 1995 aridam
1682 1954 1851 1998 malitia,
1872 1960 1913 1995 et
1931 1954 2149 1996 dolositate

499 2013 629 2054 illius?

256 2072 446 2115 ⁴Sodah's
481 2073 610 2114 amico
644 2073 971 2115 coniucundatur
1002 2073 1044 2114 in
1077 2071 1432 2121 oblectationibus,
1510 2078 1551 2113 et
1582 2072 1623 2113 in
1657 2078 1840 2127 tempore
1872 2072 2150 2114 tribulationis

501 2132 757 2173 adversarius
787 2132 873 2173 erit.

257 2192 272 2216 ⁵
290 2191 447 2234 Sodalis
476 2191 605 2233 amico
635 2191 825 2233 condolet
852 2204 975 2232 causa
1003 2191 1168 2240 ventris,
1252 2196 1294 2232 et
1321 2196 1465 2232 contra
1491 2191 1652 2232 hostem
1682 2191 1853 2245 accipiet
1881 2195 2055 2233 scutum.

258 2252 272 2275 ⁶
291 2251 383 2293 Non
400 2250 649 2292 obliw‘scaris
669 2251 787 2291 amici
806 2251 867 2291 tui
885 2250 925 2291 in
946 2250 1081 2292 animo
1101 2255 1185 2292 tuo.
1244 2255 1285 2291 et
1303 2263 1384 2291 non
1403 2250 1618 2291 immemor
1636 2250 1688 2291 sis
1706 2249 1811 2291 illius
1829 2250 1872 2291 in
1889 2250 2034 2304 opibus
2053 2250 2147 2292 tuis.

259 2370 272 2392 ⁷
292 2368 384 2410 Noli
405 2367 606 2409 consiliari
626 2381 718 2408 cum
739 2381 796 2416 eo,
819 2367 887 2421 qui
906 2367 983 2408 tibi
1002 2367 1230 2410 insidiatur.
1289 2372 1328 2407 et
1350 2379 1374 2407 a
1392 2366 1619 2408 zelantibus
1638 2371 1680 2407 te
1700 2367 1904 2407 absconde
1923 2366 2147 2408 consilium.

259 2427 434 2469 8Omnis
466 2427 715 2469 consiliarius
746 2427 884 2481 prodit
914 2426 1139 2473 consilium,
1225 2426 1295 2467 sed
1326 2431 1387 2467 est
1418 2425 1668 2467 consiliarius
1698 2425 1740 2466 in
1770 2425 2000 2479 semetipso.

258 2489 273 2512 ⁹
290 2487 327 2528 A
347 2486 572 2528 consiliario
595 2499 713 2527 serva
733 2486 913 2527 anima-m
932 2490 1060 2527 tuam.
1132 2484 1242 2539 prius
1263 2485 1364 2526 scito
1385 2498 1475 2539 quae
1495 2484 1548 2526 sit
1568 2484 1673 2526 illius
1695 2484 1931 2525 necessitas:
2004 2490 2044 2525 et
2065 2484 2151 2538 ipse

501 2546 607 2586 enim
639 2545 774 2587 animo
805 2559 876 2586 suo
907 2544 1123 2599 cogitabit:

239 2607 275 2630 1⁰
291 2619 340 2646 ne
362 2606 467 2646 forte
489 2605 633 2645 mittat
656 2605 797 2646 sudem
820 2605 861 2644 in
884 2610 1048 2653 terram,
1133 2609 1174 2645 et
1197 2603 1307 2645 dicat
1329 2603 1422 2645 tibi:
1465 2606 1496 2628 11
1519 2603 1637 2645 Bona
1658 2609 1720 2644 est
1742 2602 1810 2643 via
1831 2608 1922 2651 tua;
2005 2609 2047 2644 et
2068 2608 2149 2644 stet

501 2677 521 2704 e
551 2663 754 2705 contrario
785 2663 921 2704 videre
952 2663 1051 2717 quid
1079 2663 1155 2704 tibi
1185 2662 1359 2704 eveniat.

239 2725 270 2749 1²
290 2724 391 2765 Cum
422 2724 507 2765 viro
537 2723 756 2777 irreligioso
786 2728 921 2763 tracta
950 2723 998 2764 de
1027 2722 1260 2766 sanctitate,
1345 2728 1386 2763 et
1414 2736 1507 2763 cum
1535 2722 1686 2763 iniusto
1716 2722 1765 2762 de
1792 2721 1962 2766 iustitia,

291 2788 332 2824 et
361 2796 453 2824 cum
482 2782 648 2823 muliere
679 2783 727 2823 de
757 2796 815 2824 ea.
849 2796 938 2836 quae
968 2781 1202 2823 aemulatur:
1287 2795 1379 2822 cum
1409 2781 1554 2822 timido
1585 2781 1634 2822 de
1663 2780 1786 2822 bello:

292 2856 382 2883 cum
414 2841 668 2896 negotiatore
700 2842 749 2882 de
779 2841 1030 2884 traiectione.
1117 2854 1208 2881 cum
1241 2846 1423 2895 emptore
1455 2841 1504 2881 de
1535 2840 1782 2885 venditione,

292 2914 382 2941 cum
415 2901 499 2942 viro
530 2901 654 2942 livido
686 2901 735 2942 de
763 2900 904 2955 gratiis
935 2900 1112 2954 agendis,
1198 2902 1229 2925 1³
1259 2913 1352 2940 cum
1381 2900 1506 2953 impio
1538 2900 1586 2941 de
1616 2899 1782 2953 pietate,

292 2972 380 3000 cum
414 2960 629 3001 inhonesto
662 2960 711 3001 de
742 2960 970 3003 honestate,
1058 2972 1149 3000 cum
1183 2959 1364 3013 operario
1398 2958 1553 3013 agrario
1587 2959 1635 2999 de
1667 2958 1778 2999 omni
1811 2970 1941 3011 opere.

241 3020 270 3042 ¹4
293 3032 381 3058 cum
419 3020 600 3072 operario
636 3018 801 3060 annuali
837 3020 885 3060 de
919 3018 1272 3060 consummatione
1307 3019 1414 3062 anni.
1510 3031 1603 3059 cum
1637 3030 1751 3058 servo
1786 3017 1899 3070 pigro
1934 3017 1983 3058 de
2016 3015 2149 3057 multa

503 3079 755 3132 operatione:
840 3091 921 3119 non
952 3078 1144 3119 attendas
1174 3077 1234 3118 his
1264 3077 1305 3118 in
1336 3077 1446 3119 omni
1476 3076 1654 3118 consilio.

241 3138 271 3160 ¹⁵
292 3136 369 3177 Sed
406 3150 496 3177 cum
532 3138 618 3177 viro
655 3144 796 3178 sancto
834 3137 1018 3178 assiduus
1054 3143 1152 3182 esto,
1254 3149 1553 3190 quemcumque
1588 3135 1824 3189 cognoveris
1860 3135 2147 3176 observantem

503 3196 688 3237 timorem
718 3197 806 3239 Dei.

242 3256 276 3278 ¹⁶
294 3254 405 3295 cuius
431 3255 567 3294 anima
589 3261 649 3296 est
673 3256 896 3296 secundum
921 3255 1100 3296 animam
1123 3260 1258 3296 tuam:
1336 3260 1378 3296 et
1401 3255 1481 3309 qui.
1507 3267 1600 3295 cum
1623 3253 1868 3294 titubaveris
1891 3253 1931 3293 in
1954 3251 2144 3300 tenebris,

504 3314 733 3355 condolebit
764 3314 850 3356 tibi.

241 3374 274 3397 1⁷
293 3373 370 3413 (for
397 3373 492 3414 boni
520 3373 670 3412 consilii
700 3379 836 3414 statue
865 3381 1019 3415 tecum:
1102 3386 1182 3415 non
1211 3379 1271 3414 est
1299 3373 1405 3414 enim
1434 3372 1509 3414 tibi
1539 3372 1648 3413 aliud
1678 3371 1802 3425 pluris
1829 3369 1907 3411 illo.

373 3487 414 3522 19
440 3487 527 3521 aNm
553 3487 583 3528 6,
609 3489 660 3523 24.
