2356 3760
131 182 161 222 2,
188 180 306 220 13—3,
332 181 373 213 18
463 179 687 214 EPISTOLA
707 178 847 213 ΒΕΑΤΙ
870 178 1008 212 PAULI
1030 178 1092 212 AD
1115 178 1577 213 THESSALONICENSES
1599 179 1814 214 SECUNDA
1923 180 2022 222 1153

236 275 267 297 ¹³
286 272 369 314 Nos
388 277 526 314 autem
546 272 738 313 debemus
756 270 906 325 gratias
926 284 1041 324 agere
1059 272 1146 313 Deo
1165 285 1322 325 semper
1340 285 1411 325 pro
1431 271 1545 313 vobis
1564 271 1707 313 fratres
1726 272 1861 313 dilecti
1880 287 1904 313 a
1921 273 2021 322 Deo,
2040 272 2218 331 Thg'jssssffgffi‘

133 332 241 386 quod
269 331 431 385 elegerit
458 345 530 372 vos
557 331 667 371 Deus
694 328 894 383 primitias
922 329 962 369 in
990 329 1162 371 salutem
1190 330 1231 370 in
1259 330 1579 371 sanctificatione
1607 330 1782 384 spiritus,
1813 336 1853 371 et
1879 331 1920 371 in
1947 331 2024 372 fide
2043 342 2071 366 in
2093 326 2216 381 ὲᾳιὶιῐὲιιι

132 389 334 431 veritatis:
396 392 429 414 ¹4
460 389 501 429 in
535 403 616 443 qua
648 394 689 429 et
722 387 886 428 vocavit
919 401 990 429 vos
1024 401 1094 442 per
1126 388 1393 442 Evangelium
1426 394 1611 430 nostrum
1645 388 1685 428 in
1719 389 2025 441 acquisitionem
2039 377 2121 402 ‘'¹8⁰‘'
2143 379 2220 405 “⁴⁰¹¹‘’

131 448 267 502 gloriae
295 448 461 490 Domini
489 447 618 489 nostri
649 447 738 487 Iesu
768 445 927 486 Christi.

238 509 268 531 ¹⁵
290 507 435 560 Itaque
454 506 598 547 fratres
618 510 742 546 state:
763 510 804 545 et
823 510 957 545 tenete
977 505 1228 553 traditiones,
1250 519 1350 558 quas
1370 505 1577 553 didicistis,
1599 505 1682 546 sive
1700 518 1771 559 per
1788 518 2024 555 sermonem,
2043 509 2071 555 1¹3
2088 509 2142 559 flue
2160 515 2217 568 Ρξῑ·

132 565 216 606 sive
247 578 319 619 per
351 564 565 618 epistolam
597 568 792 604 nostram.
854 564 888 587 ¹⁶
922 562 1012 616 Ipse
1045 568 1182 604 autem
1214 563 1414 605 Dominus
1447 570 1584 605 noster
1617 564 1727 605 Iesus
1760 563 1953 613 Christus,
1988 569 2029 604 et
2060 551 2201 568 *e“r⁹⁰''

131 624 242 664 Deus
271 630 313 664 et
340 623 463 664 Pater
490 627 638 670 noster,
671 621 740 674 qui
768 620 910 662 dilexit
938 635 1023 671 nos,
1055 627 1096 662 et
1124 621 1236 662 dedit
1265 622 1583 664 consolationem
1612 627 1818 672 aeternam,
1849 627 1890 663 et
1918 635 2029 675 spem

132 682 283 723 bonam
309 681 351 722 in
375 680 519 735 gratia,
574 681 608 704 ¹⁷
635 680 874 721 exhortetur
899 680 1022 722 corda
1046 684 1194 725 vestra,
1223 685 1264 721 et
1290 680 1502 722 confirmet
1526 681 1567 721 in
1594 680 1703 722 omni
1729 694 1858 734 opere,
1887 685 1927 722 et
1952 693 2030 721 ser-

131 753 251 781 mone
281 740 401 782 bono.

780 840 998 894 PARS
1039 841 1397 895 ALTERA.

526 928 866 981 Tractatio
905 929 1336 994 paraenetica,
1376 927 1432 992 3,
1459 927 1644 980 1—16.

235 1019 272 1063 3.
328 1022 341 1044 ¹
370 1019 431 1060 De
459 1024 591 1061 cetero
619 1020 763 1061 fratres
796 1025 927 1062 aorate
954 1033 1027 1073 pro
1054 1020 1170 1062 nobis
1198 1027 1245 1061 ut
1271 1034 1401 1062 sermo
1428 1020 1504 1061 Dei
1532 1024 1679 1067 currat,
1709 1024 1749 1060 et
1777 1018 2026 1063 clarificetur,
2107 1024 2162 1048 Pro

132 1079 238 1121 sicut
258 1084 300 1120 et
320 1078 431 1132 apud
452 1092 543 1120 vos:
593 1080 607 1102 2
629 1083 670 1119 et
691 1083 738 1119 ut
757 1078 974 1119 liberemur
994 1079 1045 1120 ab
1067 1078 1322 1133 importunis,
1347 1084 1388 1120 et
1408 1078 1524 1120 malis
1546 1077 1795 1119 hominibus:
1819 1091 1902 1120 non
1923 1078 2029 1119 enim
2054 1059 2214 1124 ρῗὲἕέιῖῗῖιῖ,

134 1137 315 1179 omnium
345 1143 405 1178 est
434 1137 544 1178 fides.

235 1198 251 1221 3
267 1195 415 1236 Fidelis
433 1201 570 1236 autem
587 1196 697 1236 Deus
715 1201 786 1244 est,
807 1195 875 1249 qui
893 1196 1150 1237 confirmabit
1167 1209 1250 1244 vos,
1270 1202 1311 1237 et
1327 1196 1529 1237 custodiet
1546 1209 1569 1236 a
1584 1194 1702 1236 malo.
1748 1197 1762 1219 ⁴
1779 1195 2027 1236 Confidimus
2039 1198 2223 1256 eilfffifflgt

133 1261 271 1296 autem
293 1254 342 1294 de
364 1254 492 1299 vobis,
516 1254 557 1294 in
578 1254 767 1300 Domino,
793 1254 985 1307 quoniam
1009 1267 1097 1308 quae
1119 1254 1384 1307 praecipimus,
1409 1259 1450 1295 et
1470 1253 1614 1301 facitis,
1640 1258 1680 1294 et
1701 1253 1868 1294 facietis.
1911 1255 1925 1277 ⁵
1946 1254 2027 1295 Do-
2227 1250 2233 1260 ’

131 1313 265 1354 minus
295 1318 432 1354 autem
462 1312 609 1366 dirigat
638 1313 760 1354 corda
788 1319 924 1354 vestra
950 1313 992 1352 in
1021 1312 1219 1354 charitate
1248 1312 1335 1361 Dei,
1366 1318 1407 1353 et
1434 1312 1634 1365 patientia
1662 1311 1820 1352 Christi.

240 1373 254 1395 ⁶
285 1371 590 1412 Denunciamus
623 1377 761 1412 autem
795 1371 910 1412 vobis
942 1371 1087 1412 fratres
1120 1371 1160 1411 in
1193 1371 1355 1412 nomine
1388 1369 1553 1412 Domini
1585 1369 1713 1411 nostri
1748 1370 1837 1410 Iesu
1870 1370 2029 1419 Christi,
2050 1375 2099 1418 91¹1
2119 1375 2221 1433 ¹¹,Q¹¹¹¹¹{

133 1436 180 1471 ut
209 1429 462 1471 subtrahatis
493 1443 565 1471 vos
596 1430 647 1470 ab
680 1429 789 1470 omni
819 1430 943 1470 fratre
975 1429 1211 1470 ambulante
1242 1429 1482 1478 inordinate,
1516 1435 1557 1470 et
1587 1442 1668 1470 non
1699 1429 1919 1469 secundum
1951 1417 2234 1473 tra-‘ffli‘rdess21‚

132 1488 343 1538 ditionem,
375 1501 497 1541 quam
528 1493 770 1540 acceperunt
800 1500 823 1527 a
852 1487 978 1528 nobis.
1039 1489 1053 1510 ⁷
1085 1487 1166 1540 Ipsi
1196 1487 1301 1527 enim
1331 1487 1440 1528 scitis
1471 1487 1815 1540 quemadmodum
1845 1492 2033 1540 oporteat

132 1546 283 1588 imitari
306 1559 396 1587 nos:
424 1545 616 1599 quoniam
641 1558 722 1586 non
746 1544 917 1598 inquieti
940 1545 1091 1586 fuimus
1114 1545 1220 1586 inter
1243 1559 1332 1587 vos:
1387 1547 1402 1569 ⁸
1429 1551 1579 1599 bneque
1601 1544 1727 1599 gratis
1750 1558 1896 1598 panem
1919 1558 2032 1586 man—

133 1605 373 1646 ducavimus
401 1604 452 1645 ab
481 1603 630 1657 aliquo,
661 1604 730 1644 sed
757 1603 798 1643 in
826 1603 974 1653 labore,
1005 1610 1046 1645 et
1072 1604 1113 1644 in
1140 1604 1393 1657 fatigatione,
1423 1610 1542 1645 nocte
1570 1609 1611 1645 et
1638 1603 1701 1644 die
1730 1608 1954 1657 operantes,
1984 1616 2033 1644 ne

135 1677 256 1717 quem
292 1668 473 1705 vestrum
508 1675 781 1716 gravaremus.
848 1664 863 1686 ⁹
899 1662 991 1704 Non
1027 1662 1141 1716 quasi
1176 1676 1257 1703 non
1293 1663 1552 1703 habuerimus
1587 1667 1847 1716 potestatem,
1885 1662 1950 1703 sed
1988 1667 2035 1703 ut

131 1721 402 1775 nosmetipsos
429 1721 603 1762 formam
631 1721 818 1761 daremus
847 1721 961 1762 vobis
989 1721 1040 1761 ad
1066 1721 1312 1762 imitandum
1339 1735 1423 1763 nos.
1479 1723 1514 1745 ¹⁰
1541 1721 1646 1761 Nam
1673 1726 1713 1761 et
1740 1734 1830 1761 cum
1858 1734 2034 1761 essemus

133 1780 244 1833 apud
257 1793 343 1829 vos,
359 1780 436 1821 hoc
451 1778 799 1820 denunciabamus
814 1779 948 1820 vobis:
967 1779 1159 1833 quoniam
1175 1780 1207 1821 si
1223 1780 1311 1834 quis
1326 1793 1408 1821 non
1423 1780 1513 1821 vult
1527 1780 1695 1833 operari,
1713 1792 1785 1820 nec
1798 1780 2030 1820 manducet.

133 1840 163 1862 ¹¹
198 1837 442 1878 Audivimus
477 1838 584 1877 enim
618 1838 724 1878 inter
758 1851 829 1879 vos
865 1839 1064 1892 quosdam
1100 1838 1306 1879 ambulare
1340 1838 1532 1892 inquiete,
1569 1837 1669 1879 nihil
1704 1843 1928 1891 operantes,
1965 1838 2033 1879 sed

133 1896 287 1937 curiose
314 1901 489 1949 agentes.
545 1898 576 1920 ¹²
603 1895 656 1936 Iis
682 1901 832 1945 autem,
862 1897 930 1950 qui
956 1897 1152 1938 eiusmodi
1177 1903 1284 1947 sunt,
1312 1896 1616 1947 denunciamus,
1644 1901 1685 1937 et
1710 1897 1967 1938 obsecramus
1991 1896 2032 1936 in

132 1954 310 1996 Domino
340 1954 430 1995 Iesu
458 1954 629 2001 Christo,
659 1960 705 1995 ut
732 1968 824 1995 cum
852 1955 1011 1996 silentio
1040 1962 1265 2009 operantes,
1295 1970 1412 1997 suum
1440 1969 1587 2009 panem
1615 1955 1875 1996 manducent.

237 2015 268 2037 13
298 2013 395 2055 cVos
416 2019 555 2054 autem
576 2013 720 2054 fratres
741 2012 867 2054 nolite
889 2014 1056 2055 deficere
1078 2014 1386 2056 benefacientes.
1438 2016 1468 2038 ¹⁴
1490 2014 1607 2063 Quod
1628 2013 1660 2055 si
1682 2013 1770 2067 quis
1790 2026 1873 2054 non
1895 2013 2033 2055 obedit
2053 2020 2222 2069 inquifiti'et

133 2072 257 2113 verbo
286 2076 426 2113 nostro
455 2085 526 2125 per
554 2071 781 2125 epistolam,
812 2072 918 2113 hunc
948 2078 1102 2122 notate,
1133 2079 1173 2114 et
1202 2086 1251 2113 ne
1281 2072 1621 2114 commisceamini
1651 2085 1741 2113 cum
1770 2071 1838 2113 illo
1867 2076 1914 2113 ut
1942 2061 2226 2121 con-cssiggiitss‘r'f‘

134 2130 347 2171 fundatur:
407 2132 438 2154 ¹⁵
468 2136 509 2171 et
538 2130 663 2171 nolite
695 2130 810 2183 quasi
839 2130 1048 2172 inimicum
1079 2131 1321 2180 existimare,
1354 2132 1423 2172 sed
1453 2131 1643 2184 corripite
1673 2135 1720 2171 ut
1748 2130 1927 2171 fratrem.

238 2191 272 2213 ¹⁶
306 2189 396 2243 Ipse
428 2194 567 2230 autem
599 2188 801 2230 Dominus
831 2188 942 2242 pacis
975 2189 1044 2230 det
1077 2190 1192 2231 vobis
1224 2203 1365 2244 pacem
1398 2189 1687 2244 sempiternam
1719 2189 1760 2229 in
1793 2188 1902 2230 omni
1933 2188 2031 2230 loco.
2091 2200 2189 2219 omnes

2087 2235 2187 2259 pacem

133 2247 335 2289 Dominus
364 2247 418 2289 sit
446 2261 538 2288 cum
569 2246 756 2288 omnibus
786 2247 913 2288 vobis.
2071 2264 2207 2289 habeant.

841 2350 1075 2403 Epilogus,
1101 2352 1140 2402 3,
1160 2352 1330 2392 17-18.

238 2422 272 2445 1⁷
299 2420 515 2469 Salutatio,
544 2432 636 2460 mea
661 2433 786 2461 manu
813 2420 948 2462 Pauli:
978 2422 1087 2475 quod
1114 2427 1175 2463 est
1202 2422 1360 2475 signum
1388 2422 1428 2462 in
1457 2421 1565 2463 omni
1593 2419 1775 2475 epistola.
1804 2420 1863 2461 ita
1890 2419 2031 2461 scribo.
2058 2425 2210 2452 Salutatio-

237 2480 273 2504 ¹8
299 2479 443 2520 Gratia
468 2478 634 2520 Domini
660 2479 790 2521 nostri
818 2479 909 2521 Iesu
937 2479 1085 2521 Christi
1112 2493 1204 2521 cum
1232 2480 1420 2522 omnibus
1447 2480 1574 2522 vobis.
1603 2479 1745 2520 Amen.
2049 2482 2223 2508 benedictio·

266 2581 298 2623 3,
322 2582 340 2615 1
367 2556 516 2626 αΕρἶὸ,
536 2581 593 2623 19;
619 2582 728 2624 0014,
749 2583 780 2620 3.
802 2603 842 2607 —
863 2585 883 2618 8
907 2585 994 2618 bAct
1017 2584 1070 2625 20,
1095 2584 1152 2624 34;
1178 2586 1196 2617 1
1221 2584 1285 2618 eor
1304 2585 1335 2624 4,
1359 2585 1414 2624 123
1441 2585 1459 2617 1
1485 2584 1572 2617 Thes
1596 2583 1628 2623 2,
1652 2583 1682 2618 9.
1709 2603 1749 2606 -
1774 2582 1816 2616 13
1843 2582 1922 2616 cGal
1947 2581 1976 2621 6,
2002 2582 2031 2615 9.

216 3557 243 3581 Η
253 3561 310 3582 etz
318 3568 331 3584 e
342 3567 359 3584 n
369 3570 383 3584 a
395 3567 412 3585 u
421 3569 435 3586 e
446 3568 457 3585 r
466 3580 472 3589 ,
495 3561 621 3592 Vulgata
639 3562 829 3591 clementina.
1690 3555 1738 3595 73
