<?xml version="1.0" encoding="UTF-8"?>
<!DOCTYPE html PUBLIC "-//W3C//DTD XHTML 1.0 Transitional//EN"
    "http://www.w3.org/TR/xhtml1/DTD/xhtml1-transitional.dtd">
<html xmlns="http://www.w3.org/1999/xhtml" xml:lang="en" lang="en">
 <head>
  <title>
</title>
<meta http-equiv="Content-Type" content="text/html;charset=utf-8" />
  <meta name='ocr-system' content='tesseract 3.04.00' />
  <meta name='ocr-capabilities' content='ocr_page ocr_carea ocr_par ocr_line ocrx_word'/>
</head>
<body>
  <div class='ocr_page' id='page_1' title='image "./bibliasacravulga00helzuoft_0442.png"; bbox 0 0 2356 3760; ppageno 0'>
   <div class='ocr_carea' id='block_1_1' title="bbox 302 154 2214 202">
    <p class='ocr_par' dir='ltr' id='par_1_1' title="bbox 302 154 2214 202">
     <span class='ocr_line' id='line_1_1' title="bbox 302 154 2214 202; baseline 0.004 -14"><span class='ocrx_word' id='word_1_1' title='bbox 302 156 379 196; x_wconf 72' lang='lat'>418</span> <span class='ocrx_word' id='word_1_2' title='bbox 1184 154 1327 189; x_wconf 83' lang='lat' dir='ltr'>LIBER</span> <span class='ocrx_word' id='word_1_3' title='bbox 1971 160 2002 201; x_wconf 77' lang='lat' dir='ltr'>e,</span> <span class='ocrx_word' id='word_1_4' title='bbox 2029 160 2149 202; x_wconf 79' lang='grc'><strong>16-9,</strong></span> <span class='ocrx_word' id='word_1_5' title='bbox 2173 163 2214 196; x_wconf 86' lang='lat'>21</span> 
     </span>
    </p>
   </div>
   <div class='ocr_carea' id='block_1_2' title="bbox 116 248 2214 1409">
    <p class='ocr_par' dir='ltr' id='par_1_2' title="bbox 302 248 2214 759">
     <span class='ocr_line' id='line_1_2' title="bbox 302 248 2213 305; baseline 0.005 -18"><span class='ocrx_word' id='word_1_6' title='bbox 302 248 544 301; x_wconf 83' lang='lat' dir='ltr'>palmarum.</span> <span class='ocrx_word' id='word_1_7' title='bbox 568 255 609 289; x_wconf 85' lang='lat' dir='ltr'>et</span> <span class='ocrx_word' id='word_1_8' title='bbox 628 248 790 289; x_wconf 79' lang='lat' dir='ltr'>frondes</span> <span class='ocrx_word' id='word_1_9' title='bbox 813 248 906 295; x_wconf 59' lang='lat' dir='ltr'>lieni</span> <span class='ocrx_word' id='word_1_10' title='bbox 930 248 1127 289; x_wconf 73' lang='lat' dir='ltr'>nemorosi</span> <span class='ocrx_word' id='word_1_11' title='bbox 1149 255 1196 289; x_wconf 88' lang='lat' dir='ltr'>nt.</span> <span class='ocrx_word' id='word_1_12' title='bbox 1216 249 1317 289; x_wconf 85' lang='lat' dir='ltr'>fiant</span> <span class='ocrx_word' id='word_1_13' title='bbox 1339 249 1613 291; x_wconf 84' lang='lat' dir='ltr'>tabernacula.</span> <span class='ocrx_word' id='word_1_14' title='bbox 1638 251 1741 292; x_wconf 87' lang='lat' dir='ltr'>sicut</span> <span class='ocrx_word' id='word_1_15' title='bbox 1762 252 1959 305; x_wconf 86' lang='lat' dir='ltr'>scriptum</span> <span class='ocrx_word' id='word_1_16' title='bbox 1979 260 2050 296; x_wconf 91' lang='lat' dir='ltr'>est.</span> <span class='ocrx_word' id='word_1_17' title='bbox 2103 257 2137 280; x_wconf 80' lang='lat'>¹⁶</span> <span class='ocrx_word' id='word_1_18' title='bbox 2158 254 2213 297; x_wconf 88' lang='lat' dir='ltr'>Et</span> 
     </span>
     <span class='ocr_line' id='line_1_3' title="bbox 304 306 2211 368; baseline 0.005 -22"><span class='ocrx_word' id='word_1_19' title='bbox 304 320 483 359; x_wconf 73' lang='lat' dir='ltr'>egressus</span> <span class='ocrx_word' id='word_1_20' title='bbox 520 314 578 347; x_wconf 85' lang='lat' dir='ltr'>est</span> <span class='ocrx_word' id='word_1_21' title='bbox 619 306 801 359; x_wconf 86' lang='lat' dir='ltr'>populus.</span> <span class='ocrx_word' id='word_1_22' title='bbox 842 315 883 347; x_wconf 86' lang='lat' dir='ltr'>et</span> <span class='ocrx_word' id='word_1_23' title='bbox 920 307 1159 349; x_wconf 84' lang='lat' dir='ltr'>attulerunt.</span> <span class='ocrx_word' id='word_1_24' title='bbox 1200 308 1482 361; x_wconf 63' lang='lat' dir='ltr'>1⁴‘e‹re1·1111tque</span> <span class='ocrx_word' id='word_1_25' title='bbox 1518 309 1593 349; x_wconf 88' lang='lat' dir='ltr'>sibi</span> <span class='ocrx_word' id='word_1_26' title='bbox 1631 310 1896 351; x_wconf 85' lang='lat' dir='ltr'>tabernacula</span> <span class='ocrx_word' id='word_1_27' title='bbox 1932 314 2211 368; x_wconf 81' lang='lat' dir='ltr'>unusquisque</span> 
     </span>
     <span class='ocr_line' id='line_1_4' title="bbox 304 365 2209 425; baseline 0.004 -20"><span class='ocrx_word' id='word_1_28' title='bbox 304 366 342 405; x_wconf 88' lang='lat' dir='ltr'>in</span> <span class='ocrx_word' id='word_1_29' title='bbox 365 366 530 406; x_wconf 83' lang='lat' dir='ltr'>domate</span> <span class='ocrx_word' id='word_1_30' title='bbox 551 380 634 406; x_wconf 86' lang='lat' dir='ltr'>sno.</span> <span class='ocrx_word' id='word_1_31' title='bbox 659 374 697 405; x_wconf 87' lang='lat' dir='ltr'>et</span> <span class='ocrx_word' id='word_1_32' title='bbox 721 365 760 405; x_wconf 92' lang='lat' dir='ltr'>in</span> <span class='ocrx_word' id='word_1_33' title='bbox 782 365 895 405; x_wconf 84' lang='lat' dir='ltr'>atriis</span> <span class='ocrx_word' id='word_1_34' title='bbox 915 366 1008 411; x_wconf 69' lang='lat' dir='ltr'>suis,</span> <span class='ocrx_word' id='word_1_35' title='bbox 1033 374 1072 406; x_wconf 86' lang='lat' dir='ltr'>et</span> <span class='ocrx_word' id='word_1_36' title='bbox 1094 366 1133 407; x_wconf 92' lang='lat' dir='ltr'>in</span> <span class='ocrx_word' id='word_1_37' title='bbox 1155 367 1268 407; x_wconf 82' lang='lat' dir='ltr'>atriis</span> <span class='ocrx_word' id='word_1_38' title='bbox 1290 367 1435 407; x_wconf 86' lang='lat' dir='ltr'>domus</span> <span class='ocrx_word' id='word_1_39' title='bbox 1460 368 1542 413; x_wconf 75' lang='lat' dir='ltr'>Dei,</span> <span class='ocrx_word' id='word_1_40' title='bbox 1566 374 1607 408; x_wconf 89' lang='lat' dir='ltr'>et</span> <span class='ocrx_word' id='word_1_41' title='bbox 1628 368 1668 408; x_wconf 92' lang='lat' dir='ltr'>in</span> <span class='ocrx_word' id='word_1_42' title='bbox 1690 369 1828 421; x_wconf 78' lang='lat' dir='ltr'>platea</span> <span class='ocrx_word' id='word_1_43' title='bbox 1848 375 1976 423; x_wconf 82' lang='lat' dir='ltr'>portae</span> <span class='ocrx_word' id='word_1_44' title='bbox 1997 384 2209 425; x_wconf 85' lang='lat' dir='ltr'>aquarum.</span> 
     </span>
     <span class='ocr_line' id='line_1_5' title="bbox 304 424 2214 482; baseline 0.002 -17"><span class='ocrx_word' id='word_1_45' title='bbox 304 430 344 465; x_wconf 86' lang='lat' dir='ltr'>et</span> <span class='ocrx_word' id='word_1_46' title='bbox 369 424 409 465; x_wconf 91' lang='lat' dir='ltr'>in</span> <span class='ocrx_word' id='word_1_47' title='bbox 436 425 570 478; x_wconf 87' lang='lat' dir='ltr'>platea</span> <span class='ocrx_word' id='word_1_48' title='bbox 598 431 726 477; x_wconf 76' lang='lat' dir='ltr'>portae</span> <span class='ocrx_word' id='word_1_49' title='bbox 755 424 959 476; x_wconf 78' lang='lat' dir='ltr'>Ephraim.</span> <span class='ocrx_word' id='word_1_50' title='bbox 1017 426 1047 448; x_wconf 84' lang='lat'>¹⁷</span> <span class='ocrx_word' id='word_1_51' title='bbox 1075 425 1185 466; x_wconf 82' lang='lat' dir='ltr'>Fecit</span> <span class='ocrx_word' id='word_1_52' title='bbox 1213 439 1304 478; x_wconf 70' lang='lat' dir='ltr'>ergo</span> <span class='ocrx_word' id='word_1_53' title='bbox 1331 426 1519 467; x_wconf 81' lang='lat' dir='ltr'>universa</span> <span class='ocrx_word' id='word_1_54' title='bbox 1546 426 1713 468; x_wconf 86' lang='lat' dir='ltr'>ecclesia</span> <span class='ocrx_word' id='word_1_55' title='bbox 1736 441 1888 473; x_wconf 85' lang='lat' dir='ltr'>eorum.</span> <span class='ocrx_word' id='word_1_56' title='bbox 1917 429 1986 482; x_wconf 89' lang='lat' dir='ltr'>qui</span> <span class='ocrx_word' id='word_1_57' title='bbox 2011 431 2214 473; x_wconf 75' lang='lat' dir='ltr'>redierant</span> 
     </span>
     <span class='ocr_line' id='line_1_6' title="bbox 304 483 2214 536; baseline 0.004 -13"><span class='ocrx_word' id='word_1_58' title='bbox 304 484 352 523; x_wconf 84' lang='lat' dir='ltr'>(le</span> <span class='ocrx_word' id='word_1_59' title='bbox 385 484 640 536; x_wconf 75' lang='lat' dir='ltr'>captivitate..</span> <span class='ocrx_word' id='word_1_60' title='bbox 677 483 951 526; x_wconf 83' lang='lat' dir='ltr'>tabernacula.</span> <span class='ocrx_word' id='word_1_61' title='bbox 986 489 1025 524; x_wconf 90' lang='lat' dir='ltr'>et</span> <span class='ocrx_word' id='word_1_62' title='bbox 1058 483 1353 525; x_wconf 84' lang='lat' dir='ltr'>habitaverunt</span> <span class='ocrx_word' id='word_1_63' title='bbox 1383 485 1423 525; x_wconf 91' lang='lat' dir='ltr'>in</span> <span class='ocrx_word' id='word_1_64' title='bbox 1457 486 1746 527; x_wconf 82' lang='lat' dir='ltr'>tabernaculis:</span> <span class='ocrx_word' id='word_1_65' title='bbox 1782 501 1862 528; x_wconf 91' lang='lat' dir='ltr'>non</span> <span class='ocrx_word' id='word_1_66' title='bbox 1894 488 2001 529; x_wconf 87' lang='lat' dir='ltr'>enim</span> <span class='ocrx_word' id='word_1_67' title='bbox 2033 490 2214 531; x_wconf 78' lang='lat' dir='ltr'>fecerant</span> 
     </span>
     <span class='ocr_line' id='line_1_7' title="bbox 305 541 2214 601; baseline 0.004 -19"><span class='ocrx_word' id='word_1_68' title='bbox 305 556 325 582; x_wconf 86' lang='lat' dir='ltr'>a</span> <span class='ocrx_word' id='word_1_69' title='bbox 347 543 487 582; x_wconf 84' lang='lat' dir='ltr'>(liebus</span> <span class='ocrx_word' id='word_1_70' title='bbox 514 542 625 582; x_wconf 80' lang='lat' dir='ltr'>losue</span> <span class='ocrx_word' id='word_1_71' title='bbox 647 541 715 581; x_wconf 83' lang='lat' dir='ltr'>filii</span> <span class='ocrx_word' id='word_1_72' title='bbox 737 542 828 581; x_wconf 74' lang='lat' dir='ltr'>Nun</span> <span class='ocrx_word' id='word_1_73' title='bbox 851 542 987 582; x_wconf 83' lang='lat' dir='ltr'>taliter</span> <span class='ocrx_word' id='word_1_74' title='bbox 1007 542 1073 583; x_wconf 81' lang='lat' dir='ltr'>filii</span> <span class='ocrx_word' id='word_1_75' title='bbox 1101 543 1216 582; x_wconf 84' lang='lat' dir='ltr'>lsrael</span> <span class='ocrx_word' id='word_1_76' title='bbox 1240 557 1366 596; x_wconf 85' lang='lat' dir='ltr'>nsque</span> <span class='ocrx_word' id='word_1_77' title='bbox 1386 544 1437 583; x_wconf 84' lang='lat' dir='ltr'>ad</span> <span class='ocrx_word' id='word_1_78' title='bbox 1457 544 1561 584; x_wconf 86' lang='lat' dir='ltr'>diem</span> <span class='ocrx_word' id='word_1_79' title='bbox 1584 545 1707 586; x_wconf 89' lang='lat' dir='ltr'>illum.</span> <span class='ocrx_word' id='word_1_80' title='bbox 1731 546 1784 586; x_wconf 87' lang='lat' dir='ltr'>Et</span> <span class='ocrx_word' id='word_1_81' title='bbox 1804 546 1883 587; x_wconf 85' lang='lat' dir='ltr'>fuit</span> <span class='ocrx_word' id='word_1_82' title='bbox 1902 547 2047 588; x_wconf 83' lang='lat' dir='ltr'>laetitia</span> <span class='ocrx_word' id='word_1_83' title='bbox 2064 562 2214 601; x_wconf 78' lang='lat' dir='ltr'>magna</span> 
     </span>
     <span class='ocr_line' id='line_1_8' title="bbox 305 600 2214 660; baseline 0.004 -19"><span class='ocrx_word' id='word_1_84' title='bbox 305 601 433 641; x_wconf 82' lang='lat' dir='ltr'>nimis.</span> <span class='ocrx_word' id='word_1_85' title='bbox 490 603 523 624; x_wconf 68' lang='lat'>¹⁸</span> <span class='ocrx_word' id='word_1_86' title='bbox 551 600 664 651; x_wconf 60' lang='lat' dir='ltr'>Legit</span> <span class='ocrx_word' id='word_1_87' title='bbox 691 607 828 641; x_wconf 87' lang='lat' dir='ltr'>autem</span> <span class='ocrx_word' id='word_1_88' title='bbox 856 601 894 640; x_wconf 93' lang='lat' dir='ltr'>in</span> <span class='ocrx_word' id='word_1_89' title='bbox 922 601 1042 641; x_wconf 86' lang='lat' dir='ltr'>Libro</span> <span class='ocrx_word' id='word_1_90' title='bbox 1069 601 1164 650; x_wconf 60' lang='lat' dir='ltr'>legis</span> <span class='ocrx_word' id='word_1_91' title='bbox 1190 602 1265 642; x_wconf 85' lang='lat' dir='ltr'>Dei</span> <span class='ocrx_word' id='word_1_92' title='bbox 1291 615 1362 655; x_wconf 88' lang='lat' dir='ltr'>per</span> <span class='ocrx_word' id='word_1_93' title='bbox 1387 602 1471 643; x_wconf 89' lang='lat' dir='ltr'>dics</span> <span class='ocrx_word' id='word_1_94' title='bbox 1496 603 1684 653; x_wconf 60' lang='lat' dir='ltr'>singulos.</span> <span class='ocrx_word' id='word_1_95' title='bbox 1714 618 1735 644; x_wconf 88' lang='lat' dir='ltr'>a</span> <span class='ocrx_word' id='word_1_96' title='bbox 1763 605 1826 645; x_wconf 89' lang='lat' dir='ltr'>die</span> <span class='ocrx_word' id='word_1_97' title='bbox 1851 605 1981 658; x_wconf 85' lang='lat' dir='ltr'>primo</span> <span class='ocrx_word' id='word_1_98' title='bbox 2008 620 2135 660; x_wconf 86' lang='lat' dir='ltr'>usque</span> <span class='ocrx_word' id='word_1_99' title='bbox 2162 608 2214 648; x_wconf 85' lang='lat' dir='ltr'>ad</span> 
     </span>
     <span class='ocr_line' id='line_1_9' title="bbox 305 660 2213 714; baseline 0.004 -15"><span class='ocrx_word' id='word_1_100' title='bbox 305 661 408 699; x_wconf 85' lang='lat' dir='ltr'>diem</span> <span class='ocrx_word' id='word_1_101' title='bbox 427 660 704 701; x_wconf 84' lang='lat' dir='ltr'>novissimum.</span> <span class='ocrx_word' id='word_1_102' title='bbox 723 666 762 699; x_wconf 86' lang='lat' dir='ltr'>et</span> <span class='ocrx_word' id='word_1_103' title='bbox 777 660 959 700; x_wconf 80' lang='lat' dir='ltr'>fecerunt</span> <span class='ocrx_word' id='word_1_104' title='bbox 976 660 1290 701; x_wconf 71' lang='lat' dir='ltr'>sollemnitatem</span> <span class='ocrx_word' id='word_1_105' title='bbox 1308 666 1462 714; x_wconf 78' lang='lat' dir='ltr'>septem</span> <span class='ocrx_word' id='word_1_106' title='bbox 1480 662 1632 705; x_wconf 82' lang='lat' dir='ltr'>diebus.</span> <span class='ocrx_word' id='word_1_107' title='bbox 1650 670 1690 703; x_wconf 88' lang='lat' dir='ltr'>et</span> <span class='ocrx_word' id='word_1_108' title='bbox 1704 663 1744 703; x_wconf 92' lang='lat' dir='ltr'>in</span> <span class='ocrx_word' id='word_1_109' title='bbox 1761 663 1825 704; x_wconf 90' lang='lat' dir='ltr'>die</span> <span class='ocrx_word' id='word_1_110' title='bbox 1841 669 1988 706; x_wconf 88' lang='lat' dir='ltr'>octavo</span> <span class='ocrx_word' id='word_1_111' title='bbox 2001 665 2213 706; x_wconf 87' lang='lat' dir='ltr'>collectam</span> 
     </span>
     <span class='ocr_line' id='line_1_10' title="bbox 305 719 583 759; baseline 0 -1"><span class='ocrx_word' id='word_1_112' title='bbox 305 719 418 759; x_wconf 81' lang='lat' dir='ltr'>iuxta</span> <span class='ocrx_word' id='word_1_113' title='bbox 449 719 583 759; x_wconf 87' lang='lat' dir='ltr'>ritum.</span> 
     </span>
    </p>

    <p class='ocr_par' dir='ltr' id='par_1_3' title="bbox 116 775 2214 1409">
     <span class='ocr_line' id='line_1_11' title="bbox 116 775 2213 835; baseline 0.004 -19"><span class='ocrx_word' id='word_1_114' title='bbox 116 775 278 835; x_wconf 51' lang='lat' dir='ltr'>‘¹³1‘J.„¹1‘{{¹T¹&#39;</span> <span class='ocrx_word' id='word_1_115' title='bbox 408 778 445 820; x_wconf 79' lang='lat'>9.</span> <span class='ocrx_word' id='word_1_116' title='bbox 505 780 511 801; x_wconf 90' lang='lat'>¹</span> <span class='ocrx_word' id='word_1_117' title='bbox 550 778 597 818; x_wconf 91' lang='grc'>111</span> <span class='ocrx_word' id='word_1_118' title='bbox 629 778 692 817; x_wconf 86' lang='grc'><strong>(119</strong></span> <span class='ocrx_word' id='word_1_119' title='bbox 725 789 860 817; x_wconf 81' lang='lat' dir='ltr'>antem</span> <span class='ocrx_word' id='word_1_120' title='bbox 897 778 1241 831; x_wconf 62' lang='lat' dir='ltr'>vigesimoquarto</span> <span class='ocrx_word' id='word_1_121' title='bbox 1273 780 1421 820; x_wconf 78' lang='lat' dir='ltr'>mensis</span> <span class='ocrx_word' id='word_1_122' title='bbox 1453 780 1573 820; x_wconf 87' lang='lat' dir='ltr'>huius</span> <span class='ocrx_word' id='word_1_123' title='bbox 1605 788 1881 822; x_wconf 85' lang='lat' dir='ltr'>convenerunt</span> <span class='ocrx_word' id='word_1_124' title='bbox 1915 782 1984 822; x_wconf 85' lang='lat' dir='ltr'>filii</span> <span class='ocrx_word' id='word_1_125' title='bbox 2018 783 2141 824; x_wconf 87' lang='lat' dir='ltr'>Israel</span> <span class='ocrx_word' id='word_1_126' title='bbox 2171 785 2213 824; x_wconf 92' lang='lat' dir='ltr'>in</span> 
     </span>
     <span class='ocr_line' id='line_1_12' title="bbox 304 836 2213 894; baseline 0.004 -18"><span class='ocrx_word' id='word_1_127' title='bbox 304 837 450 878; x_wconf 88' lang='lat' dir='ltr'>ieiunio</span> <span class='ocrx_word' id='word_1_128' title='bbox 476 843 514 877; x_wconf 85' lang='lat' dir='ltr'>ct</span> <span class='ocrx_word' id='word_1_129' title='bbox 539 837 578 877; x_wconf 91' lang='lat' dir='ltr'>in</span> <span class='ocrx_word' id='word_1_130' title='bbox 603 836 739 878; x_wconf 82' lang='lat' dir='ltr'>saccis.</span> <span class='ocrx_word' id='word_1_131' title='bbox 766 845 805 877; x_wconf 86' lang='lat' dir='ltr'>et</span> <span class='ocrx_word' id='word_1_132' title='bbox 831 837 977 877; x_wconf 86' lang='lat' dir='ltr'>humus</span> <span class='ocrx_word' id='word_1_133' title='bbox 1001 851 1120 890; x_wconf 86' lang='lat' dir='ltr'>snper</span> <span class='ocrx_word' id='word_1_134' title='bbox 1143 851 1219 878; x_wconf 84' lang='grc'><strong>903.</strong></span> <span class='ocrx_word' id='word_1_135' title='bbox 1273 840 1287 862; x_wconf 83' lang='lat'>2</span> <span class='ocrx_word' id='word_1_136' title='bbox 1310 838 1364 879; x_wconf 87' lang='lat' dir='ltr'>Et</span> <span class='ocrx_word' id='word_1_137' title='bbox 1389 844 1622 892; x_wconf 86' lang='lat' dir='ltr'>separatum</span> <span class='ocrx_word' id='word_1_138' title='bbox 1648 846 1707 880; x_wconf 87' lang='lat' dir='ltr'>est</span> <span class='ocrx_word' id='word_1_139' title='bbox 1731 854 1865 894; x_wconf 84' lang='lat' dir='ltr'>semen</span> <span class='ocrx_word' id='word_1_140' title='bbox 1890 841 2063 882; x_wconf 84' lang='lat' dir='ltr'>tiliorum</span> <span class='ocrx_word' id='word_1_141' title='bbox 2092 842 2213 883; x_wconf 87' lang='lat' dir='ltr'>[srael</span> 
     </span>
     <span class='ocr_line' id='line_1_13' title="bbox 303 895 2214 954; baseline 0.004 -19"><span class='ocrx_word' id='word_1_142' title='bbox 303 896 354 936; x_wconf 82' lang='lat' dir='ltr'>ab</span> <span class='ocrx_word' id='word_1_143' title='bbox 381 896 490 937; x_wconf 90' lang='lat' dir='ltr'>omni</span> <span class='ocrx_word' id='word_1_144' title='bbox 518 895 597 935; x_wconf 87' lang='lat' dir='ltr'>filio</span> <span class='ocrx_word' id='word_1_145' title='bbox 624 895 866 948; x_wconf 66' lang='lat' dir='ltr'>alienigena:</span> <span class='ocrx_word' id='word_1_146' title='bbox 895 903 935 937; x_wconf 86' lang='lat' dir='ltr'>et</span> <span class='ocrx_word' id='word_1_147' title='bbox 961 902 1175 939; x_wconf 83' lang='lat' dir='ltr'>steterunt.</span> <span class='ocrx_word' id='word_1_148' title='bbox 1205 903 1244 937; x_wconf 89' lang='lat' dir='ltr'>et</span> <span class='ocrx_word' id='word_1_149' title='bbox 1271 898 1575 938; x_wconf 81' lang='lat' dir='ltr'>confitebantur</span> <span class='ocrx_word' id='word_1_150' title='bbox 1600 906 1769 951; x_wconf 81' lang='lat' dir='ltr'>peecata</span> <span class='ocrx_word' id='word_1_151' title='bbox 1794 913 1878 947; x_wconf 78' lang='lat' dir='ltr'>sua.</span> <span class='ocrx_word' id='word_1_152' title='bbox 1907 906 1948 941; x_wconf 90' lang='lat' dir='ltr'>et</span> <span class='ocrx_word' id='word_1_153' title='bbox 1974 901 2214 954; x_wconf 83' lang='lat' dir='ltr'>iniquitates</span> 
     </span>
     <span class='ocr_line' id='line_1_14' title="bbox 304 955 2213 1014; baseline 0.004 -20"><span class='ocrx_word' id='word_1_154' title='bbox 304 960 464 1010; x_wconf 85' lang='lat' dir='ltr'>patrum</span> <span class='ocrx_word' id='word_1_155' title='bbox 493 968 669 995; x_wconf 79' lang='lat' dir='ltr'>snorum.</span> <span class='ocrx_word' id='word_1_156' title='bbox 723 958 738 979; x_wconf 78' lang='lat'>³</span> <span class='ocrx_word' id='word_1_157' title='bbox 764 955 816 995; x_wconf 74' lang='lat' dir='ltr'>Et</span> <span class='ocrx_word' id='word_1_158' title='bbox 843 963 1183 996; x_wconf 82' lang='lat' dir='ltr'>consurrexerunt</span> <span class='ocrx_word' id='word_1_159' title='bbox 1210 957 1261 997; x_wconf 88' lang='lat' dir='ltr'>ad</span> <span class='ocrx_word' id='word_1_160' title='bbox 1287 958 1499 997; x_wconf 85' lang='lat' dir='ltr'>standum:</span> <span class='ocrx_word' id='word_1_161' title='bbox 1527 963 1568 997; x_wconf 87' lang='lat' dir='ltr'>et</span> <span class='ocrx_word' id='word_1_162' title='bbox 1592 957 1775 1010; x_wconf 80' lang='lat' dir='ltr'>legerunt</span> <span class='ocrx_word' id='word_1_163' title='bbox 1799 959 1839 1000; x_wconf 93' lang='lat' dir='ltr'>in</span> <span class='ocrx_word' id='word_1_164' title='bbox 1865 959 2070 1000; x_wconf 89' lang='lat' dir='ltr'>volumine</span> <span class='ocrx_word' id='word_1_165' title='bbox 2095 960 2213 1014; x_wconf 85' lang='lat' dir='ltr'>Legis</span> 
     </span>
     <span class='ocr_line' id='line_1_15' title="bbox 305 1014 2211 1068; baseline 0.003 -14"><span class='ocrx_word' id='word_1_166' title='bbox 305 1014 465 1054; x_wconf 84' lang='lat' dir='ltr'>Domini</span> <span class='ocrx_word' id='word_1_167' title='bbox 500 1014 569 1054; x_wconf 85' lang='lat' dir='ltr'>Dei</span> <span class='ocrx_word' id='word_1_168' title='bbox 602 1014 673 1054; x_wconf 86' lang='lat' dir='ltr'>sui.</span> <span class='ocrx_word' id='word_1_169' title='bbox 709 1020 854 1067; x_wconf 88' lang='lat' dir='ltr'>qnater</span> <span class='ocrx_word' id='word_1_170' title='bbox 884 1015 922 1054; x_wconf 89' lang='lat' dir='ltr'>in</span> <span class='ocrx_word' id='word_1_171' title='bbox 955 1015 1029 1056; x_wconf 87' lang='lat' dir='ltr'>die.</span> <span class='ocrx_word' id='word_1_172' title='bbox 1063 1021 1102 1055; x_wconf 89' lang='lat' dir='ltr'>et</span> <span class='ocrx_word' id='word_1_173' title='bbox 1135 1022 1280 1068; x_wconf 79' lang='lat' dir='ltr'>quater</span> <span class='ocrx_word' id='word_1_174' title='bbox 1310 1016 1624 1061; x_wconf 76' lang='lat' dir='ltr'>confitebantur.</span> <span class='ocrx_word' id='word_1_175' title='bbox 1657 1023 1697 1057; x_wconf 93' lang='lat' dir='ltr'>et</span> <span class='ocrx_word' id='word_1_176' title='bbox 1729 1018 1958 1058; x_wconf 84' lang='lat' dir='ltr'>adorabant</span> <span class='ocrx_word' id='word_1_177' title='bbox 1988 1019 2211 1060; x_wconf 91' lang='lat' dir='ltr'>Dominum</span> 
     </span>
     <span class='ocr_line' id='line_1_16' title="bbox 305 1074 2213 1128; baseline 0.003 -16"><span class='ocrx_word' id='word_1_178' title='bbox 305 1074 432 1113; x_wconf 75' lang='lat' dir='ltr'>Deum</span> <span class='ocrx_word' id='word_1_179' title='bbox 464 1087 594 1113; x_wconf 86' lang='lat' dir='ltr'>sunm.</span> <span class='ocrx_word' id='word_1_180' title='bbox 654 1075 666 1096; x_wconf 73' lang='lat'>⁴</span> <span class='ocrx_word' id='word_1_181' title='bbox 698 1074 969 1113; x_wconf 68' lang='lat' dir='ltr'>Sin-rexerunt</span> <span class='ocrx_word' id='word_1_182' title='bbox 1000 1080 1138 1114; x_wconf 81' lang='lat' dir='ltr'>autem</span> <span class='ocrx_word' id='word_1_183' title='bbox 1169 1088 1289 1127; x_wconf 86' lang='lat' dir='ltr'>super</span> <span class='ocrx_word' id='word_1_184' title='bbox 1317 1075 1487 1128; x_wconf 73' lang='lat' dir='ltr'>gradum</span> <span class='ocrx_word' id='word_1_185' title='bbox 1520 1075 1758 1116; x_wconf 71' lang='lat' dir='ltr'>Levitarum</span> <span class='ocrx_word' id='word_1_186' title='bbox 1795 1077 1918 1120; x_wconf 81' lang='lat' dir='ltr'>losue.</span> <span class='ocrx_word' id='word_1_187' title='bbox 1952 1083 1992 1117; x_wconf 92' lang='lat' dir='ltr'>et</span> <span class='ocrx_word' id='word_1_188' title='bbox 2023 1078 2138 1124; x_wconf 79' lang='lat' dir='ltr'>Bani,</span> <span class='ocrx_word' id='word_1_189' title='bbox 2171 1085 2213 1119; x_wconf 92' lang='lat' dir='ltr'>et</span> 
     </span>
     <span class='ocr_line' id='line_1_17' title="bbox 300 1132 2211 1190; baseline 0.003 -18"><span class='ocrx_word' id='word_1_190' title='bbox 300 1132 518 1174; x_wconf 75' lang='lat' dir='ltr'>t&#39;edmihel.</span> <span class='ocrx_word' id='word_1_191' title='bbox 542 1132 731 1173; x_wconf 78' lang='lat' dir='ltr'>Sabania.</span> <span class='ocrx_word' id='word_1_192' title='bbox 762 1132 901 1173; x_wconf 75' lang='lat' dir='ltr'>Bonni.</span> <span class='ocrx_word' id='word_1_193' title='bbox 925 1132 1124 1179; x_wconf 81' lang='lat' dir='ltr'>Sarebias.</span> <span class='ocrx_word' id='word_1_194' title='bbox 1151 1133 1264 1177; x_wconf 85' lang='lat' dir='ltr'>Bani.</span> <span class='ocrx_word' id='word_1_195' title='bbox 1290 1140 1329 1174; x_wconf 86' lang='lat' dir='ltr'>et</span> <span class='ocrx_word' id='word_1_196' title='bbox 1351 1134 1553 1175; x_wconf 70' lang='lat' dir='ltr'>Chanani:</span> <span class='ocrx_word' id='word_1_197' title='bbox 1577 1141 1615 1175; x_wconf 90' lang='lat' dir='ltr'>et</span> <span class='ocrx_word' id='word_1_198' title='bbox 1639 1135 1921 1176; x_wconf 86' lang='lat' dir='ltr'>clamaverunt</span> <span class='ocrx_word' id='word_1_199' title='bbox 1942 1149 2041 1177; x_wconf 85' lang='lat' dir='ltr'>voce</span> <span class='ocrx_word' id='word_1_200' title='bbox 2063 1150 2211 1190; x_wconf 86' lang='lat' dir='ltr'>magna</span> 
     </span>
     <span class='ocr_line' id='line_1_18' title="bbox 301 1191 2209 1239; baseline 0.004 -9"><span class='ocrx_word' id='word_1_201' title='bbox 301 1192 351 1231; x_wconf 80' lang='lat' dir='ltr'>ad</span> <span class='ocrx_word' id='word_1_202' title='bbox 386 1192 606 1231; x_wconf 78' lang='lat' dir='ltr'>Dominum</span> <span class='ocrx_word' id='word_1_203' title='bbox 644 1191 775 1231; x_wconf 84' lang='lat' dir='ltr'>Deum</span> <span class='ocrx_word' id='word_1_204' title='bbox 811 1205 941 1232; x_wconf 89' lang='lat' dir='ltr'>suum.</span> <span class='ocrx_word' id='word_1_205' title='bbox 1003 1193 1018 1216; x_wconf 77' lang='lat'>5</span> <span class='ocrx_word' id='word_1_206' title='bbox 1051 1192 1107 1232; x_wconf 85' lang='lat' dir='ltr'>Et</span> <span class='ocrx_word' id='word_1_207' title='bbox 1141 1193 1331 1233; x_wconf 86' lang='lat' dir='ltr'>dixerunt</span> <span class='ocrx_word' id='word_1_208' title='bbox 1365 1193 1521 1234; x_wconf 84' lang='lat' dir='ltr'>Levitae</span> <span class='ocrx_word' id='word_1_209' title='bbox 1555 1194 1683 1238; x_wconf 82' lang='lat' dir='ltr'>losue,</span> <span class='ocrx_word' id='word_1_210' title='bbox 1720 1202 1758 1235; x_wconf 85' lang='lat' dir='ltr'>et</span> <span class='ocrx_word' id='word_1_211' title='bbox 1794 1195 2011 1239; x_wconf 54' lang='lat' dir='ltr'>(fedmihel.</span> <span class='ocrx_word' id='word_1_212' title='bbox 2065 1196 2209 1237; x_wconf 87' lang='lat' dir='ltr'>Bonni.</span> 
     </span>
     <span class='ocr_line' id='line_1_19' title="bbox 306 1250 2211 1306; baseline 0.003 -16"><span class='ocrx_word' id='word_1_213' title='bbox 306 1250 520 1294; x_wconf 80' lang='lat' dir='ltr'>Hasebnia,</span> <span class='ocrx_word' id='word_1_214' title='bbox 558 1250 732 1293; x_wconf 73' lang='lat' dir='ltr'>Serebia.</span> <span class='ocrx_word' id='word_1_215' title='bbox 771 1250 913 1293; x_wconf 81' lang='lat' dir='ltr'>Odaia.</span> <span class='ocrx_word' id='word_1_216' title='bbox 951 1251 1111 1295; x_wconf 82' lang='lat' dir='ltr'>Selmia.</span> <span class='ocrx_word' id='word_1_217' title='bbox 1150 1251 1401 1292; x_wconf 83' lang='lat' dir='ltr'>Phathahia:</span> <span class='ocrx_word' id='word_1_218' title='bbox 1439 1252 1610 1306; x_wconf 75' lang='lat' dir='ltr'>Surgite.</span> <span class='ocrx_word' id='word_1_219' title='bbox 1650 1254 1875 1295; x_wconf 76' lang='lat' dir='ltr'>benedicite</span> <span class='ocrx_word' id='word_1_220' title='bbox 1911 1254 2087 1295; x_wconf 87' lang='lat' dir='ltr'>Domino</span> <span class='ocrx_word' id='word_1_221' title='bbox 2124 1255 2211 1296; x_wconf 91' lang='lat' dir='ltr'>Deo</span> 
     </span>
     <span class='ocr_line' id='line_1_20' title="bbox 301 1310 2211 1365; baseline 0.004 -18"><span class='ocrx_word' id='word_1_222' title='bbox 301 1316 435 1350; x_wconf 83' lang='lat' dir='ltr'>vestro</span> <span class='ocrx_word' id='word_1_223' title='bbox 465 1311 515 1350; x_wconf 85' lang='lat' dir='ltr'>ab</span> <span class='ocrx_word' id='word_1_224' title='bbox 544 1316 695 1350; x_wconf 75' lang='lat' dir='ltr'>aeterno</span> <span class='ocrx_word' id='word_1_225' title='bbox 725 1323 851 1363; x_wconf 88' lang='lat' dir='ltr'>usque</span> <span class='ocrx_word' id='word_1_226' title='bbox 880 1310 918 1349; x_wconf 91' lang='lat' dir='ltr'>in</span> <span class='ocrx_word' id='word_1_227' title='bbox 948 1317 1163 1350; x_wconf 59' lang='lat' dir='ltr'>veternum:</span> <span class='ocrx_word' id='word_1_228' title='bbox 1195 1317 1235 1351; x_wconf 87' lang='lat' dir='ltr'>et</span> <span class='ocrx_word' id='word_1_229' title='bbox 1264 1311 1506 1352; x_wconf 87' lang='lat' dir='ltr'>benedicant</span> <span class='ocrx_word' id='word_1_230' title='bbox 1535 1312 1689 1352; x_wconf 90' lang='lat' dir='ltr'>nomini</span> <span class='ocrx_word' id='word_1_231' title='bbox 1716 1312 1851 1365; x_wconf 69' lang='lat' dir='ltr'>gloriae</span> <span class='ocrx_word' id='word_1_232' title='bbox 1878 1319 1960 1354; x_wconf 86' lang='lat' dir='ltr'>tuae</span> <span class='ocrx_word' id='word_1_233' title='bbox 1987 1313 2143 1354; x_wconf 86' lang='lat' dir='ltr'>excelso</span> <span class='ocrx_word' id='word_1_234' title='bbox 2172 1314 2211 1354; x_wconf 93' lang='lat' dir='ltr'>in</span> 
     </span>
     <span class='ocr_line' id='line_1_21' title="bbox 300 1368 953 1409; baseline 0.002 -1"><span class='ocrx_word' id='word_1_235' title='bbox 300 1369 408 1409; x_wconf 85' lang='grc'><strong>0111111</strong></span> <span class='ocrx_word' id='word_1_236' title='bbox 442 1369 723 1409; x_wconf 86' lang='lat' dir='ltr'>benedictione</span> <span class='ocrx_word' id='word_1_237' title='bbox 754 1377 792 1409; x_wconf 89' lang='lat' dir='ltr'>et</span> <span class='ocrx_word' id='word_1_238' title='bbox 824 1368 953 1409; x_wconf 84' lang='lat' dir='ltr'>lande.</span> 
     </span>
    </p>
   </div>
   <div class='ocr_carea' id='block_1_3' title="bbox 110 1472 2213 1597">
    <p class='ocr_par' dir='ltr' id='par_1_4' title="bbox 110 1472 2213 1597">
     <span class='ocr_line' id='line_1_22' title="bbox 796 1472 1736 1527; baseline 0.003 -15"><span class='ocrx_word' id='word_1_239' title='bbox 796 1475 834 1513; x_wconf 88' lang='lat'>2.</span> <span class='ocrx_word' id='word_1_240' title='bbox 866 1472 1110 1513; x_wconf 80' lang='lat' dir='ltr'>Confessio</span> <span class='ocrx_word' id='word_1_241' title='bbox 1143 1473 1187 1513; x_wconf 92' lang='lat' dir='ltr'>et</span> <span class='ocrx_word' id='word_1_242' title='bbox 1216 1475 1503 1527; x_wconf 79' lang='lat' dir='ltr'>supplicatio,</span> <span class='ocrx_word' id='word_1_243' title='bbox 1532 1475 1572 1525; x_wconf 86' lang='lat'>9,</span> <span class='ocrx_word' id='word_1_244' title='bbox 1591 1475 1736 1515; x_wconf 87' lang='lat'><strong>6—37.</strong></span> 
     </span>
     <span class='ocr_line' id='line_1_23' title="bbox 110 1544 2213 1597; baseline 0.002 -14"><span class='ocrx_word' id='word_1_245' title='bbox 110 1546 174 1570; x_wconf 57' lang='grc' dir='ltr'>ΗΜ</span> <span class='ocrx_word' id='word_1_246' title='bbox 198 1546 282 1570; x_wconf 57' lang='lat' dir='ltr'>¹&lt;sffl¹</span> <span class='ocrx_word' id='word_1_247' title='bbox 411 1547 424 1565; x_wconf 74' lang='lat'>&#39;³</span> <span class='ocrx_word' id='word_1_248' title='bbox 447 1544 505 1584; x_wconf 84' lang='lat' dir='ltr'>Tu</span> <span class='ocrx_word' id='word_1_249' title='bbox 530 1544 625 1597; x_wconf 77' lang='lat' dir='ltr'>ipse.</span> <span class='ocrx_word' id='word_1_250' title='bbox 649 1544 835 1586; x_wconf 85' lang='lat' dir='ltr'>Domine.</span> <span class='ocrx_word' id='word_1_251' title='bbox 861 1544 979 1589; x_wconf 85' lang='lat' dir='ltr'>solus.</span> <span class='ocrx_word' id='word_1_252' title='bbox 1005 1550 1050 1584; x_wconf 93' lang='lat' dir='ltr'>tu</span> <span class='ocrx_word' id='word_1_253' title='bbox 1073 1545 1202 1585; x_wconf 76' lang='lat' dir='ltr'>fecisti</span> <span class='ocrx_word' id='word_1_254' title='bbox 1225 1545 1378 1586; x_wconf 59' lang='lat' dir='ltr'>caelum.</span> <span class='ocrx_word' id='word_1_255' title='bbox 1405 1552 1444 1585; x_wconf 92' lang='lat' dir='ltr'>et</span> <span class='ocrx_word' id='word_1_256' title='bbox 1467 1546 1607 1586; x_wconf 75' lang='lat' dir='ltr'>caelum</span> <span class='ocrx_word' id='word_1_257' title='bbox 1631 1547 1831 1590; x_wconf 76' lang='lat' dir='ltr'>caelorum.</span> <span class='ocrx_word' id='word_1_258' title='bbox 1856 1552 1897 1587; x_wconf 80' lang='lat' dir='ltr'>et</span> <span class='ocrx_word' id='word_1_259' title='bbox 1919 1561 2080 1588; x_wconf 90' lang='lat' dir='ltr'>omnem</span> <span class='ocrx_word' id='word_1_260' title='bbox 2103 1561 2213 1588; x_wconf 85' lang='lat' dir='ltr'>exer—</span> 
     </span>
    </p>
   </div>
   <div class='ocr_carea' id='block_1_4' title="bbox 109 1584 2215 3373">
    <p class='ocr_par' dir='ltr' id='par_1_5' title="bbox 109 1584 2213 1835">
     <span class='ocr_line' id='line_1_24' title="bbox 109 1584 2210 1659; baseline 0.002 -17"><span class='ocrx_word' id='word_1_261' title='bbox 109 1584 281 1656; x_wconf 52' lang='lat' dir='ltr'>‘iiiiffissiiissn</span> <span class='ocrx_word' id='word_1_262' title='bbox 303 1604 429 1644; x_wconf 83' lang='lat' dir='ltr'>eitum</span> <span class='ocrx_word' id='word_1_263' title='bbox 452 1617 609 1644; x_wconf 89' lang='lat' dir='ltr'>eorum:</span> <span class='ocrx_word' id='word_1_264' title='bbox 633 1610 794 1644; x_wconf 86' lang='lat' dir='ltr'>terram.</span> <span class='ocrx_word' id='word_1_265' title='bbox 819 1610 858 1643; x_wconf 88' lang='lat' dir='ltr'>et</span> <span class='ocrx_word' id='word_1_266' title='bbox 880 1603 1071 1643; x_wconf 88' lang='lat' dir='ltr'>universa</span> <span class='ocrx_word' id='word_1_267' title='bbox 1091 1617 1181 1656; x_wconf 82' lang='lat' dir='ltr'>quae</span> <span class='ocrx_word' id='word_1_268' title='bbox 1201 1604 1241 1644; x_wconf 89' lang='grc'>111</span> <span class='ocrx_word' id='word_1_269' title='bbox 1263 1617 1310 1644; x_wconf 86' lang='lat' dir='ltr'>ea</span> <span class='ocrx_word' id='word_1_270' title='bbox 1330 1610 1443 1644; x_wconf 85' lang='lat' dir='ltr'>sunt:</span> <span class='ocrx_word' id='word_1_271' title='bbox 1466 1605 1606 1648; x_wconf 88' lang='lat' dir='ltr'>maria.</span> <span class='ocrx_word' id='word_1_272' title='bbox 1630 1612 1670 1645; x_wconf 91' lang='lat' dir='ltr'>et</span> <span class='ocrx_word' id='word_1_273' title='bbox 1691 1605 1829 1645; x_wconf 81' lang='lat' dir='ltr'>omnia·</span> <span class='ocrx_word' id='word_1_274' title='bbox 1850 1619 1939 1659; x_wconf 78' lang='lat' dir='ltr'>quae</span> <span class='ocrx_word' id='word_1_275' title='bbox 1958 1606 2000 1646; x_wconf 91' lang='lat' dir='ltr'>in</span> <span class='ocrx_word' id='word_1_276' title='bbox 2021 1607 2075 1647; x_wconf 89' lang='lat' dir='ltr'>eis</span> <span class='ocrx_word' id='word_1_277' title='bbox 2096 1612 2210 1648; x_wconf 88' lang='lat' dir='ltr'>sunt:</span> 
     </span>
     <span class='ocr_line' id='line_1_25' title="bbox 139 1653 2209 1717; baseline 0.003 -14"><span class='ocrx_word' id='word_1_278' title='bbox 139 1653 254 1678; x_wconf 62' lang='lat'>¹&#39;“&#39;¹¹¹¹¹¹¹</span> <span class='ocrx_word' id='word_1_279' title='bbox 301 1669 340 1703; x_wconf 86' lang='lat' dir='ltr'>et</span> <span class='ocrx_word' id='word_1_280' title='bbox 368 1669 413 1703; x_wconf 91' lang='lat' dir='ltr'>tu</span> <span class='ocrx_word' id='word_1_281' title='bbox 442 1663 624 1703; x_wconf 84' lang='lat' dir='ltr'>vivificas</span> <span class='ocrx_word' id='word_1_282' title='bbox 652 1663 789 1703; x_wconf 86' lang='lat' dir='ltr'>onmia</span> <span class='ocrx_word' id='word_1_283' title='bbox 815 1663 910 1707; x_wconf 82' lang='lat' dir='ltr'>haec.</span> <span class='ocrx_word' id='word_1_284' title='bbox 941 1669 981 1703; x_wconf 89' lang='lat' dir='ltr'>et</span> <span class='ocrx_word' id='word_1_285' title='bbox 1009 1663 1209 1703; x_wconf 82' lang='lat' dir='ltr'>exereitus</span> <span class='ocrx_word' id='word_1_286' title='bbox 1237 1662 1321 1704; x_wconf 72' lang='lat' dir='ltr'>caeli</span> <span class='ocrx_word' id='word_1_287' title='bbox 1348 1668 1387 1703; x_wconf 89' lang='lat' dir='ltr'>te</span> <span class='ocrx_word' id='word_1_288' title='bbox 1416 1664 1572 1705; x_wconf 87' lang='lat' dir='ltr'>adorat.</span> <span class='ocrx_word' id='word_1_289' title='bbox 1632 1665 1644 1687; x_wconf 83' lang='lat'>⁷</span> <span class='ocrx_word' id='word_1_290' title='bbox 1673 1664 1732 1704; x_wconf 87' lang='lat' dir='ltr'>Tu</span> <span class='ocrx_word' id='word_1_291' title='bbox 1760 1664 1856 1717; x_wconf 89' lang='lat' dir='ltr'>ipse.</span> <span class='ocrx_word' id='word_1_292' title='bbox 1885 1665 2060 1706; x_wconf 89' lang='lat' dir='ltr'>Domine</span> <span class='ocrx_word' id='word_1_293' title='bbox 2088 1666 2209 1710; x_wconf 71' lang='lat' dir='ltr'>Deus.</span> 
     </span>
     <span class='ocr_line' id='line_1_26' title="bbox 302 1722 2211 1776; baseline 0.002 -15"><span class='ocrx_word' id='word_1_294' title='bbox 302 1722 369 1775; x_wconf 87' lang='lat' dir='ltr'>qui</span> <span class='ocrx_word' id='word_1_295' title='bbox 396 1722 549 1771; x_wconf 58' lang='lat' dir='ltr'>elegisti</span> <span class='ocrx_word' id='word_1_296' title='bbox 575 1723 740 1764; x_wconf 82' lang='lat' dir='ltr'>Abram.</span> <span class='ocrx_word' id='word_1_297' title='bbox 769 1727 808 1762; x_wconf 90' lang='lat' dir='ltr'>et</span> <span class='ocrx_word' id='word_1_298' title='bbox 839 1722 1035 1762; x_wconf 82' lang='lat' dir='ltr'>aeduxisti</span> <span class='ocrx_word' id='word_1_299' title='bbox 1061 1735 1153 1762; x_wconf 91' lang='lat' dir='ltr'>eum</span> <span class='ocrx_word' id='word_1_300' title='bbox 1180 1722 1228 1763; x_wconf 91' lang='lat' dir='ltr'>de</span> <span class='ocrx_word' id='word_1_301' title='bbox 1253 1723 1344 1776; x_wconf 84' lang='lat' dir='ltr'>igne</span> <span class='ocrx_word' id='word_1_302' title='bbox 1369 1722 1664 1768; x_wconf 63' lang='lat' dir='ltr'>Chaldaeorum,</span> <span class='ocrx_word' id='word_1_303' title='bbox 1693 1731 1733 1763; x_wconf 89' lang='lat' dir='ltr'>et</span> <span class='ocrx_word' id='word_1_304' title='bbox 1757 1724 1928 1776; x_wconf 84' lang='lat' dir='ltr'>posuisti</span> <span class='ocrx_word' id='word_1_305' title='bbox 1954 1738 2100 1765; x_wconf 90' lang='lat' dir='ltr'>nomen</span> <span class='ocrx_word' id='word_1_306' title='bbox 2127 1725 2211 1766; x_wconf 90' lang='lat' dir='ltr'>eius</span> 
     </span>
     <span class='ocr_line' id='line_1_27' title="bbox 301 1781 2213 1835; baseline 0.002 -14"><span class='ocrx_word' id='word_1_307' title='bbox 301 1781 521 1822; x_wconf 78' lang='lat' dir='ltr'>Abraham.</span> <span class='ocrx_word' id='word_1_308' title='bbox 578 1786 592 1805; x_wconf 48' lang='grc' dir='ltr'>δ’</span> <span class='ocrx_word' id='word_1_309' title='bbox 617 1781 670 1822; x_wconf 80' lang='lat' dir='ltr'>Et</span> <span class='ocrx_word' id='word_1_310' title='bbox 696 1781 886 1821; x_wconf 80' lang='lat' dir='ltr'>invenisti</span> <span class='ocrx_word' id='word_1_311' title='bbox 912 1794 979 1821; x_wconf 85' lang='lat' dir='ltr'>cor</span> <span class='ocrx_word' id='word_1_312' title='bbox 1003 1781 1087 1821; x_wconf 88' lang='lat' dir='ltr'>eius</span> <span class='ocrx_word' id='word_1_313' title='bbox 1111 1781 1228 1822; x_wconf 88' lang='lat' dir='ltr'>fidele</span> <span class='ocrx_word' id='word_1_314' title='bbox 1252 1795 1388 1822; x_wconf 87' lang='lat' dir='ltr'>coram</span> <span class='ocrx_word' id='word_1_315' title='bbox 1413 1788 1471 1822; x_wconf 87' lang='lat' dir='ltr'>te:</span> <span class='ocrx_word' id='word_1_316' title='bbox 1499 1788 1539 1823; x_wconf 89' lang='lat' dir='ltr'>et</span> <span class='ocrx_word' id='word_1_317' title='bbox 1562 1782 1795 1835; x_wconf 74' lang='lat' dir='ltr'>percussisti</span> <span class='ocrx_word' id='word_1_318' title='bbox 1821 1796 1913 1823; x_wconf 90' lang='lat' dir='ltr'>cum</span> <span class='ocrx_word' id='word_1_319' title='bbox 1937 1797 1983 1824; x_wconf 91' lang='lat' dir='ltr'>eo</span> <span class='ocrx_word' id='word_1_320' title='bbox 2008 1784 2142 1824; x_wconf 84' lang='lat' dir='ltr'>t&#39;oedus</span> <span class='ocrx_word' id='word_1_321' title='bbox 2166 1790 2213 1824; x_wconf 91' lang='lat' dir='ltr'>ut</span> 
     </span>
    </p>

    <p class='ocr_par' dir='ltr' id='par_1_6' title="bbox 301 1840 2209 1894">
     <span class='ocr_line' id='line_1_28' title="bbox 301 1840 2209 1894; baseline 0.002 -14"><span class='ocrx_word' id='word_1_322' title='bbox 301 1841 416 1881; x_wconf 86' lang='lat' dir='ltr'>dares</span> <span class='ocrx_word' id='word_1_323' title='bbox 432 1841 464 1880; x_wconf 88' lang='lat' dir='ltr'>ei</span> <span class='ocrx_word' id='word_1_324' title='bbox 482 1841 646 1880; x_wconf 82' lang='lat' dir='ltr'>Terram</span> <span class='ocrx_word' id='word_1_325' title='bbox 661 1840 892 1883; x_wconf 70' lang='lat' dir='ltr'>Chananaei.</span> <span class='ocrx_word' id='word_1_326' title='bbox 912 1840 1084 1885; x_wconf 77' lang='lat' dir='ltr'>Hethaei,</span> <span class='ocrx_word' id='word_1_327' title='bbox 1100 1846 1139 1881; x_wconf 90' lang='lat' dir='ltr'>et</span> <span class='ocrx_word' id='word_1_328' title='bbox 1151 1841 1387 1882; x_wconf 85' lang='lat' dir='ltr'>Amorrhaei.</span> <span class='ocrx_word' id='word_1_329' title='bbox 1402 1847 1443 1881; x_wconf 91' lang='lat' dir='ltr'>et</span> <span class='ocrx_word' id='word_1_330' title='bbox 1458 1841 1669 1886; x_wconf 75' lang='lat' dir='ltr'>Pherezaei.</span> <span class='ocrx_word' id='word_1_331' title='bbox 1687 1847 1728 1882; x_wconf 91' lang='lat' dir='ltr'>et</span> <span class='ocrx_word' id='word_1_332' title='bbox 1745 1842 1927 1886; x_wconf 81' lang='lat' dir='ltr'>lebusaei.</span> <span class='ocrx_word' id='word_1_333' title='bbox 1945 1848 1985 1883; x_wconf 92' lang='lat' dir='ltr'>et</span> <span class='ocrx_word' id='word_1_334' title='bbox 1999 1843 2209 1894; x_wconf 69' lang='lat' dir='ltr'>Gergesaei.</span> 
     </span>
    </p>

    <p class='ocr_par' dir='ltr' id='par_1_7' title="bbox 301 1899 2213 1953">
     <span class='ocr_line' id='line_1_29' title="bbox 301 1899 2213 1953; baseline 0.002 -14"><span class='ocrx_word' id='word_1_335' title='bbox 301 1906 347 1940; x_wconf 90' lang='lat' dir='ltr'>ut</span> <span class='ocrx_word' id='word_1_336' title='bbox 369 1900 484 1940; x_wconf 89' lang='lat' dir='ltr'>dares</span> <span class='ocrx_word' id='word_1_337' title='bbox 505 1900 647 1940; x_wconf 89' lang='lat' dir='ltr'>semini</span> <span class='ocrx_word' id='word_1_338' title='bbox 669 1900 770 1940; x_wconf 88' lang='lat' dir='ltr'>eius:</span> <span class='ocrx_word' id='word_1_339' title='bbox 794 1907 833 1940; x_wconf 91' lang='lat' dir='ltr'>et</span> <span class='ocrx_word' id='word_1_340' title='bbox 854 1899 1032 1953; x_wconf 86' lang='lat' dir='ltr'>implesti</span> <span class='ocrx_word' id='word_1_341' title='bbox 1053 1900 1179 1940; x_wconf 86' lang='lat' dir='ltr'>verba</span> <span class='ocrx_word' id='word_1_342' title='bbox 1200 1906 1283 1943; x_wconf 83' lang='lat' dir='ltr'>tua.</span> <span class='ocrx_word' id='word_1_343' title='bbox 1308 1900 1501 1953; x_wconf 86' lang='lat' dir='ltr'>quoniam</span> <span class='ocrx_word' id='word_1_344' title='bbox 1522 1900 1653 1941; x_wconf 90' lang='lat' dir='ltr'>iustus</span> <span class='ocrx_word' id='word_1_345' title='bbox 1675 1914 1726 1942; x_wconf 91' lang='lat' dir='ltr'>es.</span> <span class='ocrx_word' id='word_1_346' title='bbox 1779 1903 1794 1924; x_wconf 70' lang='lat'>⁹</span> <span class='ocrx_word' id='word_1_347' title='bbox 1814 1901 1869 1941; x_wconf 89' lang='lat' dir='ltr'>Et</span> <span class='ocrx_word' id='word_1_348' title='bbox 1891 1901 2030 1942; x_wconf 89' lang='lat' dir='ltr'>vidisti</span> <span class='ocrx_word' id='word_1_349' title='bbox 2052 1901 2213 1943; x_wconf 79' lang='lat' dir='ltr'>afflicti-</span> 
     </span>
    </p>

    <p class='ocr_par' dir='ltr' id='par_1_8' title="bbox 300 1959 2213 2072">
     <span class='ocr_line' id='line_1_30' title="bbox 301 1959 2213 2014; baseline 0.002 -16"><span class='ocrx_word' id='word_1_350' title='bbox 301 1972 418 1999; x_wconf 88' lang='lat' dir='ltr'>onem</span> <span class='ocrx_word' id='word_1_351' title='bbox 456 1965 620 2012; x_wconf 87' lang='lat' dir='ltr'>patrum</span> <span class='ocrx_word' id='word_1_352' title='bbox 660 1966 892 2000; x_wconf 87' lang='lat' dir='ltr'>nostrorum</span> <span class='ocrx_word' id='word_1_353' title='bbox 928 1959 968 1999; x_wconf 92' lang='lat' dir='ltr'>in</span> <span class='ocrx_word' id='word_1_354' title='bbox 1007 1959 1205 2013; x_wconf 35' lang='lat' dir='ltr'>*Egyptffl</span> <span class='ocrx_word' id='word_1_355' title='bbox 1245 1959 1544 2012; x_wconf 78' lang='lat' dir='ltr'>clamoremque</span> <span class='ocrx_word' id='word_1_356' title='bbox 1582 1973 1721 2000; x_wconf 91' lang='lat' dir='ltr'>eorum</span> <span class='ocrx_word' id='word_1_357' title='bbox 1759 1960 1909 2001; x_wconf 87' lang='lat' dir='ltr'>audisti</span> <span class='ocrx_word' id='word_1_358' title='bbox 1946 1974 2066 2014; x_wconf 90' lang='lat' dir='ltr'>super</span> <span class='ocrx_word' id='word_1_359' title='bbox 2101 1961 2213 2001; x_wconf 86' lang='lat' dir='ltr'>Mare</span> 
     </span>
     <span class='ocr_line' id='line_1_31' title="bbox 300 2018 2213 2072; baseline 0.001 -14"><span class='ocrx_word' id='word_1_360' title='bbox 300 2018 480 2059; x_wconf 87' lang='lat' dir='ltr'>rubrum.</span> <span class='ocrx_word' id='word_1_361' title='bbox 540 2020 575 2042; x_wconf 85' lang='lat'>¹⁰</span> <span class='ocrx_word' id='word_1_362' title='bbox 604 2018 659 2059; x_wconf 87' lang='lat' dir='ltr'>Et</span> <span class='ocrx_word' id='word_1_363' title='bbox 690 2018 837 2059; x_wconf 90' lang='lat' dir='ltr'>dedisti</span> <span class='ocrx_word' id='word_1_364' title='bbox 868 2018 981 2072; x_wconf 80' lang='lat' dir='ltr'>signa</span> <span class='ocrx_word' id='word_1_365' title='bbox 1013 2025 1137 2072; x_wconf 88' lang='lat' dir='ltr'>atque</span> <span class='ocrx_word' id='word_1_366' title='bbox 1166 2024 1361 2071; x_wconf 85' lang='lat' dir='ltr'>portenta</span> <span class='ocrx_word' id='word_1_367' title='bbox 1390 2019 1431 2059; x_wconf 91' lang='lat' dir='ltr'>in</span> <span class='ocrx_word' id='word_1_368' title='bbox 1461 2019 1686 2062; x_wconf 87' lang='lat' dir='ltr'>Pharaone.</span> <span class='ocrx_word' id='word_1_369' title='bbox 1719 2025 1758 2059; x_wconf 89' lang='lat' dir='ltr'>et</span> <span class='ocrx_word' id='word_1_370' title='bbox 1789 2019 1830 2059; x_wconf 90' lang='lat' dir='ltr'>in</span> <span class='ocrx_word' id='word_1_371' title='bbox 1860 2019 2058 2060; x_wconf 90' lang='lat' dir='ltr'>universis</span> <span class='ocrx_word' id='word_1_372' title='bbox 2088 2020 2213 2060; x_wconf 90' lang='lat' dir='ltr'>servis</span> 
     </span>
    </p>

    <p class='ocr_par' dir='ltr' id='par_1_9' title="bbox 301 2077 2213 2132">
     <span class='ocr_line' id='line_1_32' title="bbox 301 2077 2213 2132; baseline 0.001 -15"><span class='ocrx_word' id='word_1_373' title='bbox 301 2078 396 2118; x_wconf 87' lang='lat' dir='ltr'>eius.</span> <span class='ocrx_word' id='word_1_374' title='bbox 426 2084 466 2117; x_wconf 89' lang='lat' dir='ltr'>et</span> <span class='ocrx_word' id='word_1_375' title='bbox 492 2078 532 2117; x_wconf 92' lang='lat' dir='ltr'>in</span> <span class='ocrx_word' id='word_1_376' title='bbox 560 2077 670 2118; x_wconf 88' lang='lat' dir='ltr'>omni</span> <span class='ocrx_word' id='word_1_377' title='bbox 695 2077 846 2130; x_wconf 85' lang='lat' dir='ltr'>populo</span> <span class='ocrx_word' id='word_1_378' title='bbox 874 2083 991 2118; x_wconf 79' lang='lat' dir='ltr'>terrae</span> <span class='ocrx_word' id='word_1_379' title='bbox 1016 2077 1141 2118; x_wconf 86' lang='lat' dir='ltr'>illius:</span> <span class='ocrx_word' id='word_1_380' title='bbox 1170 2078 1396 2131; x_wconf 76' lang='lat' dir='ltr'>cognovisti</span> <span class='ocrx_word' id='word_1_381' title='bbox 1423 2078 1529 2118; x_wconf 88' lang='lat' dir='ltr'>enim</span> <span class='ocrx_word' id='word_1_382' title='bbox 1558 2078 1654 2131; x_wconf 85' lang='lat' dir='ltr'>quia</span> <span class='ocrx_word' id='word_1_383' title='bbox 1679 2079 1851 2131; x_wconf 89' lang='lat' dir='ltr'>superbe</span> <span class='ocrx_word' id='word_1_384' title='bbox 1877 2085 2044 2132; x_wconf 81' lang='lat' dir='ltr'>egerant</span> <span class='ocrx_word' id='word_1_385' title='bbox 2070 2084 2213 2120; x_wconf 89' lang='lat' dir='ltr'>contra</span> 
     </span>
    </p>

    <p class='ocr_par' dir='ltr' id='par_1_10' title="bbox 301 2136 2211 2181">
     <span class='ocr_line' id='line_1_33' title="bbox 301 2136 2211 2181; baseline 0.001 -5"><span class='ocrx_word' id='word_1_386' title='bbox 301 2150 385 2177; x_wconf 89' lang='lat' dir='ltr'>eos:</span> <span class='ocrx_word' id='word_1_387' title='bbox 409 2143 448 2177; x_wconf 88' lang='lat' dir='ltr'>et</span> <span class='ocrx_word' id='word_1_388' title='bbox 468 2137 599 2177; x_wconf 77' lang='lat' dir='ltr'>fecisti</span> <span class='ocrx_word' id='word_1_389' title='bbox 620 2137 694 2177; x_wconf 88' lang='lat' dir='ltr'>tibi</span> <span class='ocrx_word' id='word_1_390' title='bbox 715 2150 874 2178; x_wconf 90' lang='lat' dir='ltr'>nomen.</span> <span class='ocrx_word' id='word_1_391' title='bbox 891 2137 994 2177; x_wconf 89' lang='lat' dir='ltr'>sicut</span> <span class='ocrx_word' id='word_1_392' title='bbox 1015 2142 1055 2177; x_wconf 89' lang='lat' dir='ltr'>et</span> <span class='ocrx_word' id='word_1_393' title='bbox 1075 2137 1117 2176; x_wconf 92' lang='lat' dir='ltr'>in</span> <span class='ocrx_word' id='word_1_394' title='bbox 1136 2136 1212 2177; x_wconf 87' lang='lat' dir='ltr'>hac</span> <span class='ocrx_word' id='word_1_395' title='bbox 1233 2137 1307 2178; x_wconf 89' lang='lat' dir='ltr'>die.</span> <span class='ocrx_word' id='word_1_396' title='bbox 1354 2139 1384 2160; x_wconf 81' lang='lat'>¹¹</span> <span class='ocrx_word' id='word_1_397' title='bbox 1403 2137 1458 2177; x_wconf 86' lang='lat' dir='ltr'>Et</span> <span class='ocrx_word' id='word_1_398' title='bbox 1479 2150 1589 2177; x_wconf 87' lang='lat' dir='ltr'>mare</span> <span class='ocrx_word' id='word_1_399' title='bbox 1610 2137 1784 2178; x_wconf 87' lang='lat' dir='ltr'>divisisti</span> <span class='ocrx_word' id='word_1_400' title='bbox 1805 2143 1900 2178; x_wconf 86' lang='lat' dir='ltr'>ante</span> <span class='ocrx_word' id='word_1_401' title='bbox 1921 2151 1998 2181; x_wconf 88' lang='lat' dir='ltr'>eos.</span> <span class='ocrx_word' id='word_1_402' title='bbox 2020 2143 2061 2178; x_wconf 86' lang='lat' dir='ltr'>et</span> <span class='ocrx_word' id='word_1_403' title='bbox 2080 2144 2211 2179; x_wconf 88' lang='lat' dir='ltr'>trans-</span> 
     </span>
    </p>

    <p class='ocr_par' dir='ltr' id='par_1_11' title="bbox 300 2196 2213 2308">
     <span class='ocr_line' id='line_1_34' title="bbox 301 2196 2213 2251; baseline 0.002 -16"><span class='ocrx_word' id='word_1_404' title='bbox 301 2196 436 2236; x_wconf 89' lang='lat' dir='ltr'>ierunt</span> <span class='ocrx_word' id='word_1_405' title='bbox 464 2209 535 2249; x_wconf 89' lang='lat' dir='ltr'>per</span> <span class='ocrx_word' id='word_1_406' title='bbox 564 2196 743 2236; x_wconf 88' lang='lat' dir='ltr'>medium</span> <span class='ocrx_word' id='word_1_407' title='bbox 774 2196 896 2236; x_wconf 87' lang='lat' dir='ltr'>maris</span> <span class='ocrx_word' id='word_1_408' title='bbox 926 2196 967 2236; x_wconf 91' lang='lat' dir='ltr'>in</span> <span class='ocrx_word' id='word_1_409' title='bbox 997 2196 1119 2236; x_wconf 85' lang='lat' dir='ltr'>sicco:</span> <span class='ocrx_word' id='word_1_410' title='bbox 1160 2203 1436 2249; x_wconf 83' lang='lat' dir='ltr'>persecutores</span> <span class='ocrx_word' id='word_1_411' title='bbox 1467 2201 1604 2236; x_wconf 86' lang='lat' dir='ltr'>autem</span> <span class='ocrx_word' id='word_1_412' title='bbox 1636 2209 1773 2237; x_wconf 89' lang='lat' dir='ltr'>eorum</span> <span class='ocrx_word' id='word_1_413' title='bbox 1805 2197 2008 2250; x_wconf 89' lang='lat' dir='ltr'>proiecisti</span> <span class='ocrx_word' id='word_1_414' title='bbox 2045 2197 2086 2237; x_wconf 93' lang='lat' dir='ltr'>in</span> <span class='ocrx_word' id='word_1_415' title='bbox 2122 2210 2213 2251; x_wconf 90' lang='lat' dir='ltr'>pro-</span> 
     </span>
     <span class='ocr_line' id='line_1_35' title="bbox 300 2254 2213 2308; baseline 0.001 -13"><span class='ocrx_word' id='word_1_416' title='bbox 300 2255 487 2301; x_wconf 81' lang='lat' dir='ltr'>fundum,</span> <span class='ocrx_word' id='word_1_417' title='bbox 519 2255 633 2308; x_wconf 85' lang='lat' dir='ltr'>quasi</span> <span class='ocrx_word' id='word_1_418' title='bbox 662 2255 837 2308; x_wconf 87' lang='lat' dir='ltr'>lapidem</span> <span class='ocrx_word' id='word_1_419' title='bbox 868 2255 908 2295; x_wconf 90' lang='lat' dir='ltr'>in</span> <span class='ocrx_word' id='word_1_420' title='bbox 938 2268 1065 2308; x_wconf 88' lang='lat' dir='ltr'>aquas</span> <span class='ocrx_word' id='word_1_421' title='bbox 1094 2255 1262 2296; x_wconf 84' lang='lat' dir='ltr'>validas.</span> <span class='ocrx_word' id='word_1_422' title='bbox 1321 2257 1352 2279; x_wconf 80' lang='lat'>¹2</span> <span class='ocrx_word' id='word_1_423' title='bbox 1381 2255 1436 2295; x_wconf 88' lang='lat' dir='ltr'>Et</span> <span class='ocrx_word' id='word_1_424' title='bbox 1464 2255 1503 2295; x_wconf 91' lang='lat' dir='ltr'>in</span> <span class='ocrx_word' id='word_1_425' title='bbox 1533 2254 1723 2296; x_wconf 90' lang='lat' dir='ltr'>columna</span> <span class='ocrx_word' id='word_1_426' title='bbox 1752 2255 1869 2296; x_wconf 88' lang='lat' dir='ltr'>nubis</span> <span class='ocrx_word' id='word_1_427' title='bbox 1899 2256 2046 2297; x_wconf 85' lang='lat' dir='ltr'>ductor</span> <span class='ocrx_word' id='word_1_428' title='bbox 2073 2268 2213 2297; x_wconf 88' lang='lat' dir='ltr'>eorum</span> 
     </span>
    </p>

    <p class='ocr_par' dir='ltr' id='par_1_12' title="bbox 300 2313 2213 2426">
     <span class='ocr_line' id='line_1_36' title="bbox 300 2313 2213 2368; baseline 0.001 -14"><span class='ocrx_word' id='word_1_429' title='bbox 300 2314 414 2355; x_wconf 84' lang='lat' dir='ltr'>fuisti</span> <span class='ocrx_word' id='word_1_430' title='bbox 441 2327 514 2367; x_wconf 87' lang='lat' dir='ltr'>per</span> <span class='ocrx_word' id='word_1_431' title='bbox 540 2314 659 2357; x_wconf 82' lang='lat' dir='ltr'>diem.</span> <span class='ocrx_word' id='word_1_432' title='bbox 691 2320 731 2355; x_wconf 91' lang='lat' dir='ltr'>et</span> <span class='ocrx_word' id='word_1_433' title='bbox 759 2314 799 2354; x_wconf 92' lang='lat' dir='ltr'>in</span> <span class='ocrx_word' id='word_1_434' title='bbox 828 2313 1016 2355; x_wconf 87' lang='lat' dir='ltr'>columna</span> <span class='ocrx_word' id='word_1_435' title='bbox 1047 2314 1148 2367; x_wconf 77' lang='lat' dir='ltr'>ignis</span> <span class='ocrx_word' id='word_1_436' title='bbox 1176 2327 1246 2367; x_wconf 89' lang='lat' dir='ltr'>per</span> <span class='ocrx_word' id='word_1_437' title='bbox 1273 2320 1447 2355; x_wconf 88' lang='lat' dir='ltr'>noctem.</span> <span class='ocrx_word' id='word_1_438' title='bbox 1480 2320 1525 2354; x_wconf 91' lang='lat' dir='ltr'>ut</span> <span class='ocrx_word' id='word_1_439' title='bbox 1555 2321 1769 2367; x_wconf 86' lang='lat' dir='ltr'>appareret</span> <span class='ocrx_word' id='word_1_440' title='bbox 1798 2315 1852 2355; x_wconf 90' lang='lat' dir='ltr'>eis</span> <span class='ocrx_word' id='word_1_441' title='bbox 1880 2315 1958 2356; x_wconf 87' lang='lat' dir='ltr'>via.</span> <span class='ocrx_word' id='word_1_442' title='bbox 1989 2328 2061 2368; x_wconf 90' lang='lat' dir='ltr'>per</span> <span class='ocrx_word' id='word_1_443' title='bbox 2089 2328 2213 2368; x_wconf 88' lang='lat' dir='ltr'>quam</span> 
     </span>
     <span class='ocr_line' id='line_1_37' title="bbox 301 2372 2212 2426; baseline 0.001 -13"><span class='ocrx_word' id='word_1_444' title='bbox 301 2374 644 2422; x_wconf 60' lang='lat' dir='ltr'>ingrediebantur.</span> <span class='ocrx_word' id='word_1_445' title='bbox 706 2376 736 2398; x_wconf 83' lang='lat'>¹³</span> <span class='ocrx_word' id='word_1_446' title='bbox 766 2373 830 2413; x_wconf 88' lang='lat' dir='ltr'>Ad</span> <span class='ocrx_word' id='word_1_447' title='bbox 860 2380 1044 2414; x_wconf 89' lang='lat' dir='ltr'>montem</span> <span class='ocrx_word' id='word_1_448' title='bbox 1077 2387 1238 2426; x_wconf 87' lang='lat' dir='ltr'>quoque</span> <span class='ocrx_word' id='word_1_449' title='bbox 1269 2373 1379 2414; x_wconf 86' lang='lat' dir='ltr'>Sinai</span> <span class='ocrx_word' id='word_1_450' title='bbox 1411 2373 1666 2416; x_wconf 80' lang='lat' dir='ltr'>descendisti.</span> <span class='ocrx_word' id='word_1_451' title='bbox 1700 2379 1740 2414; x_wconf 90' lang='lat' dir='ltr'>et</span> <span class='ocrx_word' id='word_1_452' title='bbox 1769 2372 1930 2414; x_wconf 88' lang='lat' dir='ltr'>locutus</span> <span class='ocrx_word' id='word_1_453' title='bbox 1961 2387 2001 2414; x_wconf 89' lang='lat' dir='ltr'>es</span> <span class='ocrx_word' id='word_1_454' title='bbox 2033 2387 2124 2414; x_wconf 88' lang='lat' dir='ltr'>cum</span> <span class='ocrx_word' id='word_1_455' title='bbox 2157 2374 2212 2414; x_wconf 89' lang='lat' dir='ltr'>eis</span> 
     </span>
    </p>

    <p class='ocr_par' dir='ltr' id='par_1_13' title="bbox 302 2432 2215 2486">
     <span class='ocr_line' id='line_1_38' title="bbox 302 2432 2215 2486; baseline 0 -13"><span class='ocrx_word' id='word_1_456' title='bbox 302 2433 350 2473; x_wconf 89' lang='lat' dir='ltr'>de</span> <span class='ocrx_word' id='word_1_457' title='bbox 381 2433 487 2474; x_wconf 72' lang='lat' dir='ltr'>eaelo.</span> <span class='ocrx_word' id='word_1_458' title='bbox 521 2440 561 2473; x_wconf 91' lang='lat' dir='ltr'>et</span> <span class='ocrx_word' id='word_1_459' title='bbox 592 2433 738 2473; x_wconf 86' lang='lat' dir='ltr'>dedisti</span> <span class='ocrx_word' id='word_1_460' title='bbox 769 2433 823 2473; x_wconf 88' lang='lat' dir='ltr'>eis</span> <span class='ocrx_word' id='word_1_461' title='bbox 853 2432 1002 2473; x_wconf 86' lang='lat' dir='ltr'>iudicia</span> <span class='ocrx_word' id='word_1_462' title='bbox 1032 2438 1154 2476; x_wconf 87' lang='lat' dir='ltr'>recta.</span> <span class='ocrx_word' id='word_1_463' title='bbox 1187 2438 1227 2473; x_wconf 89' lang='lat' dir='ltr'>et</span> <span class='ocrx_word' id='word_1_464' title='bbox 1256 2432 1384 2486; x_wconf 83' lang='lat' dir='ltr'>legem</span> <span class='ocrx_word' id='word_1_465' title='bbox 1414 2432 1612 2474; x_wconf 73' lang='lat' dir='ltr'>veritatis.</span> <span class='ocrx_word' id='word_1_466' title='bbox 1646 2433 1905 2476; x_wconf 69' lang='lat' dir='ltr'>ceremonias,</span> <span class='ocrx_word' id='word_1_467' title='bbox 1938 2439 1979 2473; x_wconf 89' lang='lat' dir='ltr'>et</span> <span class='ocrx_word' id='word_1_468' title='bbox 2008 2439 2215 2486; x_wconf 64' lang='lat' dir='ltr'>praecept-a-</span> 
     </span>
    </p>

    <p class='ocr_par' dir='ltr' id='par_1_14' title="bbox 302 2491 2210 2541">
     <span class='ocr_line' id='line_1_39' title="bbox 302 2491 2210 2541; baseline 0 -9"><span class='ocrx_word' id='word_1_469' title='bbox 302 2493 426 2532; x_wconf 88' lang='lat' dir='ltr'>bona:</span> <span class='ocrx_word' id='word_1_470' title='bbox 474 2494 503 2516; x_wconf 43' lang='lat'>¹⁷¹</span> <span class='ocrx_word' id='word_1_471' title='bbox 523 2498 562 2532; x_wconf 91' lang='lat' dir='ltr'>et</span> <span class='ocrx_word' id='word_1_472' title='bbox 582 2492 803 2533; x_wconf 89' lang='lat' dir='ltr'>sabbatum</span> <span class='ocrx_word' id='word_1_473' title='bbox 822 2491 1124 2532; x_wconf 86' lang='lat' dir='ltr'>sanctificatum</span> <span class='ocrx_word' id='word_1_474' title='bbox 1144 2498 1262 2532; x_wconf 88' lang='lat' dir='ltr'>tuum</span> <span class='ocrx_word' id='word_1_475' title='bbox 1281 2492 1495 2533; x_wconf 88' lang='lat' dir='ltr'>ostendisti</span> <span class='ocrx_word' id='word_1_476' title='bbox 1514 2492 1580 2541; x_wconf 78' lang='lat' dir='ltr'>eis,</span> <span class='ocrx_word' id='word_1_477' title='bbox 1601 2498 1641 2532; x_wconf 90' lang='lat' dir='ltr'>et</span> <span class='ocrx_word' id='word_1_478' title='bbox 1659 2492 1871 2535; x_wconf 84' lang='lat' dir='ltr'>mandata.</span> <span class='ocrx_word' id='word_1_479' title='bbox 1892 2497 1933 2532; x_wconf 86' lang='lat' dir='ltr'>et</span> <span class='ocrx_word' id='word_1_480' title='bbox 1951 2491 2210 2537; x_wconf 82' lang='lat' dir='ltr'>ceremonias,</span> 
     </span>
    </p>

    <p class='ocr_par' dir='ltr' id='par_1_15' title="bbox 302 2550 2213 2605">
     <span class='ocr_line' id='line_1_40' title="bbox 302 2550 2213 2605; baseline -0.001 -13"><span class='ocrx_word' id='word_1_481' title='bbox 302 2558 342 2592; x_wconf 90' lang='lat' dir='ltr'>et</span> <span class='ocrx_word' id='word_1_482' title='bbox 365 2551 491 2605; x_wconf 73' lang='lat' dir='ltr'>legem</span> <span class='ocrx_word' id='word_1_483' title='bbox 516 2551 742 2604; x_wconf 77' lang='lat' dir='ltr'>praecepisti</span> <span class='ocrx_word' id='word_1_484' title='bbox 765 2551 820 2592; x_wconf 88' lang='lat' dir='ltr'>eis</span> <span class='ocrx_word' id='word_1_485' title='bbox 842 2551 881 2591; x_wconf 92' lang='lat' dir='ltr'>in</span> <span class='ocrx_word' id='word_1_486' title='bbox 904 2564 1029 2591; x_wconf 90' lang='lat' dir='ltr'>manu</span> <span class='ocrx_word' id='word_1_487' title='bbox 1052 2551 1184 2605; x_wconf 78' lang='lat' dir='ltr'>Moysi</span> <span class='ocrx_word' id='word_1_488' title='bbox 1207 2551 1311 2591; x_wconf 91' lang='lat' dir='ltr'>servi</span> <span class='ocrx_word' id='word_1_489' title='bbox 1335 2551 1406 2592; x_wconf 91' lang='lat' dir='ltr'>tui.</span> <span class='ocrx_word' id='word_1_490' title='bbox 1458 2553 1489 2575; x_wconf 79' lang='lat'>¹5</span> <span class='ocrx_word' id='word_1_491' title='bbox 1511 2551 1665 2591; x_wconf 91' lang='lat' dir='ltr'>Panem</span> <span class='ocrx_word' id='word_1_492' title='bbox 1690 2564 1851 2605; x_wconf 87' lang='lat' dir='ltr'>quoque</span> <span class='ocrx_word' id='word_1_493' title='bbox 1875 2551 1924 2591; x_wconf 88' lang='lat' dir='ltr'>de</span> <span class='ocrx_word' id='word_1_494' title='bbox 1947 2550 2042 2591; x_wconf 71' lang='grc'><strong>99910</strong></span> <span class='ocrx_word' id='word_1_495' title='bbox 2066 2550 2213 2592; x_wconf 86' lang='lat' dir='ltr'>dedisti</span> 
     </span>
    </p>

    <p class='ocr_par' dir='ltr' id='par_1_16' title="bbox 109 2610 2213 2901">
     <span class='ocr_line' id='line_1_41' title="bbox 301 2610 2210 2664; baseline 0 -14"><span class='ocrx_word' id='word_1_496' title='bbox 301 2610 356 2651; x_wconf 89' lang='lat' dir='ltr'>eis</span> <span class='ocrx_word' id='word_1_497' title='bbox 376 2611 415 2650; x_wconf 91' lang='lat' dir='ltr'>in</span> <span class='ocrx_word' id='word_1_498' title='bbox 437 2611 544 2651; x_wconf 84' lang='lat' dir='ltr'>fame</span> <span class='ocrx_word' id='word_1_499' title='bbox 565 2624 716 2658; x_wconf 75' lang='lat' dir='ltr'>eorum.</span> <span class='ocrx_word' id='word_1_500' title='bbox 740 2616 780 2651; x_wconf 90' lang='lat' dir='ltr'>et</span> <span class='ocrx_word' id='word_1_501' title='bbox 801 2624 951 2664; x_wconf 89' lang='lat' dir='ltr'>aquam</span> <span class='ocrx_word' id='word_1_502' title='bbox 972 2611 1021 2651; x_wconf 88' lang='lat' dir='ltr'>de</span> <span class='ocrx_word' id='word_1_503' title='bbox 1041 2616 1159 2664; x_wconf 87' lang='lat' dir='ltr'>petra</span> <span class='ocrx_word' id='word_1_504' title='bbox 1178 2610 1355 2651; x_wconf 84' lang='lat' dir='ltr'>eduxisti</span> <span class='ocrx_word' id='word_1_505' title='bbox 1376 2610 1431 2651; x_wconf 90' lang='lat' dir='ltr'>eis</span> <span class='ocrx_word' id='word_1_506' title='bbox 1451 2610 1695 2659; x_wconf 84' lang='lat' dir='ltr'>sitientibus,</span> <span class='ocrx_word' id='word_1_507' title='bbox 1719 2616 1760 2651; x_wconf 88' lang='lat' dir='ltr'>et</span> <span class='ocrx_word' id='word_1_508' title='bbox 1780 2610 1919 2651; x_wconf 81' lang='lat' dir='ltr'>dixisti</span> <span class='ocrx_word' id='word_1_509' title='bbox 1940 2610 1995 2650; x_wconf 91' lang='grc'>913</span> <span class='ocrx_word' id='word_1_510' title='bbox 2015 2616 2063 2651; x_wconf 92' lang='lat' dir='ltr'>ut</span> <span class='ocrx_word' id='word_1_511' title='bbox 2082 2610 2210 2663; x_wconf 79' lang='lat' dir='ltr'>ingre-</span> 
     </span>
     <span class='ocr_line' id='line_1_42' title="bbox 301 2669 2209 2723; baseline -0.001 -13"><span class='ocrx_word' id='word_1_512' title='bbox 301 2670 494 2710; x_wconf 90' lang='lat' dir='ltr'>derentur</span> <span class='ocrx_word' id='word_1_513' title='bbox 519 2675 559 2711; x_wconf 89' lang='lat' dir='ltr'>et</span> <span class='ocrx_word' id='word_1_514' title='bbox 585 2669 837 2723; x_wconf 89' lang='lat' dir='ltr'>possiderent</span> <span class='ocrx_word' id='word_1_515' title='bbox 865 2676 1027 2712; x_wconf 89' lang='lat' dir='ltr'>terram.</span> <span class='ocrx_word' id='word_1_516' title='bbox 1056 2683 1177 2723; x_wconf 89' lang='lat' dir='ltr'>super</span> <span class='ocrx_word' id='word_1_517' title='bbox 1203 2683 1326 2723; x_wconf 90' lang='lat' dir='ltr'>quam</span> <span class='ocrx_word' id='word_1_518' title='bbox 1352 2669 1498 2710; x_wconf 80' lang='lat' dir='ltr'>levasti</span> <span class='ocrx_word' id='word_1_519' title='bbox 1524 2682 1693 2710; x_wconf 90' lang='lat' dir='ltr'>manum</span> <span class='ocrx_word' id='word_1_520' title='bbox 1720 2675 1835 2710; x_wconf 89' lang='lat' dir='ltr'>tuam</span> <span class='ocrx_word' id='word_1_521' title='bbox 1862 2675 1910 2710; x_wconf 88' lang='lat' dir='ltr'>ut</span> <span class='ocrx_word' id='word_1_522' title='bbox 1935 2669 2116 2709; x_wconf 87' lang='lat' dir='ltr'>traderes</span> <span class='ocrx_word' id='word_1_523' title='bbox 2142 2669 2209 2709; x_wconf 87' lang='lat' dir='ltr'>eis.</span> 
     </span>
     <span class='ocr_line' id='line_1_43' title="bbox 109 2728 2210 2793; baseline -0 -24"><span class='ocrx_word' id='word_1_524' title='bbox 109 2731 279 2793; x_wconf 36' lang='lat' dir='ltr'>fflbg&#39;srffslssJ‘</span> <span class='ocrx_word' id='word_1_525' title='bbox 406 2731 439 2753; x_wconf 81' lang='lat'>¹⁶</span> <span class='ocrx_word' id='word_1_526' title='bbox 470 2729 551 2782; x_wconf 73' lang='lat' dir='ltr'>ipsi</span> <span class='ocrx_word' id='word_1_527' title='bbox 581 2742 674 2770; x_wconf 90' lang='lat' dir='ltr'>vero</span> <span class='ocrx_word' id='word_1_528' title='bbox 704 2734 746 2770; x_wconf 88' lang='lat' dir='ltr'>et</span> <span class='ocrx_word' id='word_1_529' title='bbox 772 2735 910 2782; x_wconf 88' lang='lat' dir='ltr'>patres</span> <span class='ocrx_word' id='word_1_530' title='bbox 939 2729 1066 2770; x_wconf 90' lang='lat' dir='ltr'>nostri</span> <span class='ocrx_word' id='word_1_531' title='bbox 1095 2729 1267 2782; x_wconf 89' lang='lat' dir='ltr'>superbe</span> <span class='ocrx_word' id='word_1_532' title='bbox 1295 2735 1475 2779; x_wconf 71' lang='lat' dir='ltr'>egerunt.</span> <span class='ocrx_word' id='word_1_533' title='bbox 1507 2734 1547 2769; x_wconf 89' lang='lat' dir='ltr'>et</span> <span class='ocrx_word' id='word_1_534' title='bbox 1574 2728 1873 2769; x_wconf 85' lang='lat' dir='ltr'>induraverunt</span> <span class='ocrx_word' id='word_1_535' title='bbox 1901 2728 2075 2769; x_wconf 85' lang='lat' dir='ltr'>cervices</span> <span class='ocrx_word' id='word_1_536' title='bbox 2104 2740 2210 2775; x_wconf 83' lang='lat' dir='ltr'>suas,</span> 
     </span>
     <span class='ocr_line' id='line_1_44' title="bbox 132 2786 2212 2830; baseline 0.002 -7"><span class='ocrx_word' id='word_1_537' title='bbox 132 2806 259 2825; x_wconf 66' lang='lat' dir='ltr'>suorum.</span> <span class='ocrx_word' id='word_1_538' title='bbox 303 2795 342 2829; x_wconf 88' lang='lat' dir='ltr'>et</span> <span class='ocrx_word' id='word_1_539' title='bbox 376 2802 453 2829; x_wconf 91' lang='lat' dir='ltr'>non</span> <span class='ocrx_word' id='word_1_540' title='bbox 489 2788 706 2830; x_wconf 88' lang='lat' dir='ltr'>audierunt</span> <span class='ocrx_word' id='word_1_541' title='bbox 736 2789 937 2829; x_wconf 87' lang='lat' dir='ltr'>mandata</span> <span class='ocrx_word' id='word_1_542' title='bbox 966 2794 1050 2829; x_wconf 86' lang='lat' dir='ltr'>tua.</span> <span class='ocrx_word' id='word_1_543' title='bbox 1112 2790 1145 2812; x_wconf 75' lang='lat'>¹⁷</span> <span class='ocrx_word' id='word_1_544' title='bbox 1178 2788 1234 2828; x_wconf 85' lang='lat' dir='ltr'>Et</span> <span class='ocrx_word' id='word_1_545' title='bbox 1264 2788 1483 2829; x_wconf 85' lang='lat' dir='ltr'>noluerunt</span> <span class='ocrx_word' id='word_1_546' title='bbox 1514 2788 1664 2830; x_wconf 85' lang='lat' dir='ltr'>audire.</span> <span class='ocrx_word' id='word_1_547' title='bbox 1699 2793 1741 2829; x_wconf 86' lang='lat' dir='ltr'>et</span> <span class='ocrx_word' id='word_1_548' title='bbox 1771 2801 1852 2829; x_wconf 91' lang='lat' dir='ltr'>non</span> <span class='ocrx_word' id='word_1_549' title='bbox 1883 2793 1979 2828; x_wconf 89' lang='lat' dir='ltr'>sunt</span> <span class='ocrx_word' id='word_1_550' title='bbox 2010 2786 2212 2828; x_wconf 88' lang='lat' dir='ltr'>recordati</span> 
     </span>
     <span class='ocr_line' id='line_1_45' title="bbox 301 2846 2213 2901; baseline -0.001 -14"><span class='ocrx_word' id='word_1_551' title='bbox 301 2848 547 2888; x_wconf 88' lang='lat' dir='ltr'>mirabilium</span> <span class='ocrx_word' id='word_1_552' title='bbox 579 2854 745 2889; x_wconf 89' lang='lat' dir='ltr'>tuorum</span> <span class='ocrx_word' id='word_1_553' title='bbox 778 2861 867 2901; x_wconf 83' lang='lat' dir='ltr'>quae</span> <span class='ocrx_word' id='word_1_554' title='bbox 897 2848 1049 2888; x_wconf 80' lang='lat' dir='ltr'>feceras</span> <span class='ocrx_word' id='word_1_555' title='bbox 1081 2847 1146 2888; x_wconf 80' lang='lat' dir='ltr'>eis.</span> <span class='ocrx_word' id='word_1_556' title='bbox 1181 2847 1235 2888; x_wconf 88' lang='lat' dir='ltr'>Et</span> <span class='ocrx_word' id='word_1_557' title='bbox 1267 2847 1565 2888; x_wconf 89' lang='lat' dir='ltr'>induraverunt</span> <span class='ocrx_word' id='word_1_558' title='bbox 1596 2847 1771 2888; x_wconf 89' lang='lat' dir='ltr'>cervices</span> <span class='ocrx_word' id='word_1_559' title='bbox 1801 2859 1905 2895; x_wconf 76' lang='lat' dir='ltr'>suas,</span> <span class='ocrx_word' id='word_1_560' title='bbox 1940 2851 1981 2887; x_wconf 89' lang='lat' dir='ltr'>et</span> <span class='ocrx_word' id='word_1_561' title='bbox 2012 2846 2213 2887; x_wconf 90' lang='lat' dir='ltr'>dederunt</span> 
     </span>
    </p>

    <p class='ocr_par' dir='ltr' id='par_1_17' title="bbox 301 2905 2212 2960">
     <span class='ocr_line' id='line_1_46' title="bbox 301 2905 2212 2960; baseline -0.001 -13"><span class='ocrx_word' id='word_1_562' title='bbox 301 2914 424 2960; x_wconf 89' lang='lat' dir='ltr'>caput</span> <span class='ocrx_word' id='word_1_563' title='bbox 455 2913 499 2947; x_wconf 90' lang='lat' dir='ltr'>ut</span> <span class='ocrx_word' id='word_1_564' title='bbox 527 2913 862 2948; x_wconf 76' lang='lat' dir='ltr'>converterentur</span> <span class='ocrx_word' id='word_1_565' title='bbox 889 2907 941 2947; x_wconf 90' lang='lat' dir='ltr'>ad</span> <span class='ocrx_word' id='word_1_566' title='bbox 969 2907 1209 2947; x_wconf 89' lang='lat' dir='ltr'>servitutem</span> <span class='ocrx_word' id='word_1_567' title='bbox 1237 2920 1365 2951; x_wconf 85' lang='lat' dir='ltr'>suam,</span> <span class='ocrx_word' id='word_1_568' title='bbox 1396 2906 1511 2959; x_wconf 85' lang='lat' dir='ltr'>quasi</span> <span class='ocrx_word' id='word_1_569' title='bbox 1539 2919 1609 2959; x_wconf 89' lang='lat' dir='ltr'>per</span> <span class='ocrx_word' id='word_1_570' title='bbox 1636 2906 1954 2947; x_wconf 85' lang='lat' dir='ltr'>contentionem.</span> <span class='ocrx_word' id='word_1_571' title='bbox 1985 2905 2045 2946; x_wconf 93' lang='lat' dir='ltr'>Tu</span> <span class='ocrx_word' id='word_1_572' title='bbox 2073 2910 2212 2945; x_wconf 89' lang='lat' dir='ltr'>autem</span> 
     </span>
    </p>

    <p class='ocr_par' dir='ltr' id='par_1_18' title="bbox 301 2964 2211 3078">
     <span class='ocr_line' id='line_1_47' title="bbox 301 2964 2211 3019; baseline -0.001 -13"><span class='ocrx_word' id='word_1_573' title='bbox 301 2966 410 3007; x_wconf 87' lang='lat' dir='ltr'>Dens</span> <span class='ocrx_word' id='word_1_574' title='bbox 450 2967 659 3019; x_wconf 77' lang='lat' dir='ltr'>propitiuS,</span> <span class='ocrx_word' id='word_1_575' title='bbox 700 2966 885 3008; x_wconf 86' lang='lat' dir='ltr'>clemens.</span> <span class='ocrx_word' id='word_1_576' title='bbox 925 2972 965 3006; x_wconf 90' lang='lat' dir='ltr'>et</span> <span class='ocrx_word' id='word_1_577' title='bbox 1002 2966 1238 3008; x_wconf 86' lang='lat' dir='ltr'>misericors.</span> <span class='ocrx_word' id='word_1_578' title='bbox 1278 2966 1531 3015; x_wconf 66' lang='lat' dir='ltr'>longanimis,</span> <span class='ocrx_word' id='word_1_579' title='bbox 1571 2972 1613 3006; x_wconf 89' lang='lat' dir='ltr'>et</span> <span class='ocrx_word' id='word_1_580' title='bbox 1648 2964 1788 3005; x_wconf 81' lang='lat' dir='ltr'>multae</span> <span class='ocrx_word' id='word_1_581' title='bbox 1824 2964 2095 3005; x_wconf 86' lang='lat' dir='ltr'>miserationis</span> <span class='ocrx_word' id='word_1_582' title='bbox 2132 2976 2211 3005; x_wconf 91' lang='lat' dir='ltr'>non</span> 
     </span>
     <span class='ocr_line' id='line_1_48' title="bbox 301 3023 2210 3078; baseline -0.002 -13"><span class='ocrx_word' id='word_1_583' title='bbox 301 3025 550 3078; x_wconf 84' lang='lat' dir='ltr'>dereliquisti</span> <span class='ocrx_word' id='word_1_584' title='bbox 573 3040 651 3068; x_wconf 88' lang='lat' dir='ltr'>eos.</span> <span class='ocrx_word' id='word_1_585' title='bbox 705 3027 739 3049; x_wconf 65' lang='lat'>¹²³</span> <span class='ocrx_word' id='word_1_586' title='bbox 762 3032 802 3066; x_wconf 88' lang='lat' dir='ltr'>et</span> <span class='ocrx_word' id='word_1_587' title='bbox 827 3025 989 3078; x_wconf 87' lang='lat' dir='ltr'>quidem</span> <span class='ocrx_word' id='word_1_588' title='bbox 1015 3038 1107 3065; x_wconf 84' lang='grc'><strong>911111</strong></span> <span class='ocrx_word' id='word_1_589' title='bbox 1131 3025 1321 3065; x_wconf 84' lang='lat' dir='ltr'>fecissent</span> <span class='ocrx_word' id='word_1_590' title='bbox 1345 3025 1419 3066; x_wconf 91' lang='lat' dir='ltr'>sibi</span> <span class='ocrx_word' id='word_1_591' title='bbox 1443 3024 1619 3065; x_wconf 90' lang='lat' dir='ltr'>vitulum</span> <span class='ocrx_word' id='word_1_592' title='bbox 1644 3023 1905 3065; x_wconf 89' lang='lat' dir='ltr'>conflatilem.</span> <span class='ocrx_word' id='word_1_593' title='bbox 1931 3029 1971 3064; x_wconf 89' lang='lat' dir='ltr'>et</span> <span class='ocrx_word' id='word_1_594' title='bbox 1995 3023 2210 3064; x_wconf 82' lang='lat' dir='ltr'>dixissent:</span> 
     </span>
    </p>

    <p class='ocr_par' dir='ltr' id='par_1_19' title="bbox 305 3082 2209 3138">
     <span class='ocr_line' id='line_1_49' title="bbox 305 3082 2209 3138; baseline -0.002 -14"><span class='ocrx_word' id='word_1_595' title='bbox 305 3085 384 3125; x_wconf 90' lang='lat' dir='ltr'>lste</span> <span class='ocrx_word' id='word_1_596' title='bbox 414 3091 474 3125; x_wconf 90' lang='lat' dir='ltr'>est</span> <span class='ocrx_word' id='word_1_597' title='bbox 507 3085 614 3125; x_wconf 86' lang='lat' dir='ltr'>Deus</span> <span class='ocrx_word' id='word_1_598' title='bbox 643 3092 750 3126; x_wconf 85' lang='lat' dir='ltr'>tuus.</span> <span class='ocrx_word' id='word_1_599' title='bbox 784 3085 850 3138; x_wconf 88' lang='lat' dir='ltr'>qui</span> <span class='ocrx_word' id='word_1_600' title='bbox 882 3084 1023 3125; x_wconf 83' lang='lat' dir='ltr'>eduxit</span> <span class='ocrx_word' id='word_1_601' title='bbox 1054 3090 1094 3124; x_wconf 85' lang='lat' dir='ltr'>te</span> <span class='ocrx_word' id='word_1_602' title='bbox 1126 3084 1175 3125; x_wconf 91' lang='lat' dir='ltr'>de</span> <span class='ocrx_word' id='word_1_603' title='bbox 1205 3084 1403 3137; x_wconf 72' lang='lat' dir='ltr'>AEgypto:</span> <span class='ocrx_word' id='word_1_604' title='bbox 1434 3084 1699 3137; x_wconf 86' lang='lat' dir='ltr'>feceruntque</span> <span class='ocrx_word' id='word_1_605' title='bbox 1730 3082 2001 3136; x_wconf 85' lang='lat' dir='ltr'>blasphemias</span> <span class='ocrx_word' id='word_1_606' title='bbox 2030 3094 2209 3134; x_wconf 82' lang='lat' dir='ltr'>magnas.</span> 
     </span>
    </p>

    <p class='ocr_par' dir='ltr' id='par_1_20' title="bbox 303 3140 2214 3184">
     <span class='ocr_line' id='line_1_50' title="bbox 303 3140 2214 3184; baseline -0.002 0"><span class='ocrx_word' id='word_1_607' title='bbox 303 3145 335 3167; x_wconf 77' lang='lat'>¹⁹</span> <span class='ocrx_word' id='word_1_608' title='bbox 368 3144 426 3184; x_wconf 78' lang='lat' dir='ltr'>Tu</span> <span class='ocrx_word' id='word_1_609' title='bbox 460 3150 597 3184; x_wconf 86' lang='lat' dir='ltr'>autem</span> <span class='ocrx_word' id='word_1_610' title='bbox 631 3144 671 3183; x_wconf 90' lang='lat' dir='ltr'>in</span> <span class='ocrx_word' id='word_1_611' title='bbox 704 3144 986 3184; x_wconf 81' lang='lat' dir='ltr'>misericordiis</span> <span class='ocrx_word' id='word_1_612' title='bbox 1019 3143 1098 3184; x_wconf 89' lang='lat' dir='ltr'>tuis</span> <span class='ocrx_word' id='word_1_613' title='bbox 1136 3143 1274 3183; x_wconf 87' lang='lat' dir='ltr'>multis</span> <span class='ocrx_word' id='word_1_614' title='bbox 1308 3156 1388 3184; x_wconf 90' lang='lat' dir='ltr'>non</span> <span class='ocrx_word' id='word_1_615' title='bbox 1421 3142 1609 3183; x_wconf 86' lang='lat' dir='ltr'>dimisisti</span> <span class='ocrx_word' id='word_1_616' title='bbox 1641 3155 1708 3183; x_wconf 89' lang='lat' dir='ltr'>eos</span> <span class='ocrx_word' id='word_1_617' title='bbox 1741 3142 1779 3182; x_wconf 92' lang='lat' dir='ltr'>in</span> <span class='ocrx_word' id='word_1_618' title='bbox 1813 3142 1990 3183; x_wconf 87' lang='lat' dir='ltr'>deserto:</span> <span class='ocrx_word' id='word_1_619' title='bbox 2024 3140 2214 3182; x_wconf 88' lang='lat' dir='ltr'>columna</span> 
     </span>
    </p>

    <p class='ocr_par' dir='ltr' id='par_1_21' title="bbox 303 3200 2212 3255">
     <span class='ocr_line' id='line_1_51' title="bbox 303 3200 2212 3255; baseline -0.002 -13"><span class='ocrx_word' id='word_1_620' title='bbox 303 3203 420 3242; x_wconf 88' lang='lat' dir='ltr'>nubis</span> <span class='ocrx_word' id='word_1_621' title='bbox 438 3217 515 3243; x_wconf 87' lang='lat' dir='ltr'>non</span> <span class='ocrx_word' id='word_1_622' title='bbox 533 3203 694 3243; x_wconf 86' lang='lat' dir='ltr'>recessit</span> <span class='ocrx_word' id='word_1_623' title='bbox 712 3203 762 3243; x_wconf 85' lang='lat' dir='ltr'>ab</span> <span class='ocrx_word' id='word_1_624' title='bbox 779 3203 834 3243; x_wconf 87' lang='lat' dir='ltr'>eis</span> <span class='ocrx_word' id='word_1_625' title='bbox 852 3216 920 3255; x_wconf 86' lang='lat' dir='ltr'>per</span> <span class='ocrx_word' id='word_1_626' title='bbox 935 3203 1040 3243; x_wconf 87' lang='lat' dir='ltr'>diem</span> <span class='ocrx_word' id='word_1_627' title='bbox 1060 3207 1108 3243; x_wconf 92' lang='lat' dir='ltr'>ut</span> <span class='ocrx_word' id='word_1_628' title='bbox 1125 3202 1291 3243; x_wconf 84' lang='lat' dir='ltr'>duceret</span> <span class='ocrx_word' id='word_1_629' title='bbox 1307 3216 1373 3243; x_wconf 89' lang='lat' dir='ltr'>eos</span> <span class='ocrx_word' id='word_1_630' title='bbox 1389 3202 1429 3242; x_wconf 92' lang='lat' dir='ltr'>in</span> <span class='ocrx_word' id='word_1_631' title='bbox 1446 3202 1568 3249; x_wconf 82' lang='lat' dir='ltr'>viam,</span> <span class='ocrx_word' id='word_1_632' title='bbox 1587 3208 1626 3242; x_wconf 92' lang='lat' dir='ltr'>et</span> <span class='ocrx_word' id='word_1_633' title='bbox 1643 3201 1834 3243; x_wconf 86' lang='lat' dir='ltr'>columna</span> <span class='ocrx_word' id='word_1_634' title='bbox 1848 3200 1950 3254; x_wconf 85' lang='lat' dir='ltr'>ignis</span> <span class='ocrx_word' id='word_1_635' title='bbox 1966 3212 2036 3253; x_wconf 91' lang='lat' dir='ltr'>per</span> <span class='ocrx_word' id='word_1_636' title='bbox 2051 3205 2212 3240; x_wconf 88' lang='lat' dir='ltr'>noctem</span> 
     </span>
    </p>

    <p class='ocr_par' dir='ltr' id='par_1_22' title="bbox 303 3258 2213 3315">
     <span class='ocr_line' id='line_1_52' title="bbox 303 3258 2213 3315; baseline -0.002 -14"><span class='ocrx_word' id='word_1_637' title='bbox 303 3268 344 3301; x_wconf 84' lang='lat' dir='ltr'>nt</span> <span class='ocrx_word' id='word_1_638' title='bbox 371 3263 600 3303; x_wconf 84' lang='lat' dir='ltr'>ostenderet</span> <span class='ocrx_word' id='word_1_639' title='bbox 625 3262 680 3302; x_wconf 88' lang='lat' dir='ltr'>eis</span> <span class='ocrx_word' id='word_1_640' title='bbox 703 3262 779 3302; x_wconf 90' lang='lat' dir='ltr'>iter</span> <span class='ocrx_word' id='word_1_641' title='bbox 802 3275 872 3314; x_wconf 89' lang='lat' dir='ltr'>per</span> <span class='ocrx_word' id='word_1_642' title='bbox 894 3262 1004 3315; x_wconf 91' lang='lat' dir='ltr'>quod</span> <span class='ocrx_word' id='word_1_643' title='bbox 1027 3262 1348 3314; x_wconf 79' lang='lat' dir='ltr'>ingrederentur.</span> <span class='ocrx_word' id='word_1_644' title='bbox 1400 3263 1436 3285; x_wconf 77' lang='lat'>²⁰</span> <span class='ocrx_word' id='word_1_645' title='bbox 1457 3261 1513 3301; x_wconf 89' lang='lat' dir='ltr'>Et</span> <span class='ocrx_word' id='word_1_646' title='bbox 1535 3261 1723 3314; x_wconf 88' lang='lat' dir='ltr'>spiritum</span> <span class='ocrx_word' id='word_1_647' title='bbox 1747 3266 1865 3301; x_wconf 90' lang='lat' dir='ltr'>tuum</span> <span class='ocrx_word' id='word_1_648' title='bbox 1889 3260 2042 3300; x_wconf 89' lang='lat' dir='ltr'>bonum</span> <span class='ocrx_word' id='word_1_649' title='bbox 2065 3258 2213 3300; x_wconf 88' lang='lat' dir='ltr'>dedisti</span> 
     </span>
    </p>

    <p class='ocr_par' dir='ltr' id='par_1_23' title="bbox 303 3316 2213 3373">
     <span class='ocr_line' id='line_1_53' title="bbox 303 3316 2213 3373; baseline -0.002 -13"><span class='ocrx_word' id='word_1_650' title='bbox 303 3321 371 3373; x_wconf 88' lang='lat' dir='ltr'>qui</span> <span class='ocrx_word' id='word_1_651' title='bbox 399 3321 559 3361; x_wconf 84' lang='lat' dir='ltr'>doceret</span> <span class='ocrx_word' id='word_1_652' title='bbox 587 3335 666 3364; x_wconf 89' lang='lat' dir='ltr'>eos.</span> <span class='ocrx_word' id='word_1_653' title='bbox 696 3328 735 3362; x_wconf 89' lang='lat' dir='ltr'>et</span> <span class='ocrx_word' id='word_1_654' title='bbox 764 3334 916 3361; x_wconf 83' lang='lat' dir='ltr'>manna</span> <span class='ocrx_word' id='word_1_655' title='bbox 943 3327 1061 3361; x_wconf 88' lang='lat' dir='ltr'>tuum</span> <span class='ocrx_word' id='word_1_656' title='bbox 1091 3334 1169 3361; x_wconf 90' lang='lat' dir='ltr'>non</span> <span class='ocrx_word' id='word_1_657' title='bbox 1201 3320 1443 3373; x_wconf 84' lang='lat' dir='ltr'>prohibuisti</span> <span class='ocrx_word' id='word_1_658' title='bbox 1471 3320 1521 3360; x_wconf 82' lang='lat' dir='ltr'>ab</span> <span class='ocrx_word' id='word_1_659' title='bbox 1550 3333 1616 3360; x_wconf 89' lang='lat' dir='ltr'>ore</span> <span class='ocrx_word' id='word_1_660' title='bbox 1643 3332 1793 3365; x_wconf 80' lang='lat' dir='ltr'>eorum.</span> <span class='ocrx_word' id='word_1_661' title='bbox 1822 3325 1863 3359; x_wconf 92' lang='lat' dir='ltr'>et</span> <span class='ocrx_word' id='word_1_662' title='bbox 1889 3331 2039 3371; x_wconf 87' lang='lat' dir='ltr'>aquam</span> <span class='ocrx_word' id='word_1_663' title='bbox 2066 3316 2213 3358; x_wconf 88' lang='lat' dir='ltr'>dedisti</span> 
     </span>
    </p>
   </div>
   <div class='ocr_carea' id='block_1_5' title="bbox 303 3376 2214 3433">
    <p class='ocr_par' dir='ltr' id='par_1_24' title="bbox 303 3376 2214 3433">
     <span class='ocr_line' id='line_1_54' title="bbox 303 3376 2214 3433; baseline -0.002 -13"><span class='ocrx_word' id='word_1_664' title='bbox 303 3379 357 3420; x_wconf 85' lang='lat' dir='ltr'>eis</span> <span class='ocrx_word' id='word_1_665' title='bbox 376 3379 415 3419; x_wconf 89' lang='lat' dir='ltr'>in</span> <span class='ocrx_word' id='word_1_666' title='bbox 432 3380 509 3421; x_wconf 84' lang='lat' dir='ltr'>siti.</span> <span class='ocrx_word' id='word_1_667' title='bbox 555 3383 583 3404; x_wconf 75' lang='lat'>²¹</span> <span class='ocrx_word' id='word_1_668' title='bbox 604 3379 887 3432; x_wconf 61' lang='lat' dir='ltr'>Quadraginta</span> <span class='ocrx_word' id='word_1_669' title='bbox 904 3380 1019 3420; x_wconf 72' lang='lat' dir='ltr'>annis</span> <span class='ocrx_word' id='word_1_670' title='bbox 1037 3379 1186 3433; x_wconf 80' lang='lat' dir='ltr'>pavisti</span> <span class='ocrx_word' id='word_1_671' title='bbox 1205 3393 1270 3420; x_wconf 85' lang='lat' dir='ltr'>eos</span> <span class='ocrx_word' id='word_1_672' title='bbox 1287 3379 1325 3420; x_wconf 91' lang='lat' dir='ltr'>in</span> <span class='ocrx_word' id='word_1_673' title='bbox 1344 3379 1515 3420; x_wconf 79' lang='lat' dir='ltr'>deserto.</span> <span class='ocrx_word' id='word_1_674' title='bbox 1537 3378 1714 3432; x_wconf 83' lang='lat' dir='ltr'>nihilque</span> <span class='ocrx_word' id='word_1_675' title='bbox 1731 3378 1785 3419; x_wconf 89' lang='lat' dir='ltr'>eis</span> <span class='ocrx_word' id='word_1_676' title='bbox 1801 3377 1948 3418; x_wconf 84' lang='lat' dir='ltr'>defuit:</span> <span class='ocrx_word' id='word_1_677' title='bbox 1967 3376 2214 3418; x_wconf 84' lang='lat' dir='ltr'>vestimenta</span> 
     </span>
    </p>
   </div>
   <div class='ocr_carea' id='block_1_6' title="bbox 432 3506 753 3545">
    <p class='ocr_par' dir='ltr' id='par_1_25' title="bbox 432 3506 753 3545">
     <span class='ocr_line' id='line_1_55' title="bbox 432 3506 753 3545; baseline 0.006 -8"><span class='ocrx_word' id='word_1_678' title='bbox 432 3506 464 3545; x_wconf 69' lang='lat'>9,</span> <span class='ocrx_word' id='word_1_679' title='bbox 494 3509 508 3538; x_wconf 50' lang='lat' dir='ltr'>J*</span> <span class='ocrx_word' id='word_1_680' title='bbox 537 3508 606 3539; x_wconf 64' lang='lat' dir='ltr'>utin</span> <span class='ocrx_word' id='word_1_681' title='bbox 642 3508 691 3545; x_wconf 78' lang='grc'>11,</span> <span class='ocrx_word' id='word_1_682' title='bbox 717 3508 753 3539; x_wconf 77' lang='lat'>31</span> 
     </span>
    </p>
   </div>
  </div>
 </body>
</html>
