2356 3760
306 128 381 167 162
1190 125 1339 160 LIBER
1925 130 1980 171 21,
2007 131 2149 173 17—22‚
2173 132 2219 166 26

304 220 410 260 inter
430 219 530 260 filios
549 232 641 260 suos
660 218 858 260 dividere:
877 231 959 258 non
977 218 1129 271 poterit
1149 218 1277 259 filium
1296 218 1453 260 dilectae
1470 220 1601 262 facere
1619 222 1952 276 primogenitum,
1972 229 2014 265 et
2030 225 2216 278 praeferre

308 279 388 319 filio
412 278 571 326 odiosae,
623 279 656 302 ¹⁷
684 277 773 317 ased
798 276 925 316 filium
950 276 1098 316 odiosae
1121 282 1313 327 agnoscet
1334 277 1663 331 primogenitum,
1688 280 1888 334 dabitque
1912 281 1947 322 ei
1970 274 2018 324 de
2040 283 2103 324 his
2127 296 2217 337 quae

304 337 495 378 habuerit
529 341 677 377 cuneta
710 334 904 388 duplicia:
939 334 1016 376 iste
1050 339 1111 375 est
1144 335 1251 376 enim
1285 336 1530 389 principium
1563 337 1781 380 liberorum
1815 339 1910 389 eius,
1947 344 1990 382 et
2021 341 2116 382 huic
2149 342 2216 383 de-

306 396 455 437 bentur
484 394 766 448 primogenita.

112 451 185 511 21¹3ss
201 453 300 517 {g{}}}¹·
410 457 444 478 ¹⁸
470 454 510 495 Si
537 453 721 507 genuerit
748 453 869 493 homo
899 452 1027 492 filium
1055 457 1339 494 contumacem
1366 458 1407 494 et
1433 458 1683 507 protervum,
1714 456 1782 509 qui
1810 470 1891 498 non
1918 458 2062 499 audiat
2087 459 2216 512 patris

137 507 258 553 ‹nimau-0.
305 518 377 554 aut
408 513 550 553 matris
584 512 810 565 imperium,
844 516 885 551 et
917 511 1114 552 coercitus
1146 512 1309 553 obedire
1341 514 1649 566 contempserit:
1710 516 1745 539 ¹⁹
1768 516 2078 569 apprehendent
2108 530 2214 566 eum,

302 578 343 613 et
371 572 523 612 ducent
551 571 603 611 ad
631 570 804 612 seniores
834 570 1014 611 civitatis
1043 570 1160 618 illius,
1191 575 1233 612 et
1261 571 1313 611 ad
1340 576 1504 624 portam
1531 572 1681 622 iudicii,
1738 575 1775 598 2⁰
1802 574 2020 628 dicentque
2048 575 2101 616 ad
2129 589 2214 617 eos:

302 631 426 671 Filius
461 635 599 671 noster
632 630 707 670 iste
742 634 957 682 protervus
992 634 1033 669 et
1067 635 1291 670 contumax
1325 635 1397 675 est,
1434 631 1593 672 monita
1626 636 1767 673 nostra
1800 633 1940 674 audire
1974 635 2214 684 contemnit,

302 689 708 730 commessationibus
745 692 877 733 vacat,
916 693 957 728 et
991 687 1161 729 luxuriae
1196 693 1320 742 atque
1356 689 1573 730 conviviis:
1637 692 1667 714 2¹
1703 690 1907 745 lapidibus
1943 706 2036 733 eum
2072 693 2218 735 obruet

302 748 475 804 populus
506 748 703 789 civitatis:
735 753 776 788 et
804 747 1010 791 morietur.
1042 752 1089 787 ut
1118 748 1312 788 auferatis
1341 748 1496 789 malum
1526 749 1575 789 de
1603 749 1736 790 medio
1767 750 1903 798 vestri,
1934 756 1976 792 et
2003 751 2216 793 universus

304 809 427 850 lsrael
458 809 626 849 audiens
655 807 930 860 pertimescat.

112 874 280 928 ffig‘fffiffl
409 870 440 892 22
466 867 639 916 Quando
664 866 895 920 peccaverit
919 865 1041 906 homo
1068 866 1177 918 quod
1203 870 1332 906 morte
1359 865 1618 918 plectendum
1645 871 1717 913 est,
1745 872 1786 908 et
1810 868 2069 910 adiudicatus
2094 869 2216 910 morti

93 939 285 969 sepelivimus,
304 941 506 981 appensus
527 926 650 967 fuerit
670 926 710 965 in
732 924 936 978 patibulo:
986 926 1017 947 2³
1038 937 1119 965 non
1140 925 1396 977 permanebit
1417 925 1592 965 cadaver
1612 925 1695 966 eius
1716 926 1757 966 in
1777 925 1898 977 ligno,
1921 928 1991 968 sed
2011 927 2053 968 in
2073 928 2216 969 eadem

300 987 363 1027 die
395 985 627 1039 sepelietur:
663 985 758 1037 quia
793 983 1053 1024 bmaledictus
1086 996 1109 1023 a
1139 983 1226 1024 Deo
1258 988 1320 1024 est
1352 984 1420 1036 qui
1452 984 1604 1037 pendet
1634 985 1675 1025 in
1706 984 1831 1038 ligno:
1880 990 1922 1026 et
1951 999 2215 1040 nequaquam

300 1045 599 1086 contaminabis
621 1044 784 1083 Terram
807 1048 934 1087 tuam,
959 1056 1083 1095 quam
1104 1043 1303 1083 Dominus
1324 1042 1434 1083 Deus
1455 1047 1550 1084 tuus
1571 1043 1729 1084 dederit
1748 1044 1823 1085 tibi
1843 1044 1884 1085 in
1904 1045 2213 1098 possessionem.

106 1102 283 1162 bj’lfl'jjs5jg225‘n·
406 1104 469 1146 22.
526 1105 539 1127 1
576 1103 667 1143 Νο11
709 1102 883 1142 cvidebis
919 1102 1064 1142 bovem
1101 1101 1238 1141 fratris
1274 1101 1346 1149 tui,
1384 1107 1457 1142 aut
1491 1115 1610 1142 ovem
1645 1107 1859 1152 errantem,
1897 1108 1939 1144 et
1972 1104 2214 1157 praeteribis:

152 1154 234 1200 auin:
300 1164 369 1203 sed
397 1163 562 1203 reduces
590 1161 705 1201 fratri
734 1166 817 1204 tuo,
874 1162 888 1184 2
915 1160 1074 1201 etiamsi
1102 1173 1183 1200 non
1211 1164 1272 1201 est
1298 1161 1551 1214 propinquus
1578 1161 1705 1202 frater
1731 1166 1838 1207 tuus,
1868 1175 1941 1203 nec
1968 1163 2076 1204 nosti
2103 1176 2214 1204 eum:

299 1222 420 1262 duces
442 1222 481 1261 in
502 1222 670 1262 domum
690 1225 819 1267 tuam,
842 1224 882 1260 et
903 1224 1022 1259 erunt
1042 1220 1152 1272 apud
1172 1224 1212 1259 te
1234 1220 1431 1272 quamdiu
1452 1225 1609 1273 quaerat
1628 1234 1676 1261 ea
1694 1221 1821 1261 frater
1840 1226 1947 1268 tuus,
1970 1226 2012 1262 et
2030 1221 2211 1275 recipiat.

298 1284 313 1305 ³
335 1280 529 1321 Similiter
550 1280 671 1320 facies
695 1280 743 1319 de
767 1279 891 1323 asino,
916 1284 957 1319 et
979 1278 1027 1319 de
1050 1278 1309 1325 vestimento,
1334 1282 1375 1319 et
1397 1279 1445 1319 de
1468 1279 1577 1319 omni
1600 1292 1640 1320 re
1662 1280 1799 1320 fratris
1822 1280 1894 1329 tui,
1921 1294 2011 1334 quae
2032 1281 2214 1334 perierit:

298 1340 328 1380 si
359 1340 560 1381 inveneris
590 1352 692 1387 eam,
724 1351 773 1379 ne
803 1337 980 1391 negligas
1012 1337 1127 1390 quasi
1158 1337 1343 1378 alienam.
1401 1340 1416 1362 ‘¹
1446 1337 1487 1379 Si
1516 1338 1665 1378 videris
1696 1339 1855 1379 asinum
1884 1339 2022 1380 fratris
2052 1340 2113 1380 tui
2144 1344 2216 1380 aut

300 1399 446 1439 bovem
479 1398 668 1439 cecidisse
700 1397 741 1437 in
773 1397 851 1440 via,
886 1409 967 1437 non
1000 1396 1206 1449 despicies,
1240 1397 1310 1437 sed
1342 1396 1574 1438 sublevabis
1607 1410 1700 1438 011111
1732 1411 1789 1439 eo.

125 1458 260 1523 (iiioiss‘ssiif
404 1460 418 1481 ⁵
446 1458 535 1498 Non
560 1457 753 1497 induetur
776 1455 920 1496 mulier
944 1460 1056 1496 veste
1081 1455 1198 1499 virili,
1225 1469 1298 1496 nec
1322 1455 1384 1495 vir
1408 1460 1548 1497 utetur
1572 1461 1684 1497 veste
1708 1456 1902 1497 feminea:
1929 1457 2215 1498 abominabilis

298 1517 406 1557 enim
437 1517 547 1570 apud
577 1517 711 1556 Deum
742 1519 804 1555 est
835 1514 903 1568 qui
933 1514 1034 1554 facit
1062 1514 1159 1555 haec.

118 1575 152 1599 ‘¹¹'
175 1576 266 1600 ¹¹¹⁴·“s0
407 1578 421 1599 ⁶
441 1576 482 1616 Si
503 1574 717 1615 ambulans
738 1587 809 1627 per
828 1574 951 1622 viam,
974 1573 1015 1613 in
1036 1573 1177 1614 arbore
1198 1573 1263 1614 vel
1283 1573 1323 1614 in
1344 1578 1452 1614 terra
1471 1574 1614 1614 nidum
1636 1575 1722 1614 avis
1743 1575 1955 1623 inveneris,
1979 1579 2021 1616 et
2039 1580 2215 1616 matrem

116 1611 258 1641 pullorum

263 1631 268 1640 ’
298 1634 418 1688 pullis
438 1634 501 1675 vel
522 1634 607 1675 ovis
628 1634 801 1687 desuper
820 1633 1102 1673 incubantem:
1125 1645 1206 1673 non
1225 1632 1382 1673 tenebis
1402 1646 1492 1673 eam
1512 1646 1605 1673 cum
1627 1632 1730 1682 filiis,
1781 1635 1795 1657 ⁷
1814 1634 1886 1674 sed
1905 1634 2014 1675 abire
2032 1634 2212 1687 patieris,

298 1699 439 1747 captos
468 1698 609 1734 tenens
640 1692 760 1733 filios:
790 1697 837 1732 ut
865 1692 965 1732 bene
992 1691 1045 1732 sit
1072 1691 1159 1735 tibi.
1189 1696 1231 1732 et
1256 1691 1375 1745 longo
1403 1691 1519 1733 vivas
1547 1696 1741 1745 tempore.

121 1751 261 1811 ‘¹‘',‚,¹2.}¹‡“'³¹
407 1757 421 1776 ⁸
456 1753 557 1793 (111111
593 1751 859 1792 aedificaveris
895 1751 1063 1791 domum
1099 1764 1262 1799 novam,
1299 1751 1422 1791 facies
1457 1764 1620 1792 murum
1656 1751 1753 1791 tecti
1790 1764 1860 1805 per
1894 1751 2128 1792 circuitum:
2166 1765 2214 1793 ne

225 1806 230 1816 '
297 1812 534 1852 effundatur
559 1811 721 1865 sanguis
748 1811 788 1850 in
814 1810 935 1851 domo
962 1814 1046 1852 tua.
1075 1815 1116 1850 et
1141 1809 1193 1850 sis
1219 1822 1309 1850 reus
1334 1809 1498 1851 labente
1525 1809 1614 1857 alio,
1643 1816 1684 1851 et
1708 1810 1749 1850 in
1775 1823 1952 1864 praeceps
1977 1814 2133 1852 ruente.

89 1869 295 1933 ‘lffiss'ssfflffissjn
406 1873 421 1895 ⁹
448 1871 538 1911 Non
564 1883 667 1911 seres
693 1870 855 1910 vineam
881 1874 997 1909 tuam
1023 1868 1149 1909 altero
1175 1869 1344 1909 semine:
1372 1882 1420 1909 ne
1446 1874 1487 1909 et
1511 1869 1702 1910 sementis
1729 1883 1854 1923 quam
1878 1870 2030 1919 sevisti,
2058 1875 2099 1911 et
2125 1883 2214 1924 quae

298 1935 523 1970 nascuntur
549 1943 598 1970 ex
624 1929 755 1977 vinea,
783 1928 937 1981 pariter
961 1928 1281 1969 sanctificentur.
1338 1929 1373 1952 1⁰
1399 1928 1491 1968 Non
1517 1928 1650 1969 arabis
1676 1928 1717 1968 in
1744 1929 1848 1969 bove
1874 1928 1994 1969 simul
2019 1933 2061 1970 et
2086 1929 2211 1970 asino.

296 1991 326 2013 ¹1
359 1989 450 2029 Non
481 1988 658 2029 indueris
689 1987 948 2032 vestimento,
983 1987 1093 2040 quod
1124 2000 1173 2027 ex
1203 1986 1298 2027 lana
1327 1987 1491 2041 linoque
1522 1992 1763 2028 contextum
1794 1992 1866 2028 est.

102 2045 276 2110 delfflffi'siiff
401 2050 432 2072 ¹2
461 2047 699 2088 dFuniculos
726 2047 767 2086 in
796 2046 965 2087 fimbriis
991 2046 1114 2086 facies
1141 2059 1212 2099 per
1239 2049 1437 2099 quattuor
1463 2046 1630 2100 angulos
1657 2046 1769 2099 pallii
1795 2047 1867 2095 tui,
1898 2060 1978 2100 quo
2006 2046 2210 2100 operieris.

124 2127 158 2152 <ie
180 2100 251 2152 noi-,1
402 2109 433 2131 ¹3
447 2107 488 2148 Si
504 2106 668 2147 duxerit
682 2105 745 2146 vir
760 2118 940 2153 uxorem,
959 2109 999 2145 et
1014 2109 1158 2158 postea
1173 2105 1265 2146 odio
1281 2105 1472 2145 habuerit
1488 2119 1589 2152 eam,
1634 2107 1665 2130 ¹⁴
1682 2105 1967 2159 quaesieritque
1983 2105 2213 2147 occasiones

115 2170 259 2227 acssfissss‘fa,
296 2166 443 2219 quibus
480 2165 667 2206 dimittat
702 2177 803 2206 eam.
843 2163 1034 2204 obiiciens
1071 2164 1104 2204 ei
1140 2177 1289 2204 nomen
1324 2164 1559 2217 pessimum,
1597 2170 1638 2205 et
1674 2164 1840 2205 dixerit:
1894 2164 2074 2206 Uxorem
2109 2164 2215 2205 hanc

295 2225 443 2278 accepi,
474 2229 515 2265 et
542 2224 742 2277 ingressus
772 2223 823 2263 ad
851 2236 941 2263 eam
969 2236 1050 2263 non
1078 2223 1215 2263 inveni
1243 2223 1458 2276 virginem:
1516 2225 1547 2247 15
1575 2222 1721 2264 tollent
1748 2237 1837 2263 eam
1865 2228 1983 2276 pater
2010 2228 2051 2264 et
2077 2228 2211 2264 mater

295 2284 391 2332 eius,
423 2288 464 2324 et
492 2284 625 2324 ferent
653 2295 789 2323 seeum
819 2282 933 2335 signa
962 2281 1208 2335 virginitatis
1239 2282 1322 2322 eius
1353 2282 1405 2322 ad
1434 2282 1607 2323 seniores
1637 2282 1747 2323 urbis
1778 2282 1846 2336 qui
1875 2282 1916 2323 in
1945 2287 2066 2336 porta
2094 2287 2208 2323 sunt:

294 2345 328 2367 ¹⁶
357 2348 399 2384 et
428 2343 536 2383 dicet
564 2346 698 2396 pater:
730 2341 876 2381 Filiam
905 2354 1039 2381 meam
1069 2341 1161 2381 dedi
1191 2341 1284 2381 huic
1314 2354 1500 2382 uxorem:
1533 2354 1658 2395 quam
1689 2341 1784 2395 quia
1813 2341 1912 2390 odit,
1970 2343 2004 2365 1⁷
2034 2341 2212 2395 imponit

293 2402 327 2443 ei
352 2415 500 2443 nomen
524 2401 757 2455 pessimum,
785 2404 832 2440 ut
856 2400 984 2440 dicat:
1012 2400 1104 2440 Non
1128 2400 1265 2440 inveni
1292 2400 1417 2440 filiam
1442 2404 1558 2440 tuam
1582 2400 1798 2453 virginem:
1825 2405 1866 2441 et
1890 2413 1979 2441 ecce
2003 2400 2089 2441 haec
2113 2405 2211 2442 sunt

293 2461 407 2514 signa
438 2460 685 2514 virginitatis
720 2459 811 2499 filiae
843 2472 953 2500 meae.
988 2459 1225 2512 expandent
1256 2459 1550 2500 vestimentum
1583 2472 1720 2499 coram
1751 2459 1975 2500 senioribus
2008 2459 2208 2500 civitatis:

293 2521 328 2544 ¹⁸
347 2519 737 2573 apprehendentque
756 2531 868 2558 senes
887 2518 998 2558 urbis
1016 2517 1122 2558 illius
1141 2518 1287 2567 virum,
1308 2522 1350 2558 et
1367 2518 1645 2559 verberabunt
1662 2517 1789 2567 illum,
1837 2520 1871 2542 1⁹
1890 2518 2210 2559 condemnantes

292 2579 458 2632 insuper
482 2583 647 2619 centum
672 2577 776 2617 siclis
803 2577 970 2630 argenti,
999 2590 1099 2630 quos
1124 2577 1241 2617 dabit
1264 2577 1373 2630 patri
1397 2576 1558 2630 puellae:
1586 2577 1781 2631 quoniam
1805 2577 2040 2618 diffamavit
2064 2590 2213 2618 nomen

292 2638 515 2691 pessimum
539 2650 659 2690 super
682 2636 878 2689 virginem
904 2635 1044 2676 Israel:
1069 2636 1321 2689 habebitque
1343 2649 1433 2677 eam
1456 2649 1638 2685 uxorem,
1663 2641 1705 2676 et
1726 2649 1808 2677 non
1830 2636 1984 2690 poterit
2006 2635 2213 2677 dimittere

293 2710 382 2737 eam
410 2697 598 2737 omnibus
625 2695 767 2736 diebus
795 2694 891 2735 vitae
917 2708 1010 2735 suae.
1066 2697 1101 2719 ‘2⁰
1127 2695 1247 2743 Quod
1273 2695 1304 2735 si
1331 2707 1473 2735 verum
1501 2699 1562 2736 est
1589 2695 1699 2749 quod
1726 2695 1878 2744 obiicit,
1907 2699 1949 2736 et
1974 2708 2057 2736 non
2083 2699 2145 2743 est
2169 2695 2211 2735 in

294 2755 422 2808 puella
449 2756 617 2795 inventa
639 2754 869 2807 virginitas:
919 2756 949 2777 2¹
973 2754 1134 2794 eiicient
1154 2767 1244 2794 eam
1266 2758 1383 2794 extra
1402 2754 1507 2795 fores
1529 2754 1674 2794 domus
1696 2754 1824 2808 patris
1846 2753 1920 2803 sui,
1944 2758 1986 2795 et
2004 2753 2210 2808 lapidibus

293 2815 467 2855 obruent
486 2814 561 2854 viri
581 2813 762 2854 civitatis
781 2812 899 2858 illius,
922 2818 963 2853 et
982 2813 1195 2853 morietur:
1245 2812 1438 2866 quoniam
1458 2813 1555 2854 fecit
1574 2813 1687 2854 nefas
1707 2813 1749 2854 in
1769 2812 1906 2862 Israel,
1928 2816 1976 2853 ut
1994 2812 2212 2853 fornicare—

294 2879 360 2913 tur
386 2873 426 2913 iu
453 2873 574 2913 domo
601 2872 730 2925 patris
757 2872 836 2912 sui:
865 2876 906 2911 et
932 2872 1088 2912 auferes
1115 2871 1269 2912 malum
1296 2871 1345 2912 de
1371 2871 1506 2912 medio
1532 2871 1605 2912 tui.

85 2935 118 2959 df·
136 2935 288 2965 nanneno,
399 2934 430 2955 ²2
465 2932 523 2972 eSi
553 2931 763 2971 dormierit
792 2930 854 2970 vir
882 2944 975 2970 cum
1003 2943 1128 2971 uxore
1158 2930 1335 2979 alterius,
1366 2935 1538 2984 uterque
1567 2930 1775 2979 morietur,
1807 2930 1850 2971 id
1878 2934 1951 2979 est,
1982 2929 2144 2971 adulter
2171 2934 2213 2971 et

295 2991 498 3031 adultera:
530 2996 568 3030 et
600 2990 755 3031 auferes
784 2989 939 3029 malum
969 2990 1018 3030 de
1050 2989 1183 3030 Israel.

107 3052 141 3075 (Μ’
167 3055 268 3081 >¹¹¹1'w
400 3052 431 3073 ²³
461 3049 499 3088 si
530 3048 707 3102 puellam
737 3048 934 3101 virginem
965 3048 1228 3101 desponderit
1257 3048 1330 3097 vir,
1362 3052 1403 3089 et
1432 3048 1635 3089 invenerit
1663 3061 1753 3089 eam
1783 3047 1928 3102 aliquis
1957 3047 1999 3088 in
2028 3046 2209 3096 civitate,

96 3087 277 3118 deslmnffltae

293 3114 334 3148 et
356 3107 621 3148 concubuerit
643 3120 735 3147 cum
759 3121 816 3155 ea,
870 3108 907 3132 ²4
929 3107 1073 3148 educes
1096 3112 1316 3161 utrumque
1340 3107 1392 3147 ad
1414 3112 1577 3160 portam
1600 3106 1780 3147 civitatis
1802 3106 1920 3155 illius,
1945 3110 1987 3147 et
2006 3105 2211 3160 lapidibus

294 3167 534 3208 obruentur:
565 3166 709 3220 puella,
741 3166 836 3219 quia
862 3179 944 3207 non
971 3166 1178 3214 clamavit,
1208 3179 1301 3207 cum
1329 3170 1434 3207 esset
1460 3165 1501 3206 in
1529 3165 1717 3206 civitate:
1747 3166 1821 3215 vir,
1851 3165 1948 3219 quia
1973 3163 2212 3205 humiliavit

293 3239 457 3266 uxorem
482 3225 653 3279 proximi
675 3225 747 3265 sui.
772 3230 812 3265 et
833 3226 989 3266 auferes
1010 3224 1164 3266 malum
1186 3225 1234 3265 de
1255 3224 1388 3266 medio
1410 3224 1482 3265 tui.
1533 3226 1564 3248 2⁵
1584 3224 1655 3266 Sin
1677 3228 1817 3266 autem
1836 3224 1878 3265 in
1898 3236 1993 3277 agro
2017 3223 2211 3277 repererit

292 3285 352 3324 vir
371 3284 559 3338 puellam,
581 3297 671 3337 quae
689 3284 938 3336 desponsata
956 3288 1028 3333 est,
1049 3289 1090 3325 et
1108 3284 1416 3337 apprehendens
1435 3283 1702 3325 concubuerit
1720 3296 1813 3324 cum
1831 3296 1889 3332 ea,
1911 3283 1996 3336 ipse
2014 3282 2212 3323 morietur

291 3343 415 3385 solus:
473 3345 507 3367 2⁶
533 3342 668 3397 puella
694 3342 795 3382 nihil
821 3343 1013 3396 patietur,
1044 3356 1116 3383 nec
1143 3348 1204 3384 est
1231 3356 1298 3383 rea
1324 3342 1485 3383 mortis:
1521 3342 1715 3396 quoniam
1742 3341 1848 3382 sicut
1872 3341 1977 3382 latro
2005 3340 2212 3394 consurgit

434 3468 487 3510 21,
506 3469 548 3503 17
564 3470 600 3502 ⁸1
622 3469 688 3502 Par
705 3471 736 3510 ὃ,
756 3472 782 3502 1.
803 3491 843 3493 —
862 3470 904 3503 23
920 3470 1003 3503 bGal
1022 3471 1052 3510 3,
1073 3470 1122 3502 13.
1144 3490 1184 3493 -—
1202 3469 1255 3511 22,
1271 3471 1288 3503 1
1307 3470 1376 3502 0le
1391 3470 1443 3509 23,
1459 3470 1487 3502 4.
1516 3490 1557 3493 -
1582 3469 1623 3503 12
1635 3469 1724 3502 de
1740 3469 1791 3509 15,
1805 3468 1856 3502 38.
1884 3488 1926 3491 —
1950 3467 1992 3501 22
2007 3467 2076 3501 eLv
2089 3467 2142 3508 20,
2157 3466 2208 3502 10.
