2356 3760
104 149 135 189 9,
161 148 279 188 22-9,
305 148 347 181 52
867 149 1244 185 MAGHABAEORUM
1930 162 2005 204 917

209 243 241 265 ²²
270 241 326 282 Et
356 247 491 283 cetera
519 242 645 283 verba
675 241 870 283 bellorum
903 242 1025 292 Iudae,
1058 249 1099 284 et
1129 244 1343 293 virtutum,
1377 258 1477 299 quas
1507 247 1614 297 fecit,
1647 254 1687 290 et
1716 253 2005 306 magnitudinis
2051 262 2170 286 ¹¹¹⁸g¹¹¹¹⁵

105 299 200 341 eius.
230 312 312 341 non
341 305 438 342 sunt
466 300 687 354 descripta:
717 299 849 340 multa
877 300 983 341 enim
1013 307 1129 343 erant
1157 302 1287 344 valde.
2023 290 2081 315 ‘lux
2104 291 2198 317 mm

765 426 984 480 PARS
1025 428 1353 482 TERTIA.

548 512 871 565 Ionathas
912 514 1065 578 dux,
1106 514 1163 579 9,
1191 514 1439 581 23—12,
1467 518 1569 570 52,

917 610 1113 621 jfflfl
1135 614 1194 617 ‚77

313 657 354 707 Ι.
393 656 688 706 Demetrio
727 658 768 707 I.
808 657 1008 709 Sotere
1047 660 1346 724 regnante,
1388 660 1436 721 9,
1462 660 1686 715 23—40.
1713 663 1798 714 50.

479 747 518 785 1.
550 745 663 786 Cum
696 747 917 789 Bacchide
946 759 1104 799 pacem
1136 750 1381 801 componit,
1411 751 1450 800 9,
1470 750 1641 791 23-73.

208 820 240 842 ²3
258 818 314 859 Et
330 818 487 858 factum
506 820 585 856 est:
606 822 699 869 post
717 817 876 858 obitum
896 818 1008 858 Iudae
1027 824 1278 860 emerserunt
1294 819 1423 873 iniqui
1440 820 1481 860 in
1500 821 1686 863 omnibus
1704 822 1851 864 finibus
1872 825 2005 873 Israel,
2042 833 2183 858 Bacchide

102 882 142 917 ct
173 876 304 918 exorti
334 880 431 916 sunt
462 888 613 922 omnes,
648 876 717 928 qui
748 876 1025 929 operabantur
1054 877 1328 931 iniquitatem.
1388 879 1420 902 ²⁴²
1452 878 1499 919 In
1530 879 1671 921 diebus
1702 880 1777 921 illis
1807 882 1919 923 facta
1949 890 2008 924 est
2041 868 2184 928 5331}ssss

101 936 229 975 fames
256 947 407 988 magna
434 933 565 981 valde,
596 939 636 974 01
664 935 836 975 tradidit
863 948 904 975 se
933 935 1126 976 Bacchidi
1155 937 1284 978 omnis
1311 937 1418 990 regio
1448 950 1586 978 eorum
1615 951 1706 979 cum
1734 939 1841 992 ipsis.
1898 942 1929 965 25
1957 942 2010 982 Et

101 993 221 1046 elegit
241 992 464 1034 Bacchides
484 992 591 1033 viros
611 992 768 1046 impios,
791 998 831 1034 et
851 994 1067 1035 constituit
1086 1008 1151 1035 003
1171 995 1357 1036 (1011111103
1376 995 1566 1049 regionis:
1614 999 1648 1021 '2⁶
1663 1002 1708 1038 et
1727 998 2009 1051 exquirebant,

101 1057 142 1092 ct
167 1051 535 1105 perscrutabantur
561 1051 710 1092 amicos
740 1051 862 1097 Iudae,
892 1057 933 1092 et
959 1053 1221 1094 adducebant
1247 1066 1313 1094 003
1341 1055 1392 1094 ad
1420 1054 1677 1101 Bacchidem,
1706 1060 1747 1096 et
1773 1056 2012 1099 vindicabat

100 1111 141 1150 in
169 1109 269 1154 illos,
301 1115 342 1150 et
369 1109 580 1150 illudebat.
638 1112 671 1133 2⁷
700 1110 756 1151 Et
783 1110 895 1151 facta
923 1116 984 1151 est
1013 1111 1223 1153 tribulatio
1252 1125 1402 1165 magna
1428 1112 1469 1154 in
1500 1113 1634 1161 Israel,
1666 1114 1794 1167 qualis
1824 1129 1903 1156 non
1932 1116 2012 1157 fuit

101 1182 150 1209 ex
179 1168 255 1212 (110,
288 1182 369 1222 qua
397 1182 478 1209 non
508 1173 569 1209 est
598 1168 707 1209 visus
736 1169 938 1222 propheta
966 1170 1006 1210 in
1038 1170 1172 1211 Israel.

205 1228 240 1251 2⁸
269 1227 326 1268 Et
355 1227 588 1280 congregati
617 1232 714 1268 sunt
744 1241 882 1268 omnes
912 1228 1031 1269 amici
1063 1228 1185 1275 Iudae,
1218 1233 1259 1269 et
1288 1228 1480 1270 dixerunt
1510 1229 1712 1271 Ionathae:
1770 1233 1804 1255 2⁹
1834 1232 1897 1272 Ex
1928 1246 2006 1286 quo
2044 1239 2181 1278 Ionathas

100 1286 227 1327 frater
254 1291 349 1326 tuus
380 1285 502 1326 Iudas
531 1285 748 1326 defunctus
778 1292 850 1334 est,
881 1287 943 1327 vir
970 1286 1108 1327 similis
1137 1287 1171 1327 ei
1199 1300 1280 1327 non
1309 1292 1381 1331 031,
1413 1287 1482 1340 qui
1510 1293 1628 1328 exeat
1656 1295 1799 1329 contra
1825 1290 2007 1332 inimicos
2048 1281 2177 1340 {iissffii'ff

100 1349 273 1391 nostros,
309 1344 568 1393 Bacchidem,
602 1349 643 1385 et
675 1358 753 1393 003,
789 1345 857 1398 qui
889 1344 1041 1385 inimici
1072 1350 1169 1385 sunt
1199 1345 1330 1398 gentis
1363 1350 1522 1387 nostrae.
1582 1348 1619 1370 ³⁰
1651 1347 1768 1387 Nunc
1799 1348 1939 1401 itaque
1972 1355 2012 1390 te

100 1403 220 1444 hodie
251 1403 443 1456 elegimus
475 1416 559 1443 0330
590 1416 662 1456 pro
695 1416 740 1443 00
772 1403 888 1443 nobis
920 1403 961 1443 in
992 1403 1229 1456 principem,
1263 1408 1304 1443 et
1335 1403 1479 1444 ducem
1512 1405 1563 1445 ad
1596 1404 1829 1446 bellandum
1861 1399 2010 1447 bellum

100 1466 298 1503 nostrum.
351 1463 383 1485 31
408 1461 463 1501 Ε1
487 1460 666 1513 suscepit
692 1461 886 1501 Ionathas
912 1466 1095 1514 tempore
1119 1460 1186 1502 illo
1210 1461 1499 1515 principatum,
1526 1468 1567 1503 et
1589 1464 1764 1504 surrexit
1786 1464 1873 1505 loco
1900 1464 2011 1506 Iudae

100 1519 236 1561 fratris
266 1519 339 1560 sui.

204 1581 236 1603 3²
258 1578 313 1619 Et
334 1578 527 1631 cognovit
549 1577 784 1619 Bacchides.
809 1583 850 1618 et
871 1578 1081 1631 quaerebat
1101 1591 1193 1619 eum
1216 1578 1407 1620 occidere.
1457 1582 1490 1604 33
1510 1579 1566 1620 Et
1587 1580 1779 1634 cognovit
1802 1581 2009 1630 Ionathas,
2025 1586 2055 1644 ft
2070 1585 2202 1644 infima

100 1642 140 1678 et
160 1637 301 1679 Simon
322 1636 449 1680 frater
470 1636 565 1685 eius,
590 1641 631 1677 et
652 1649 803 1685 omnes,
829 1636 897 1690 qui
919 1650 1011 1677 cum
1034 1650 1078 1677 00
1101 1642 1235 1678 010111;
1260 1641 1301 1677 01
1320 1636 1514 1690 fugerunt
1534 1638 1574 1679 in
1597 1638 1802 1680 desertum
1825 1639 2006 1689 Thecuae,
2035 1627 2216 1687 ωῗυςῖἶζωῶ

99 1701 141 1736 01
156 1696 428 1737 00113οᾶ0111111
444 1696 497 1736 ad
512 1707 663 1749 aquam
679 1694 790 1736 lacus
807 1695 979 1748 Asphar.
1024 1697 1057 1720 34
1073 1696 1130 1736 Et
1145 1695 1338 1749 cognovit
1355 1696 1589 1745 Bacchides,
1608 1702 1649 1737 et
1665 1697 1728 1737 die
1745 1697 2010 1739 sabbatorum

100 1754 214 1795 venit
242 1754 339 1808 ipse,
372 1759 413 1795 et
442 1753 572 1795 omnis
603 1753 803 1794 exercitus
834 1754 918 1795 eius
948 1759 1060 1795 trans
1092 1754 1320 1795 Iordanem.

204 1815 236 1838 3⁵
256 1813 313 1853 Et
334 1813 530 1854 Ionathas
550 1812 660 1853 misit
680 1813 848 1854 fratrem
869 1826 987 1853 suum
1008 1813 1153 1854 ducem
1173 1812 1324 1866 populi,
1347 1819 1388 1853 et
1406 1813 1567 1867 rogavit
1587 1814 1837 1856 Nabiithaeos
1858 1814 2007 1856 amicos
2030 1853 2042 1877 I
2079 1818 2149 1877 11qu
2209 1854 2214 1857 .

99 1885 204 1919 suos,
237 1876 285 1913 ut
315 1872 624 1912 commodarent
654 1870 728 1912 illis
759 1876 1006 1925 apparatum
1037 1885 1168 1919 suum,
1203 1871 1271 1925 qui
1301 1877 1388 1912 erat
1418 1872 1614 1925 copiosus.
1672 1875 1708 1897 3⁶
1738 1873 1794 1913 Et
1823 1873 2009 1914 exierunt
2045 1859 2215 1913 ἷῗᾷιῖἓηιᾳω

100 1930 170 1971 filii
197 1930 350 1971 lambri
375 1943 425 1970 ex
449 1930 639 1974 Madaba,
668 1936 709 1970 et
734 1930 1131 1983 comprehenderunt
1158 1930 1365 1977 Ioannem,
1393 1935 1434 1971 et
1459 1931 1606 1975 omnia,
1635 1944 1724 1985 quae
1749 1931 1940 1980 habebat,
1968 1937 2010 1972 et
2026 1923 2199 1988 oss‘gfflssffi,

100 1989 290 2030 abierunt
319 1989 517 2029 habentes
549 2002 607 2030 ea.
666 1990 701 2013 ³⁷
732 1989 832 2030 Post
862 1989 947 2030 haec
978 1989 1114 2033 verba,
1147 1988 1432 2029 renunciatum
1463 1994 1525 2029 est
1556 1988 1751 2039 Ionathae,
1785 1995 1825 2030 et
1855 1990 2009 2031 Simoni
2067 1994 2159 2023 caedit,

98 2047 216 2088 fratri
238 2048 334 2095 eius,
359 2047 455 2101 quia
474 2047 544 2087 filii
569 2047 720 2088 Iambri
741 2047 900 2088 faciunt
919 2047 1086 2101 nuptias
1108 2060 1289 2101 magnas,
1313 2053 1354 2088 et
1374 2048 1532 2089 ducunt
1551 2060 1742 2101 sponsam
1765 2061 1813 2089 ex
1834 2049 2012 2089 Madaba

100 2106 225 2147 filiam
245 2106 364 2147 unius
385 2106 434 2146 de
454 2106 611 2159 magnis
630 2106 882 2159 principibus
902 2106 1097 2147 Chanaan
1118 2119 1209 2147 cum
1231 2106 1454 2148 ambitione
1474 2119 1634 2160 magna.
1682 2108 1717 2131 38
1736 2107 1791 2147 Et
1811 2107 2012 2148 recordati

99 2170 196 2206 sunt
214 2164 420 2218 sanguinis
441 2164 605 2206 Ioannis
623 2164 760 2205 fratris
779 2165 858 2205 sui:
879 2170 920 2205 et
939 2165 1222 2213 ascenderunt,
1243 2170 1284 2205 01
1302 2165 1605 2206 absconderunt
1622 2178 1662 2205 se
1680 2166 1754 2206 sub
1774 2170 2011 2216 tegumento

100 2223 263 2265 montis.
313 2225 349 2248 3⁹
369 2223 426 2264 Et
446 2223 712 2264 elevaverunt
734 2223 870 2265 oculos
891 2237 996 2271 suos,
1020 2228 1061 2264 01
1082 2223 1292 2264 viderunt:
1316 2228 1357 2264 et
1378 2236 1467 2264 ecce
1489 2223 1703 2273 tumultus7
1727 2228 1768 2264 et
1788 2228 2011 2277 apparatus

101 2282 274 2323 multus:
295 2287 335 2322 et
352 2295 523 2335 sponsus
541 2282 748 2335 processit,
769 2287 810 2322 et
827 2282 946 2322 amici
963 2281 1059 2329 eius,
1079 2287 1121 2322 01
1136 2282 1282 2322 fratres
1300 2281 1384 2322 eius
1402 2282 1567 2323 obviam
1584 2281 1659 2323 illis
1678 2295 1769 2322 cum
1788 2282 2008 2335 tympanis,

100 2346 142 2382 et
162 2340 338 2389 musicis,
363 2345 404 2381 01
425 2340 546 2381 0111113
568 2340 720 2382 multis.
771 2342 808 2365 4⁰
827 2340 884 2381 Et
904 2344 1168 2381 surrexerunt
1189 2340 1241 2381 ad
1263 2353 1328 2380 eos
1351 2353 1400 2380 ex
1421 2340 1587 2387 insidiis,
1612 2344 1652 2380 et
1674 2339 1909 2380 occiderunt
1930 2353 2008 2388 eos,

100 2403 141 2440 et
166 2399 400 2440 ceciderunt
424 2398 629 2440 vulnerati
653 2399 784 2447 multi,
813 2404 854 2440 et
878 2398 1027 2440 residui
1051 2399 1245 2452 fugerunt
1269 2398 1309 2438 in
1334 2403 1512 2439 montes:
1540 2403 1581 2438 et
1606 2403 1849 2451 acceperunt
1874 2398 2011 2439 omnia

99 2457 229 2512 spolia
253 2470 412 2499 eorum:
466 2459 498 2481 ⁴¹
524 2462 566 2498 et
591 2471 795 2499 conversae
821 2462 918 2499 sunt
943 2457 1097 2511 nuptiae
1123 2457 1162 2497 in
1187 2456 1358 2505 luctum,
1386 2462 1427 2497 et
1452 2470 1533 2498 vox
1559 2456 1804 2497 musicorum
1830 2456 2008 2509 ipsorum

99 2516 141 2557 in
163 2515 404 2557 lamentum.
457 2518 489 2540 4²
514 2516 570 2557 Et
592 2516 908 2557 vindicaverunt
932 2516 1157 2557 vindictam
1183 2515 1389 2569 sanguinis
1413 2514 1549 2556 fratris
1574 2515 1652 2555 sui:
1679 2520 1720 2555 01
1743 2514 1890 2555 reversi
1914 2520 2010 2555 sunt

100 2575 152 2616 ad
181 2575 312 2627 ripam
345 2574 541 2616 Iordanis.

204 2635 236 2658 4³
262 2634 318 2674 Et
343 2633 504 2674 audivit
530 2634 765 2683 Bacchides,
795 2639 836 2675 et
861 2634 975 2675 venit
1001 2634 1064 2675 die
1090 2633 1357 2674 sabbatorum
1384 2645 1512 2686 usque
1539 2633 1590 2673 ad
1617 2645 1727 2673 oram
1757 2631 1940 2673 Iordanis
1966 2631 2006 2671 in
2027 2635 2195 2696 ssgssecljiffs

100 2692 253 2733 virtute
286 2705 446 2745 magna.
509 2694 541 2716 4⁴
574 2692 630 2734 Et
663 2693 768 2733 dixit
801 2694 853 2734 ad
886 2706 979 2734 suos
1014 2691 1228 2734 Ionathas:
1263 2692 1496 2745 Surgamus,
1532 2695 1573 2731 01
1605 2703 1830 2743 pugnemus
1865 2693 2007 2731 contra
2040 2678 2188 2736 matssrfiiffff

99 2751 282 2792 inimicos
313 2755 491 2792 nostros:
524 2764 605 2792 non
637 2756 697 2792 est
728 2751 835 2792 enim
866 2751 985 2792 hodie
1015 2750 1121 2792 sicut
1150 2750 1247 2799 heri,
1280 2755 1322 2790 et
1352 2749 1660 2790 nudiustertius.
1720 2750 1751 2772 ⁴⁵
1782 2761 1871 2788 ecce
1902 2747 2008 2787 enim

100 2808 250 2850 bellum
274 2822 323 2850 ex
347 2810 530 2857 adverso,
557 2823 665 2863 aqua
688 2823 782 2851 vero
809 2810 993 2851 Iordanis
1016 2809 1111 2850 hinc
1134 2813 1175 2849 01
1198 2809 1303 2857 inde,
1330 2813 1371 2849 01
1393 2808 1501 2861 ripae,
1527 2812 1569 2848 et
1590 2806 1771 2860 paludes,
1797 2811 1839 2846 et
1861 2805 2008 2846 saltus:

99 2872 141 2908 et
170 2881 251 2908 non
281 2872 343 2909 est
369 2867 481 2910 locus
511 2868 752 2910 divertendi.
811 2870 847 2893 4⁶
880 2869 1019 2909 aNunc
1049 2881 1141 2921 ergo
1172 2867 1346 2908 clamate
1375 2867 1415 2907 in
1446 2865 1599 2913 caelum,
1632 2870 1678 2906 ut
1706 2863 1932 2905 liberemini
1961 2864 2010 2904 de

99 2939 225 2967 manu
248 2926 504 2968 inimicorum
530 2932 771 2968 vestrorum.
798 2927 855 2968 Et
878 2926 1139 2968 commissum
1164 2930 1226 2967 est
1250 2925 1412 2967 bellum.
1465 2926 1499 2949 ‘²⁷
1523 2924 1579 2964 Et
1603 2923 1789 2964 extendit
1815 2922 2010 2964 Ionathas

100 2998 268 3025 manum
289 2997 405 3025 suam
424 2991 635 3038 percutere
657 2986 915 3033 Bacchidem,
938 2991 980 3026 et
999 2984 1169 3026 divertit
1190 2985 1241 3025 ab
1262 2997 1307 3025 00
1328 2988 1454 3024 retro:
1503 2984 1537 3006 4⁸
1558 2987 1599 3022 et
1619 2981 1780 3023 dissiliit
1801 2980 2009 3029 Ionathas,

100 3047 141 3083 et
164 3043 233 3097 qui
255 3056 347 3083 cum
371 3056 415 3084 eo
439 3049 556 3084 erant
577 3044 618 3084 in
642 3044 871 3093 Iordanem,
896 3050 938 3085 et
959 3047 1327 3085 transnataverunt
1349 3043 1400 3082 ad
1423 3054 1489 3082 eos
1514 3040 1740 3082 Iordanem.
1792 3041 1827 3064 ⁴⁹
1850 3044 1891 3080 et
1913 3039 2011 3080 0001-

100 3102 249 3142 (10111111
278 3102 327 3142 (10
356 3107 473 3155 parte
504 3102 717 3143 Bacchidis
748 3103 811 3143 die
841 3103 909 3143 illa
938 3102 1046 3143 mille
1076 3102 1169 3141 viri:

204 3165 245 3200 et
269 3160 418 3200 reversi
443 3164 539 3201 sunt
562 3160 603 3201 in
630 3161 861 3209 Ierusalem,
914 3163 951 3185 50
975 3166 1016 3201 01
1040 3160 1345 3201 aedificaverunt
1370 3158 1557 3199 civitates
1582 3157 1762 3198 munitas
1786 3157 1827 3197 in
1854 3156 2002 3201 Iudaea,
2019 3156 2213 3216 ‘luihffjggtffl

99 3218 381 3267 munitionem,
414 3231 504 3272 quae
532 3223 619 3259 erat
647 3219 687 3259 in
719 3219 885 3266 Iericho,
917 3225 957 3260 et
985 3219 1026 3260 in
1055 3220 1286 3266 Ammaum,
1319 3222 1359 3257 et
1387 3217 1427 3257 in
1458 3216 1677 3265 Bethoron,
1709 3221 1750 3256 01
1777 3216 1817 3255 111
1848 3213 2002 3256 Bethel.
2066 3226 2158 3251 munit

100 3281 141 3317 et
167 3277 410 3323 Thamnata,
439 3282 480 3318 et
504 3277 650 3322 Phara,
680 3282 721 3318 et
746 3278 888 3331 Thopo
914 3278 1039 3319 muris
1065 3276 1242 3323 excelsis,
1271 3281 1312 3316 et
1336 3275 1477 3328 portis,
1506 3279 1548 3315 et
1573 3275 1681 3315 seris.
1736 3276 1767 3298 51
1794 3274 1849 3313 Ε1
1874 3272 2010 3326 posuit

101 3335 330 3376 custodiam
364 3336 404 3376 in
438 3336 505 3384 eis,
542 3340 589 3376 ut
621 3335 853 3377 inimicitias
888 3340 1122 3377 exercerent
1154 3336 1195 3376 in
1231 3333 1372 3375 Israel:
1448 3335 1480 3357 5²
1515 3338 1556 3373 et
1588 3332 1766 3373 munivit
1800 3331 2009 3372 civitatem

100 3394 359 3443 Bethsuram,
385 3398 425 3435 et
447 3394 660 3443 Gazaram,
686 3399 727 3435 et
749 3407 894 3443 arcem,
920 3399 961 3436 et
983 3394 1120 3448 posuit
1142 3394 1182 3434 in
1206 3393 1259 3433 eis
1283 3392 1446 3440 auxilia,
1472 3396 1513 3432 et
1536 3395 1781 3444 apparatum
1805 3399 2004 3429 escarum:

231 3485 262 3525 9,
288 3485 329 3518 46
354 3466 401 3518 ae
417 3486 483 3519 Par
506 3486 559 3524 20,
584 3487 614 3520 3.
