2356 3760
103 156 157 195 20,
181 156 301 194 acl,
328 153 370 187 28
988 147 1126 180 losUE
1927 152 2000 191 193

107 248 257 302 Moysi3
316 249 332 270 3
361 253 405 287 ut
437 243 643 296 confugiat
674 241 725 281 ad
755 253 820 281 eas
852 240 1096 293 quicumque
1126 239 1303 280 animam
1334 239 1570 291 percusserit
1603 241 1773 281 nescius:
1805 250 1843 283 et
1873 243 1999 296 possit

107 307 278 348 evadere
303 305 404 345 iram
429 300 614 356 proximi,
643 299 710 352 qui
735 298 843 340 ultor
867 304 926 339 est
951 298 1177 352 sanguinis:
1228 300 1243 322 ⁴
1268 310 1359 337 cum
1385 297 1436 337 ad
1462 310 1583 337 unam
1609 297 1751 338 harum
1777 301 1999 354 confugerit

106 365 336 412 civitatum,
363 361 491 403 stabit
515 364 610 400 ante
634 363 795 411 portam
821 357 1013 403 civitatis,
1041 362 1081 397 et
1104 356 1294 409 loquetur
1318 355 1539 396 senioribus
1567 356 1674 395 urbis
1698 356 1802 397 illius
1828 372 1884 401 ea.
1913 372 2001 411 quae

106 438 148 465 se
176 422 441 476 comprobent
470 419 747 458 innocentem:
778 415 914 469 sicque
944 415 1165 469 suscipient
1194 428 1297 459 eum,
1329 420 1370 455 et
1398 414 1556 454 dabunt
1586 414 1620 454 ei
1648 414 1780 455 locum
1811 416 1861 455 ad
1890 416 2001 456 habi-

106 483 292 524 tandum.
345 481 360 503 ⁵
385 478 568 530 Cumque
593 475 702 517 ultor
726 474 932 528 sanguinis
959 487 1050 515 eum
1076 473 1199 514 fuerit
1224 478 1469 526 persecutus
1498 486 1579 513 non
1604 473 1769 514 tradent
1793 474 1835 513 in
1858 487 2002 514 manus

107 542 210 582 eius:
244 538 338 592 quia
368 537 557 591 ignorans
588 533 787 588 percussit
818 532 1049 586 proximum
1081 532 1176 576 eius,
1210 544 1283 572 nec
1315 537 1409 572 ante
1442 531 1622 576 biduum,
1656 531 1889 573 triduumve
1921 532 2003 572 eius

107 600 304 654 probatur
322 595 520 636 inimicus.
574 595 588 618 ⁵
608 593 663 634 Et
682 591 890 633 habitabit
909 591 950 632 in
971 591 1139 632 civitate
1159 590 1238 636 illa,
1262 590 1389 630 donec
1410 595 1491 630 stet
1511 594 1605 629 ante
1626 589 1818 631 iudicium
1839 604 2001 631 causam

108 657 276 699 reddens
304 654 404 696 facti
433 653 505 697 sui,
537 658 578 693 et
605 651 805 692 moriatur
833 650 1017 691 sacerdos
1046 662 1229 703 magnus,
1263 649 1331 702 qui
1360 648 1481 689 fuerit
1511 647 1550 688 in
1579 647 1644 688 illo
1675 654 1874 702 tempore:
1906 654 2003 689 tunc

106 720 333 756 revertetur
364 712 579 756 homicida,
615 716 655 751 et
688 709 936 763 ingredietur
968 708 1179 750 civitatem
1212 713 1252 748 et
1286 707 1453 748 domum
1487 720 1602 747 suam
1636 707 1684 747 de
1719 720 1798 760 qua
1830 708 2000 761 fugerat.

213 775 226 797 ⁷
259 774 618 823 Decreveruntque
650 769 773 810 Cedes
806 768 847 808 in
879 767 1045 809 Galilaea
1076 766 1226 808 montis
1262 765 1494 819 Nephthali,
1530 771 1569 806 et
1601 765 1760 806 Sichem
1792 766 1833 805 in
1864 772 2002 806 monte
2030 764 2183 793 9811101111·

106 832 315 887 Ephraim,
342 836 383 871 et
407 829 683 877 Cariatharbe,
737 827 826 880 ipsa
850 833 911 867 est
937 827 1104 867 Hebron
1129 826 1170 866 in
1194 830 1334 866 monte
1362 825 1474 865 Iuda.
1531 825 1546 847 ⁸
1571 824 1625 864 Et
1651 830 1762 864 trans
1791 824 2002 864 Iordanem

106 898 249 933 contra
274 888 523 931 Orientalem
550 887 712 941 plagam
742 885 906 931 Iericho,
966 890 1221 925 astatuerunt
1248 884 1386 929 Bosor,
1416 897 1506 937 quae
1531 882 1609 923 sita
1636 888 1696 923 est
1721 882 1762 922 in
1788 883 2004 935 campestri

106 949 324 991 solitudine
345 949 394 989 de
416 947 525 988 tribu
549 947 707 990 Ruben.
731 950 772 985 et
795 945 974 985 Ramoth
997 944 1038 985 in
1059 943 1217 985 Galaad
1238 943 1287 983 de
1308 942 1418 983 tribu
1440 942 1541 987 Gad,
1565 946 1605 981 et
1627 941 1786 982 Gaulon
1808 941 1848 981 in
1871 941 2004 981 Basan

106 1009 155 1049 de
179 1009 289 1049 tribu
313 1008 510 1048 Manasse.
566 1007 581 1030 ⁹
606 1005 681 1045 Hae
705 1004 892 1044 civitates
917 1002 1152 1044 constitutae
1176 1008 1271 1043 sunt
1296 1001 1452 1043 cunctis
1480 1000 1568 1041 filiis
1596 1000 1729 1044 Israel,
1757 1006 1797 1040 et
1823 999 2001 1043 advenis.

107 1067 175 1121 qui
204 1066 451 1108 habitabant
480 1065 586 1105 inter
614 1077 699 1105 eos:
730 1068 776 1103 ut
804 1063 960 1115 fugeret
991 1062 1043 1102 ad
1072 1074 1137 1103 eas
1169 1061 1237 1115 qui
1267 1060 1444 1101 animam
1475 1059 1630 1100 nescius
1660 1058 1932 1112 percussisset,
1965 1064 2003 1099 et

108 1140 189 1168 non
219 1131 443 1167 moreretur
473 1124 514 1164 in
544 1136 669 1163 manu
701 1121 886 1175 proximi,
921 1121 1094 1161 effusum
1126 1119 1362 1174 sanguinem
1396 1119 1599 1159 vindicare
1632 1117 1843 1170 cupientis,
1877 1117 2003 1159 donee

107 1190 234 1225 staret
263 1190 358 1225 ante
386 1182 583 1237 populum
613 1180 870 1234 expositurus
901 1193 1065 1220 causam
1095 1192 1222 1220 suam.

519 1288 558 1327 8.
588 1284 828 1337 Separatio
858 1284 1037 1324 urbium
1069 1283 1342 1332 Levitarum‚
1370 1283 1435 1332 21,
1454 1281 1599 1322 1—43.

211 1354 274 1397 21.
330 1356 344 1378 1
374 1353 721 1404 Accesseruntque
752 1349 950 1403 principes
981 1348 1227 1389 familiarum
1259 1347 1356 1389 Levi
1387 1347 1439 1387 ad
1473 1347 1707 1388 Eleazarum
1739 1348 2001 1390 sacerdotem,
2020 1386 2032 1409 I
2059 1351 2161 1410 estatio
2193 1393 2197 1397 ι

109 1419 149 1453 et
177 1413 292 1454 losue
320 1411 447 1452 filium
474 1411 579 1457 Nun,
607 1416 645 1450 et
672 1409 723 1449 ad
749 1409 868 1450 duces
894 1408 1183 1461 cognationum
1208 1419 1279 1460 per
1303 1406 1478 1457 singulas
1505 1406 1633 1447 tribus
1662 1406 1834 1447 filiorum
1864 1405 2002 1445 Israel:
2033 1392 2198 1411 ‘mamm'

107 1475 122 1496 '-’
142 1471 348 1524 locutique
370 1476 464 1511 sunt
487 1469 539 1509 ad
560 1481 625 1509 eos
647 1467 687 1508 in
708 1467 788 1508 Silo
812 1467 941 1507 Teme
962 1466 1168 1510 Chanaan,
1194 1472 1317 1519 atque
1339 1465 1548 1506 dixerunt:
1575 1465 1793 1506 bDominus
1816 1463 2005 1518 praecepit

111 1544 179 1584 per
204 1542 371 1570 manum
398 1527 540 1581 Moysi.
571 1532 616 1567 ut
643 1527 838 1567 darentur
863 1525 977 1566 nobis
1006 1526 1123 1566 urbes
1150 1525 1203 1565 ad
1228 1524 1512 1568 habitandum,
1541 1530 1581 1565 et
1607 1524 1841 1564 suburbana
1868 1536 2005 1564 earum

108 1590 160 1629 ad
189 1589 334 1629 alenda
361 1588 556 1628 iumenta.

211 1651 226 1672 ³
262 1647 554 1699 Dederuntque
594 1644 665 1685 filii
704 1644 826 1685 Israel
863 1645 911 1685 de
950 1643 1267 1697 possessionibus
1304 1642 1384 1683 suis
1423 1642 1539 1683 iuxta
1575 1642 1788 1695 imperium
1826 1641 2002 1684 Domini,
2042 1648 2176 1702 ffiffigffiss

107 1708 295 1748 civitates
324 1712 364 1747 et
391 1705 627 1746 suburbana
654 1717 804 1745 earum.
860 1705 875 1728 ⁴
903 1703 1154 1756 Egressaque
1182 1708 1241 1743 est
1269 1714 1352 1743 sors
1380 1702 1420 1741 in
1448 1701 1642 1742 familiam
1671 1701 1802 1742 Caath
1831 1700 2004 1741 filiorum
2168 1697 2172 1704 ’

108 1767 244 1807 Aaron
274 1764 493 1806 sacerdotis
524 1764 572 1804 de
604 1763 791 1803 tribubus
824 1762 937 1807 Iuda,
969 1768 1011 1802 et
1039 1761 1214 1806 Simeon,
1247 1766 1287 1801 et
1319 1761 1542 1807 Beniamin,
1575 1760 1762 1801 civitates
1792 1759 2004 1800 tredecim:

107 1828 122 1849 ⁵
145 1826 200 1866 Et
222 1824 384 1877 reliquis
410 1823 583 1863 filiorum
608 1822 750 1866 Caath,
776 1821 816 1861 id
839 1826 898 1861 est
922 1820 1088 1869 Levitis,
1115 1820 1183 1874 qui
1206 1820 1490 1873 superfuerant
1513 1820 1561 1859 de
1585 1819 1771 1859 tribubus
1796 1817 2004 1872 Ephraim,

108 1889 149 1925 et
175 1884 278 1933 Dan,
309 1888 350 1924 et
376 1882 545 1923 dimidia
571 1881 680 1922 tribu
708 1881 905 1929 Manasse,
935 1880 1122 1920 civitates
1150 1880 1300 1920 decem.
1359 1880 1374 1903 ⁶
1400 1879 1523 1920 Porro
1554 1878 1643 1918 filiis
1671 1878 1824 1919 Gerson
1851 1890 2008 1931 egressa

109 1948 170 1984 est
192 1955 287 1991 sors,
312 1947 358 1982 ut
381 1941 608 1994 acciperent
632 1940 681 1980 de
702 1940 891 1980 tribubus
917 1939 1101 1979 issachar
1122 1944 1162 1979 et
1184 1939 1284 1978 Aser
1305 1945 1345 1978 et
1369 1937 1601 1991 Nephthali,
1627 1936 1875 1989 dimidiaque
1897 1935 2006 1976 tribu

109 2003 294 2042 Manasse
322 2001 362 2041 in
393 2001 527 2040 Basan
555 1999 742 2039 civitates
772 2011 937 2038 numero
968 1997 1173 2038 tredecim.
1233 1998 1246 2020 ⁷
1275 1997 1330 2037 Et
1361 1996 1449 2036 filiis
1478 1996 1622 2037 Merari
1649 2008 1720 2049 per
1747 1995 2007 2049 cognationes

109 2074 201 2101 suas
228 2060 276 2100 de
303 2059 490 2100 tribubus
519 2058 665 2098 Ruben
691 2062 732 2097 et
757 2057 847 2097 Gad
873 2062 913 2097 et
940 2056 1123 2097 Zabulon
1149 2056 1266 2096 urbes
1294 2055 1519 2096 duodecim.
1577 2057 1592 2079 ‘³
1618 2055 1909 2107 Dederuntque
1938 2052 2007 2093 filii

116 2119 232 2159 [srael
262 2118 413 2158 Levitis
441 2117 629 2157 civitates
658 2122 698 2156 et
725 2115 961 2156 suburbana
987 2128 1138 2158 earum,
1167 2115 1272 2155 sicut
1298 2114 1491 2167 praecepit
1514 2114 1716 2155 Dominus
1744 2126 1815 2166 per
1840 2125 2008 2153 manum

110 2177 250 2231 Moysi,
283 2175 447 2230 singulis
477 2181 584 2217 sorte
613 2174 850 2215 tribuentes

217 2238 232 2261 ⁹
261 2236 322 2276 De
352 2235 540 2276 tribubus
573 2233 747 2275 filiorum
780 2233 880 2274 Iuda
912 2238 951 2274 et
981 2233 1144 2274 Simeon
1175 2233 1286 2273 dedit
1319 2233 1436 2273 Iosue
1466 2232 1672 2272 civitates:
1711 2244 1901 2285 cquarum
1931 2230 2010 2271 ista
2054 2226 2177 2287 flfiglssffm

109 2301 204 2336 sunt
230 2295 406 2339 nomina,
461 2296 496 2318 ¹⁰
522 2293 611 2334 filiis
636 2293 773 2334 Aaron
799 2305 869 2345 per
892 2292 1066 2333 familias
1091 2292 1222 2332 Caath
1247 2291 1418 2332 Levitici
1442 2291 1596 2345 generis
1621 2290 1770 2344 (prima
1794 2289 1900 2331 enim
1925 2302 2008 2329 sors
2063 2298 2165 2327 Aaron,

109 2354 184 2395 illis
207 2366 366 2407 egressa
387 2359 464 2406 est)
514 2355 544 2376 11
568 2351 831 2393 cariatharbe
854 2351 981 2404 patris
1006 2351 1129 2395 Enac.
1156 2364 1245 2404 quae
1268 2356 1440 2392 vocatur
1463 2350 1641 2396 Hebron,
1666 2349 1707 2390 in
1729 2354 1868 2391 monte
1893 2348 2006 2393 Iuda,

110 2419 151 2454 et
174 2413 410 2454 suburbana
433 2411 516 2453 eius
540 2424 611 2464 per
633 2411 860 2452 circuitum.
914 2412 945 2434 12
970 2411 1118 2463 dAgros
1143 2423 1250 2455 vero,
1277 2414 1318 2450 et
1342 2409 1456 2450 xdllas
1481 2409 1563 2450 eius
1589 2409 1757 2449 dederat
1780 2407 1901 2449 Caleb
1928 2406 2008 2447 filio

114 2472 290 2525 lephone
320 2472 372 2512 ad
401 2470 702 2525 possidendum.
762 2471 793 2494 ¹3
822 2469 947 2510 Dedit
977 2482 1067 2522 ergo
1101 2468 1190 2509 filiis
1221 2469 1357 2510 Aaron
1387 2468 1606 2509 sacerdotis
1638 2468 1804 2508 Hebron
1833 2465 2010 2519 confugii

111 2530 334 2579 civitatem,
366 2543 411 2570 ac
439 2530 675 2570 suburbana
702 2528 804 2569 eius:
834 2533 874 2569 et
903 2529 1088 2569 Lobnam
1117 2541 1209 2569 cum
1237 2527 1481 2569 suburbanis
1509 2527 1608 2568 suis:
1666 2528 1696 2551 ¹⁴
1724 2531 1763 2567 et
1794 2525 1939 2571 lether,
1970 2530 2011 2565 et

111 2591 291 2637 Estemo,
344 2591 374 2613 15
397 2594 437 2629 et
461 2588 608 2636 Holon,
633 2593 674 2628 et
696 2587 835 2633 Dabir,
887 2589 922 2611 ¹⁶
944 2592 984 2628 et
1006 2587 1096 2634 Ain,
1122 2591 1162 2627 et
1187 2587 1285 2631 Ieta,
1312 2592 1351 2627 et
1377 2587 1628 2635 Bethsames,
1652 2598 1744 2627 cum
1767 2583 2009 2625 suburbanis

111 2649 210 2689 suis:
244 2648 431 2689 civitates
463 2660 611 2688 novem
642 2647 691 2687 de
722 2646 923 2691 tribubus,
956 2651 1003 2687 ut
1035 2646 1190 2687 dictum
1222 2651 1294 2691 est,
1328 2646 1499 2686 duabus.
1575 2646 1607 2668 1⁷
1639 2645 1700 2685 De
1730 2643 1840 2684 tribu
1872 2648 2007 2683 autem

114 2707 287 2749 filiorum
314 2706 538 2751 Beniamin,
565 2706 748 2753 Gabaon,
774 2711 815 2746 et
837 2705 989 2749 Gabae,
1044 2706 1077 2729 18
1100 2710 1140 2745 et
1163 2705 1377 2746 Anathoth
1402 2709 1442 2745 et
1465 2704 1624 2749 Almon,
1651 2716 1742 2744 cum
1767 2701 2009 2743 suburbanis

110 2766 210 2807 suis:
249 2766 437 2807 civitates
476 2770 683 2818 quattuor.
751 2766 785 2789 ¹⁹
821 2764 971 2805 Omnes
1008 2763 1128 2804 simul
1165 2764 1352 2805 civitates
1392 2763 1565 2804 filiorum
1603 2762 1739 2802 Aaron
1776 2759 2008 2805 sacerdotis,

112 2825 316 2869 tredecim,
349 2838 439 2865 cum
470 2823 712 2865 suburbanis
742 2822 834 2864 suis.

216 2886 252 2908 '2⁰
285 2883 465 2937 Reliquis
498 2896 592 2923 vero
626 2895 697 2937 per
727 2882 902 2922 familias
939 2882 1112 2923 filiorum
1146 2882 1275 2923 Caath
1310 2881 1481 2922 Levitici
1512 2880 1666 2934 generis
1699 2879 1783 2920 haec
1817 2884 1877 2920 est
1911 2878 2009 2919 data
2028 2874 2201 2935 'eiii‘lss'l'ifssm

112 2943 320 2997 possessio.
379 2944 411 2967 ²1
441 2942 502 2982 De
532 2941 642 2983 tribu
672 2940 870 2995 Ephraim
901 2941 1019 2981 urbes
1050 2940 1238 2995 confugii,
1272 2941 1430 2982 Sichem
1462 2953 1554 2981 cum
1585 2937 1827 2980 suburbanis
1858 2936 1939 2978 suis
1969 2936 2011 2977 in
2064 2945 2163 2971 caath-

112 3008 251 3043 monte
274 3001 482 3054 Ephraim,
507 3006 548 3041 et
569 3000 699 3041 Gazer
746 3001 777 3024 22
799 3005 840 3040 et
862 2999 1039 3041 Cibsaim
1062 3005 1101 3040 et
1126 3000 1230 3040 Beth
1252 3000 1392 3044 horon.
1418 3012 1508 3040 cum
1532 2996 1775 3039 suburbanis
1798 2996 1891 3043 suis,
1915 2995 2011 3036 civi-

114 3066 219 3102 tates
248 3064 455 3114 quattuor.
512 3062 544 3084 '23
570 3060 631 3099 De
658 3058 768 3100 tribu
797 3072 958 3112 quoque
985 3059 1089 3104 Dan,
1119 3059 1289 3099 Eltheco
1318 3064 1357 3099 et
1385 3058 1616 3103 Gabathon,
1673 3058 1705 3081 ²4
1732 3061 1772 3096 et
1799 3054 1943 3096 Aialon
1971 3061 2011 3094 et

113 3119 417 3165 Gethremmon,
445 3132 537 3159 curn
562 3117 806 3159 suburbanis
831 3117 924 3165 suis,
952 3117 1140 3159 civitates
1167 3123 1373 3171 quattuor.
1424 3119 1455 3141 2⁵
1485 3117 1607 3157 Porro
1634 3116 1682 3156 de
1708 3113 1876 3156 dimidia
1900 3112 2009 3154 tribu

112 3179 309 3227 Manasse,
336 3177 530 3218 Thanach
554 3182 594 3218 et
617 3176 921 3221 Gethremmon,
949 3190 1040 3218 cum
1065 3176 1307 3217 suburbanis
1332 3175 1413 3217 suis
1437 3175 1624 3216 civitates
1648 3174 1749 3215 duae.
1802 3175 1837 3197 '2⁶
1860 3173 2009 3213 Omnes

112 3236 300 3278 civitates
338 3237 488 3285 decem,
520 3240 561 3276 et
588 3236 825 3276 suburbana
857 3248 1007 3281 earum,
1040 3236 1147 3276 datae
1184 3240 1279 3276 sunt
1319 3234 1408 3274 filiis
1446 3234 1576 3275 Caath
1613 3232 1810 3273 inferioris
1847 3231 2007 3284 gradus,

217 3297 251 3320 '2⁷
269 3295 380 3336 Filiis
400 3308 561 3349 quoque
580 3294 734 3335 Gerson
752 3293 923 3334 Levitici
940 3294 1095 3348 generis
1115 3294 1227 3335 dedit
1247 3294 1295 3334 de
1314 3292 1483 3333 dimidia
1499 3293 1610 3333 tribu
1629 3292 1814 3332 Manasse
1833 3288 2007 3342 confugii
2053 3289 2174 3348 2¹2322312¹¹

113 3354 312 3397 civitates,
331 3353 491 3395 Gaulon
506 3354 548 3393 in
565 3353 712 3401 Basan,
731 3358 772 3393 et
789 3353 970 3401 Bosram,
990 3366 1082 3394 cum
1098 3352 1342 3394 suburbanis
1359 3351 1451 3394 suis,
1472 3351 1658 3392 civitates
1677 3351 1789 3391 duas.
1834 3350 1869 3372 '2⁵
1885 3348 2006 3388 Porro
2108 3343 2131 3348 '⁷
2162 3342 2167 3347 ⁴

244 3491 263 3524 8
285 3491 353 3524 aDt
373 3492 404 3530 4,
427 3491 477 3524 43.
505 3512 546 3515 —
570 3491 623 3533 21,
645 3491 665 3524 2
684 3491 773 3524 bNm
794 3490 847 3531 35,
869 3491 899 3524 2.
925 3511 968 3515 —
990 3491 1010 3524 9
1035 3493 1070 3525 01
1093 3492 1159 3525 Par
1179 3491 1210 3531 6,
1232 3491 1282 3524 55.
1310 3511 1351 3515 —
1375 3491 1418 3524 12
1439 3491 1531 3534 dSup
1556 3490 1607 3528 14,
1634 3488 1684 3522 14.

181 3555 208 3579 H
217 3563 230 3579 e
241 3556 250 3579 t
262 3562 276 3579 z
284 3563 297 3580 e
307 3563 324 3580 n
334 3563 349 3579 a
358 3563 375 3580 u
385 3563 398 3578 e
409 3562 434 3580 r.
459 3555 582 3581 Vulgata
605 3555 766 3580 Clementin
775 3562 798 3579 a.
1753 3544 1802 3584 13
