2356 3760
124 137 177 177 13,
203 137 344 176 17-14‚
370 136 411 169 22
993 135 1147 169 EXODI
1973 142 2023 182 5?

122 230 454 275 recordationem,
485 229 590 269 inter
616 227 751 268 oculos
780 232 890 267 tuos:
921 240 966 268 eo
996 228 1105 280 quod
1133 228 1173 268 in
1202 241 1325 268 manu
1354 228 1449 269 forti
1478 229 1619 270 eduxit
1648 245 1717 271 nos
1747 234 1944 274 Dominus
1974 235 2022 275 de

123 289 313 342 *Egypto

227 348 260 371 ¹⁷
285 347 414 401 Igitur
443 359 534 386 011111
565 345 760 386 emisisset
785 345 942 385 Pharao
967 344 1174 398 populum,
1200 358 1281 386 non
1304 358 1369 385 eos
1393 345 1513 386 duxit
1535 347 1644 387 Deus
1667 361 1737 401 per
1760 350 1867 389 viam
1892 352 2021 392 Terrae
2063 346 2190 406 lfflssffif

122 406 366 447 Philisthiim
392 418 481 459 quae
505 404 638 444 vicina
661 408 740 444 est:
765 408 958 456 reputans
984 416 1032 443 ne
1056 404 1159 444 forte
1185 404 1403 457 poeniteret
1426 417 1529 451 011111,
1557 405 1588 445 31
1613 406 1781 447 vidisset
1805 408 2018 449 adversum
2051 418 2079 442 in
2094 400 2209 445 Etham,

123 479 163 506 se
195 465 297 506 bella
326 476 573 517 consurgere,
606 467 647 503 et
675 467 946 502 reverteretur
974 462 1015 501 in
1044 462 1282 515 AEgyptum.
1342 464 1376 485 ¹⁶⁴
1404 462 1483 504 Sed
1513 463 1784 505 circumduxit
1814 479 1884 519 per
1914 468 2019 507 viam

123 524 280 568 deserti,
314 536 402 577 quae
432 528 492 563 est
521 522 636 562 iuxta
666 521 777 561 Mare
806 521 992 561 rubrum:
1024 526 1065 561 et
1095 521 1242 561 armati
1272 521 1540 561 ascenderunt
1572 522 1641 563 filii
1673 524 1794 564 Israel
1824 525 1872 565 de
1903 526 2022 566 Terra

122 582 300 635 AEgypti.
362 583 396 605 ¹⁹
427 581 538 622 Tulit
570 593 730 634 quoque
762 579 921 632 Moyses
954 592 1042 619 ossa
1078 579 1223 633 Ioseph
1255 593 1409 620 secum:
1443 594 1488 620 eo
1522 582 1631 633 quod
1664 582 1889 624 a-diurasset
1922 583 2023 624 filios

123 641 256 689 Israel,
281 640 433 681 dicens:
463 639 678 680 aVisitabit
698 651 770 679 vos
793 638 914 682 Deus,
939 637 1078 681 efferte
1100 651 1189 679 ossa
1211 651 1302 679 mea
1323 639 1416 679 hinc
1438 639 1660 681 vobiscum.
1711 643 1746 665 ²⁰
1766 642 2023 696 Profectique

121 700 169 740 de
189 700 339 740 Socoth
361 697 641 740 castrametati
662 701 757 737 sunt
778 696 819 736 in
838 696 993 736 Etham
1014 696 1054 736 in
1075 697 1265 737 extremis
1290 697 1437 738 finibus
1458 697 1697 740 solitudinis.
1748 702 1777 724 '2¹
1804 701 2022 741 bDoniinus

120 763 259 799 autem
286 758 542 812 praecedebat
569 770 635 797 eos
665 756 717 796 ad
746 755 1040 796 ostendendam
1070 755 1178 795 viam
1206 769 1277 809 per
1305 756 1412 797 diem
1440 756 1480 796 in
1510 756 1698 798 columna
1725 759 1855 807 nubis,
1887 765 1927 800 et
1955 773 2025 813 per

120 822 280 859 noctem
311 817 351 857 in
383 816 569 858 columna
601 815 721 869 ignis:
756 820 802 855 ut
832 814 916 854 dux
947 818 1051 854 esset
1082 814 1234 855 itineris
1267 820 1440 868 utroque
1472 820 1664 869 tempore.
1724 819 1756 841 '³²
1788 818 2023 871 Numquam

120 877 250 917 defuit
283 875 470 917 columna
503 875 621 916 nubis
654 886 725 927 per
758 872 875 917 djem,
913 885 985 913 nec
1019 872 1207 914 columna
1240 874 1341 928 ignis
1376 886 1446 927 per
1479 881 1652 921 noctem,
1689 889 1824 916 coram
1858 877 2022 931 populo.

224 951 287 994 14.
342 954 355 975 ¹
377 951 556 992 Locutus
578 956 640 991 est
661 956 799 992 autem
821 953 1021 993 Dominus
1044 952 1096 992 ad
1116 952 1296 1005 Moysen,
1322 952 1474 993 dicens:
1525 955 1539 976 ²
1560 953 1742 1006 Loquere
1768 952 1856 993 filiis
1881 952 2020 993 Israel:
2039 959 2066 982 ³1¹
2084 957 2216 1017 211310111-

120 1010 287 1051 Reversi
318 1015 659 1051 castrametentur
689 1024 709 1051 e
740 1011 899 1064 regione
930 1011 1199 1051 Phihahiroth
1232 1024 1321 1064 quae
1352 1016 1413 1051 est
1443 1011 1548 1052 inter
1577 1011 1811 1065 Magdalum
1843 1017 1884 1052 et
1914 1025 2023 1052 mare
2092 1000 2121 1017 ¹⁰
2146 1000 2164 1017 ¹'

119 1074 261 1110 contra
291 1068 560 1122 Beelsephon:
592 1069 632 1109 in
663 1075 881 1123 conspectu
912 1070 995 1111 eius
1026 1074 1160 1110 castra
1189 1070 1347 1123 ponetis
1377 1083 1498 1123 super
1526 1083 1647 1112 mare.
1705 1072 1720 1094 3
1749 1070 2023 1123 Dicturusque

119 1133 180 1169 est
212 1128 371 1169 Pharao
406 1141 526 1181 super
561 1127 652 1168 filiis
688 1128 828 1169 Israel:
863 1129 1068 1170 Coarctati
1103 1133 1199 1169 sunt
1232 1129 1271 1169 in
1306 1134 1424 1177 terra,
1461 1129 1657 1170 conclusit
1690 1142 1755 1170 eos
1805 1129 2021 1170 desertum.

120 1189 135 1211 ⁴
158 1187 214 1227 Et
235 1187 435 1228 indurabo
460 1200 526 1228 cor
548 1187 643 1230 eius.
670 1200 715 1227 ac
738 1194 1002 1241 persequetur
1023 1201 1114 1228 vos:
1139 1192 1180 1228 et
1201 1187 1457 1241 glorificabor
1479 1188 1518 1227 in
1541 1188 1764 1237 Phara-one,
1789 1193 1830 1229 et
1852 1188 1892 1228 in
1915 1188 2024 1229 omni

118 1246 296 1286 exercitu
325 1246 420 1287 eius.
451 1246 659 1299 scientque
693 1246 875 1300 AEgyptii
905 1247 998 1300 quia
1028 1260 1100 1300 ego
1129 1260 1217 1287 sum
1246 1247 1458 1287 Dominus.
1489 1247 1769 1300 Feceruntque
1798 1247 1866 1288 ita.

418 1370 456 1408 2.
488 1368 698 1409 interitus
729 1368 1049 1421 AEgyptiorum
1079 1368 1467 1421 persequentium,
1495 1369 1562 1419 14,
1581 1368 1725 1409 5—31.

226 1447 242 1469 ⁵
268 1445 324 1486 Et
351 1445 589 1485 nunciatum
618 1450 678 1484 est
705 1444 785 1495 regi
813 1444 1099 1498 AEgyptiorum
1128 1445 1237 1498 quod
1264 1445 1432 1499 fugisset
1458 1445 1650 1499 populus:
1681 1445 2026 1498 immutatumque
2078 1445 2188 1469 ''¹¹³¹'20

121 1508 182 1544 est
202 1517 269 1545 cor
288 1503 511 1544 Pharaonis
533 1508 573 1543 et
593 1516 801 1544 servorum
823 1503 905 1544 eius
927 1517 1047 1557 super
1066 1503 1228 1557 populo,
1252 1508 1294 1544 et
1313 1504 1521 1544 dixerunt:
1545 1504 1651 1553 Quid
1673 1504 1873 1545 voluimus
1895 1504 2023 1545 facere
2053 1481 2205 1543 Isi-iiiiifftiiz.

121 1567 167 1603 ut
184 1562 482 1603 dimitteremus
503 1562 635 1607 lsrael,
656 1575 705 1603 ne
723 1563 890 1603 serviret
909 1563 1048 1603 nobis?
1097 1565 1112 1586 ⁶
1133 1563 1269 1603 lunxit
1288 1576 1379 1616 ergo
1398 1576 1570 1609 currum,
1591 1568 1632 1604 et
1649 1577 1811 1604 omnem
1828 1563 2022 1617 populum

120 1634 237 1662 31111111
259 1621 480 1675 assumpsit
498 1634 646 1661 secum.
697 1622 710 1644 ⁷
731 1621 921 1675 Tulitque
941 1627 1151 1663 sexcentos
1172 1635 1309 1662 currus
1329 1621 1487 1667 electos,
1510 1628 1550 1663 et
1570 1623 1768 1676 quidquid
1787 1622 1827 1663 in
1846 1622 2024 1675 AEgypto

119 1694 308 1721 curruum
338 1680 434 1721 fuit:
465 1684 506 1721 et
533 1680 654 1720 duces
683 1680 809 1720 totius
839 1681 1050 1721 exercitus.
1111 1682 1126 1705 Β
1156 1681 1451 1735 *induravitque
1480 1681 1679 1722 Dominus
1708 1695 1775 1722 cor
1802 1681 2025 1722 Pharaonis

119 1740 221 1793 regis
248 1739 428 1793 AEgypti,
457 1744 498 1779 et
524 1744 757 1792 persecutus
785 1744 846 1780 est
874 1739 975 1780 filios
1004 1739 1144 1780 Israel:
1174 1744 1216 1780 at
1242 1739 1297 1780 illi
1324 1740 1467 1793 egressi
1495 1747 1611 1781 erant
1637 1741 1676 1780 in
1703 1754 1827 1781 manu
1855 1740 2021 1781 excelsa.

121 1802 135 1823 ⁹
183 1799 382 1852 CCumque
422 1803 759 1851 persequerentur
798 1797 980 1852 AEgyptii
1022 1799 1193 1853 vestigia
1233 1799 1560 1852 praecedentium,
1603 1805 1838 1852 repererunt
1877 1813 1943 1840 eos
1983 1799 2024 1838 in

119 1857 260 1898 castris
291 1870 411 1910 super
441 1870 568 1897 mare:
603 1857 732 1897 omnis
764 1857 971 1911 equitatus
1003 1862 1044 1898 et
1075 1870 1212 1898 currus
1244 1858 1479 1903 Pharaonis,
1513 1863 1554 1899 et
1584 1858 1794 1899 universus
1826 1858 2023 1899 exercitus

118 1922 235 1957 erant
263 1916 303 1957 in
333 1916 602 1957 Phihahiroth
634 1921 772 1957 contra
806 1916 1068 1969 Beelsephon.

221 1988 256 2011 ¹⁰
295 1987 477 2039 Cumque
519 1986 887 2039 appropinquasset
927 1987 1098 2033 Pharao,
1140 1987 1322 2027 levantes
1367 1986 1436 2028 filii
1478 1986 1600 2027 Israel
1641 1986 1787 2033 oculos,
1831 1986 2019 2027 viderunt
2038 1988 2216 2048 {iginfjffgffi

117 2045 331 2099 AEgyptios
348 2050 442 2098 post
459 2058 517 2085 se:
537 2050 577 2085 et
594 2045 821 2085 timuerunt
837 2044 973 2085 valde:
994 2045 1355 2100 clamaveruntque
1373 2046 1426 2086 ad
1441 2046 1677 2091 Dominum,
1724 2048 1755 2070 ¹¹
1773 2050 1813 2085 et
1831 2045 2019 2085 dixerunt
2037 2041 2040 2047 '
2090 2063 2163 2089 ram,

116 2104 168 2144 ad
188 2104 374 2157 Moysen:
398 2103 586 2144 Forsitan
609 2116 689 2144 11011
712 2109 827 2143 erant
848 2103 1058 2157 sepulchra
1081 2104 1120 2144 in
1142 2104 1333 2158 AEgypto,
1358 2105 1446 2145 ideo
1468 2104 1597 2145 tulisti
1619 2118 1690 2145 nos
1712 2109 1759 2145 ut
1778 2117 2025 2145 moreremur

115 2163 156 2204 in
187 2162 423 2204 solitudine:
458 2162 556 2215 quid
588 2162 663 2203 hoc
695 2162 825 2203 facere
858 2162 1035 2207 voluisti,
1072 2168 1116 2203 ut
1149 2164 1336 2204 educeres
1368 2177 1440 2204 nos
1473 2177 1522 2204 ex
1554 2163 1757 2217 AEgypto?
1817 2165 1848 2187 ¹²
1882 2163 2024 2204 Nonne

115 2221 189 2263 iste
217 2226 279 2263 est
305 2234 446 2267 sermo,
478 2234 597 2275 quem
625 2220 895 2275 loquebamur
922 2222 973 2262 ad
1001 2226 1041 2262 te
1068 2222 1109 2262 in
1137 2222 1327 2276 AEgypto,
1358 2222 1554 2263 dicentes:
1586 2223 1743 2263 Recede
1771 2236 1795 2262 a
1821 2222 1948 2269 nobis,
1978 2227 2024 2262 ut

115 2280 337 2322 serviamus
363 2280 591 2334 AEgyptiis?
618 2279 747 2320 multo
774 2280 879 2321 enim
906 2280 1046 2321 melius
1073 2286 1160 2322 erat
1184 2281 1331 2322 servire
1357 2281 1423 2329 eis,
1452 2295 1575 2335 quam
1601 2281 1702 2322 mori
1726 2281 1767 2322 in
1792 2281 2020 2322 solitudine.

116 2341 146 2364 ¹3
178 2340 233 2380 Et
264 2340 321 2380 ait
351 2339 510 2392 Moyses
542 2339 593 2379 ad
624 2338 839 2392 populum:
875 2339 1009 2381 Nolite
1041 2340 1200 2380 timere:
1234 2345 1351 2387 state,
1386 2345 1427 2381 et
1457 2340 1592 2385 videte
1624 2339 1827 2393 magnalia
1856 2340 2021 2381 Domini

116 2412 204 2452 quae
238 2398 420 2439 facturus
455 2402 516 2439 est
550 2398 686 2438 hodie:
723 2398 937 2451 AEgyptios
973 2399 1091 2448 enim,
1130 2413 1230 2452 quos
1266 2413 1372 2440 nunc
1407 2399 1566 2448 videtis,
1612 2412 1872 2453 nequaquam
1915 2399 2023 2439 ultra

117 2457 307 2498 videbitis
332 2470 459 2511 usque
482 2457 523 2497 in
548 2457 851 2510 sempiternum.
906 2459 936 2481 ¹⁴
959 2457 1160 2498 Dominus
1184 2458 1385 2512 pugnabit
1408 2471 1479 2512 pro
1505 2458 1632 2506 vobis,
1659 2463 1701 2499 et
1723 2471 1795 2499 vos
1820 2458 2019 2499 tacebitis.

218 2529 249 2551 ¹⁵
278 2527 474 2581 Dixitque
504 2527 704 2567 Dominus
735 2527 787 2567 ad
816 2527 1002 2581 Moysen:
1036 2528 1143 2576 Quid
1173 2528 1323 2569 clamas
1354 2529 1407 2569 ad
1436 2528 1524 2569 me?
1556 2529 1738 2583 Loquere
1772 2528 1862 2569 filiis
1895 2528 2017 2569 Israel
2062 2533 2111 2593 ³53
2133 2539 2183 2592 pgr

115 2591 161 2627 ut
180 2586 500 2640 proficiscantur.
552 2588 586 2609 ¹⁴³
607 2586 667 2626 Tu
689 2591 827 2626 autem
849 2586 963 2627 eleva
984 2587 1139 2640 virgam
1161 2592 1288 2631 tuam,
1313 2592 1354 2628 et
1375 2588 1548 2629 extende
1569 2601 1738 2629 manum
1760 2592 1876 2628 tuam
1897 2600 2017 2641 super
2030 2575 2225 2633 (maritaret,

115 2658 236 2693 mare,
263 2649 305 2686 et
329 2645 464 2686 divide
489 2644 606 2685 illud:
634 2649 681 2685 ut
703 2645 942 2698 gradiantur
969 2645 1039 2686 filii
1066 2646 1188 2687 Israel
1214 2647 1253 2686 in
1279 2646 1412 2687 medio
1438 2647 1539 2687 mari
1564 2660 1635 2700 per
1658 2647 1820 2688 siccum.
1875 2648 1907 2670 ¹⁷
1934 2647 2019 2700 Ego

115 2709 253 2745 autem
274 2704 474 2745 indura-bo
497 2716 564 2745 cor
585 2704 872 2758 AEgyptiorum
895 2710 941 2745 ut
962 2710 1259 2758 persequantur
1279 2719 1369 2746 vos:
1394 2710 1435 2746 et
1455 2705 1712 2759 glorificabor
1732 2706 1773 2746 in
1794 2706 2018 2748 Pharaone.

115 2767 156 2803 et
176 2763 218 2804 in
241 2763 351 2803 omni
373 2762 552 2803 exercitu
576 2762 671 2811 01113,
697 2767 738 2803 et
760 2763 801 2802 in
824 2763 1006 2804 curribus
1028 2768 1070 2804 et
1092 2764 1132 2804 111
1156 2764 1362 2817 equitibus
1385 2764 1501 2806 illius.
1554 2766 1588 2789 18
1611 2765 1667 2805 Et
1689 2765 1816 2805 scient
1839 2764 2022 2818 [Egyptii

116 2822 212 2875 quia
233 2835 305 2876 ego
328 2835 418 2862 sum
440 2821 641 2862 Dominus
665 2834 757 2862 011111
779 2821 1029 2875 glorificatus
1052 2822 1164 2863 fuero
1187 2823 1229 2863 in
1252 2823 1475 2872 Pharaone,
1501 2828 1543 2864 et
1564 2824 1604 2864 in
1628 2823 1809 2864 curribus
1833 2828 1957 2877 atque
1980 2823 2021 2863 in

115 2880 320 2934 equitibus
348 2880 443 2922 eius.
501 2882 535 2904 ¹⁹
563 2879 802 2934 Tollensque
831 2894 871 2921 se
899 2881 1064 2934 angelus
1092 2882 1179 2930 Dei,
1212 2882 1279 2936 qui
1307 2883 1564 2936 praecedebat
1592 2887 1725 2923 castra
1754 2881 1888 2930 Israel,
1920 2882 2022 2923 abiit

116 2945 209 2993 post
229 2954 312 2981 eos:
336 2945 377 2981 et
397 2953 489 2981 cum
511 2953 556 2981 eo
577 2940 730 2996 pariter
750 2940 939 2981 columna
959 2941 1090 2989 nubis,
1114 2942 1248 2995 priora
1268 2942 1491 2991 dimittens,
1515 2947 1609 2996 post
1629 2947 1789 2996 tergum
1835 2944 1871 2966 2⁰
1890 2942 2018 2989 stetit,

116 2999 221 3040 inter
248 3004 381 3040 castra.
408 2999 696 3053 AEgyptiorum
723 3004 766 3040 et
793 3005 926 3040 castra
955 3000 1095 3041 Israel:
1126 3006 1167 3041 et
1194 3006 1282 3041 erat
1309 3002 1435 3043 nubes
1464 3001 1689 3049 tenebrosa,
1720 3005 1762 3042 et
1788 3000 2020 3042 illuminans

115 3063 288 3103 noctem,
310 3057 369 3098 ita
387 3063 434 3099 ut
453 3058 506 3099 ad
524 3071 565 3099 se
583 3058 758 3099 invicem
776 3063 865 3099 toto
886 3059 1016 3099 noctis
1036 3064 1218 3113 tempore
1238 3060 1425 3101 accedere
1445 3073 1526 3100 non
1545 3059 1739 3102 valerent.
1786 3062 1817 3084 ‘2¹
1837 3060 2020 3113 Cumque

115 3116 366 3158 extendisset
388 3116 547 3170 Moyses
571 3130 739 3157 manum
765 3130 884 3170 super
908 3128 1028 3165 mare,
1056 3118 1228 3159 abstulit
1252 3118 1351 3159 illud
1375 3119 1575 3160 Dominus
1602 3118 1727 3160 flante
1752 3124 1876 3160 vento
1901 3119 2019 3159 vehe-

116 3175 243 3216 menti
264 3180 305 3216 et
325 3179 467 3216 urente
488 3180 579 3216 tota
600 3181 729 3224 nocte,
753 3180 794 3216 et
814 3176 941 3216 vertit
961 3176 1002 3217 in
1023 3176 1192 3217 siccum:
1216 3177 1428 3231 divisaque
1450 3182 1511 3218 est
1532 3191 1650 3231 aqua.
1701 3179 1732 3202 ²2
1757 3178 1833 3219 dEt
1854 3177 2019 3231 ingressi

116 3239 212 3274 sunt
233 3233 303 3274 filii
323 3233 446 3275 Israel
464 3246 535 3287 per
552 3234 731 3275 medium
750 3234 843 3275 sicci
862 3235 1002 3275 maris:
1024 3241 1110 3276 erat
1129 3235 1235 3277 enim
1255 3249 1363 3290 aqua
1382 3236 1497 3290 quasi
1516 3249 1653 3277 murus
1674 3250 1698 3277 a
1716 3237 1861 3278 dextra
1880 3249 2018 3278 eorum

116 3297 157 3334 et
185 3293 298 3334 laeva.

248 3418 289 3452 19
312 3418 385 3451 aGn
408 3418 460 3457 50,
485 3419 535 3452 24.
563 3439 604 3442 ἢ
628 3418 668 3452 21
692 3418 779 3451 bNm
802 3419 855 3458 14,
880 3419 935 3459 14;
961 3419 1036 3453 Neh
1059 3420 1090 3460 9,
1115 3420 1171 3459 19;
1198 3422 1216 3454 1
1239 3421 1304 3456 Cor
1327 3421 1378 3461 10,
1403 3423 1431 3455 1.
1466 3441 1507 3446 —
1541 3421 1593 3463 14,
1617 3421 1637 3455 9
1664 3421 1736 3455 clos
1761 3421 1813 3461 24,
1839 3421 1873 3459 6;
1900 3421 1917 3453 1
1943 3420 2015 3453 Mcc

117 3465 148 3505 4,
172 3465 202 3498 9.
229 3486 270 3489 -
294 3464 336 3498 22
354 3465 419 3498 dPs
440 3465 492 3506 77,
514 3466 570 3505 13;
596 3465 670 3505 104,
691 3464 749 3505 37;
774 3465 848 3506 113,
870 3466 905 3505 3;
932 3466 1008 3500 Hbr
1028 3468 1080 3507 11,
1102 3467 1152 3501 29.
