2356 3760
97 169 150 204 20.
177 168 294 209 1-20,
320 168 362 202 22
931 168 1161 202 sAMUELis
1916 180 1992 220 275

97 264 247 304 Decem
268 262 454 316 partibus
475 262 604 304 maior
624 273 695 314 ego
717 274 805 302 sum
829 262 939 315 apud
959 275 1104 315 regem,
1128 263 1338 317 magisque
1359 264 1411 305 ad
1431 278 1494 305 me
1516 266 1692 318 pertinet
1712 270 1846 311 David
1869 285 1991 324 quam

98 322 150 362 ad
178 327 235 362 te:
264 334 335 362 cur
359 321 492 362 fecisti
516 320 616 360 mihi
642 319 844 369 iniuriam,
874 326 913 361 et
941 333 1021 361 non
1047 320 1147 361 mihi
1173 322 1412 363 nunciatum
1441 328 1502 364 est
1528 324 1661 377 priori,
1690 332 1735 366 ut
1763 329 1992 370 reducerem

98 393 230 434 regem
261 380 421 421 meum?
452 378 603 419 Durius
634 383 771 419 autem
802 379 1099 432 responderunt
1128 379 1202 419 viri
1236 380 1338 421 Iuda
1367 381 1462 422 viris
1495 382 1628 423 Israel.

581 493 645 533 11.
677 492 875 534 Rebellio
907 492 1039 534 Sebae
1073 494 1265 545 leminei,
1292 496 1522 546 20,1—22.

203 573 265 614 2⁰.
322 573 334 595 ¹
362 570 523 611 Accidit
551 583 712 624 quoque
739 576 786 611 ut
812 570 866 610 ibi
894 575 999 611 esset
1025 569 1087 610 vir
1114 570 1252 616 Belial,
1282 572 1444 613 nomine
1471 574 1587 623 Seba,
1617 574 1719 615 filius
1749 576 1905 620 Bochri.
1936 578 1996 617 vir

100 631 319 673 Iemineus:
344 635 385 671 et
407 629 553 670 cecinit
575 628 759 677 buccina,
784 633 825 670 et
848 629 924 670 ait:
950 629 1041 670 Non
1065 634 1126 670 est
1148 630 1264 670 nobis
1287 643 1379 683 pars
1404 631 1444 672 in
1467 632 1615 676 David.
1641 647 1770 687 neque
1793 635 1995 676 hereditas

98 691 138 731 in
164 689 244 730 filio
274 688 370 730 Isai:
398 694 598 729 revertere
624 687 664 728 in
691 687 957 728 tabernacula
982 693 1054 728 tua
1082 687 1215 729 Israel.
1271 690 1286 713 '2
1312 689 1367 730 Et
1392 696 1603 743 separatus
1631 698 1691 732 est
1717 693 1845 734 omnis
1875 694 1997 734 Israel

98 762 122 789 a
153 747 302 793 David,
338 752 581 800 secutusque
615 751 676 787 est
708 746 814 787 Seba
846 745 973 787 filium
1008 746 1173 788 Bochri:
1209 746 1285 787 viri
1318 753 1455 788 autem
1492 749 1595 790 Iuda
1627 750 1884 792 adhaeserunt
1916 753 1995 802 regi

97 821 169 849 suo
199 821 224 848 a
254 807 425 848 Iordane
454 819 582 859 usque
614 805 843 846 Ierusalem.
1963 804 1972 806 *

201 880 217 902 ³
247 877 429 930 Cumque
459 875 637 917 venisset
666 888 736 916 rex
766 875 806 915 in
838 874 1005 916 domum
1036 889 1152 916 suam
1182 876 1222 916 in
1256 875 1486 925 Ierusalem,
1519 876 1615 918 tulit
1645 878 1782 919 decem
1812 880 1996 921 mulieres

99 936 357 985 concubinas,
377 948 476 989 quas
493 934 764 988 dereliquerat
779 934 831 975 ad
847 934 1157 975 custodiendam
1174 935 1353 981 domum,
1372 941 1414 976 et
1429 936 1601 977 tradidit
1616 950 1681 977 eas
1698 936 1739 977 in
1756 939 1995 985 custodiam,

98 995 294 1037 alimenta
316 994 370 1036 eis
393 995 595 1049 praebens:
621 1000 661 1035 et
684 1007 765 1034 non
790 998 851 1034 est
873 992 1074 1047 ingressus
1099 994 1150 1035 ad
1174 1007 1252 1043 eas,
1278 994 1348 1035 sed
1371 1000 1487 1036 erant
1510 994 1655 1037 elausae
1678 1009 1805 1050 usque
1828 996 1868 1037 in
1892 997 1997 1038 diem

97 1054 240 1096 mortis
269 1067 350 1095 suae
376 1051 418 1094 in
446 1052 650 1094 viduitate
678 1051 876 1093 viventes.

202 1126 217 1149 ⁴
241 1124 360 1166 Dixit
385 1128 523 1165 autem
549 1136 619 1164 rex
644 1122 822 1163 Amasae:
850 1123 1040 1163 (Jonvoca
1064 1122 1163 1163 mihi
1189 1136 1327 1164 omnes
1354 1123 1460 1165 viros
1489 1123 1592 1165 Iuda
1616 1124 1658 1165 in
1683 1125 1789 1166 diem
1816 1126 1995 1173 tertium,

98 1189 140 1225 et
165 1191 212 1225 tu
239 1184 380 1225 adesto
407 1195 594 1237 praesens.
649 1183 664 1205 ⁵
690 1181 805 1222 Abiit
832 1194 923 1235 ergo
950 1181 1103 1222 Amasa
1128 1187 1176 1223 ut
1202 1187 1446 1224 convocaret
1474 1182 1632 1231 Iudam,
1661 1188 1703 1224 et
1728 1190 1909 1225 moratus
1938 1190 1998 1226 est

98 1247 215 1284 extra
244 1241 441 1296 placitum
474 1241 584 1295 quod
615 1240 649 1282 ei
680 1240 951 1281 constituerat
980 1253 1061 1281 rex.
1124 1242 1139 1264 ⁴³
1168 1240 1239 1282 Ait
1270 1246 1407 1282 autem
1439 1241 1576 1283 David
1607 1242 1659 1283 ad
1688 1241 1846 1283 Abisai:
1880 1244 1998 1284 Nunc

98 1301 226 1356 magis
260 1300 486 1342 afflicturus
520 1305 581 1341 est
613 1313 686 1341 nos
719 1300 825 1341 Seba
856 1299 960 1340 filius
996 1299 1142 1340 Bochri
1177 1313 1299 1353 quam
1332 1300 1546 1341 Absalom:
1581 1300 1676 1341 tolle
1709 1300 1832 1355 igitur
1864 1315 1999 1345 servos

98 1359 253 1403 domini
274 1360 348 1410 tui,
374 1365 415 1401 et
435 1372 675 1413 persequere
697 1372 802 1401 eum.
827 1371 876 1399 116
898 1358 1003 1399 forte
1025 1357 1210 1398 inveniat
1232 1358 1419 1399 civitates
1444 1359 1636 1409 munitas,
1661 1365 1702 1401 et
1724 1360 1891 1414 effugiat
1914 1375 1998 1402 nos.

101 1421 115 1443 ⁷
136 1419 297 1474 Egressi
318 1423 415 1460 sunt
436 1432 528 1472 ergo
551 1431 642 1458 cum
665 1431 710 1458 60
732 1417 808 1457 17111
832 1417 943 1461 Ioab,
967 1415 1127 1457 Cerethi
1150 1430 1311 1470 quoque
1333 1422 1373 1458 et
1394 1417 1599 1459 Phelethi:
1622 1423 1664 1459 et
1684 1432 1822 1460 omnes
1844 1419 1999 1460 robusti

98 1479 285 1520 exierunt
313 1478 362 1518 de
393 1475 611 1518 Ierusalem
642 1476 693 1517 ad
722 1475 1047 1529 persequendum
1077 1476 1183 1517 Seba
1211 1476 1335 1516 filium
1371 1476 1528 1518 Bochri.

206 1550 221 1572 ⁸
240 1548 423 1601 Cumque
442 1546 497 1587 ilh'
517 1551 651 1587 essent
670 1545 789 1586 iuxta
804 1544 982 1599 lapidem
1000 1546 1208 1599 grandem,
1231 1545 1298 1599 qui
1319 1551 1380 1586 est
1398 1546 1439 1586 in
1459 1547 1642 1594 Gabaon,
1663 1547 1816 1588 Amasa
1835 1548 1999 1589 veniens

98 1607 273 1650 occurrit
302 1605 370 1647 eis.
428 1605 554 1647 Porro
587 1605 686 1646 Ioab
717 1604 890 1645 vestitus
922 1610 1010 1645 erat
1039 1604 1180 1645 tunica
1210 1604 1353 1645 stricta
1383 1605 1434 1646 ad
1465 1619 1697 1647 mensuram
1728 1606 1892 1647 habitus
1924 1607 1996 1655 sui,

99 1672 142 1708 et
171 1667 344 1720 desuper
373 1664 579 1706 accinctus
609 1663 742 1718 gladio
774 1664 1029 1717 dependente
1061 1677 1188 1717 usque
1219 1664 1270 1704 ad
1302 1663 1380 1713 ilia,
1413 1663 1453 1704 in
1486 1664 1645 1718 vagina,
1680 1665 1747 1719 qui
1778 1666 2000 1707 fabricatus

98 1725 179 1766 levi
206 1730 321 1767 motu
352 1723 486 1778 egredi
513 1728 688 1777 poterat,
720 1727 761 1763 et
789 1728 1010 1776 percutere.
1070 1724 1085 1746 ⁹
1112 1722 1231 1764 Dixit
1258 1722 1398 1776 itaque
1430 1723 1528 1764 Ioab
1558 1724 1610 1765 ad
1637 1724 1851 1765 Amasam:
1881 1724 2000 1766 Salve

98 1784 154 1825 mi
171 1784 309 1825 frater.
361 1784 436 1824 3Ε1
453 1782 587 1824 16111111
605 1795 729 1822 11161111
749 1782 918 1823 dextera
935 1786 1121 1823 mentum
1139 1782 1312 1828 Amasae,
1334 1782 1449 1836 quasi
1468 1782 1652 1824 osculans
1672 1797 1776 1825 eum.
1824 1786 1859 1808 ¹⁰
1875 1784 1999 1825 Porro

98 1843 251 1884 Amasa
275 1856 356 1884 non
382 1841 618 1884 observavit
642 1840 835 1895 gladium,
865 1854 985 1894 quem
1011 1841 1192 1881 habebat
1220 1841 1330 1887 Ioab,
1360 1841 1428 1895 qui
1454 1842 1653 1894 percussit
1677 1855 1769 1883 eum
1794 1842 1836 1883 in
1860 1841 1997 1891 latere,

98 1908 140 1944 et
162 1902 308 1943 effudit
330 1900 526 1943 intestina
549 1900 632 1941 eius
656 1900 696 1940 in
720 1905 883 1944 terram.
909 1913 982 1940 1166
1005 1900 1227 1941 secundum
1253 1899 1399 1940 vulnus
1424 1901 1627 1954 apposuit,
1653 1905 1694 1942 et
1717 1905 1901 1942 mortuus
1926 1906 1998 1943 est.

100 1962 200 2003 Ioab
230 1966 380 2009 autem,
412 1965 453 2001 et
480 1959 622 2001 Abisai
649 1959 776 2000 frater
804 1958 887 1999 61113
917 1958 1117 2012 persecuti
1146 1965 1243 1999 sunt
1271 1960 1376 2000 Seba
1404 1958 1531 2000 filium
1563 1959 1720 2001 Bochri.
1780 1962 1809 1984 ¹¹
1841 1960 2002 2001 Interea

100 2020 267 2076 quidam
293 2020 381 2065 viri,
409 2033 501 2060 cum
527 2017 738 2059 stetissent
762 2017 876 2058 iuxta
904 2018 1079 2059 cadaver
1102 2018 1274 2066 Amasae,
1303 2018 1351 2058 de
1377 2017 1492 2059 sociis
1521 2018 1632 2067 Ioab,
1661 2018 1869 2060 dixerunt:
1897 2020 2001 2060 Ecce

101 2079 169 2134 qui
202 2093 286 2120 esse
319 2078 451 2120 voluit
483 2091 554 2131 pro
591 2077 689 2118 Ioab
724 2090 856 2118 comes
889 2076 1038 2117 David.
1101 2079 1131 2101 ¹2
1164 2077 1318 2117 Amasa
1350 2082 1487 2117 autem
1522 2091 1759 2131 conspersus
1793 2078 1999 2129 sanguine,

101 2139 260 2180 iacebat
289 2137 331 2178 in
361 2137 495 2178 media
525 2136 603 2177 via.
637 2136 750 2177 Vidit
780 2136 854 2177 hoc
887 2136 1053 2189 quidam
1084 2136 1146 2176 Vir
1177 2136 1286 2189 quod
1316 2136 1555 2177 subsisteret
1585 2137 1715 2177 omnis
1745 2130 1918 2190 populus
1950 2138 2001 2178 ad

102 2197 323 2238 videndum
348 2210 453 2242 611111,
480 2200 522 2237 61
546 2195 703 2237 amovit
725 2195 921 2238 Amasam
947 2195 995 2235 de
1020 2194 1088 2235 via
1112 2194 1153 2235 in
1178 2208 1331 2248 agrum,
1359 2195 1599 2248 operuitque
1624 2209 1717 2236 eum
1741 2195 1998 2241 vestimento.

99 2270 148 2298 ne
181 2256 449 2298 subsisterent
480 2260 738 2295 transeuntes
770 2260 937 2307 propter
969 2267 1073 2295 eum.
1135 2256 1166 2278 ¹³
1197 2254 1347 2295 Amoto
1381 2267 1472 2307 ergo
1505 2254 1571 2295 illo
1604 2254 1653 2296 de
1685 2254 1763 2301 via,
1798 2255 2000 2295 transibat

100 2315 230 2357 omnis
258 2315 321 2355 vir
347 2327 518 2368 sequens
548 2314 647 2355 Ioab
676 2313 727 2354 ad
755 2313 1081 2367 persequendum
1107 2313 1214 2355 Seba
1241 2312 1368 2353 filium
1398 2312 1555 2354 Bochri.

205 2388 236 2410 ¹⁴
265 2386 389 2426 Porro
419 2384 484 2425 ille
512 2383 731 2425 transierat
760 2396 831 2437 per
860 2397 998 2424 omncs
1027 2383 1157 2424 tribus
1190 2383 1312 2424 Israel
1342 2383 1382 2423 in
1412 2383 1594 2427 Abelam.
1627 2388 1668 2424 et
1698 2384 1995 2424 Bethmaacha:

100 2458 320 2498 omnesque
337 2443 413 2484 viri
431 2443 545 2485 electi
564 2442 794 2497 congregati
812 2443 976 2483 fuerant
993 2443 1045 2483 ad
1063 2456 1166 2484 eum.
1214 2444 1245 2467 ¹5
1262 2443 1471 2483 Venerunt
1488 2442 1627 2496 itaque
1644 2447 1685 2483 et
1702 2443 1998 2496 oppugnabant

101 2518 193 2545 611111
222 2503 263 2544 111
291 2502 432 2552 Α11616,
464 2507 504 2543 61
532 2502 574 2542 111
604 2502 896 2549 Β6111111666116,
928 2507 969 2543 61
998 2501 1353 2543 611611111(16(16111111
1380 2501 1675 2542 munitionibus
1705 2501 1927 2548 civitatem,
1960 2507 2000 2542 et

101 2564 264 2604 obsessa
292 2567 354 2603 est
382 2562 496 2603 urbs:
528 2560 658 2602 omnis
688 2566 826 2602 61116111
856 2561 989 2610 1111116,
1023 2574 1111 2614 quae
1140 2566 1228 2602 erat
1256 2574 1347 2601 cum
1379 2560 1490 2609 Ioab,
1522 2560 1767 2601 moliebatur
1795 2561 1999 2601 destruere

101 2635 248 2663 muros.
304 2623 338 2646 ¹⁶
364 2621 420 2662 Et
445 2620 693 2661 exclamavit
717 2619 861 2661 mulier
885 2619 1044 2674 sapiens
1071 2620 1119 2661 de
1146 2619 1332 2660 civitate:
1359 2619 1522 2664 Audite,
1551 2619 1702 2668 audite,
1731 2619 1852 2660 dicite
1880 2619 1997 2660 Ioab:

99 2680 398 2735 Appropinqua
423 2680 514 2728 huc,
544 2684 585 2720 et
610 2678 754 2733 loquar
779 2683 928 2720 tecum.
984 2681 1017 2703 ¹⁷
1045 2678 1123 2728 Qui
1150 2692 1243 2720 cum
1270 2678 1503 2719 accessisset
1529 2679 1581 2719 ad
1608 2691 1709 2726 eam,
1738 2678 1797 2719 ait
1822 2677 1896 2718 illi:
1939 2678 1998 2718 Tu

101 2754 142 2781 es
171 2739 295 2782 Ioab?
325 2739 381 2780 Et
407 2738 472 2779 ille
498 2738 727 2792 respondit:
756 2738 855 2791 Ego.
885 2738 949 2778 Ad
978 2751 1099 2792 quem
1126 2737 1182 2779 sic
1208 2736 1346 2779 locuta
1373 2742 1451 2778 est:
1481 2737 1588 2778 Audi
1616 2749 1818 2777 sermones
1846 2736 2000 2777 ancillae

100 2804 193 2840 tuae.
220 2798 299 2847 Qui
321 2797 549 2852 respondit:
575 2796 720 2839 Audio.
774 2799 808 2821 ¹⁸
834 2797 1093 2851 Rursumque
1116 2796 1196 2844 illa,
1222 2797 1374 2845 Sermo,
1399 2795 1546 2850 inquit,
1573 2796 1784 2836 dicebatur
1806 2795 1847 2835 in
1871 2795 1999 2836 veteri

100 2854 333 2912 proverbio:
365 2856 444 2906 Qui
472 2856 738 2910 interrogant,
770 2855 1022 2909 interrogent
1050 2855 1091 2896 in
1121 2855 1268 2897 Abela:
1301 2860 1342 2896 et
1371 2854 1426 2896 316
1456 2854 1731 2908 perficiebant.
1790 2856 1825 2878 ¹⁹
1856 2854 1999 2895 Nonne

100 2930 172 2970 ego
203 2930 292 2957 sum
325 2929 414 2970 quae
442 2915 666 2969 respondeo
696 2915 913 2956 veritatem
945 2915 985 2956 in
1018 2914 1153 2963 Israel,
1186 2920 1227 2956 et
1257 2919 1302 2955 tu
1334 2914 1478 2968 quaeris
1509 2914 1743 2954 subvertere
1774 2912 1996 2961 civitatem,

101 2981 142 3017 et
167 2980 346 3016 evertere
370 2979 543 3015 matrem
568 2974 610 3014 in
637 2973 784 3015 Israel?
810 2974 943 3023 Quare
967 2973 1196 3028 praecipitas
1220 2973 1491 3014 hereditatem
1516 2971 1705 3013 Domini?
1757 2973 1793 2996 ²⁰
1818 2972 1998 3025 Respon-

101 3035 281 3088 densque
300 3034 411 3081 Ioab,
426 3033 502 3074 ait:
523 3033 654 3082 Absit,
675 3033 783 3073 absit
802 3033 878 3074 hoc
898 3046 922 3073 a
941 3047 1022 3073 me:
1045 3046 1126 3074 non
1146 3032 1366 3086 praecipito,
1387 3045 1517 3085 neque
1538 3030 1743 3082 &molior
1780 3032 1810 3055 ²¹
1832 3031 1923 3072 Non
1944 3030 1999 3071 sic

100 3106 141 3134 se
165 3093 292 3134 habet
315 3105 389 3141 res,
416 3092 487 3133 sed
511 3092 632 3133 homo
659 3092 708 3133 de
732 3096 872 3133 monte
897 3091 1094 3145 Ephraim
1119 3092 1237 3140 86116,
1264 3090 1368 3131 filius
1395 3090 1542 3132 Bochri
1567 3089 1817 3143 cognomine,
1844 3088 1998 3130 levavit

100 3165 267 3193 manum
295 3165 411 3192 suam
439 3156 581 3192 contra
606 3163 740 3204 regem
767 3150 922 3191 David:
950 3150 1101 3192 tradite
1128 3150 1242 3191 illum
1269 3149 1411 3197 solum,
1441 3154 1482 3189 61
1508 3149 1739 3190 recedemus
1767 3162 1790 3189 a
1817 3148 1995 3189 civitate.

100 3211 156 3252 Et
183 3211 242 3252 ait
268 3210 412 3251 mulier
438 3210 491 3250 ad
520 3209 638 3251 Ioab:
667 3209 772 3250 Ecce
800 3215 925 3263 caput
952 3209 1035 3250 eius
1063 3209 1253 3250 mittetur
1279 3209 1331 3249 ad
1358 3213 1399 3249 te
1425 3220 1498 3261 per
1523 3220 1697 3248 murum.
1754 3208 1786 3231 2²
1815 3207 1999 3260 Ingressa

100 3274 162 3310 est
182 3282 274 3323 ergo
296 3270 349 3310 ad
370 3282 531 3311 omnem
553 3267 763 3322 populum,
787 3274 828 3309 et
848 3268 986 3309 locuta
1007 3273 1069 3309 est
1089 3268 1145 3309 eis
1166 3267 1387 3321 sapienter:
1412 3266 1481 3320 qui
1503 3266 1727 3307 abscissum
1748 3270 1873 3320 caput
1893 3265 1998 3306 Seba

100 3327 170 3369 filii
195 3328 342 3369 Bochri
365 3327 623 3382 proiecerunt
646 3327 699 3368 ad
724 3327 835 3368 Ioab.
863 3332 904 3368 et
926 3326 992 3367 ille
1016 3326 1161 3368 cecinit
1184 3327 1298 3373 tuba,
1325 3330 1366 3366 et
1388 3330 1639 3366 recesserunt
1663 3325 1714 3366 ab
1739 3325 1849 3373 urbe,
1874 3336 1996 3365 unus-

101 3387 270 3441 quisque
297 3387 339 3427 in
365 3385 631 3427 tabernacula
657 3398 747 3426 sua:
779 3386 877 3427 Ioab
905 3391 1043 3427 autem
1070 3399 1252 3427 reversus
1280 3389 1341 3425 est
1370 3383 1587 3425 Ierusalem
1615 3383 1667 3424 ad
1693 3396 1837 3435 regem.

231 3513 284 3553 211,
309 3513 329 3545 9
354 3515 390 3546 ai
417 3513 470 3557 Rg
496 3514 527 3553 2,
551 3512 582 3546 5.

1709 3565 1780 3606 18*

2017 577 2088 601 svm
2109 578 2182 601 viros

2057 612 2141 636 Israel

2040 648 2157 672 seducit.

2018 889 2064 906 rex
2085 888 2184 907 concu-

2066 918 2139 942 binis

2036 953 2167 982 providet

2030 1132 2063 1149 ac
2084 1132 2174 1155 perse-

2031 1161 2174 1185 cntionem

2064 1196 2142 1221 Sebae

2036 1238 2080 1256 1116
2086 1232 2168 1260 ndat:

2070 1548 2140 1572 Ioab

2036 1583 2171 1608 Amasam

2051 1619 2156 1644 occidit

2030 2388 2063 2406 ac
2083 2382 2175 2407 decol-

2026 2417 2086 2442 lato
2107 2417 2179 2443 Seba

2020 2454 2183 2478 revertitur.
