2356 3760
118 180 172 218 27,
196 178 317 217 4—28‚
345 178 384 210 17
989 173 1143 208 Exom
1239 163 1248 169 '
1967 177 2017 217 69

118 270 384 325 receptacula.
405 269 542 311 omnia
559 280 658 308 vasa
675 281 725 308 ex
742 280 817 308 aere
835 267 1064 307 fabricabis.
1111 269 1127 291 1
1144 265 1470 318 Craticulamque
1489 265 1529 305 in
1548 266 1715 306 modum
1732 269 1827 307 retis
1846 282 2016 309 feneam:

120 343 189 383 per
207 330 319 370 cuius
340 333 537 381 quattuor
555 325 722 379 angulos
741 330 860 365 erunt
880 330 1077 379 quattuor
1095 324 1233 365 annuli
1252 324 1362 366 aenei.
1410 326 1425 348 5
1445 337 1544 377 quos
1564 337 1687 376 pones
1707 326 1846 365 subter
1864 327 2018 368 arulam

118 388 274 429 altaris:
305 387 459 439 eritque
488 384 682 425 craticula
710 397 836 437 usque
866 384 918 424 ad
946 383 1084 424 altaris
1113 383 1304 424 medium.
1364 384 1379 406 ⁶
1407 382 1544 423 Facies
1573 387 1614 423 91
1641 388 1776 423 vectes
1805 384 1942 425 altaris
1971 386 2019 426 de

118 447 234 500 lignis
260 445 377 487 setim
403 445 515 488 duos,
545 456 644 496 quos
670 442 822 496 operies
847 442 1007 483 laminis
1032 442 1169 483 feneis:
1226 443 1239 465 ⁷
1266 448 1306 481 et
1331 441 1495 481 induces
1520 453 1591 494 per
1615 440 1793 487 circulos,
1822 448 2019 496 eruntque

118 519 167 546 ex
198 511 372 558 utroque
402 503 527 543 latere
559 501 697 542 altaris
730 501 783 542 ad
813 501 1074 554 portandum.
1137 503 1152 524 s
1188 501 1299 540 aNon
1331 499 1516 544 solidum,
1551 499 1621 540 sed
1651 499 1770 540 inane
1802 506 1842 541 et
1874 514 2017 541 cavum

119 564 358 605 intrinsecus
387 561 508 602 facies
538 559 649 609 illud,
681 559 785 601 sicut
814 559 889 600 tibi
918 560 959 600 in
988 560 1127 600 Monte
1156 563 1432 600 monstratum
1461 563 1533 599 est.

225 624 240 647 ⁹
264 621 403 662 Facies
429 625 470 661 et
495 619 645 660 atrium
670 618 933 665 tabernaculi.
961 618 1001 658 in
1027 618 1139 658 cuius
1166 617 1333 658 australi
1358 616 1477 670 plaga
1503 623 1643 657 contra
1669 617 1877 658 meridiem
1903 624 2020 659 erunt
2061 622 2099 665 119
2114 623 2213 667 *amo*

119 681 293 722 tentoria
315 680 364 721 de
384 680 505 732 bysso
525 683 697 718 retorta:
720 682 885 718 centum
906 677 1064 718 cubitos
1086 690 1214 717 unum
1234 676 1340 717 latus
1362 675 1517 716 tenebit
1538 676 1578 715 in
1598 675 1862 728 longitudine.
1912 678 1948 701 ¹⁰
1967 677 2021 717 Et
2037 657 2225 684 mmmmm

118 740 326 781 columnas
342 737 487 791 viginti
503 749 595 777 cum
611 736 775 776 basibus
793 736 966 777 totidem
981 735 1112 783 aeneis,
1133 748 1222 789 quae
1238 735 1374 788 capita
1389 747 1481 774 cum
1498 733 1697 774 caelaturis
1714 735 1794 774 suis
1811 735 2021 776 habebunt

119 804 320 853 zugentea.
381 799 412 821 ¹¹
444 795 637 838 Similiter
668 801 708 835 et
739 795 780 835 in
811 795 936 835 latere
969 794 1168 848 aquilonis
1200 807 1272 847 per
1301 793 1467 846 longum
1499 797 1618 833 erunt
1649 793 1827 833 tentoria
1858 800 2021 834 centum

119 857 361 899 cubitorum.
389 855 586 896 columnae
610 854 766 907 viginti.
794 860 834 894 et
859 854 974 894 bases
999 866 1118 894 aeneae
1142 853 1321 893 eiusdem
1346 851 1514 895 numeri.
1541 858 1583 892 et
1606 851 1743 904 capita
1767 865 1905 892 earum
1930 866 2022 893 cum

119 915 318 957 caelaturis
345 914 426 955 suis
454 918 656 967 argentea.
714 914 744 937 ¹²
774 912 821 952 In
847 912 1064 953 latitudine
1092 925 1187 952 vero
1216 911 1319 953 atrii.
1351 911 1461 963 quod
1487 910 1649 963 respicit
1677 910 1730 951 ad
1757 911 2019 955 occidentem.

119 981 237 1016 erunt
269 973 445 1015 tentoria
478 985 548 1026 per
581 972 879 1025 quinquaginta
911 971 1081 1013 cubitos.
1118 976 1158 1011 et
1190 970 1388 1011 columnae
1420 969 1570 1013 decem.
1606 969 1802 1022 basesque
1835 969 2019 1010 totidem.

119 1036 151 1059 ¹³
184 1033 230 1074 111
263 1046 309 1073 93
342 1045 503 1086 quoque
536 1031 628 1071 atrii
658 1029 888 1079 latitudine,
924 1043 1013 1084 quae
1044 1029 1207 1083 respicit
1239 1029 1291 1070 ad
1323 1028 1530 1070 orientem.
1566 1028 1864 1081 quinquaginta
1895 1028 2022 1069 cubiti

120 1100 249 1133 erunt.
316 1094 347 1116 ¹⁴
384 1091 425 1131 in
464 1090 610 1144 quibus
649 1089 880 1143 quindecim
918 1089 1149 1130 cubitorum
1187 1088 1362 1129 tentoria
1409 1086 1525 1127 lateri
1572 1100 1650 1127 uno
1698 1087 2020 1140 deputabuntur,

119 1152 397 1204 columnaeque
426 1155 506 1190 tres
536 1154 577 1190 et
606 1148 721 1189 bases
751 1148 942 1189 totidem:
1000 1150 1031 1171 ¹⁵
1061 1153 1101 1188 et
1130 1147 1171 1188 in
1200 1147 1324 1188 latere
1354 1146 1479 1187 altero
1509 1150 1629 1186 erunt
1658 1146 1835 1186 tentoria
1864 1146 2022 1186 cubitos

120 1210 351 1252 obtinentia
379 1208 621 1263 quindecim,
653 1206 851 1248 oolumnae
878 1212 970 1251 tres.
1012 1213 1051 1247 et
1081 1207 1195 1247 bases
1224 1206 1409 1247 totidem.
1469 1206 1502 1228 ¹⁶
1532 1204 1579 1244 111
1606 1204 1777 1245 1111101111
1806 1217 1900 1245 vero
1930 1204 2020 1245 atrii

123 1270 192 1311 fiet
223 1268 446 1310 tentorium
478 1267 709 1308 cubitorum
742 1266 886 1318 viginti
919 1280 967 1307 ex
999 1265 1222 1319 hyacintho
1255 1270 1295 1305 et
1327 1276 1518 1317 purpura,
1554 1276 1753 1316 coccoque
1786 1263 1846 1303 bis
1879 1263 2020 1306 tinctO.

120 1334 161 1370 91
182 1329 302 1382 bysso
323 1332 488 1368 retorta.
514 1339 631 1379 opere
653 1325 860 1379 plumarii:
883 1325 1091 1366 columnas
1112 1324 1282 1365 habebit
1304 1328 1511 1377 quattuor,
1535 1334 1628 1362 cum
1649 1321 1814 1362 basibus
1836 1322 2020 1362 totidem.

123 1389 153 1412 ¹⁷
184 1388 333 1429 Omnes
364 1385 561 1427 columnae
590 1385 681 1425 atrii
710 1398 782 1438 per
810 1384 1023 1424 circuitum
1053 1383 1212 1423 vestitae
1241 1388 1359 1424 erunt
1390 1381 1588 1430 argenteis
1618 1380 1790 1424 laminis.
1822 1380 2024 1433 capitibus

122 1446 334 1500 argenteis,
365 1450 405 1486 et
434 1444 597 1485 basibus
626 1443 756 1484 aeneis.
816 1444 849 1466 ¹⁸
880 1443 925 1483 In
953 1442 1205 1496 longitudine
1234 1440 1449 1494 occupabit
1480 1439 1629 1480 atrium
1658 1439 1816 1479 cubitos
1845 1444 2022 1482 centum.

121 1506 160 1546 in
197 1504 416 1545 latitudine
454 1502 762 1556 quinquaginta.
803 1501 977 1542 altitudo
1016 1501 1194 1554 quinque
1231 1501 1461 1541 cubitorum
1500 1499 1586 1540 erit.
1629 1498 1779 1551 fietque
1817 1498 1865 1538 de
1903 1498 2023 1550 bysso

120 1569 286 1612 retorta,
321 1568 362 1603 et
393 1562 562 1603 habebit
594 1562 708 1602 bases
740 1574 882 1602 aeneas.
946 1563 978 1584 ¹¹*
1010 1562 1165 1601 (juncta
1198 1572 1295 1600 vasa
1330 1556 1579 1599 tabernaculi
1611 1556 1651 1596 in
1685 1569 1822 1597 omnes
1856 1570 1950 1597 usus
1983 1562 2022 1597 et

121 1622 378 1667 ceremonias.
408 1627 493 1662 tam
520 1620 691 1674 paxillos
719 1620 801 1660 eius
830 1633 953 1673 quam
980 1619 1083 1667 atrii,
1113 1632 1163 1659 ex
1188 1631 1263 1659 9919
1290 1618 1422 1658 facies.

225 1683 261 1706 ’111
278 1680 455 1733 Praecipe
477 1679 566 1720 filiis
589 1678 710 1719 lsrael
730 1684 774 1719 ut
795 1679 966 1719 afferant
987 1678 1061 1718 tibi
1080 1678 1212 1718 oleum
1232 1678 1280 1718 de
1300 1676 1510 1717 arboribus
1530 1675 1729 1715 olivarum
1748 1674 2022 1727 purissimum,
2039 1711 2046 1736 l
2077 1677 2114 1723 ³¹0,
2132 1676 2193 1701 0¹80

122 1741 283 1795 piloque
312 1745 546 1780 contusum:
577 1744 622 1778 ut
652 1738 794 1778 ardeat
820 1738 984 1778 lucerna
1012 1749 1169 1790 semper
1222 1737 1254 1760 ²¹
1281 1736 1322 1776 in
1351 1733 1612 1776 tabernaculo
1642 1733 1876 1781 testimonii,
1908 1737 2023 1773 extra
2050 1719 2227 1737 ucemasum'

122 1799 257 1840 velum
291 1799 400 1853 quod
434 1810 662 1851 oppansum
697 1802 757 1837 est
790 1796 1036 1837 testimonio.
1073 1796 1128 1836 Et
1161 1795 1417 1836 collocabunt
1453 1805 1542 1834 eam
1576 1793 1712 1833 Aaron
1746 1796 1786 1832 et
1822 1791 1892 1832 filii
1926 1791 2020 1839 eius,

123 1864 168 1899 ut
190 1871 317 1912 usque
338 1870 457 1897 mane
478 1856 611 1897 luceat
634 1869 768 1897 eoram
791 1855 978 1895 Domino.
1004 1855 1228 1908 Perpetuus
1251 1854 1324 1894 erit
1348 1852 1479 1893 cultus
1502 1864 1573 1905 per
1593 1850 1862 1892 successiones
1884 1863 2023 1891 eorum

122 1931 143 1957 a
177 1917 266 1958 filiis
298 1916 431 1958 Israel.

562 1985 599 2025 5.
630 1984 853 2024 Institutio
884 1984 939 2024 de
970 1982 1244 2032 sacerdotio,
1273 1983 1339 2031 28,
1358 1980 1505 2030 1—29,
1525 1980 1589 2020 37.

226 2051 290 2095 28.
345 2054 357 2075 ¹
389 2051 559 2105 Applica
592 2062 753 2104 quoque
784 2049 836 2089 ad
866 2054 906 2088 te
936 2048 1072 2088 Aaron
1103 2048 1270 2087 fratrem
1303 2053 1420 2086 tuum
1452 2058 1543 2085 cum
1578 2044 1666 2085 filiis
1699 2044 1779 2084 suis
1811 2043 1859 2084 de
1891 2043 2022 2083 medio
2056 2047 2095 2071 De
2118 2047 2202 2105 ‘'0551-

126 2111 299 2152 filiorum
326 2110 459 2154 131391,
487 2115 535 2150 111
559 2107 783 2150 sacerdotio
809 2107 1033 2160 fungantur
1058 2105 1173 2145 mihi:
1200 2105 1348 2149 Aaron.
1378 2104 1536 2148 Nadab.
1564 2110 1602 2144 et
1629 2103 1748 2151 Abiu,
1777 2101 1956 2146 Eleazar.
1984 2109 2025 2142 91
2077 2088 2141 2106 '¹¹³¹'
2159 2089 2181 2106 ’ὃ

130 2170 319 2211 [thamar.
378 2171 392 2193 ²
422 2169 641 2222 Faciesque
672 2172 828 2208 vestem
858 2170 1040 2206 sanctam
1073 2165 1209 2205 Aaron
1239 2164 1355 2204 fratri
1385 2168 1456 2203 tuo
1487 2163 1526 2202 in
1557 2162 1725 2215 gloriam
1756 2166 1795 2201 et
1826 2161 2022 2202 decorem.

124 2232 139 2253 ³³
164 2229 219 2270 Et
244 2228 418 2282 loqueris
445 2228 600 2268 cunctis
627 2225 877 2280 sapientibus
904 2224 1032 2265 corde.
1064 2237 1162 2277 quos
1188 2222 1339 2276 replevi
1365 2222 1507 2275 spiritu
1535 2221 1771 2275 prudentiae.
1800 2225 1848 2260 ut
1872 2220 2023 2260 faciant

125 2292 256 2328 vestes
273 2287 421 2335 Aaron,
442 2287 482 2328 in
501 2287 647 2340 quibus
665 2284 945 2326 sanctificatus
963 2283 1166 2324 ministret
1183 2281 1293 2322 mihi.
1339 2283 1354 2305 4
1373 2281 1469 2321 Haec
1488 2285 1625 2320 autem
1644 2286 1761 2320 erunt
1780 2279 2026 2319 vestimenta

125 2360 214 2400 quae
245 2347 414 2387 facient:
450 2345 677 2388 Rationale.
713 2350 752 2384 et
786 2341 1124 2396 superhumerale.
1159 2341 1341 2381 tunicam
1374 2344 1415 2380 et
1446 2339 1594 2379 lineam
1627 2339 1823 2385 strictam,
1859 2337 2024 2378 cidarim

124 2413 165 2446 et
188 2405 381 2447 balteum.
408 2405 575 2446 Facient
600 2404 843 2445 vestimenta
869 2406 1010 2442 3311913
1033 2400 1148 2441 fratri
1173 2405 1243 2440 tuo
1268 2400 1404 2440 Aaron
1429 2403 1469 2439 et
1495 2398 1584 2438 filiis
1609 2397 1703 2439 eius.
1730 2401 1777 2437 ut
1800 2396 2024 2437 sacerdotio

125 2465 349 2518 fungantur
373 2464 482 2504 mihi.
536 2465 551 2488 ⁵
576 2463 867 2516 Accipientque
894 2473 1049 2501 aurum.
1078 2465 1119 2500 et
1142 2458 1423 2512 hyacinthum.
1452 2462 1493 2497 et
1517 2469 1752 2510 purpuram,
1781 2467 2025 2507 coccumque

126 2523 185 2564 bis
215 2523 403 2569 tinctum,
435 2528 475 2564 91
504 2523 684 2576 byssum.

232 2584 247 2606 ⁶
276 2582 443 2622 Facient
475 2586 613 2622 autem
643 2578 969 2634 superhumerale
1000 2578 1048 2618 de
1080 2590 1176 2617 auro
1208 2582 1247 2617 et
1277 2575 1500 2629 hyacintho
1531 2579 1572 2615 et
1601 2586 1792 2627 purpura,
1826 2585 2024 2625 coccoque
2078 2577 2204 2636 ⁵⁰¹¹21¹¹¹t¹>q

128 2642 187 2683 bis
206 2641 346 2689 tincto,
369 2647 410 2681 91
428 2641 548 2694 bysso
568 2644 732 2682 retorta.
755 2651 873 2692 opere
891 2636 1102 2691 polymito.
1154 2638 1166 2659 ⁷
1186 2636 1299 2676 Duas
1319 2647 1407 2675 oras
1427 2634 1585 2674 iunctas
1605 2632 1774 2673 habebit
1792 2632 1833 2672 in
1852 2635 2025 2683 utroque
2047 2618 2125 2637 sacer
2148 2619 2164 2637 ⁰
2182 2619 2212 2641 ¹‘'

126 2700 250 2741 latere
275 2699 572 2747 summitatum.
600 2704 647 2740 111
670 2699 711 2739 111
736 2710 863 2738 unum
888 2696 1067 2737 redeant.
1124 2696 1139 2719 s
1165 2694 1260 2748 Ipsa
1285 2706 1445 2747 quoque
1470 2696 1636 2733 textura
1660 2695 1700 2731 et
1725 2695 1873 2731 cuncta
1897 2689 2026 2742 operis

128 2759 302 2800 varietas
322 2758 398 2799 erit
417 2772 467 2798 ex
486 2771 583 2799 auro
604 2763 645 2798 91
663 2756 898 2811 hyacintho,
921 2759 962 2796 et
980 2766 1171 2808 purpura,
1195 2765 1393 2806 coccoque
1413 2751 1473 2792 bis
1493 2750 1636 2798 tincto,
1659 2754 1699 2790 et
1719 2750 1838 2802 bysso
1859 2752 2023 2788 retorta.

129 2820 144 2842 ⁹
164 2819 386 2871 Sumesque
407 2817 507 2858 duos
526 2816 681 2870 lapides
702 2815 936 2869 onychinos,
959 2819 999 2854 91
1019 2812 1174 2866 sculpes
1194 2812 1235 2852 in
1256 2811 1310 2852 eis
1331 2810 1497 2851 nomina
1519 2809 1692 2849 filiorum
1716 2807 1854 2847 Israel:
1903 2808 1939 2830 ¹⁰
1958 2819 2027 2846 sex

128 2877 292 2918 nomina
319 2876 361 2916 in
387 2875 521 2929 lapide
550 2889 642 2924 uno,
674 2880 714 2916 91
742 2887 812 2915 sex
839 2873 993 2926 reliqua
1021 2872 1062 2912 in
1091 2871 1229 2913 altero.
1260 2870 1375 2911 iuxta
1405 2869 1586 2909 ordinem
1614 2865 1845 2907 nativitatis
1875 2877 2024 2906 eorum.

129 2938 157 2959 ¹¹
189 2936 318 2989 Opere
349 2934 562 2988 sculptoris
594 2940 635 2976 et.
665 2933 855 2975 caela-tura
884 2931 1106 2986 gemmarii,
1138 2929 1293 2982 sculpes
1325 2941 1390 2969 eos
1421 2927 1652 2968 nominibus
1685 2924 1860 2965 filiorum
1892 2922 2025 2967 Israel,

128 2993 300 3035 inclusos
331 3007 427 3034 auro
459 2999 582 3047 atque
613 2992 902 3034 circumdatos:
961 2992 992 3014 ¹²
1023 2994 1063 3030 91
1092 3001 1216 3042 1101193
1247 2988 1288 3028 111
1318 2993 1491 3039 utroque
1520 2985 1645 3025 latere
1675 2981 2025 3037 superhumeralis.

128 3052 358 3094 memoriale
394 3052 483 3093 filiis
519 3052 653 3093 Israel.
689 3050 958 3103 Portabitque
990 3048 1127 3089 Aaron
1161 3047 1325 3088 nomina
1360 3058 1498 3086 eorum
1532 3056 1667 3084 coram
1700 3041 1876 3083 Domino
1910 3053 2030 3093 super

128 3117 347 3165 utrumque
371 3111 597 3159 humerum,
626 3111 677 3151 ob
702 3109 1034 3151 recordationem.
1089 3109 1120 3131 ¹3
1145 3105 1283 3146 Facies
1309 3109 1350 3145 et
1374 3103 1541 3144 uncinos
1567 3116 1617 3143 ex
1642 3114 1751 3147 auro.
1806 3102 1837 3125 ¹4
1862 3104 1902 3140 et
1927 3100 2028 3140 duas

128 3169 335 3211 catenulas
360 3183 410 3210 ex
434 3182 531 3210 auro
554 3169 770 3223 purissimo
795 3168 869 3208 sibi
893 3166 1068 3207 invicem
1091 3165 1348 3211 cohaerentes,
1377 3175 1476 3216 quas
1500 3162 1646 3202 inseres
1672 3159 1839 3201 uncinis.
1892 3160 1924 3182 ¹⁵
1949 3158 2029 3198 Ra-

129 3229 278 3270 tionale
313 3241 473 3283 quoque
507 3228 643 3268 iudicii
676 3227 797 3268 facies
832 3238 949 3279 opere
983 3223 1182 3278 polymito
1216 3223 1333 3263 iuxta
1366 3225 1574 3261 texturam
1608 3216 1946 3272 superhumeralis
1980 3229 2029 3256 ex

129 3301 238 3337 auro,
269 3287 504 3341 hyacintho,
536 3291 576 3327 et
604 3299 794 3340 purpura,
826 3296 1025 3337 coccoque
1053 3282 1114 3324 bis
1143 3282 1284 3327 tincto,
1316 3286 1357 3321 et.
1385 3281 1504 3332 bysso
1534 3282 1698 3319 retorta.
1756 3278 1791 3301 ¹⁶
1819 3275 2029 3324 Quadran-

128 3346 268 3395 gulum
282 3345 359 3387 erit
373 3351 413 3386 et
428 3344 596 3399 duplex:
613 3357 843 3385 mensuram
858 3342 983 3396 palmi
998 3340 1167 3382 habebit
1181 3346 1268 3380 tam
1282 3339 1325 3379 111
1336 3337 1589 3391 longitudine
1605 3349 1728 3390 quam
1743 3335 1784 3375 in
1797 3333 2025 3375 latitudine.

130 3406 162 3429 ¹⁷
194 3405 405 3458 Ponesque
436 3404 478 3444 in
509 3417 554 3445 eo
588 3407 784 3456 quattuor
814 3401 972 3442 ordines
1003 3400 1204 3453 lapidum:
1238 3398 1278 3438 in
1309 3397 1438 3451 primo
1471 3409 1588 3436 versu
1621 3395 1696 3435 erit
1726 3391 2026 3446 lapissardius.

261 3509 281 3541 8
310 3483 395 3551 nsup
419 3482 472 3546 ΞΟ,
497 3508 548 3540 24.
