2356 3760
121 1772 169 1796 “vd
192 1780 238 1803 pel*

128 1808 231 1833 Lsaiam

79 1845 270 1877 confortatur·y

103 2556 130 2572 m
151 2548 259 2578 templo

79 2584 188 2608 litteras
202 2584 272 2613 regis

107 2619 253 2649 expandit.

290 203 366 242 (393
1101 198 1374 232 PROPHETi.-x
1913 203 1964 235 30.
1993 202 2132 236 low-37.
2159 203 2200 235 18

290 295 328 334 in
358 295 581 347 equitibus:
640 296 674 319 ¹⁰
701 300 741 335 et
769 307 876 333 nunc
905 293 1101 346 numquid
1132 293 1216 334 sine
1244 293 1421 334 Domino
1450 293 1611 334 ascendi
1641 294 1690 334 ad
1721 299 1869 334 terram
1899 295 2019 336 istam
2048 303 2093 336 ut
2122 296 2200 337 dis-

289 354 497 406 perderem
529 353 642 393 eam?
674 353 874 393 Dominus
905 352 1010 391 dixit
1039 352 1091 392 ad
1120 365 1202 392 me:
1234 352 1418 392 Ascende
1448 365 1568 405 super
1598 358 1746 393 terram
1778 353 1911 396 istam.
1944 359 1985 394 et
2014 355 2199 408 disperde

289 426 390 453 eam.
451 415 477 436 ¹¹
512 413 567 452 Et
596 412 700 452 dixit
735 411 911 453 Eliacim.
945 415 986 450 01
1014 410 1163 457 Sobna,
1196 416 1237 451 et
1273 410 1391 451 loahe
1421 411 1473 451 ad
1509 411 1737 452 Rabsacen:
1770 411 1952 465 Loquere
1982 413 2034 453 ad
2063 427 2198 454 servos

291 481 381 511 tuos
404 473 506 525 Syra
533 471 686 519 lingua:
715 469 975 517 intelligimus
999 469 1124 510 enim:
1152 483 1201 510 110
1226 469 1403 522 loquaris
1426 470 1478 510 ad
1503 483 1575 511 nos
1604 470 1763 511 iudaice
1789 470 1827 510 in
1856 471 2020 511 auribus
2045 472 2196 525 populi,

290 530 357 583 qui
384 537 443 570 est
470 543 589 582 super
614 541 787 569 murum.
843 530 873 552 ¹²
898 528 954 568 Et
979 528 1083 569 dixit
1108 529 1159 569 ad
1185 542 1251 569 eos
1284 529 1502 569 Rabsaces:
1532 529 1741 582 Numquid
1767 530 1819 569 ad
1844 529 2055 570 dominum
2081 536 2199 572 tuum

289 594 329 629 et
356 590 406 629 ad
435 598 473 628 te
501 589 603 628 misit
635 601 698 627 me
724 587 912 628 dominus
940 601 1064 633 meus,
1092 594 1139 628 ut
1164 587 1350 641 loquerer
1375 587 1512 627 omnia
1538 588 1660 628 verba
1686 588 1783 636 ista;
1812 593 1853 628 01
1878 602 1958 629 11011
1987 589 2121 642 potius
2148 590 2199 630 ad

289 648 407 689 viros.
444 648 509 700 qui
543 647 683 686 sedent
718 646 756 686 111
790 659 917 691 1111110,
952 652 998 687 111
1030 647 1249 687 comedant
1280 651 1458 686 stercora
1489 659 1573 693 sua,
1607 652 1649 687 et
1680 648 1826 688 bibant
1858 647 2015 688 urinam
2048 648 2198 701 pedum

288 720 451 747 suorum
486 706 722 746 vobiscum?
784 708 814 730 ¹³
847 706 898 745 Et
934 706 1050 746 stetit
1084 706 1299 749 Rabsaces,
1335 710 1377 745 et
1408 705 1603 746 clamavit
1634 719 1734 747 voce
1766 719 1915 759 magna
1953 707 2123 749 [udaice.
2159 713 2200 748 et

288 766 409 805 dixit:
435 765 586 805 Audite
610 765 735 805 verba
757 764 857 815 regis
882 764 1029 817 magni,
1054 764 1156 817 regis
1179 764 1451 817 Assyriorum.
1505 766 1536 788 ¹⁴
1563 764 1658 806 Haec
1681 765 1780 806 dicit
1801 779 1889 805 rex:
1917 766 2007 806 Non
2030 767 2200 808 seducat

291 838 359 863 vos
378 824 583 868 Ezechias,
604 824 700 877 quia
717 837 796 864 11011
815 824 965 876 poterit
983 836 1119 863 eruere
1137 836 1220 864 vos.
1269 824 1299 847 ¹⁵
1316 823 1371 863 Et
1389 836 1468 863 non
1488 823 1603 863 vobis
1620 823 1778 865 tribuat
1797 824 1986 865 fiduciam
2004 825 2198 867 Ezechias

287 896 407 936 super
441 883 628 926 Domino.
666 883 820 923 dicens:
861 883 1012 923 Eruens
1046 882 1237 922 liberabit
1271 895 1342 923 nos
1379 882 1589 929 Dominus,
1626 896 1706 924 non
1741 883 1909 924 dabitur
1942 884 2086 924 civitas
2120 884 2200 925 ista

288 942 326 982 in
348 955 472 982 manu
494 943 595 991 regis
616 942 886 995 Assyriorum.
939 943 972 965 ¹⁶
994 941 1129 981 Nolite
1151 941 1289 982 audire
1312 941 1547 982 Ezechiam:
1571 941 1656 983 haec
1676 943 1782 983 enim
1805 943 1903 983 dicit
1924 955 1994 983 rex
2014 943 2198 996 Assyrio-

288 1014 394 1041 rum:
422 1001 560 1041 Facite
584 1014 741 1042 mecum
768 1000 1104 1043 benedictionem.
1130 1006 1172 1040 et
1195 1000 1428 1053 egredimini
1454 1001 1505 1041 ad
1530 1014 1604 1046 me,
1631 1007 1672 1041 et
1694 1002 1895 1042 comedite
1918 1003 2199 1056 unusquisque

288 1060 446 1100 vineam
476 1074 602 1103 suam,
632 1066 671 1100 et
698 1059 976 1113 unusquisque
1003 1060 1124 1099 ficum
1151 1072 1285 1099 suani:
1314 1064 1355 1100 et
1381 1060 1507 1100 bibite
1534 1060 1812 1114 unusquisque
1839 1074 1989 1114 aquam
2015 1061 2199 1101 cisternae

286 1132 379 1162 suae,
437 1121 469 1143 ¹⁷
496 1119 624 1159 donec
650 1118 824 1164 veniam,
854 1124 894 1159 et
921 1118 1060 1159 tollam
1090 1131 1161 1159 vos
1189 1119 1237 1159 ad
1267 1124 1430 1164 terram,
1461 1132 1551 1172 quae
1576 1124 1637 1159 031
1663 1124 1710 1160 111
1736 1125 1845 1160 terra
1870 1126 2018 1168 vestra,
2047 1125 2197 1160 terram

289 1178 480 1218 frumenti
514 1184 555 1218 et
587 1178 682 1220 vini.
718 1183 867 1218 terram
902 1191 1055 1231 panum
1089 1183 1130 1218 et
1162 1177 1385 1218 vinearum.
1449 1180 1483 1202 ¹⁸
1517 1178 1600 1218 Nec
1632 1179 1851 1220 conturbet
1883 1193 1955 1219 vos
1988 1179 2195 1221 Ezechias

286 1237 440 1277 dicens:
479 1237 676 1278 Dominus
710 1236 899 1277 liberabit
935 1250 1018 1278 nos.
1056 1236 1267 1290 Numquid
1302 1237 1579 1278 liberaverunt
1613 1237 1665 1278 dii
1700 1238 1883 1291 gentium
1918 1238 2198 1292 unusquisque

288 1305 434 1336 terram
469 1310 582 1337 suam
616 1297 665 1337 de
697 1310 820 1336 manu
853 1296 954 1349 regis
986 1296 1270 1350 Assyriorum?
1330 1298 1365 1321 ¹⁹
1398 1296 1476 1337 Ubi
1509 1304 1570 1337 est
1601 1297 1699 1337 deus
1731 1296 1897 1342 Emath,
1932 1303 1972 1338 et
2002 1297 2197 1351 Arphad?

287 1355 356 1395 ubi
377 1364 436 1395 est
459 1356 557 1396 deus
579 1355 871 1409 Sepharvaim?
894 1355 1095 1409 numquid
1116 1355 1394 1396 liberaverunt
1414 1355 1641 1396 Sama-riam
1663 1356 1712 1396 (10
1733 1369 1858 1397 manu
1880 1357 1994 1397 mea?
2043 1359 2079 1381 2⁰
2100 1356 2198 1405 Quis

286 1420 347 1455 est
379 1428 428 1454 ex
461 1415 649 1456 omnibus
682 1415 757 1455 diis
790 1420 990 1455 terrarum
1022 1414 1205 1463 istarum,
1242 1415 1310 1468 qui
1343 1415 1492 1455 eruerit
1524 1420 1674 1455 terram
1707 1428 1822 1456 suam
1855 1415 1905 1456 de
1936 1428 2061 1456 manu
2094 1428 2195 1457 mea.

287 1479 333 1514 111
357 1481 473 1514 eruat
497 1474 697 1515 Dominus
726 1473 941 1514 ierusalem
968 1474 1017 1514 de
1041 1486 1165 1514 manu
1190 1473 1306 1514 mea?
1358 1476 1388 1498 ²¹
1415 1474 1470 1515 Et
1494 1473 1703 1519 siluerunt,
1731 1480 1772 1515 et
1796 1487 1877 1515 non
1901 1475 2197 1528 responderunt

286 1532 321 1573 ei
355 1533 537 1574 verbum.
574 1534 845 1574 Mandaverat
879 1533 983 1573 enim
1019 1546 1100 1579 rex,
1137 1533 1292 1573 dicens:
1330 1533 1388 1573 Ne
1423 1533 1701 1586 respondeatis
1736 1533 1781 1575 ei.
1844 1535 1876 1558 2²
1910 1534 1966 1574 Et
1998 1533 2199 1587 ingressus

286 1597 348 1632 est
375 1592 545 1633 Eliaeim
574 1592 677 1633 filius
707 1592 868 1635 Helciae.
900 1592 967 1646 qui
996 1597 1083 1632 erat
1110 1605 1231 1646 super
1257 1592 1437 1640 domum,
1468 1598 1509 1632 et
1536 1592 1675 1633 Sobria
1701 1593 1843 1641 scriba,
1874 1598 1915 1633 01
1944 1593 2067 1634 Ioahe
2094 1593 2199 1634 filius

287 1651 425 1704 Asaph
461 1665 485 1692 a
519 1651 820 1692 commentariis
856 1652 908 1691 ad
944 1651 1160 1691 Ezechiam
1196 1650 1326 1691 scissis
1364 1651 1557 1692 vestibus.
1595 1656 1635 1691 et
1670 1651 1969 1692 nunciaverunt
2004 1652 2039 1692 ei
2074 1653 2197 1693 verba

294 1711 494 1752 Rabsacis.

392 1768 454 1813 37.
510 1772 523 1793 ¹
553 1770 609 1811 Et
640 1770 815 1810 ἷᾶι1010111111
846 1776 917 1812 est.
950 1784 1041 1810 cum
1071 1769 1252 1810 audisset
1280 1782 1350 1809 rex
1378 1769 1584 1815 Ezechias,
1616 1769 1736 1810 scidit
1764 1770 2013 1811 vestimenta
2040 1784 2125 1813 sua.
2156 1776 2198 1812 et

287 1829 506 1869 obvolutus
534 1835 595 1870 est
621 1842 748 1873 sacco,
779 1835 819 1870 et
845 1829 1017 1869 intravit
1043 1828 1084 1869 in
1112 1829 1279 1869 domum
1306 1828 1484 1870 Domini.
1540 1830 1555 1853 2
1582 1828 1638 1869 Et
1664 1829 1775 1869 misit
1802 1829 1984 1875 Eliacim,
2015 1829 2084 1883 qui
2111 1835 2199 1871 erat

286 1902 405 1941 super
434 1889 613 1930 domum.
645 1895 685 1929 et
714 1889 893 1929 Sobnam
923 1888 1109 1935 scribant
1141 1893 1182 1928 et
1209 1888 1383 1928 seniores
1413 1888 1462 1928 (10
1491 1888 1771 1929 sacerdotibus
1800 1893 1962 1942 opertos
1991 1888 2116 1929 saccis
2146 1889 2199 1930 ad

293 1947 434 1987 isaiam
461 1948 588 1988 lilium
613 1948 737 1989 Amos
763 1948 1018 2001 prophetam,
1072 1949 1089 1972 3
1113 1952 1154 1988 01
1179 1947 1372 1988 dixerunt
1397 1947 1448 1988 ad
1473 1960 1584 1987 eum:
1613 1946 1711 1988 Haec
1736 1947 1836 1988 dicit
1860 1947 2074 1988 Ezechias:
2100 1948 2197 1988 Dies

288 2007 572 2050 tribulationis,
607 2014 648 2047 et
679 2007 955 2060 correptionis,
989 2012 1030 2047 et
1062 2006 1325 2060 blasphemiae
1356 2006 1439 2047 dies
1471 2006 1574 2047 haec:
1609 2006 1705 2059 quia
1735 2011 1937 2046 venerunt
1968 2006 2038 2046 filii
2071 2020 2198 2060 usque

286 2066 334 2106 ad
362 2072 538 2119 partum.
565 2073 604 2107 et
630 2066 759 2107 virtus
784 2080 864 2107 non
889 2071 950 2107 est
973 2065 1168 2119 pariendi.
1221 2067 1237 2090 4
1260 2065 1301 2106 si
1326 2079 1405 2119 quo
1429 2065 1551 2106 modo
1577 2065 1720 2106 audiat
1742 2065 1943 2106 Dominus
1967 2064 2078 2106 Deus
2102 2070 2198 2106 tuus

287 2126 408 2165 verba
448 2125 652 2173 Rabsaois,
691 2139 811 2179 quem
846 2125 957 2166 misit
990 2138 1060 2165 rex
1095 2125 1353 2178 Assyriorum
1388 2125 1576 2165 dominus
1611 2137 1707 2165 suus
1742 2124 1794 2164 ad
1828 2124 2198 2178 blasphemandum

291 2185 416 2225 Deum
444 2185 665 2231 viventem,
693 2190 734 2225 01
758 2184 1089 2237 exprobrandum
1115 2183 1380 2232 sermonibus,
1409 2197 1509 2237 quos
1535 2183 1696 2224 audivit
1719 2183 1921 2224 Dominus
1945 2183 2056 2224 Deus
2082 2189 2196 2225 tuus:

286 2244 377 2284 leva
407 2257 497 2297 ergo
530 2244 755 2285 orationem
786 2257 858 2297 pro
890 2243 1078 2296 reliquiis,
1113 2256 1202 2296 quae
1232 2248 1402 2296 repertae
1431 2248 1538 2283 sunt.
1598 2244 1613 2266 ⁵
1644 2242 1699 2283 Et
1730 2247 1931 2283 venerunt
1961 2243 2066 2284 servi
2095 2243 2197 2297 regis

291 2303 469 2344 Ezechiae
500 2304 551 2344 ad
587 2303 743 2343 lsaiam.
806 2304 821 2327 θ
850 2308 891 2343 01
921 2302 1025 2343 dixit
1056 2302 1107 2343 ad
1138 2315 1204 2343 eos
1237 2302 1380 2342 Isaias:
1415 2301 1511 2342 Haec
1542 2301 1684 2342 dicetis
1715 2302 1880 2342 domino
1911 2307 2066 2343 vestro:
2100 2302 2198 2343 Haec

286 2362 385 2403 ‹licit
407 2362 626 2403 Dominus:
654 2362 712 2402 Ne
736 2362 880 2402 timeas
905 2375 929 2402 a
950 2362 1052 2402 facie
1077 2362 1306 2403 verborum.
1334 2373 1424 2414 quae
1446 2360 1609 2409 audisti,
1636 2360 1783 2414 quibus
1808 2360 2198 2414 blasphemaverunt

286 2422 398 2475 pueri
427 2422 529 2475 regis
558 2421 815 2475 Assyriorum
845 2434 920 2462 me.
975 2422 988 2444 ⁷
1013 2420 1117 2461 Ecce
1146 2434 1218 2473 ego
1248 2420 1354 2461 dabo
1384 2419 1419 2460 ei
1448 2419 1648 2473 spiritum.
1680 2427 1721 2460 et
1750 2419 1890 2460 audiet
1918 2420 2124 2462 nuncium.
2157 2426 2199 2460 et

288 2486 514 2522 revertetur
543 2482 595 2522 ad
626 2486 775 2522 terram
806 2494 934 2525 suam,
968 2486 1009 2521 et
1038 2492 1221 2521 corruere
1252 2492 1345 2520 eum
1375 2479 1523 2519 faciam
1553 2478 1687 2533 gladio
1718 2478 1759 2519 in
1790 2484 1898 2519 terra
1927 2492 2012 2520 sua.

394 2542 408 2564 ⁸
446 2542 646 2581 Reversus
683 2546 744 2581 est
780 2545 917 2580 autem
957 2540 1172 2582 Rabsaces.
1212 2544 1252 2579 et
1288 2538 1445 2579 invenit
1480 2551 1613 2592 regem
1649 2538 1909 2591 Assyriorum
1945 2538 2197 2592 praeliantem

288 2600 481 2640 adversus
514 2600 710 2641 Lobnam.
746 2599 943 2640 Audierat
975 2598 1081 2638 enim
1116 2598 1211 2652 quia
1242 2598 1449 2652 profectus
1480 2602 1586 2638 esset
1617 2597 1666 2638 de
1698 2597 1855 2642 Lachis,
1919 2598 1934 2621 ⁹
1965 2602 2006 2637 et
2038 2597 2197 2638 audivit

287 2659 335 2700 (10
361 2659 545 2700 'l'haraea
567 2672 656 2712 rege
681 2658 910 2712 *Ethiopiae
937 2658 1135 2698 dicentes:
1161 2657 1356 2711 Egressus
1381 2661 1441 2697 est
1466 2662 1513 2697 ut
1536 2661 1692 2710 pugnet
1715 2661 1859 2697 contra
1882 2661 1933 2697 10.
1961 2656 2080 2705 Quod
2104 2669 2197 2697 cum

288 2718 478 2763 audisset,
509 2718 620 2759 misit
646 2717 814 2758 nuncios
843 2718 894 2758 ad
922 2716 1151 2763 Ezechiam,
1182 2716 1336 2757 dicens:
1393 2717 1428 2740 ¹⁰
1455 2715 1553 2756 Haec
1581 2715 1722 2756 dicetis
1750 2715 1934 2756 Ezechiae
1959 2715 2041 2769 regi
2072 2715 2194 2758 Iudae.

286 2777 516 2831 loquentes:
552 2778 642 2818 Non
675 2784 715 2818 te
747 2776 925 2830 decipiat
955 2776 1066 2816 Deus
1098 2782 1204 2818 tuus.
1240 2775 1281 2815 in
1313 2789 1392 2828 quo
1426 2780 1471 2815 tu
1504 2774 1684 2824 confidis,
1719 2774 1873 2815 dicens:
1909 2774 2000 2815 Non
2032 2774 2199 2815 dabitur

294 2837 506 2877 ierusalem
539 2837 579 2877 in
614 2850 738 2877 manu
772 2836 873 2888 regis
906 2835 1177 2889 Assyriorum.
1241 2836 1267 2859 ¹¹
1305 2834 1410 2875 Ecce
1444 2839 1489 2875 tu
1523 2834 1673 2875 audisti
1708 2833 1855 2878 omnia,
1893 2846 1983 2887 quae
2014 2833 2197 2873 fecerunt

290 2909 396 2945 reges
414 2896 672 2949 Assyriorum
692 2895 880 2937 omnibus
900 2894 1026 2939 101113,
1050 2908 1150 2948 quas
1169 2894 1472 2938 subverterunt,
1494 2898 1535 2933 et
1553 2898 1598 2933 tu
1618 2892 1769 2946 poteris
1787 2892 1973 2933 liberari?
2021 2893 2052 2916 ¹²
2072 2892 2198 2933 Num-

290 2955 386 3007 quid
414 2962 605 2996 eruerunt
632 2969 698 2996 eos
726 2955 781 2996 dii
808 2953 1014 3003 Gentium,
1046 2967 1145 3007 quos
1174 2954 1465 2994 subverterunt
1492 2958 1629 3006 patres
1657 2951 1735 2992 mei
1762 2952 1928 2995 Gozam.
1959 2957 1999 2991 et
2028 2951 2194 2995 Haram,

289 3021 329 3053 et
358 3014 528 3067 Res-eph,
558 3020 598 3054 et
626 3014 725 3055 111103
753 3013 881 3062 Ε(1011,
912 3013 979 3066 qui
1008 3019 1123 3053 erant
1151 3012 1189 3052 in
1219 3011 1458 3052 Thalassar?
1516 3013 1545 3035 ¹³
1573 3011 1651 3052 Ubi
1680 3015 1742 3051 est
1767 3023 1838 3050 rex
1865 3010 2030 3054 Emath,
2060 3015 2101 3051 et
2127 3023 2196 3050 rex

290 3073 467 3125 Arphad,
501 3080 539 3113 et
569 3087 639 3114 rex
670 3074 778 3115 urbis
809 3072 1088 3126 Sepharvaim.
1121 3072 1223 3115 Ana.
1256 3077 1298 3112 01
1326 3071 1440 3111 Ava?
1500 3073 1530 3094 11
1561 3070 1616 3110 Ε1
1647 3069 1742 3110 tulit
1772 3069 1965 3110 Ezechias
1997 3069 2117 3109 libros
2148 3069 2196 3109 de

291 3145 411 3171 manu
431 3132 680 3176 mmciorum,
699 3138 739 3173 et
754 3132 850 3187 legit
865 3145 943 3174 eos.
961 3136 1002 3171 01
1018 3130 1198 3171 ascendit
1216 3131 1255 3171 in
1272 3131 1438 3171 domum
1457 3129 1632 3178 Domini,
1651 3134 1693 3170 et
1707 3128 1906 3182 expandit
1921 3141 1986 3169 003
2002 3127 2196 3168 Ezechias

290 3203 422 3230 eoram
445 3191 631 3232 Domino.
681 3193 710 3215 ¹5
730 3192 785 3232 Et
803 3190 937 3233 oravit
956 3189 1148 3230 Ezechias
1168 3190 1219 3230 ad
1238 3189 1475 3236 Dominum,
1496 3188 1650 3229 dicens:
1697 3189 1732 3212 ¹⁶
1750 3187 1924 3227 Domine
1943 3187 2193 3227 exercituum

294 3250 398 3289 Deus
432 3250 559 3291 lsrael.
589 3251 654 3302 qui
681 3251 793 3291 sedes
818 3263 938 3303 super
962 3249 1188 3290 cherubim:
1216 3255 1260 3289 tu
1287 3262 1327 3289 es
1351 3248 1462 3288 Deus
1487 3247 1594 3288 solus
1619 3247 1800 3288 omnium
1826 3258 2040 3299 regnorum
2068 3253 2194 3286 terrae.

291 3317 333 3348 tu
358 3308 487 3348 fecisti
509 3308 648 3348 czelum
672 3316 712 3349 et
735 3316 894 3350 terram.
948 3310 980 3332 ¹⁷
1005 3307 1158 3348 inclina
1185 3307 1355 3348 Domine
1377 3320 1513 3347 aurem
1539 3313 1666 3354 tuam,
1691 3311 1731 3346 et
1753 3305 1866 3346 audi:
1891 3304 1998 3358 aperi
2022 3304 2196 3345 Domine

290 3367 425 3407 oculos
444 3375 547 3415 tuos,
568 3375 605 3407 et
627 3367 728 3410 vide.
750 3375 786 3408 et
808 3368 902 3409 audi
920 3367 1055 3409 omnia
1076 3367 1196 3407 verba
1216 3366 1501 3407 Sennacherib.
1523 3378 1614 3418 quae
1630 3364 1740 3405 misit
1758 3364 1810 3404 ad
1828 3363 2195 3417 blasphemandum

293 3426 421 3466 Deum
448 3426 664 3466 virentem.
722 3429 753 3449 ¹³⁸
779 3428 876 3467 Vere
900 3427 1005 3467 enim
1031 3425 1204 3466 Domine
1228 3426 1407 3465 desertas
1432 3426 1614 3465 fecerunt
1639 3436 1748 3477 reges
1772 3422 2029 3476 Assyriorlun
2054 3428 2193 3463 terras.

420 3560 473 3601 37,
499 3561 515 3593 1
543 3562 580 3592 ³2
609 3559 659 3603 ag
686 3561 736 3599 io,
764 3562 791 3593 1.
