2356 3760
136 145 167 184 6,
193 144 312 183 ss-r,
339 144 359 177 6
901 141 1278 175 MAOHABAEORUM
1959 150 2035 191 913

134 237 327 291 magister
354 237 504 278 bestiae.
561 238 596 260 33
625 237 681 277 Et
707 235 913 276 residuum
942 235 1173 288 equitatum
1202 236 1295 277 hinc
1324 242 1364 277 et
1392 236 1484 277 inde
1513 237 1661 277 statuit
1688 238 1727 278 in
1757 241 1856 282 duas
1885 247 2033 294 partes,

135 296 244 337 tubis
277 296 500 336 exercitum
533 307 799 341 commovere,
834 299 875 334 et
906 307 1118 347 perurgere
1150 295 1402 348 constipatos
1434 295 1473 335 in
1506 295 1729 349 legionibus
1761 298 1855 340 eius.
1915 302 1950 325 ³⁹
1982 301 2038 341 Et

135 359 182 395 ut
202 354 360 395 refulsit
381 354 440 396 sol
460 354 501 394 in
523 353 684 407 clypeos
706 364 860 401 aureos,
884 358 925 392 et
945 365 1078 399 aereos,
1102 353 1440 406 resplenduerunt
1461 359 1619 395 montes
1641 355 1692 395 ab
1714 356 1780 401 eis,
1804 362 1844 397 et
1864 358 2037 411 resplen-

135 413 312 454 duerunt
337 413 442 454 sicut
466 412 675 464 lampades
700 410 814 463 ignis.
868 412 904 434 4⁰
928 411 984 451 Et
1009 411 1204 452 distincta
1229 418 1290 452 est
1314 425 1407 465 pars
1433 413 1632 453 exercitus
1658 414 1759 467 regis
1785 427 1855 467 per
1879 421 2037 457 montes

135 472 324 519 excelsos,
347 476 388 512 et
407 471 487 512 alia
504 482 576 523 per
592 469 682 510 loca
700 468 887 509 humilia:
910 474 950 509 et
969 469 1086 510 ibant
1106 475 1224 510 caute
1244 475 1285 510 et
1305 470 1500 512 ordinate.
1549 473 1580 495 ⁴¹
1600 472 1655 512 Et
1675 474 2040 514 commovebantur

135 544 274 572 omnes
308 529 587 570 inhabitantes
622 532 772 568 terram
807 541 831 568 a
864 541 962 569 voce
996 528 1283 575 multitudinis,
1321 533 1362 569 et
1396 529 1550 569 incessu
1585 531 1726 579 turbae,
1763 536 1804 572 et
1838 532 2040 573 collisione

135 602 359 630 armorum:
389 592 476 629 erat
503 586 608 627 enim
637 585 835 626 exercitus
863 599 1034 640 magnus
1062 586 1192 633 valde,
1223 593 1263 627 et
1289 587 1417 629 fortis.
1473 590 1504 612 ⁴2
1532 589 1587 629 Et
1614 589 1875 643 appropiavit
1904 591 2037 635 Iudas,

135 653 176 688 et
203 647 403 688 exercitus
431 646 513 687 eius
540 644 581 685 in
608 644 809 697 praelium:
840 650 881 686 et
907 645 1140 686 ceciderunt
1167 646 1216 686 de
1243 646 1421 686 exercitu
1450 647 1550 700 regis
1578 648 1756 688 sexcenti
1785 648 1870 689 viri.
1926 651 1958 673 43
1985 649 2041 689 Et

135 705 239 746 vidit
266 705 436 746 Eleazar
460 704 564 745 filius
590 704 719 744 Saura
746 716 869 744 unam
897 704 946 744 de
972 704 1111 745 bestiis
1137 703 1349 745 loricatam
1375 703 1506 745 loricis
1533 705 1652 759 regis:
1681 712 1720 746 et
1748 712 1835 747 erat
1861 707 2040 747 eminens

135 777 255 818 super
273 769 427 806 ceteras
446 761 608 804 bestias.
630 766 671 802 et
690 762 822 803 visum
842 768 903 803 est
922 763 955 803 ei
976 763 1085 816 quod
1103 762 1144 803 in
1163 776 1211 803 ea
1229 767 1334 803 esset
1352 776 1439 803 rex:
1487 765 1518 787 ⁴⁴
1538 768 1578 803 et
1597 764 1710 804 dedit
1728 778 1768 805 se
1788 770 1834 805 ut
1851 765 2041 806 liberaret

134 823 332 877 populum
353 835 484 871 suum,
507 826 548 861 et
568 820 796 874 acquireret
816 821 891 861 sibi
912 834 1059 862 nomen
1081 826 1291 863 aeternum.
1340 823 1372 845 ⁴⁵
1392 822 1448 861 Et
1468 822 1645 862 cucurrit
1666 823 1717 863 ad
1738 835 1827 863 eam
1849 824 2042 864 audacter

134 882 175 922 in
199 881 333 923 medio
356 879 522 934 legionis
546 879 791 920 interficiens
816 893 840 920 a
863 880 1028 928 dextris,
1056 885 1096 921 et
1120 893 1144 921 a
1167 879 1350 927 sinistris,
1377 884 1419 920 et
1442 881 1646 921 cadebant
1670 881 1720 921 ab
1746 894 1790 922 eo
1815 882 1894 922 huc
1918 887 2042 935 atque

135 940 240 982 illuc.
291 942 326 964 4⁵
348 940 404 980 Et
425 939 502 979 ivit
523 938 598 979 sub
621 939 743 992 pedes
767 938 1005 992 elephantis,
1031 943 1072 980 et
1093 939 1310 992 supposuit
1331 952 1372 979 se
1394 938 1440 987 ei,
1466 944 1507 979 et
1529 939 1677 980 occidit
1699 953 1809 980 eum:
1835 945 1875 980 et
1897 940 2042 981 cecidit

134 999 175 1040 in
190 1004 341 1041 terram
356 1011 477 1052 super
491 997 636 1051 ipsum,
655 1002 695 1037 et
710 1002 896 1038 mortuus
912 1002 972 1037 est
987 997 1077 1038 illie.
1122 999 1156 1021 ⁴⁷
1172 997 1228 1038 Et
1243 997 1427 1038 videntes
1444 997 1640 1038 virtutem
1656 998 1769 1051 regis,
1787 1004 1828 1039 et
1842 998 2041 1051 impetum

135 1058 335 1099 exercitus
365 1057 461 1105 eius,
493 1056 750 1097 diverterunt
779 1069 819 1097 se
849 1057 900 1096 ab
931 1056 996 1097 eis.

239 1123 275 1146 4⁸
305 1122 448 1162 Castra
478 1125 616 1161 autem
647 1120 748 1174 regis
779 1121 1050 1162 ascenderunt
1080 1126 1222 1161 contra
1252 1134 1318 1162 eos
1349 1120 1389 1161 in
1423 1120 1651 1169 Ierusalem,
1685 1126 1726 1161 et
1756 1121 2041 1174 applicuerunt
2113 1132 2177 1149 011¹ss

135 1187 270 1222 castra
295 1180 397 1233 regis
425 1180 477 1220 ad
507 1179 699 1225 Iudaeam,
729 1184 770 1220 et
796 1184 979 1220 montem
1006 1179 1114 1220 Sion.
1170 1181 1204 1203 49
1232 1180 1288 1220 Et
1314 1179 1410 1219 fecit
1437 1192 1578 1232 pacem
1606 1192 1698 1219 curn
1725 1179 1798 1227 his,
1829 1179 1897 1233 qui
1925 1183 2042 1220 erant
2064 1161 2227 1227 ιξῖἑζῗῑῗῖιῗ.

135 1240 175 1281 in
199 1239 419 1281 Bethsura:
444 1243 485 1279 et
506 1238 691 1279 exierunt
713 1238 762 1279 de
784 1238 964 1283 civitate,
989 1238 1085 1292 quia
1105 1251 1186 1279 non
1209 1242 1325 1278 erant
1346 1238 1400 1278 eis
1422 1237 1477 1278 ibi
1499 1237 1694 1278 alimenta
1715 1238 1922 1285 conclusis,
1948 1237 2044 1291 quia

135 1299 312 1340 sabbata
325 1302 443 1339 erant
456 1302 584 1338 terrae.
628 1299 664 1321 ⁵⁰
678 1297 732 1337 Et
748 1296 1057 1350 comprehendit
1070 1309 1140 1337 rex
1156 1296 1420 1337 Bethsuram:
1438 1300 1478 1336 et
1493 1295 1707 1337 constituit
1721 1296 1800 1336 illic
1814 1296 2042 1337 custodiam

135 1370 295 1399 servare
325 1370 427 1398 eam.

239 1419 271 1440 ⁵1
303 1416 359 1456 Et
389 1414 592 1456 convertit
623 1420 757 1455 castra
787 1415 839 1454 ad
869 1413 1002 1454 locum
1034 1413 1367 1454 sanctificationis
1400 1412 1482 1453 dies
1514 1412 1682 1453 multos:
1715 1418 1756 1454 et
1786 1412 1934 1453 statuit
1963 1411 2042 1452 illic
2083 1415 2210 1473 ¹¹¹0¹¹¹s²l¹J¹

136 1475 316 1523 balistas,
343 1479 384 1514 et
406 1473 628 1521 machinas,
655 1477 696 1512 et
719 1472 820 1525 ignis
844 1471 986 1517 iacula,
1013 1477 1054 1512 et
1078 1476 1285 1513 tormenta
1308 1472 1359 1512 ad
1382 1471 1536 1524 lapides
1561 1471 1784 1519 iactandos,
1811 1476 1852 1511 et
1875 1470 2039 1524 spicula,
2077 1451 2216 1523 οξῖἑῖἶὶξᾷἷρ

136 1538 177 1575 et
196 1533 373 1586 scorpios
393 1532 445 1573 ad
465 1531 688 1572 mittendas
709 1530 892 1583 sagittas,
915 1535 956 1571 et
974 1529 1201 1571 fundibula.
1249 1532 1281 1554 ⁵²
1300 1530 1502 1571 Fecerunt
1522 1535 1659 1570 autem
1680 1534 1721 1570 et
1739 1529 1814 1583 ipsi
1834 1529 2043 1570 machinas
2093 1521 2202 1550 ¹¹⁶‘¹¹¹¹¹’

136 1593 331 1634 adversus
356 1590 565 1631 machinas
590 1603 740 1639 eorum,
768 1594 809 1630 et
832 1594 1121 1643 pugnaverunt
1145 1589 1228 1630 dies
1253 1588 1415 1629 multos.
1468 1590 1501 1613 53
1524 1588 1638 1629 Escae
1662 1593 1799 1629 autem
1824 1601 1905 1629 non
1930 1592 2046 1628 erant

136 1652 176 1692 in
196 1651 377 1696 civitate,
398 1662 444 1691 eo
464 1649 575 1703 quod
592 1649 790 1702 septimus
810 1662 939 1689 annus
959 1653 1081 1689 esset:
1102 1653 1143 1688 et
1163 1648 1231 1701 qui
1249 1652 1529 1688 remanserant
1547 1647 1587 1687 in
1608 1646 1746 1688 Iudaea
1764 1647 1812 1687 de
1831 1646 2043 1688 Gentibus

137 1713 476 1763 consumpserant
492 1707 682 1762 reliquias
702 1720 853 1757 eorum,
876 1720 966 1761 quae
984 1706 1171 1760 repositae
1188 1707 1363 1747 fuerant.
1411 1708 1442 1730 ⁵⁴¹
1461 1706 1517 1746 Et
1534 1710 1817 1746 remanserunt
1834 1705 1875 1746 in
1894 1703 2044 1745 sanctis

137 1769 212 1810 viri
239 1768 370 1822 pauci,
401 1767 595 1821 quoniam
623 1766 859 1807 obtinuerat
885 1779 951 1807 eos
979 1766 1125 1806 fames:
1154 1770 1196 1806 et
1222 1764 1390 1818 dispersi
1418 1769 1513 1805 sunt
1540 1764 1818 1817 unusquisque
1845 1764 1884 1803 in
1911 1763 2045 1804 locum

137 1841 268 1870 suum.

241 1889 273 1911 55
302 1887 358 1927 Et
385 1884 545 1926 audivit
573 1884 714 1938 Lysias
744 1885 853 1937 quod
882 1883 1106 1937 Philippus,
1138 1896 1259 1937 quem
1288 1882 1557 1924 constituerat
1585 1895 1654 1922 rex
1682 1881 1920 1929 Antiochus,
1951 1893 2042 1920 cum
2070 1881 2226 1941 ⁰333&ss

138 1946 271 1987 adhuc
297 1945 465 1988 viveret,
494 1948 541 1984 ut
566 1943 741 1984 nutriret
766 1943 1015 1984 Antiochum
1042 1941 1170 1983 filium
1195 1955 1326 1990 suum,
1355 1946 1396 1982 et
1421 1946 1618 1994 regnaret,
1671 1943 1707 1963 55
1732 1952 1914 1980 reversus
1940 1942 2045 1979 esset
2075 1924 2099 1947 ¹⁴
2139 1936 2143 1941 “
2230 1936 2236 1945 ’

138 2019 162 2046 a
190 2003 365 2048 Perside,
397 2008 440 2044 et
468 2002 614 2044 Media.
648 2008 689 2043 et
718 2001 918 2042 exercitus
950 2001 1018 2054 qui
1049 2001 1206 2042 abierat
1236 2013 1328 2041 cum
1358 2000 1457 2053 ipso,
1490 2005 1531 2040 et
1562 1999 1656 2053 quia
1687 1999 1895 2052 quaerebat
1924 1996 2045 2038 susci-

137 2076 231 2118 pere
246 2063 356 2116 regni
373 2061 554 2115 negotia:
598 2063 632 2085 ⁵⁷
649 2060 862 2101 festinavit
877 2060 943 2107 ire,
963 2065 1002 2100 et
1019 2060 1149 2101 dicere
1165 2059 1217 2100 ad
1232 2072 1378 2113 regem,
1397 2063 1438 2099 et
1454 2059 1574 2099 duces
1591 2058 1808 2099 exercitus:
1825 2056 2046 2097 Deficimus

140 2121 334 2177 quotidie,
363 2126 403 2161 et
429 2133 520 2161 esca
544 2120 660 2160 nobis
688 2119 849 2161 modica
873 2123 946 2161 est.
975 2123 1016 2159 et
1041 2118 1163 2163 locus,
1194 2130 1314 2171 quem
1342 2116 1584 2165 obsidemus,
1614 2121 1675 2157 est
1700 2116 1894 2164 munitus,
1923 2119 1964 2155 et
1988 2114 2046 2154 in-

139 2180 297 2223 cumbit
324 2179 439 2221 nobis
468 2178 654 2220 ordinare
682 2179 731 2219 de
758 2191 893 2232 regno.
948 2179 984 2202 ⁵⁸
1014 2177 1131 2218 Nunc
1158 2177 1298 2230 itaque
1327 2177 1468 2217 demus
1496 2176 1660 2216 dextras
1688 2174 1920 2216 hominibus
1948 2172 2046 2217 istis,

139 2245 181 2282 et
206 2239 404 2281 faciamus
431 2251 523 2279 cum
550 2237 626 2278 illis
653 2250 807 2291 pacem,
837 2241 878 2277 et
904 2249 996 2277 cum
1025 2236 1134 2277 omni
1160 2241 1280 2289 gente
1308 2248 1465 2275 eorum:
1520 2236 1555 2259 ⁵⁹
1582 2239 1623 2275 et
1649 2233 1946 2275 constituamus
1974 2230 2048 2271 illis

140 2304 187 2340 ut
219 2298 432 2339 ambulent
463 2296 504 2337 in
535 2296 725 2350 legitimis
758 2295 839 2336 suis
873 2295 978 2336 sicut
1010 2295 1132 2348 prius.
1167 2299 1334 2347 propter
1366 2293 1547 2347 legitima
1579 2292 1685 2333 enim
1718 2292 1909 2345 ipsorum,
1946 2303 2036 2343 quae

140 2357 410 2411 despeximus,
439 2355 532 2397 irati
557 2360 665 2399 sunt,
694 2360 735 2395 et
759 2355 944 2395 fecerunt
970 2353 1107 2395 omnia
1131 2353 1227 2394 haec.
1285 2354 1321 2376 ⁶⁰
1346 2352 1399 2392 Et
1426 2351 1580 2405 placuit
1605 2363 1735 2392 sermo
1761 2350 1801 2390 in
1828 2353 2047 2402 conspectu

139 2416 253 2470 regis,
276 2421 317 2456 et
335 2415 583 2469 principum:
604 2418 646 2455 et
664 2413 774 2454 misit
793 2414 846 2454 ad
865 2426 931 2454 eos
951 2425 1092 2466 pacem
1112 2412 1261 2453 facere:
1283 2416 1324 2451 et
1342 2415 1581 2464 receperunt
1600 2408 1721 2450 illam.
1773 2410 1803 2432 ⁵¹
1824 2408 1879 2448 Et
1897 2406 2048 2448 iuravit

139 2475 215 2516 illis
243 2488 325 2523 rex,
356 2479 397 2515 et
425 2473 643 2527 principes:
674 2477 716 2513 et
743 2472 930 2513 exierunt
958 2472 1007 2512 de
1036 2471 1273 2512 munitione.

248 2540 280 2563 ⁰2
303 2539 358 2579 Et
380 2537 553 2579 intravit
573 2550 644 2577 rex
666 2541 849 2578 montem
871 2536 980 2583 Sion,
1006 2540 1046 2576 et
1069 2535 1173 2576 vidit
1196 2534 1465 2575 munitionem
1487 2532 1581 2574 loci:
1607 2537 1647 2573 et
1669 2531 1780 2585 rupit
1802 2530 1919 2572 citius
1942 2529 2046 2570 iura-
2101 2532 2200 2556 pacm

2090 2561 2095 2585 i
2100 2569 2116 2585 u
2121 2562 2213 2586 ratam

140 2603 338 2646 mentum,
375 2597 484 2651 quod
515 2595 684 2637 iuravit:
719 2600 760 2636 et
791 2595 1007 2636 mandavit
1038 2595 1245 2635 destruere
1276 2605 1437 2634 murum
1471 2592 1511 2633 in
1542 2604 1653 2645 gyro.
2095 2596 2208 2627 frangit,

248 2664 281 2687 ⁵³
309 2662 365 2702 Et
392 2660 576 2703 discessit
602 2659 856 2705 festinanter,
887 2664 928 2699 et
956 2671 1139 2699 reversus
1167 2662 1229 2698 est
1256 2655 1529 2703 Antiochiam,
1560 2658 1601 2695 et
1628 2653 1786 2694 invenit
1813 2652 2046 2706 Philippum
2071 2648 2232 2673 mmmm·

142 2721 424 2764 dominantem
451 2719 628 2761 civitati:
657 2724 699 2760 et
724 2717 926 2773 pugnavit
952 2718 1146 2758 adversus
1173 2730 1277 2761 eum,
1307 2720 1348 2756 et
1374 2713 1592 2767 occupavit
1617 2712 1840 2753 civitatem.

364 2837 464 2887 ΙΙΙ.
504 2835 801 2887 Demetrio
840 2835 881 2885 Ι.
922 2833 1123 2884 Sotere
1162 2832 1461 2898 regnante,
1501 2827 1830 2890 7,1—9,22.

431 2927 470 2967 1.
501 2926 634 2967 ludas
663 2927 836 2967 Alcimo
866 2925 1094 2967 sacerdoti
1126 2923 1265 2976 impIo
1296 2920 1530 2974 praevalet,
1558 2921 1597 2970 7,
1617 2918 1762 2959 1—25.

251 2998 285 3041 7.
342 2999 354 3022 ¹
392 2998 511 3038 Anno
549 2997 769 3038 centesimo
808 2995 1144 3050 quinquagesimo
1183 2993 1312 3047 primo
1351 2992 1449 3032 exiit
1485 2989 1716 3030 Demetrius
1753 2986 1907 3028 Seleuci
1944 2986 2048 3027 filius
2074 2986 2236 3047 ’ἶζζῇξιξξξῡε

144 3058 195 3099 ab
222 3057 321 3098 urbe
349 3056 493 3105 Roma,
521 3060 563 3096 et
588 3056 772 3097 ascendit
797 3069 889 3096 curn
916 3054 1055 3108 paucis
1082 3053 1177 3094 viris
1203 3053 1243 3093 in
1271 3051 1481 3092 civitatem
1507 3047 1767 3095 maritimam,
1797 3050 1838 3087 et
1862 3045 2050 3099 regnavit
2206 3041 2212 3051 ’

143 3116 234 3157 illic.
283 3117 298 3140 2
319 3114 375 3155 Et
394 3114 551 3155 factum
572 3119 644 3163 est,
668 3119 715 3155 ut
735 3114 935 3168 ingressus
957 3118 1018 3154 est
1038 3113 1206 3154 domum
1227 3109 1337 3164 regni
1358 3113 1522 3161 patrum
1544 3119 1721 3152 suorum,
1744 3103 2054 3158 comprehendit

145 3173 345 3216 exercitus
368 3172 631 3221 Antiochum,
658 3177 699 3213 et
722 3173 899 3226 Lysiam,
926 3177 973 3213 ut
997 3171 1247 3213 adducerent
1271 3181 1336 3209 eos
1361 3167 1412 3208 ad
1437 3179 1540 3207 eum.
1593 3167 1607 3189 3
1631 3164 1687 3206 Et
1709 3177 1770 3205 res
1795 3163 1828 3203 ei
1852 3161 2051 3203 innotuit:

145 3238 186 3274 et
213 3233 289 3273 ait:
320 3231 456 3273 Nolite
482 3231 582 3272 mihi
610 3232 821 3273 ostendere
848 3231 994 3272 faciem
1022 3243 1172 3272 eorum.
1229 3230 1244 3252 4
1271 3227 1326 3267 Et
1354 3225 1501 3266 occidit
1528 3237 1594 3266 eos
1622 3222 1834 3265 exercitus.
1865 3221 1921 3262 Et
1947 3220 2053 3261 sedit

144 3291 377 3333 Demetrius
405 3303 526 3344 super
552 3290 688 3331 sedem
716 3289 827 3343 regni
854 3290 933 3330 sui:
2180 3337 2185 3341 Π

248 3357 264 3379 5
292 3359 334 3395 et
361 3358 562 3395 venerunt
590 3354 641 3394 ad
670 3367 762 3394 eum
790 3353 866 3394 viri
893 3353 1021 3406 iniqui
1050 3358 1091 3394 et
1118 3350 1230 3404 impii
1259 3362 1307 3390 ex
1338 3346 1478 3388 Israel:
1509 3352 1550 3388 et
1576 3345 1756 3386 Alcimus
1785 3345 1869 3384 dux
1897 3354 2045 3383 eorum.
2069 3337 2234 3401 ᾞῙῗῄῗζξζξθ

147 3414 215 3468 qui
248 3412 415 3454 volebat
447 3412 533 3454 fieri
566 3413 763 3454 sacerdos.
829 3413 844 3436 ⁶
876 3412 933 3452 Et
966 3413 1262 3452 accusaverunt
1294 3405 1492 3461 populum
1527 3405 1637 3458 apud
1669 3416 1814 3456 regem,
1851 3401 2045 3442 dicentes:

145 3472 330 3514 Perdidit
355 3472 489 3521 Iudas,
516 3476 557 3513 et
579 3471 724 3512 fratres
749 3470 832 3512 eius
857 3483 995 3512 omnes
1020 3469 1169 3511 amicos
1194 3472 1297 3513 tuos,
1324 3470 1365 3506 et
1388 3478 1459 3507 nos
1484 3462 1673 3517 dispersit
1696 3462 1744 3502 de
1768 3466 1875 3501 terra
1897 3461 2046 3498 nostra.

217 3544 471 3574 Hetzenauer,
495 3544 621 3575 Vulgata
643 3543 834 3569 clementina,
1793 3527 1845 3567 58
