2356 3760
276 187 352 227 466
1158 183 1305 216 LIBER
1920 185 1972 225 14,
1997 184 2116 225 8-15,
2142 186 2181 219 21

298 281 313 302 ⁸
336 279 377 319 Si
407 277 585 318 senuerit
615 277 656 318 in
687 282 796 318 terra
825 276 942 317 radix
973 275 1069 321 eius,
1148 282 1188 317 et
1221 277 1259 317 in
1291 276 1459 329 pulvere
1482 281 1693 318 emortuus
1718 276 1841 318 fuerit
1864 282 2033 319 truncus
2063 279 2180 329 illius,

298 340 313 361 ⁹
336 337 400 377 Ad
418 337 583 377 odorem
598 349 715 390 aquae
730 335 988 388 germinabit.
1048 340 1088 376 et
1105 335 1228 376 faciet
1242 348 1401 376 comam
1417 335 1533 389 quasi
1546 349 1638 376 cum
1656 335 1834 389 primum
1851 336 2088 389 plantatum
2101 344 2180 379 est:

278 398 313 420 ¹⁰
338 396 472 437 Homo
494 409 589 435 vero
612 408 703 435 cum
726 399 912 434 mortuus
934 394 1067 438 fuerit.
1092 400 1132 434 et
1155 395 1334 435 nudatus
1391 399 1516 448 atque
1543 400 1823 448 consumptus,
1847 395 1918 435 ubi
1939 409 2074 449 quaeso
2096 397 2180 438 est?

280 457 308 478 ¹¹
336 455 550 503 Quomodo
582 454 613 494 si
642 453 834 493 recedant
866 466 982 506 aquae
1012 453 1060 493 de
1090 453 1204 501 mari,
1289 458 1330 493 et
1362 452 1510 493 fluvius
1542 454 1806 494 vacuefactus
1837 460 2013 495 arescat:

277 515 309 537 ¹2
335 514 399 554 Sic
430 514 551 553 homo
582 525 674 552 cum
705 511 926 557 dormierit,
960 524 1040 551 non
1071 517 1263 565 resurget.

331 573 457 613 donec
489 577 693 611 atteratur
722 570 876 615 ezelum,
908 583 989 611 non
1020 570 1241 621 evigilabit,
1327 584 1399 611 nec
1428 576 1644 624 consurget
1673 571 1723 611 de
1752 584 1894 613 somno
1924 585 2008 614 suo.

92 674 114 697 ³¹
139 673 190 697 Μ’
212 673 249 697 ³*¹
281 679 309 700 ¹⁵¹
337 676 434 724 Quis
466 675 564 716 mihi
596 675 671 715 hoc
702 675 871 717 tribuat.
905 680 952 716 ut
983 675 1022 716 in
1053 675 1210 716 inferno
1242 680 1431 728 protegas
1463 688 1538 723 me,
1616 681 1658 716 et
1688 676 1915 717 abscondas
1945 690 2021 725 me,
2055 677 2183 719 donec

84 709 158 733 hane
180 709 273 732 vitain

78 745 265 789 avertamus—j
541 740 798 787 pertranseat
828 734 941 775 furor
970 741 1077 779 tuus,

78 785 273 841 §lsssss'isstlhssi‘ssss‘
331 800 367 834 et
401 793 628 834 constituas
658 793 756 833 milii
787 798 962 846 tempus,
996 793 1035 833 in
1067 807 1145 847 quo
1177 793 1395 834 recorderis
1425 793 1528 834 mei?

93 851 249 879 ¹'³‘⁰¹‘⁰t¹¹¹“
279 855 308 877 ¹⁴
335 853 516 893 Putasne
546 857 732 893 mortuus
763 852 884 892 homo
915 865 1075 893 rursum
1106 852 1247 892 vivat?

330 912 486 952 cunctis
516 911 670 954 diebus.
703 911 850 964 quibus
880 924 988 951 nunc
1017 911 1159 955 milito,
1191 916 1362 964 expecto
1445 911 1573 952 donec
1601 911 1742 952 veniat
1770 911 2007 953 immutatio
2036 925 2139 954 mea.

277 973 307 995 ¹⁵
335 970 509 1011 Vocabis
531 984 606 1014 me,
631 976 671 1010 et
693 983 764 1021 ego
786 970 1040 1023 respondebo
1063 970 1156 1011 tibi:
1215 970 1325 1023 operi
1346 983 1545 1011 manuum
1567 975 1733 1011 tuarum
1754 970 1933 1025 porriges
1955 971 2180 1013 dexteram.

276 1032 310 1053 ¹¹³
338 1030 418 1070 aTu
449 1029 612 1083 quidem
642 1042 800 1081 gressus
828 1042 940 1069 meos
969 1028 1249 1073 dinumerasti.
1334 1029 1405 1070 sed
1432 1042 1553 1083 parce
1580 1029 1759 1083 peccatis
1788 1029 1899 1071 meis.

276 1090 308 1112 ¹⁷
336 1088 514 1141 Signasti
545 1087 661 1141 quasi
691 1088 730 1127 in
760 1088 919 1129 sacculo
950 1088 1100 1129 delicta
1128 1102 1230 1133 mea,
1315 1089 1385 1129 sed
1414 1088 1566 1129 curasti
1595 1088 1859 1142 iniquitatem
1888 1102 2034 1130 meam.

276 1149 310 1171 ¹⁸
335 1148 451 1188 Mons
482 1147 630 1187 cadens
660 1146 818 1191 defluit,
903 1152 945 1187 et
974 1160 1119 1187 saxum
1150 1147 1397 1188 transfertur
1426 1148 1475 1188 de
1504 1148 1592 1189 loco
1622 1161 1707 1189 suo.

276 1208 310 1231 ¹⁹
334 1206 509 1259 Lapides
529 1211 733 1247 excavant
753 1219 881 1259 aquae.
949 1211 991 1246 et
1009 1205 1214 1247 alluvione
1232 1206 1435 1260 paulatim
1454 1212 1564 1247 terra
1576 1207 1849 1248 consumitur:
1916 1212 1958 1248 et
1976 1207 2183 1248 hominem

540 1278 631 1319 ergo
663 1264 848 1305 similiter
876 1265 1032 1318 perdes.

275 1327 312 1349 2⁰
336 1324 556 1365 Roborasti
584 1337 676 1364 eum
703 1323 917 1377 paululum
945 1330 991 1365 ut
1018 1324 1058 1365 in
1086 1330 1331 1378 perpetuum
1359 1325 1571 1366 transiret:
1645 1325 1884 1366 immutabis
1912 1325 2057 1366 faciem
2085 1325 2181 1372 eius.

540 1388 581 1423 et
610 1383 773 1423 emittes
804 1396 909 1424 eum.

275 1444 305 1467 ²¹
333 1442 427 1484 Sive
459 1442 613 1483 nobiles
644 1442 797 1482 fuerint
828 1442 897 1482 filii
929 1442 1024 1487 eius,
1111 1442 1196 1483 sive
1227 1442 1434 1496 ignobiles,
1468 1456 1550 1484 non
1581 1442 1791 1497 intelliget.

275 1503 307 1526 ²²
333 1502 533 1542 Attamen
557 1514 649 1542 earo
674 1501 758 1541 eius
782 1501 881 1542 dum
905 1501 1020 1542 vivet
1043 1502 1209 1546 dolebit,
1277 1507 1318 1542 et
1342 1502 1480 1543 anima
1502 1501 1607 1542 illius
1631 1515 1752 1556 super
1774 1501 1992 1556 semetipso
2015 1501 2182 1556 lugebit.

274 1636 345 1687 ΙΙ.
361 1636 504 1687 Num
522 1636 675 1686 mala
690 1636 931 1700 propter
945 1636 1184 1701 peccata
1199 1635 1439 1701 propria
1454 1635 1803 1697 inferantur,
1826 1637 2182 1699 15‚1—21‚34.

699 1727 739 1767 1.
770 1726 951 1777 Eliphaz
980 1725 1272 1767 Themanites
1302 1725 1517 1776 affirmat,
1543 1726 1611 1778 15,
1629 1726 1776 1767 1-35,

276 1799 339 1842 15.
396 1801 409 1822 ¹
441 1798 707 1852 Respondens
738 1803 877 1839 autem
908 1797 1080 1851 Eliphaz
1111 1797 1386 1847 Themanites,
1418 1798 1542 1839 dixit:

75 1901 263 1968 {3331'233}
296 1906 309 1928 2
335 1903 547 1957 Numquid
581 1903 741 1957 sapiens
769 1903 1034 1957 respondebit
1065 1903 1180 1958 quasi
1214 1904 1254 1944 in
1283 1908 1455 1944 ventum
1486 1903 1669 1958 loquens,
1755 1909 1796 1945 et
1828 1904 2016 1958 implebit
2043 1905 2185 1947 ardore

539 1962 799 2003 stomachum
829 1963 973 2003 suum?

295 2024 311 2047 ³
334 2022 480 2075 Arguis
504 2022 638 2063 verbis
662 2035 767 2070 eum,
789 2021 859 2075 qui
881 2035 963 2063 non
987 2028 1048 2063 est
1071 2021 1238 2075 aequalis
1259 2021 1346 2070 tibi,
1405 2027 1447 2063 et
1468 2021 1644 2076 loqueris
1666 2022 1777 2076 quod
1799 2022 1877 2064 tibi
1899 2036 1981 2064 non
2004 2023 2182 2077 expedit.

295 2084 310 2106 ⁴
335 2082 547 2130 Quantum
576 2081 617 2121 in
645 2086 685 2121 te
714 2086 786 2127 est,
817 2081 1028 2122 evacuasti
1055 2081 1257 2129 timorem,
1341 2086 1382 2122 et
1410 2081 1541 2122 tulisti
1568 2094 1706 2135 preces
1735 2094 1871 2122 coram
1899 2082 1999 2123 Deo.

292 2142 307 2165 ⁵
330 2140 484 2181 Docuit
519 2139 626 2180 enim
660 2139 856 2193 iniquitas
892 2145 966 2180 tua
999 2153 1042 2181 os
1077 2145 1209 2187 tuum,
1294 2145 1336 2181 et
1369 2140 1542 2181 imitaris
1576 2140 1757 2194 linguam
1793 2140 2182 2195 blasphemantium.

294 2201 310 2223 ὃ
333 2198 636 2240 Condemnabit
665 2204 706 2239 te
736 2212 778 2239 os
808 2204 940 2244 tuum,
973 2204 1013 2239 et
1042 2212 1124 2240 non
1154 2212 1244 2253 ego:
1329 2204 1370 2239 et
1398 2198 1508 2240 labia
1537 2204 1611 2240 tua
1638 2200 1947 2253 respondebunt
1975 2200 2063 2242 tibi.

295 2260 309 2282 ⁷
335 2258 548 2312 Numquid
578 2257 733 2311 primus
763 2258 886 2299 homo
918 2263 964 2298 tu
995 2263 1117 2298 natus
1149 2270 1201 2307 es,
1288 2263 1329 2298 et
1360 2263 1455 2299 ante
1487 2257 1605 2299 colles
1635 2258 1863 2300 formatus?

295 2319 310 2342 ⁸
335 2317 548 2371 Numquid
577 2316 789 2358 consilium
817 2316 894 2357 Dei
923 2317 1086 2365 audisti,
1170 2322 1211 2358 et
1238 2317 1403 2358 inferior
1430 2322 1471 2358 te
1499 2317 1576 2358 erit
1603 2317 1687 2358 eius
1716 2318 1942 2371 sapientia?

295 2378 310 2401 ⁹
334 2376 443 2425 Quid
474 2376 581 2417 nosti
613 2376 723 2430 quod
753 2376 1009 2430 ignoremus?
1095 2376 1193 2430 quid
1223 2375 1413 2430 intelligis
1445 2377 1556 2430 quod
1585 2377 1838 2418 nesciamus?

275 2437 311 2460 ¹⁰
336 2435 413 2476 bEt
442 2448 568 2479 senes,
600 2440 641 2476 et
670 2435 830 2489 antiqui
860 2440 956 2476 sunt
984 2435 1025 2476 in
1054 2435 1171 2476 nobis
1252 2435 1383 2478 multo
1414 2436 1659 2477 vetustiores
1689 2450 1813 2490 quam
1842 2442 1980 2491 patres
2009 2437 2083 2479 tui.

275 2497 305 2519 ¹¹
334 2494 547 2548 Numquid
565 2495 717 2548 grande
737 2500 797 2535 est
816 2500 863 2535 ut
882 2494 1114 2536 consoletur
1131 2500 1172 2535 te
1188 2495 1325 2536 Deus?
1383 2495 1453 2536 sed
1472 2496 1599 2536 verba
1616 2500 1691 2537 tua
1707 2509 1838 2549 prava
1855 2496 1931 2538 hoc
1950 2496 2170 2551 prohibent

275 2556 306 2578 ¹2
333 2554 441 2602 Quid
471 2559 511 2594 te
541 2553 675 2594 elevat
705 2566 772 2595 cor
801 2558 932 2602 tuum,
1018 2559 1058 2594 et
1089 2554 1204 2607 quasi
1233 2567 1384 2608 magna
1412 2554 1607 2608 cogitans,
1635 2555 1836 2597 attonitos
1865 2555 1991 2597 habes
2021 2556 2182 2598 oculos?

276 2615 308 2637 ¹³
334 2613 442 2661 Quid
470 2617 605 2653 tumet
633 2618 777 2653 contra
800 2613 935 2653 Deum
964 2612 1129 2666 spiritus
1158 2618 1266 2662 tuus,
1346 2618 1393 2654 ut
1420 2614 1601 2668 proferas
1627 2614 1676 2655 de
1705 2627 1772 2656 ore
1800 2620 1872 2656 tuo
1901 2614 2184 2657 huiuscemodi

539 2671 767 2712 sermones?

276 2733 307 2755 ¹⁴
334 2731 442 2779 Quid
469 2735 529 2771 est
555 2730 690 2778 homo,
717 2737 763 2771 ut
789 2730 1079 2772 immaculatus
1105 2731 1169 2775 sit,
1249 2737 1290 2773 et
1316 2737 1362 2773 ut
1388 2732 1519 2773 iustus
1543 2738 1742 2786 appareat
1768 2738 1891 2774 natus
1914 2733 1964 2774 de
1989 2733 2181 2774 muliere?

276 2792 307 2813 ¹5
340 2789 462 2830 CEcce
490 2789 596 2830 inter
624 2795 787 2830 sanctos
816 2789 900 2830 eius
928 2802 1047 2831 nemo
1076 2789 1357 2836 immutabilis,
1438 2796 1479 2832 et
1507 2791 1591 2832 eaeli
1620 2805 1701 2833 non
1729 2797 1826 2833 sunt
1852 2792 1997 2833 mundi
2024 2792 2065 2833 in
2090 2806 2183 2834 con-

538 2853 681 2902 spectu
712 2848 808 2889 eius.

278 2908 311 2931 ¹⁶
335 2908 499 2956 Quanto
530 2907 658 2961 magis
689 2907 975 2949 abominabilis
1006 2912 1047 2949 et
1075 2907 1229 2949 inutilis
1306 2909 1441 2958 homo,
1475 2909 1544 2963 qui
1573 2909 1678 2950 bibit
1709 2910 1825 2964 quasi
1855 2923 2006 2963 aquam
2035 2910 2182 2965 iniqui-

539 2966 694 3007 tatem?

93 3069 252 3132 ξ’ῃῐηῗξρζξῖζζῃ
281 3071 311 3093 ¹⁷
337 3069 563 3110 Ostendam
594 3071 680 3116 tibi,
714 3071 810 3113 audi
838 3085 921 3112 me:
1008 3073 1118 3126 quod
1148 3073 1232 3114 vidi
1261 3074 1436 3115 narrabo
1467 3073 1553 3115 tibi.

96 3139 244 3163 desvmnt-
279 3131 311 3152 ¹⁵
334 3128 547 3181 Sapientes
577 3130 835 3175 confitentur,
920 3136 961 3171 et
989 3144 1070 3173 non
1100 3132 1359 3174 abscondunt
1387 3138 1523 3187 patres
1553 3146 1656 3174 suos.

279 3190 310 3210 ¹⁹
341 3187 497 3235 Quibus
528 3188 619 3229 solis
651 3190 751 3230 data
780 3196 841 3230 est
872 3195 991 3235 terra,
1077 3196 1117 3231 et
1148 3205 1228 3232 non
1260 3192 1451 3232 transivit
1483 3192 1636 3233 alienus
1667 3204 1738 3245 per
1768 3205 1846 3233 eos.

276 3248 312 3269 2⁰
335 3246 500 3286 (junctis
527 3247 668 3287 diebus
694 3249 774 3289 suis
800 3248 948 3302 impius
974 3250 1169 3303 superbit,
1241 3256 1281 3291 et
1307 3264 1498 3292 numerus
1525 3264 1725 3292 annorum
1751 3251 1928 3291 incertus
1954 3255 2015 3292 est
2040 3255 2180 3305 tyran-

541 3306 643 3346 nidis
674 3307 768 3348 eius.

277 3365 306 3387 2¹
335 3363 500 3404 Sonitus
528 3365 689 3405 terroris
716 3380 873 3419 semper
900 3367 938 3407 in
966 3367 1131 3408 auribus
1158 3367 1280 3408 illius:
1354 3374 1395 3410 et
1421 3382 1513 3410 cum
1540 3382 1622 3423 pax
1647 3369 1711 3418 sit,
1741 3368 1804 3409 ifle
1830 3381 1989 3423 semper
2014 3368 2180 3410 insidias

541 3431 778 3476 suspicatur.

410 3526 452 3560 16
481 3527 543 3559 ssl'r
569 3527 600 3566 5,
630 3528 679 3560 21.
778 3530 827 3569 15,
854 3530 895 3562 10
922 3530 993 3563 ὃδὴ
1019 3532 1072 3572 18,
1098 3530 1128 3565 8.
1157 3552 1197 3554 -
1223 3532 1263 3566 1-5
1293 3532 1378 3576 eSup
1403 3533 1434 3573 4,
1461 3532 1510 3566 18.
