2356 3760
275 168 352 209 620
999 166 1144 200 LIBER
1171 166 1438 201 sAPOEN'fflAE
1893 172 1944 211 19,
1970 171 2110 206 15—19.
2137 173 2179 206 20

268 262 299 284 ¹⁵
321 260 398 309 Qui
423 265 560 301 autem
585 274 677 301 cum
701 259 842 301 laetitia
919 266 1157 313 receperunt
1181 261 1265 304 hos.
1293 260 1362 315 qui
1386 261 1535 302 eisdem
1561 261 1621 302 usi
1645 268 1762 303 erant
1786 263 1962 307 iustitiis.
2043 265 2178 307 saevis-

529 319 639 360 simis
669 319 905 360 afflixerunt
934 318 1152 360 doloribus.

270 378 503 419 1⁶Pereussi
533 383 630 419 sunt
659 383 797 418 autem
827 377 1028 419 caecitate:
1112 378 1216 420 sicut
1246 378 1301 419 illi
1330 378 1371 419 in
1400 379 1553 420 foribus
1583 379 1691 425 iusti,

320 450 412 477 cum
455 437 679 477 subitaneis
722 436 902 489 cooperti
947 442 1080 477 essent
1123 437 1311 483 tenebris,
1392 438 1672 492 unusquisque
1716 439 1934 480 transitum
1980 441 2072 482 ostii
2117 442 2176 482 sui

531 495 751 548 quaerebat.

268 556 301 577 1⁷
322 554 368 594 111
395 568 435 594 se
461 554 566 594 enim
594 553 796 594 elementa
821 554 918 594 dum
946 559 1254 599 convertuntur,
1336 555 1440 596 sicut
1466 555 1505 596 in
1534 568 1683 609 organo
1720 556 1931 609 qualitatis
1957 571 2079 599 sonus
2105 558 2178 598 im-

528 618 727 658 mutatur,

318 676 359 711 et
389 671 526 712 onmia
555 684 674 712 suum
704 685 849 712 sonum
874 672 1131 713 custodiunt:
1218 672 1324 713 unde
1353 672 1545 714 aestimari
1573 686 1623 713 ex
1652 673 1739 727 ipso
1766 674 1855 715 visu
1885 680 1995 716 certo
2025 681 2174 729 potest.

267 730 506 783 ῙΒΑςΓοεῒίἱι
538 731 644 770 enim
689 730 728 771 in
764 730 956 784 aquatica
989 731 1354 772 convertebantur:
1443 737 1485 772 et
1518 744 1786 786 quaecumque
1824 739 1939 774 erant
1974 734 2177 777 natantia.

530 789 568 830 in
600 795 747 830 terram
780 789 1024 831 transibant.

269 850 301 871 ¹⁹
321 847 429 901 Ignis
463 848 502 888 in
537 861 645 901 aqua
679 848 844 889 valebat
887 861 1011 901 supra
1043 861 1157 889 suam
1198 848 1407 897 virtutem,
1496 854 1538 890 et
1570 862 1679 902 aqua
1711 850 1988 904 extinguentis
2021 856 2180 892 naturae

529 907 858 948 obliviscebatur.

266 965 514 1006 2⁰F1ammae
540 967 778 1009 econtrario.
808 966 1133 1019 corruptibilium
1168 966 1407 1008 animalium
1487 980 1568 1008 non
1594 973 1851 1009 vexaverunt
1879 981 2018 1009 carnes
2045 982 2180 1010 coam-

529 1025 772 1068 bulantium,
866 1038 937 1065 nec
975 1025 1255 1067 dissolvebant
1291 1025 1414 1073 illam,
1456 1039 1546 1079 quae
1582 1025 1699 1067 facile
1737 1027 2038 1068 dissolvebatur
2074 1027 2178 1068 sicut

526 1083 684 1133 glacies.
717 1085 867 1125 bonam
898 1096 1044 1126 escam.

319 1142 365 1182 In
397 1142 584 1183 omnibus
620 1142 726 1182 enim
754 1142 1025 1197 magnificasti
1052 1143 1249 1196 populum
1277 1148 1393 1184 tuum
1420 1143 1608 1189 Domine,
1636 1148 1677 1184 et
1711 1144 1932 1187 honorasti.
2022 1150 2064 1186 et
2098 1158 2179 1186 non

526 1201 759 1256 despexisti.
791 1202 831 1242 in
863 1201 972 1242 omni
1002 1206 1198 1256 tempore,
1229 1207 1271 1243 et
1300 1202 1339 1243 in
1371 1202 1481 1244 omni
1509 1202 1597 1244 loco
1628 1202 1818 1244 assistens
1848 1203 1917 1245 eis.

427 2067 511 2120 IN
549 2067 1233 2122 ECCLESIASTICUM
1271 2067 1450 2122 IESU
1490 2068 1680 2120 FILII
1719 2068 2016 2122 SIRACH

1010 2171 1434 2224 PROLOGUS.

105 2267 212 2326 Affgffiffl
369 2261 591 2303 Multorum
624 2262 752 2306 nobis,
786 2267 826 2302 et
856 2274 1097 2314 magnorum
1128 2275 1200 2315 per
1228 2261 1369 2315 legem,
1402 2267 1442 2303 et
1473 2262 1706 2315 prophetas
1740 2260 1920 2315 aliosque
1952 2261 2021 2315 qui
2051 2261 2180 2302 secuti

188 2321 193 2329 ²
265 2327 360 2362 sunt
391 2321 490 2365 illos,
524 2320 726 2374 sapientia
757 2321 1040 2362 demonstrata
1070 2325 1150 2361 est:
1183 2321 1223 2361 111
1257 2320 1404 2374 quibus
1436 2325 1599 2374 oportet
1630 2320 1796 2360 laudare
1830 2319 1953 2360 Israel
1984 2320 2180 2361 doctrinae

264 2386 305 2421 et
333 2380 543 2434 sapientia}
573 2393 713 2420 causa:
746 2380 842 2433 quia
870 2393 951 2420 non
981 2379 1111 2420 solum
1141 2380 1249 2433 ipsos
1278 2379 1491 2433 loquentes
1521 2392 1681 2420 necesse
1711 2383 1771 2418 est
1801 2391 1884 2418 esse
1914 2378 2077 2431 peritos,
2109 2379 2179 2419 sed

262 2440 386 2480 etiam
411 2444 626 2480 extraneos
650 2452 767 2492 posse
791 2444 831 2479 et
856 2438 1036 2479 dicentes
1060 2444 1101 2479 et
1124 2438 1346 2479 scribentes
1370 2438 1626 2479 doctissimos
1650 2437 1745 2479 fieri.
1774 2437 1888 2478 Avus
1911 2450 2026 2478 meus
2052 2437 2177 2482 Iesus,

262 2504 483 2552 postquam
508 2512 549 2538 se
575 2497 749 2551 amplius
775 2497 889 2538 dedit
914 2498 966 2538 ad
991 2497 1244 2549 diligentiam
1269 2497 1453 2538 lectionis
1477 2497 1586 2551 legis,
1615 2502 1656 2538 et
1682 2496 1988 2550 prophetarum,
2016 2502 2057 2537 et
2083 2496 2179 2538 alio-

262 2570 352 2598 rum
380 2557 588 2600 librorum.
619 2556 688 2610 qui
716 2557 831 2597 nobis
860 2569 884 2596 a
909 2556 1150 2609 parentibus
1177 2556 1326 2598 nostris
1353 2556 1497 2597 traditi
1524 2562 1638 2597 sunt:
1667 2555 1799 2596 voluit
1827 2560 1868 2595 et
1894 2555 1979 2609 ipse
2006 2555 2179 2596 scribere

265 2615 419 2670 aliquid
441 2616 598 2660 horum,
626 2629 715 2669 quae
738 2616 789 2656 ad
812 2615 1041 2656 doctrinam
1065 2620 1106 2656 et
1128 2615 1372 2669 sapientiam
1395 2615 1621 2669 pertinent:
1646 2620 1693 2655 ut
1714 2614 1991 2655 desiderantes
2014 2614 2177 2658 discere.

265 2680 305 2716 et
329 2675 488 2716 illorum
511 2675 631 2728 periti
655 2675 765 2718 faeti,
792 2674 919 2727 magis
943 2674 1153 2728 magisque
1176 2675 1400 2715 attendant
1422 2674 1571 2719 animo,
1597 2679 1638 2715 et
1661 2673 1954 2715 confirmentur
1977 2673 2029 2714 ad
2051 2672 2180 2727 legiti-

265 2748 375 2775 mam
406 2734 548 2775 vitam.

67 2795 251 2859 ῐίᾒξξὲῑίζξζζζξῑ
371 2794 525 2834 Hortor
558 2793 698 2846 itaque
733 2793 869 2833 venire
904 2806 975 2833 vos
1011 2805 1102 2832 cum
1138 2791 1435 2836 benevolentia,
1472 2797 1513 2832 et
1547 2791 1759 2833 attentiori
1793 2791 1929 2831 studio
1962 2790 2179 2831 lectionem

191 2852 195 2854 ’
225 2849 244 2854 “’
265 2852 408 2899 facere,
435 2858 476 2893 et
499 2852 662 2892 veniam
686 2852 835 2892 habere
859 2851 900 2892 in
925 2851 1011 2898 illis,
1037 2851 1078 2891 in
1103 2851 1251 2905 quibus
1276 2851 1463 2892 videmur
1486 2856 1702 2904 sequentes
1725 2850 1944 2904 imaginem
1968 2848 2179 2903 sapientiae

266 2912 434 2952 deficere
458 2912 498 2952 in
523 2911 740 2952 verborum
765 2910 1069 2964 compositione.
1098 2910 1203 2951 Nam
1228 2910 1423 2951 deficiunt
1447 2910 1573 2951 verba
1597 2908 1811 2956 Hebraica‚
1839 2908 2003 2962 quando
2027 2908 2179 2949 fuerint

267 2970 468 3010 translata
490 2970 541 3011 ad
565 2969 735 3010 alteram
758 2969 950 3023 linguam.
977 2969 1068 3010 Non
1092 2974 1229 3010 autem
1253 2968 1383 3010 solum
1405 2969 1502 3016 haec,
1527 2969 1597 3009 sed
1620 2973 1660 3009 et
1681 2968 1770 3022 ipsa
1791 2966 1867 3013 lex,
1892 2972 1933 3008 et
1955 2967 2176 3020 prophetae,

268 3035 481 3083 ceteraque
516 3028 687 3070 aliorum
721 3028 928 3073 librorum,
966 3041 1046 3069 non
1081 3041 1252 3081 parvam
1287 3028 1443 3069 habent
1476 3026 1761 3073 differentiam,
1800 3026 1964 3080 quando
1999 3025 2106 3066 inter
2138 3038 2180 3065 se

268 3088 470 3129 dicuntur.
502 3088 607 3128 Nam
634 3088 673 3128 in
701 3092 848 3128 octavo
876 3094 916 3128 et
944 3087 1148 3141 trigesimo
1175 3101 1281 3128 anno
1309 3087 1561 3140 temporibus
1588 3085 1797 3127 Ptolemaei
1824 3084 2036 3138 Evergetis
2062 3083 2176 3137 regis.

268 3152 485 3199 postquam
515 3146 680 3200 perveni
710 3147 748 3187 in
778 3147 1023 3200 AEgyptum:
1053 3151 1093 3186 et
1121 3160 1212 3187 cum
1243 3146 1418 3187 multum
1448 3145 1641 3199 temporis
1670 3144 1724 3186 ibi
1752 3144 1929 3189 fuissem,
1960 3142 2096 3184 inveni
2123 3142 2179 3183 ibi

268 3205 389 3245 libros
415 3205 586 3251 relictos,
614 3219 694 3246 non
721 3219 870 3259 parvae.
901 3219 1029 3259 neque
1055 3205 1364 3246 contemnenda}
1389 3204 1596 3245 doctrinae.
1627 3204 1774 3257 Itaque
1800 3203 1952 3244 bonum
1979 3206 2020 3242 et
2045 3214 2179 3242 neees-

267 3264 418 3304 sarium
443 3264 587 3316 putavi
613 3270 652 3305 et
678 3264 761 3318 ipse
786 3265 963 3318 aliquam
990 3265 1138 3305 addere
1163 3263 1415 3314 diligentiam
1441 3268 1480 3304 et
1505 3263 1684 3303 laborem
1708 3260 2005 3315 interpretandi
2030 3260 2178 3301 librum

267 3322 411 3362 istum:
440 3328 479 3362 et
506 3322 634 3363 multa
662 3324 797 3375 vigilia
825 3323 943 3364 attuli
972 3323 1199 3364 doctrinam
1228 3323 1267 3364 in
1294 3323 1427 3376 spatio
1454 3322 1649 3375 temporis
1676 3322 1727 3362 ad
1753 3320 1831 3365 illa.
1861 3332 1951 3373 quae
1978 3319 2029 3360 ad
2056 3319 2178 3359 finem

268 3382 437 3424 ducunt.
459 3381 605 3421 librum
627 3382 748 3422 istum
770 3383 876 3425 dare.
899 3388 938 3423 et
960 3382 1033 3423 illis
1053 3383 1121 3436 qui
1144 3382 1286 3422 volunt
1307 3381 1488 3422 animum
1508 3381 1729 3427 intendere,
1752 3384 1792 3420 et
1811 3379 1962 3420 discere
1982 3377 2178 3431 quemad-

267 3441 435 3481 modum
478 3446 665 3493 oporteat
709 3441 917 3482 instituere
959 3454 1100 3489 mores,
1145 3441 1213 3495 qui
1253 3440 1477 3482 secundum
1517 3439 1646 3493 legem
1686 3437 1853 3479 Domini
1892 3436 2179 3491 proposuerint

268 3499 398 3540 vitam
428 3512 555 3553 agere.
