2356 3760
131 134 162 173 e,
188 135 309 173 11--7,
335 136 354 168 5
898 137 1275 172 MACHABAEORL‘M
1951 150 2026 191 939

132 232 338 268 taverunt.
391 229 421 251 11
446 227 524 268 Alii
552 240 659 268 vero.
689 228 740 267 ad
768 228 973 280 proximas
1002 236 1193 272 coeuntes
1221 230 1444 284 speluncas,
1466 238 1507 273 et
1532 232 1707 275 latenter
1732 238 1893 279 sabbati
1920 240 2026 282 diem

132 285 392 328 celebrantes,
413 299 505 326 cum
522 286 691 326 indicati
709 291 842 326 essent
858 287 1059 341 Philippo,
1079 288 1252 330 flammis
1270 291 1449 331 succensi
1467 296 1573 334 sunt.
1594 305 1638 333 eo
1658 296 1766 345 quod
1783 298 2027 340 verebantur

131 348 297 397 propter
324 344 557 398 religionem
587 349 628 384 et
657 344 972 391 observantiam,
1004 359 1129 387 manu
1159 347 1321 389 sibimet
1350 349 1545 390 auxilium
1575 351 1688 392 ferre.

236 404 266 426 1²
291 403 466 444 Obsecro
493 408 630 443 autem
655 415 733 450 eos,
762 403 830 455 qui
854 403 962 444 hunc
986 404 1152 445 Librum
1176 405 1319 446 lecturi
1343 413 1449 449 sunt.
1477 421 1526 448 ne
1551 408 1839 452 abhorrescant
1862 419 2026 466 propter
2100 418 2158 443 ΒΕΘ

131 461 321 502 adversos
351 475 477 506 casus,
509 461 578 501 sed
605 465 808 513 reputent,
840 474 897 509 ea,
930 475 1019 514 quae
1047 463 1292 510 acciderunt,
1323 477 1404 505 non
1433 466 1484 506 ad
1512 466 1734 517 interitum,
1766 470 1834 510 sed
1863 472 1913 511 ad
1943 485 2024 512 cor·
2060 454 2196 512 P‘ssi’fssiii'n

130 519 355 573 reptionem
384 533 467 560 esse
493 519 648 573 generis
675 519 813 560 nostri.
870 522 902 544 ¹³
928 520 1093 561 Etenim
1120 522 1249 563 multo
1279 528 1459 576 tempore
1486 537 1565 565 non
1594 525 1720 566 sinere
1746 523 2216 580 peecatoribus‘³0¹¹11'1‘ff'ffl

130 590 180 617 ex
215 578 420 619 sententia
453 590 580 631 agere,
617 577 687 617 sed
721 577 862 618 statim
897 578 1070 620 ultiones
1106 579 1307 625 adhibere,
1344 582 1479 633 magni
1515 583 1695 624 beneficii
1729 590 1789 625 est
1822 585 2027 628 indicium.

131 637 162 659 1⁴
193 636 284 676 Non
314 636 432 681 enim,
464 636 568 676 sicut
596 634 637 674 in
667 634 752 675 aliis
782 636 1029 679 nationibus,
1060 637 1260 678 Dominus
1291 633 1493 691 patienter
1522 647 1722 694 expectat,
1755 648 1800 683 ut
1829 657 1905 687 eas.
1938 658 2029 685 cum

133 693 276 735 Iudicii
297 694 380 735 dies
402 693 625 738 advenerit,
649 693 689 733 in
711 693 963 746 plenitudine
984 702 1245 749 peccatorum
1266 697 1428 749 puniat:
1479 700 1509 722 1⁵
1531 698 1589 739 ita
1610 705 1650 739 et
1671 700 1710 739 in
1732 702 1846 741 nobis
1868 703 2027 746 statuit,

130 758 188 795 ut,
222 753 400 806 peccatis
431 751 578 793 nostris
611 751 651 791 in
682 752 804 792 finem
836 754 1050 796 devolutis,
1085 754 1143 795 ita
1174 755 1338 795 demum
1370 755 1409 795 in
1442 769 1513 796 nos
1546 757 1734 799 vindicet.
1796 762 1828 783 ¹⁶
1860 761 2030 814 Propter

135 812 246 864 quod
273 823 499 864 numquam
529 809 693 862 quidem
723 824 746 851 a
772 811 888 852 nobis
916 812 1233 854 misericordiam
1266 826 1381 853 suam
1410 820 1591 855 amovet:
1623 816 1838 869 corripiens
1867 831 1960 859 vero
1988 819 2028 859 in

131 870 312 910 adversis
349 868 546 922 populum
583 882 702 909 suum
738 882 819 910 non
856 870 1111 924 derelinquit.
1169 873 1202 895 ¹⁷
1230 872 1309 913 Sed
1336 871 1421 912 haec
1448 873 1564 913 nobis
1593 874 1645 914 ad
1673 876 2028 916 commonitionem

129 928 352 981 legentium
388 927 499 968 dicta
526 927 608 967 sint
634 927 784 980 paucis.
816 928 904 968 Iam
931 934 1069 969 autem
1097 929 1343 970 veniendum
1370 935 1430 970 est
1457 931 1509 971 ad
1536 931 1823 973 narrationem.

525 1035 564 1075 6.
595 1035 835 1076 Eleazarus
866 1037 1086 1087 martyrio
1117 1038 1376 1088 coronatur,
1405 1039 1444 1088 6,
1463 1040 1634 1080 18—31.

235 1109 269 1132 1⁸
303 1107 433 1161 Igitur
464 1106 681 1146 Eleazarus
716 1120 818 1147 unus
852 1108 900 1148 de
934 1107 1176 1160 primoribus
1209 1108 1443 1157 scribarum,
1479 1109 1540 1149 vir
1571 1114 1692 1149 aetate
1724 1115 1952 1162 provectus,
1988 1118 2029 1152 et
2073 1120 2192 1159 (amem

130 1167 248 1207 vultu
270 1167 449 1207 decorus,
474 1172 614 1218 aperto
637 1178 702 1205 ore
724 1165 839 1205 hians
861 1165 1180 1219 compellebatur
1200 1180 1360 1207 carnem
1383 1167 1589 1220 porcinam
1611 1168 1867 1209 manducare.
1918 1171 1951 1193 1⁹
1971 1169 2027 1210 At
2069 1161 2213 1215 p⁰1ffi¹1¹1¹³¹¹¹

129 1225 194 1265 ille
223 1224 551 1278 gloriosissimam
583 1231 757 1264 mortem
788 1224 915 1277 magis
948 1238 1070 1277 quam
1103 1225 1291 1265 odibilem
1324 1226 1453 1265 vitam
1485 1225 1767 1278 complectens,
1801 1227 2028 1268 voluntarie
2049 1225 2214 1254 mudum,

130 1283 303 1337 praeibat
337 1283 390 1323 ad
424 1281 679 1335 supplicium.
744 1284 779 1306 ²0
816 1283 984 1323 Intuens
1020 1288 1170 1325 autem,
1209 1284 1554 1336 quemadmodum
1591 1289 1795 1336 oporteret
1829 1286 2027 1328 accedere.

131 1341 335 1395 patienter
364 1340 579 1385 sustinens,
612 1341 835 1381 destinavit
864 1354 945 1381 non
976 1341 1192 1381 admittere
1221 1341 1361 1381 illicita
1390 1347 1556 1394 propter
1584 1342 1679 1382 vitae
1709 1355 1898 1383 amorem.

235 1402 265 1424 2¹
301 1399 355 1440 Hi
387 1405 538 1446 autem,
574 1399 643 1452 qui
676 1399 881 1442 astabant,
916 1399 1055 1451 iniqua
1088 1399 1345 1439 miseratione
1379 1399 1583 1445 commoti,
1618 1405 1784 1452 propter
1816 1400 2027 1453 antiquam
2076 1401 2188 1460 {iigfflffi

130 1459 206 1499 viri
232 1458 467 1503 amicitiam,
496 1456 684 1497 tollentes
711 1470 803 1496 eum
830 1462 982 1497 secreto
1008 1457 1209 1509 rogabant
1236 1457 1368 1497 afferri
1395 1470 1546 1505 carnes,
1575 1457 1720 1510 quibus
1747 1458 1853 1498 vesci
1880 1459 1914 1498 ei
1939 1459 2028 1499 lice-
2109 1459 2113 1461 ’

131 1518 214 1560 bat.
254 1521 301 1557 ut
337 1515 596 1557 simularetur
632 1515 911 1561 manducasse,
951 1515 1054 1555 sicut
1091 1528 1161 1555 rex
1197 1515 1471 1569 imperaverat
1506 1517 1555 1556 de
1592 1515 1774 1556 sacrificii
1810 1516 2014 1557 carnibus:

129 1578 161 1600 22
190 1581 248 1619 ut,
278 1575 354 1616 hoc
381 1574 503 1621 facto,
534 1586 558 1613 a
584 1578 715 1614 morte
742 1573 998 1614 liberaretur:
1029 1580 1069 1614 et
1095 1580 1262 1626 propter
1289 1580 1467 1614 veterem
1495 1574 1570 1614 viri
1598 1573 1831 1623 amicitiam,
1861 1574 1965 1615 hanc
1991 1575 2031 1615 in

130 1648 175 1675 eo
204 1633 412 1674 faciebant
440 1631 754 1672 humanitatem.

235 1694 266 1717 23
281 1692 339 1732 At
352 1691 417 1731 ille
434 1690 610 1743 cogitare
627 1690 751 1743 coepit
768 1690 900 1730 {etatis
917 1703 961 1730 ac
979 1690 1197 1731 senectutis
1215 1704 1296 1731 suae
1313 1690 1574 1731 eminentiam
1591 1690 1767 1744 dignam,
1786 1696 1826 1731 et
1841 1690 2030 1744 ingenitae
2063 1688 2203 1712 ³⁸⁰²⁰²¹¹¹i

130 1749 356 1791 nobilitatis
392 1748 595 1791 canitiem.
634 1754 757 1801 atque
793 1761 816 1788 a
851 1761 974 1801 puero
1011 1749 1175 1801 optimae
1210 1749 1526 1790 conversationis
1563 1754 1695 1789 actus:
1733 1754 1773 1789 et
1808 1723 2233 1789 secundumetlffibglgsscneln·

131 1815 282 1850 sanctae
308 1814 348 1849 et
373 1821 397 1848 a
420 1808 507 1848 Deo
533 1807 707 1848 conditae
731 1806 827 1860 legis
853 1807 1090 1851 constituta,
1118 1807 1327 1860 respondit
1352 1807 1443 1850 cito,
1472 1807 1618 1850 dicens,
1645 1807 1839 1860 praemit-ti
1864 1820 1904 1847 se
1929 1807 2029 1847 velle
2041 1793 2225 1857 perssisssssfflm

130 1868 169 1908 in
185 1867 400 1908 infernum.
433 1866 569 1906 21Χο11
584 1865 690 1905 enim
706 1865 819 1905 {etati
834 1871 982 1906 nostrze
996 1865 1163 1919 dignum
1179 1873 1250 1909 est.
1268 1865 1412 1919 inquit,
1426 1866 1591 1919 fingere:
1608 1871 1655 1905 ut
1668 1865 1787 1905 multi
1802 1865 2029 1906 adolescen-
2074 1863 2190 1892 refutat*

130 1927 247 1973 tium,
270 1925 516 1966 arbitrantes
538 1923 779 1964 Eleazarum
800 1924 1023 1977 nonaginta
1044 1936 1243 1964 annorum
1265 1924 1454 1965 transisse
1475 1925 1527 1965 ad
1547 1924 1676 1964 vitam
1697 1923 2028 1977 alienigena-rum:

129 1987 161 2009 2⁵
181 1990 222 2025 et
238 1984 315 2037 ipsi
332 1988 500 2037 propter
516 1995 649 2023 meam
669 1982 981 2026 simulationem.
1003 1989 1043 2023 et
1062 1988 1227 2035 propter
1244 1983 1449 2023 modicum
1468 1981 1739 2035 corruptibilis
1758 1982 1853 2022 vitae
1871 1988 2031 2034 tempus

130 2042 398 2096 decipiantur,
430 2052 470 2082 et
501 2054 569 2094 per
597 2041 673 2082 hoc
701 2040 915 2084 maculam,
947 2047 1071 2094 atque
1101 2041 1398 2081 execrationem
1426 2054 1526 2081 meae
1553 2040 1752 2081 senectuti
1781 2040 2028 2093 conquiram.

130 2103 165 2125 '2⁶
194 2101 312 2149 Nam,
344 2100 419 2141 etsi
445 2100 487 2140 in
514 2100 704 2153 praesenti
732 2105 915 2152 tempore
943 2098 1148 2152 suppliciis
1176 2099 1388 2139 hominum
1416 2099 1571 2151 eripiar.
1602 2099 1672 2139 sed
1698 2111 1864 2138 manum
1894 2098 2032 2138 Omni-

130 2159 311 2214 potentis
328 2172 401 2199 nec
418 2158 548 2202 vivus,
567 2171 640 2198 nec
658 2157 874 2198 defunctus
893 2157 1095 2211 effugiam.
1141 2159 1174 2181 ²⁷
1193 2157 1324 2205 Quam
1343 2157 1392 2197 ob
1409 2170 1493 2197 rem
1509 2157 1670 2198 fortiter
1685 2156 1773 2196 vita
1788 2157 2030 2203 excedendo,

131 2222 340 2259 senectute
379 2217 543 2270 quidem
581 2216 726 2270 dignus
764 2216 988 2269 apparebo:
1053 2218 1088 2240 '2⁸
1126 2215 1449 2256 adolescentibus
1487 2220 1625 2255 autem
1663 2214 1891 2267 exemplum
1929 2214 2033 2255 forte

130 2276 370 2330 relinquam,
403 2276 435 2316 si
464 2280 655 2329 prompto
687 2274 834 2318 animo,
868 2288 913 2315 ac
944 2274 1104 2315 fortiter
1134 2287 1205 2327 pro
1235 2273 1481 2327 gravissimis
1513 2287 1557 2314 ac
1588 2272 1850 2313 sanctissimis
1878 2271 2032 2325 legibus

128 2336 303 2376 honesta
330 2339 462 2375 morte
491 2333 722 2387 perfungar.
1257 2337 1259 2339 ’

237 2393 310 2434 His
327 2392 456 2438 dictis,
476 2392 689 2433 confestim
707 2392 758 2433 ad
774 2391 1016 2445 supplicium
1034 2392 1284 2432 trahebatur.
1330 2392 1364 2414 2⁹
1381 2390 1435 2430 Hi
1451 2394 1599 2431 autem.
1620 2389 1687 2442 qui
1703 2402 1794 2429 eum
1811 2388 2026 2433 ducebant,
2052 2387 2217 2447 ξξῑζᾞξζζᾞ

131 2458 170 2493 et
191 2450 312 2505 paulo
333 2456 429 2492 ante
448 2450 611 2491 fuerant
631 2450 823 2499 mitiores,
844 2451 885 2491 in
906 2450 1007 2491 iram
1027 2449 1209 2491 conversi
1229 2455 1324 2489 sunt
1344 2453 1509 2501 propter
1528 2460 1729 2489 sermones
1750 2447 1800 2487 ab
1821 2459 1866 2487 eo
1887 2446 2026 2489 dictos,
2046 2457 2222 2496 fortitudinis

132 2524 231 2564 quos
256 2509 313 2550 illi
336 2522 408 2563 per
432 2509 707 2562 arrogantiam
733 2508 912 2562 prolatos
938 2509 1256 2549 arbitrabantur.
1309 2509 1346 2532 3⁰
1369 2507 1459 2553 Sed,
1486 2520 1577 2547 cum
1603 2505 1728 2559 plagis
1753 2505 2027 2558 perimeretur,
2070 2494 2197 2517 ¹¹¹⁰¹¹⁰¹²

130 2568 341 2622 ingemuit,
369 2574 410 2608 et
434 2567 556 2608 dixit:
583 2567 769 2612 Domine,
799 2568 867 2621 qui
892 2568 1016 2608 habes
1042 2573 1226 2607 sanctam
1251 2565 1474 2609 scientiam.
1501 2564 1714 2605 manifeste
1739 2568 1786 2604 tu
1809 2563 1895 2611 scis,
1924 2562 2029 2615 quia,

131 2641 223 2668 cum
251 2640 274 2667 a
299 2632 431 2667 morte
457 2639 617 2679 possem
642 2625 815 2672 liberari,
845 2627 966 2667 duros
994 2625 1169 2679 corporis
1197 2624 1375 2665 sustineo
1403 2622 1576 2665 dolores:
1606 2622 1825 2663 secundum
1854 2620 2031 2661 animam

131 2698 226 2726 vero
249 2691 417 2739 propter
439 2684 627 2726 timorem
651 2690 769 2725 tuum
791 2684 965 2726 libenter
986 2685 1070 2725 haec
1092 2683 1238 2737 patior.
1289 2685 1321 2707 31
1344 2682 1398 2723 Et
1421 2682 1496 2722 iste
1520 2681 1682 2734 quidem
1705 2680 1779 2720 hoc
1802 2679 1921 2719 modo
1945 2678 2032 2718 vita

131 2744 314 2791 decessit,
348 2756 430 2784 non
462 2742 592 2784 solum
624 2743 852 2791 iuvenibus,
886 2744 955 2784 sed
988 2748 1028 2784 et
1059 2742 1257 2783 universae
1287 2740 1397 2795 genti
1428 2739 1664 2780 memoriam
1696 2737 1836 2778 mortis
1868 2750 1949 2777 suae
1980 2736 2032 2776 ad

130 2801 363 2855 exemplum
392 2801 557 2842 virtutis
586 2808 626 2842 et
653 2801 907 2843 fortitudinis
936 2801 1229 2854 derelinquens.

228 2911 266 2950 7.
297 2909 554 2962 Epiphanes
585 2910 760 2962 septem
792 2910 961 2951 fratres
991 2909 1274 2959 matremque
1304 2918 1461 2948 eorum
1492 2904 1700 2955 trucidat,
1729 2905 1768 2954 7,
1789 2903 1933 2943 1—42.

237 2980 272 3022 7.
328 2982 341 3004 1
360 2980 540 3034 Contigit
558 2986 697 3021 autem
715 2986 756 3022 et
773 2986 929 3034 septem
947 2980 1092 3020 fratres
1110 2992 1193 3019 una
1209 2991 1301 3018 cum
1319 2982 1449 3017 matre
1467 2988 1539 3015 sua
1557 2973 1827 3026 apprehensos
1845 2970 2029 3024 compelli
2065 2970 2201 3001 Primum,

130 3052 155 3079 a
175 3051 266 3092 rege
288 3039 404 3079 edere
426 3043 569 3079 contra
589 3039 650 3080 fas
672 3052 811 3080 carnes
833 3038 1031 3092 porcinas.
1055 3037 1201 3091 flagris.
1226 3041 1267 3076 et
1289 3034 1436 3076 taureis
1460 3032 1669 3073 cruciatos.
1720 3033 1734 3055 2
1757 3031 1871 3071 Unus
1894 3034 2030 3093 autem

131 3110 180 3137 ex
205 3096 293 3145 illis,
324 3096 393 3150 qui
419 3102 506 3138 erat
531 3097 697 3150 primus,
725 3098 781 3138 sic
807 3098 883 3138 ait:
912 3096 1019 3145 Quid
1046 3095 1201 3149 quaeris,
1230 3101 1269 3135 et
1297 3093 1393 3146 quid
1420 3092 1479 3131 vis
1506 3090 1656 3131 discere
1682 3103 1706 3130 a
1730 3088 1870 3130 nobis?
1898 3093 2030 3152 parati

131 3168 270 3196 sumus
293 3155 407 3203 mori,
432 3155 572 3208 magis,
599 3169 723 3209 quam
746 3155 900 3209 patrias
923 3155 999 3196 Dei
1021 3154 1126 3208 leges
1148 3151 1414 3207 praevaricari.
1466 3152 1481 3174 ³
1506 3149 1639 3189 Iratus
1662 3147 1801 3201 itaque
1824 3159 1897 3210 rex·
1916 3152 2030 3209 iussit

131 3213 366 3267 sartagines,
393 3218 434 3254 et
458 3213 556 3254 ollas
580 3227 710 3255 aeneas
734 3214 941 3255 succendi:
969 3212 1115 3267 quibus
1139 3211 1280 3252 statim
1304 3207 1514 3252 succensis,
1567 3209 1582 3231 1
1605 3206 1732 3251 iussit,
1759 3205 1804 3253 ei,
1832 3217 1901 3257 qni
1923 3216 2031 3257 prlor

130 3271 266 3312 fuerat
300 3271 473 3314 locutus.
513 3272 720 3325 amputari
755 3272 954 3323 linguam:
994 3278 1045 3314 et.
1085 3275 1178 3311 cute
1214 3267 1358 3321 capitis
1395 3267 1615 3311 abstracta,
1655 3276 1832 3305 summas
1871 3273 2029 3315 quoque

131 3343 276 3370 manus
301 3334 342 3371 et
366 3330 488 3383 pedes
514 3330 548 3370 ei
573 3330 796 3383 praescindi,
819 3324 966 3372 ceteris
992 3330 1074 3370 eius
1100 3327 1304 3368 fratribus.
1332 3331 1373 3365 et
1397 3329 1528 3365 matre
1551 3321 1869 3384 inspicientibus.
1921 3321 1936 3343 ⁵
1960 3318 2025 3358 Et.

131 3401 224 3428 cum
244 3387 326 3428 iam
346 3401 418 3442 per
438 3388 575 3429 omnia
594 3388 748 3429 inutilis
769 3389 903 3429 factus
925 3395 1040 3430 esset,
1063 3386 1178 3427 iussit
1198 3386 1331 3438 ignem
1353 3382 1572 3424 admoveri.
1596 3386 1635 3422 et
1657 3380 1787 3421 adhuc
1809 3381 2026 3441 spirantem

130 3446 273 3486 torreri
301 3446 341 3486 in
372 3446 594 3500 sartagine:
626 3447 666 3487 in
698 3460 779 3500 qua.
808 3460 899 3487 cum
930 3447 998 3487 diu
1029 3444 1284 3485 cruciaretur.
1318 3441 1438 3482 ceteri
1468 3453 1549 3481 una
1579 3452 1669 3479 cum
1699 3443 1828 3478 matre
1856 3444 2024 3474 invicem
