2356 3760
113 666 261 696 Philippus

94 702 233 726 diaeonus
248 702 275 726 in

99 737 168 762 urbe
186 738 271 762 Selm—

101 774 144 797 stc
167 774 267 803 pra-uli-

161 810 206 832 vat

168 1025 201 1041 :u-

111 1053 257 1077 >inionem

125 1095 242 1119 magum

119 1124 163 1148 ali«
170 1131 208 1154 ¹5¹1
215 1131 248 1148 ue

109 1159 258 1184 credentes

111 1195 255 1224 baptizat:

109 1492 209 1515 Petrus
229 1492 255 1515 et

122 1527 244 1551 [oannes

99 1562 265 1592 baptizatos

89 1598 272 1624 confirmant.

108 1783 254 1808 Simonem

122 1826 240 1848 magum

101 1855 261 1884 increpant,

103 2375 258 2399 *amarita-

92 2410 132 2434 ni<
147 2416 269 2439 evange-

131 2446 228 2469 lizant.

110 2636 257 2666 Philippus

102 2673 138 2696 ab
160 2671 261 2699 anas—10

132 2708 234 2732 missus

115 2743 248 2768 eunucho

90 2786 118 2801 se
131 2778 272 2807 adiungit,

105 3167 142 3191 illi
170 3168 264 3191 lesuin

93 3203 272 3230 evangelizat

299 177 398 217 1074
988 177 1133 211 ACTUS
1159 176 1505 210 APOSTQORUM
1983 180 2014 221 8,
2039 182 2136 222 4--8‚
2162 182 2204 216 33

918 267 1138 322 PARS
1179 268 1588 324 SECUNDA.

467 357 764 411 Ecclesia
803 355 892 409 acl
930 358 1169 422 gentes
1207 358 1568 423 transiens,
1609 357 1667 423 8,
1693 359 1899 425 4-12,
1926 359 2030 412 25.

1175 454 1178 455 ⁷
1194 447 1258 464 *>‘1-†
1279 447 1298 464 Φ

404 497 444 548 Ι.
486 496 802 547 Conversio
840 495 1340 547 Samaritanorum
1378 500 1435 549 et
1474 498 1780 564 AEthiopis‚
1819 499 1870 562 8,
1896 499 2099 551 4—-40.

549 587 588 627 1.
619 586 880 639 Baptismus
910 585 955 627 et
984 586 1270 629 confirmatio
1301 586 1713 640 Samaritanorum,
1741 589 1781 640 8,
1801 589 1945 630 4—25.

401 661 408 682 ¹
428 657 555 711 Igitur
570 657 638 710 qui
653 657 819 710 dispersi
837 663 954 699 erant
968 658 1285 712 pertransibant,
1302 659 1627 713 evangelizantes
1643 661 1814 702 verbum
1829 660 1917 703 Dei.
1959 664 1974 686 5
1989 662 2202 717 Philippus

292 722 429 758 autem
452 717 699 757 descendens
721 716 760 757 iu
784 717 995 758 civitatem
1017 718 1221 761 Samariae,
1247 718 1497 771 przedicabat
1517 718 1592 760 illis
1614 719 1833 762 Christum.
1886 721 1901 744 ‘³
1924 720 2201 763 Intendebant

292 781 429 816 autem
464 776 594 816 turbae
626 775 698 820 his.
735 789 823 829 quae
856 790 880 817 a
910 776 1099 830 Philippo
1132 777 1375 818 dicebantur
1407 777 1654 819 unanimiter
1685 778 1909 829 audientes,
1943 783 1985 820 et
2016 779 2201 821 videntes

291 835 406 887 signa
421 848 511 888 quae
526 834 714 876 faciebat.
762 837 776 859 ⁷
792 835 912 876 Multi
928 835 1033 877 enim
1051 849 1202 881 eorum,
1222 835 1290 888 qui
1307 836 1518 877 habebant
1532 836 1697 891 spiritus
1714 837 1959 887 immundos.
1978 838 2201 880 clamantes

292 907 390 936 voce
422 907 572 947 magna
604 894 784 936 exibant.
820 894 938 935 Multi
972 899 1109 935 autem
1144 894 1370 948 paralytici.
1407 900 1448 936 et
1480 895 1612 937 claudi
1646 896 1776 937 curati
1809 901 1917 938 sunt.
1981 899 1996 921 ⁸
2027 897 2199 939 Factum

292 958 354 994 est
383 967 475 1005 ergo
504 952 698 1007 gaudium
729 967 923 1007 magnum
954 953 993 993 in
1023 952 1091 994 illa
1120 952 1299 995 civitate.

399 1014 414 1036 ⁹
435 1012 504 1052 Vir
522 1017 659 1053 autem
682 1012 848 1065 quidam
868 1012 1032 1053 nomine
1051 1012 1203 1059 Simon,
1227 1012 1295 1066 qui
1315 1017 1410 1054 ante
1429 1013 1564 1054 fuerat
1581 1013 1623 1054 in
1643 1013 1811 1055 civitate
1830 1028 1984 1068 magus.
2007 1016 2201 1057 seducens

290 1076 452 1122 egentem
485 1071 689 1119 Samariae,
726 1070 862 1112 dicens
896 1084 937 1112 se
970 1084 1054 1112 esse
1088 1070 1264 1124 aliquem
1298 1085 1512 1126 magnum:
1573 1074 1610 1097 ¹⁰
1642 1072 1705 1114 cui
1739 1073 2031 1115 auscultabant
2064 1088 2202 1116 omnes

291 1145 314 1171 a
338 1130 507 1171 minimo
534 1143 661 1183 usque
688 1130 739 1171 ad
765 1129 1005 1179 maximum.
1034 1130 1232 1171 dicentes:
1262 1130 1339 1172 Hic
1365 1135 1427 1172 est
1451 1131 1582 1173 Virtus
1607 1131 1695 1178 Dei,
1726 1145 1815 1186 quae
1841 1138 2014 1174 vocatur
2037 1147 2198 1187 magna.

293 1192 321 1214 ¹¹
337 1189 623 1230 Attendebant
639 1193 776 1230 autem
793 1203 904 1230 eum:
921 1193 1088 1243 propter
1104 1189 1213 1243 quod
1228 1189 1359 1231 multo
1376 1195 1558 1244 tempore
1572 1190 1715 1244 magiis
1731 1191 1812 1232 suis
1828 1192 2105 1233 dementasset
2117 1186 2199 1234 eos.

290 1251 319 1273 ¹²
339 1249 439 1290 Cum
459 1261 554 1289 vero
573 1247 840 1289 credidissent
856 1247 1046 1302 Philippo
1066 1248 1363 1302 evangelizanti
1382 1250 1431 1290 de
1449 1262 1572 1303 regno
1590 1249 1677 1296 Dei,
1698 1250 1739 1290 in
1758 1249 1922 1292 nomine
1942 1251 2034 1292 Iesu
2052 1250 2201 1292 Christi

287 1307 610 1361 baptizabantur
630 1306 717 1351 viri.
743 1321 788 1348 ac
809 1306 1008 1349 mulieres.
1059 1310 1090 1332 ¹³
1112 1308 1226 1349 Tunc
1246 1307 1384 1349 Simon
1408 1313 1450 1349 et
1470 1308 1555 1362 ipse
1576 1308 1765 1350 credidit:
1790 1313 1831 1350 et
1851 1323 1943 1351 cum
1964 1309 2202 1363 baptizatus

289 1372 405 1416 esset,
434 1366 670 1408 adhaerebat
695 1365 896 1420 Philippo.
926 1366 1077 1407 Videns
1104 1366 1229 1408 etiam
1256 1366 1381 1420 signa,
1411 1372 1452 1408 et
1477 1367 1653 1409 virtutes
1678 1368 1880 1409 maximas
1906 1367 2003 1411 fieri.
2033 1373 2201 1422 stupens

289 1425 583 1468 admirabatur.

394 1487 425 1510 ¹⁴¹
462 1485 562 1526 Cum
602 1489 740 1525 autem
779 1484 990 1526 audissent
1026 1484 1225 1538 Apostoli,
1266 1485 1333 1539 qui
1373 1490 1490 1526 erant
1529 1485 1798 1540 lerosolymis.
1840 1487 1949 1540 quod
1986 1486 2202 1540 recepisset

288 1543 473 1586 Samaria
494 1545 664 1585 verbum
686 1543 774 1589 Dei,
798 1543 996 1585 miserunt
1019 1544 1070 1585 ad
1092 1557 1158 1585 eos
1179 1544 1360 1588 Petrum.
1385 1549 1426 1585 et
1449 1545 1662 1586 Ioannem:
1712 1547 1743 1569 ¹⁵
1766 1544 1844 1594 Qui
1866 1559 1958 1586 cum
1980 1545 2199 1594 venissent,

290 1608 510 1645 oraverunt
537 1617 609 1656 pro
636 1602 731 1656 ipsis
760 1607 806 1643 ut
833 1602 1064 1656 acciperent
1089 1602 1287 1655 Spiritum
1314 1607 1521 1644 sanetum:
1576 1605 1612 1627 16
1639 1604 1833 1644 Nondum
1861 1603 1967 1644 enim
1994 1604 2036 1644 in
2064 1617 2202 1657 quem-

287 1676 410 1717 quam
431 1662 591 1703 illormn
611 1666 792 1704 venerat.
815 1662 885 1702 sed
904 1661 1107 1714 baptizati
1128 1666 1292 1702 tantum
1313 1667 1430 1703 erant
1449 1661 1490 1702 in
1509 1661 1674 1704 nomine
1692 1662 1861 1703 Domini
1883 1662 1985 1703 Iesu.
2034 1663 2067 1687 ¹⁷
2089 1663 2201 1703 Tunc

285 1722 555 1775 imponebant
580 1734 727 1761 manus
755 1733 875 1773 super
901 1720 1000 1767 illos,
1031 1724 1073 1761 et
1099 1719 1357 1774 accipiebant
1383 1720 1581 1774 Spiritum
1609 1726 1810 1763 sanctum.

392 1782 427 1805 ¹⁸
462 1780 562 1821 Cum
599 1779 769 1821 vidisset
804 1784 942 1821 autem
977 1779 1118 1821 Simon
1155 1779 1251 1833 quia
1284 1792 1356 1833 per
1388 1779 1692 1833 impositionem
1726 1793 1874 1821 manus
1909 1779 2198 1833 Apostolorum

288 1841 455 1882 daretur
487 1839 662 1893 Spiritus
696 1844 874 1882 sanctus,
927 1838 1078 1880 obtulit
1111 1838 1166 1879 eis
1199 1838 1427 1892 pecuniam,
1490 1841 1524 1863 ¹¹³
1558 1838 1712 1880 dicens:
1748 1839 1856 1879 Date
1890 1843 1932 1880 et
1963 1838 2063 1879 mihi
2096 1839 2201 1879 han(-

286 1904 548 1953 potestatem,
582 1903 628 1939 ut
660 1897 901 1951 cuicumque
932 1897 1162 1951 imposuero
1192 1911 1351 1947 manus,
1385 1897 1561 1952 accipiat
1589 1897 1787 1951 Spiritum
1819 1902 2021 1940 sanctum.
2053 1898 2201 1939 Petrus

285 1963 423 2000 autem
452 1957 557 1999 dixit
583 1958 635 1999 ad
663 1971 773 1997 eum:
828 1958 865 1981 2⁰
890 1956 1069 1998 Pecunia
1096 1962 1169 1998 tua
1196 1962 1331 1998 tecum
1358 1956 1411 1998 sit
1436 1956 1477 1997 in
1504 1956 1795 2011 perditionem:
1825 1956 2019 2010 quoniam
2046 1957 2199 1998 donum

285 2017 361 2059 Dei
383 2016 627 2058 existimasti
648 2016 822 2070 pecunia
843 2015 1050 2070 possideri.
1100 2017 1131 2040 ‘²¹
1156 2016 1247 2058 Non
1271 2020 1332 2057 est
1353 2015 1429 2057 tibi
1451 2029 1555 2070 pais
1580 2029 1711 2069 neque
1733 2029 1817 2057 sors
1839 2015 1880 2056 in
1902 2028 2086 2057 sermone
2108 2015 2199 2057 isto.

285 2090 353 2119 cor
383 2076 489 2117 enim
523 2081 640 2117 tuum
672 2089 753 2117 non
785 2080 846 2116 est
876 2080 1033 2116 rectum
1066 2089 1202 2116 coram
1223 2075 1322 2117 Deo.
1378 2077 1410 2099 22
1440 2074 1735 2116 Poenitentiam
1767 2074 1907 2128 itaque
1938 2087 2010 2128 age
2042 2074 2092 2115 ab
2124 2074 2200 2115 hac

288 2135 472 2189 nequitia
494 2141 584 2176 tua:
609 2140 650 2176 et
670 2148 768 2188 roga
788 2135 935 2184 Deum,
960 2133 991 2174 si
1013 2134 1118 2175 forte
1140 2133 1378 2175 remittatur
1399 2133 1474 2175 tibi
1496 2134 1581 2176 haec
1604 2133 1799 2188 cogitatio
1821 2133 1952 2175 cordis
1975 2133 2047 2175 tui.
2097 2135 2130 2158 2³
2153 2133 2200 2174 In

286 2194 376 2236 telle
407 2194 514 2235 enim
547 2193 843 2243 amaritudinis
878 2197 920 2234 et
950 2192 1198 2246 obligatione
1228 2192 1460 2246 iniquitatis
1491 2192 1611 2234 video
1642 2198 1682 2234 te
1714 2206 1809 2235 esse.
1869 2194 1902 2217 2⁴
1934 2192 2200 2246 Respondens

287 2259 426 2295 autem
456 2252 607 2296 Simon.
641 2252 764 2293 dixit:
796 2250 1023 2293 Precamini
1054 2265 1126 2293 vos
1157 2264 1230 2304 pro
1258 2265 1323 2292 me
1354 2251 1406 2292 ad
1435 2251 1672 2294 Dominum.
1706 2256 1753 2293 ut
1781 2250 1882 2292 nihil
1911 2251 2052 2293 veniat
2081 2264 2202 2305 super

287 2327 351 2354 me
380 2313 537 2359 horum,
570 2325 660 2365 quaa
689 2310 861 2353 dixistis.

391 2373 422 2396 ‘2⁵
449 2371 505 2412 Et
530 2370 583 2411 illi
612 2370 776 2424 quidem
803 2369 1024 2414 testificati,
1053 2374 1094 2410 et
1119 2368 1244 2411 locuti
1272 2370 1442 2410 verbum
1468 2368 1646 2411 Domini.
1676 2368 1866 2410 redibant
1898 2368 2197 2422 ierosolymam.

287 2436 327 2473 et
355 2430 495 2471 multis
524 2430 754 2479 regionibus
784 2428 1135 2471 Samaritanorum
1167 2428 1517 2482 evangelizabant.

818 2550 856 2590 2.
887 2550 1148 2601 Baptismus
1177 2548 1416 2601 AEthiopis‚
1444 2550 1484 2599 8,
1503 2549 1556 2589 26
1569 2549 1676 2589 0⁷40.

392 2635 426 2658 2⁶
456 2631 633 2685 Angelus
663 2636 802 2672 autem
832 2631 997 2672 Domini
1027 2631 1187 2672 locutus
1217 2635 1280 2672 est
1308 2631 1359 2672 ad
1388 2630 1637 2684 Philippum,
1669 2629 1824 2671 dicens:
1855 2629 1993 2682 Surge.
2026 2633 2067 2670 et
2095 2630 2199 2670 vade

288 2697 432 2734 contra
448 2690 718 2732 meridianum
738 2690 790 2731 ad
807 2690 929 2740 viam,
951 2704 1040 2744 quae
1058 2690 1267 2731 descendit
1285 2690 1335 2731 ab
1358 2689 1576 2730 Ierusalem
1594 2688 1634 2729 in
1652 2689 1824 2730 Gazam:
1844 2688 1929 2729 haec
1947 2693 2008 2729 est
2025 2688 2196 2729 deserta.

287 2754 320 2777 2⁷
342 2752 397 2792 Et
416 2763 581 2804 surgens
603 2749 715 2790 abiit.
739 2749 795 2790 Et
814 2762 904 2790 ecee
924 2748 986 2789 vir
1006 2749 1206 2803 AEthiops,
1229 2749 1450 2797 eunuchus,
1472 2752 1618 2802 potens
1639 2746 1836 2789 Candacis
1858 2746 2022 2800 Regina³
2042 2746 2199 2788 AEthio-

289 2824 396 2863 pum,
421 2809 488 2863 qui
510 2814 597 2850 erat
617 2821 738 2861 super
758 2821 896 2849 omnes
916 2821 1035 2861 gazas
1057 2808 1158 2849 eius:
1181 2812 1351 2849 venerat
1371 2808 1539 2848 adorare
1560 2806 1599 2847 in
1625 2805 1860 2847 Ierusalem:
1908 2807 1944 2830 ²8
1964 2810 2006 2846 et
2024 2810 2199 2846 reverte-

287 2870 410 2909 batur
437 2869 579 2910 sedens
609 2881 729 2920 super
757 2880 919 2908 currum
950 2881 1079 2911 suuni,
1112 2867 1327 2921 legensque
1358 2866 1507 2907 Isaiam
1537 2866 1792 2920 prophetam.
1850 2866 1885 2889 2⁹
1914 2863 2031 2905 Dixit
2059 2868 2198 2905 autem

286 2927 461 2980 Spiritus
490 2926 698 2979 Philippo:
730 2926 898 2975 Accede,
931 2930 972 2966 et
1001 2925 1175 2975 adiunge
1205 2930 1245 2967 te
1275 2926 1325 2967 ad
1356 2938 1517 2966 currum
1546 2924 1684 2966 istum.
1741 2925 1778 2948 3⁰
1805 2923 2030 2964 Accurrens
2060 2927 2198 2964 autem

291 2986 510 3039 Philippus,
546 2985 706 3026 audivit
737 2998 828 3026 eum
861 2984 1061 3038 legentem
1096 2984 1244 3025 Isaiam
1277 2984 1533 3038 prophetam,
1569 2988 1610 3024 et
1640 2982 1763 3024 dixit:
1796 2982 1977 3023 Putasne
2007 2980 2199 3035 intelligis

289 3058 378 3099 quae
398 3044 516 3093 legis?
561 3047 592 3069 3¹
613 3043 690 3092 Qui
709 3043 784 3084 ait:
805 3043 861 3084 Et
879 3044 1085 3097 quomodo
1103 3056 1280 3096 possum,
1301 3043 1333 3084 si
1350 3055 1430 3084 non
1451 3042 1596 3096 aliquis
1616 3040 1841 3083 ostenderit
1857 3040 1981 3081 mihi?
2003 3039 2198 3094 Rogavit-

290 3117 368 3157 que
400 3103 630 3156 Philippum
667 3107 713 3143 ut
744 3103 991 3151 ascenderet,
1025 3107 1067 3143 et
1097 3103 1255 3143 sederet
1285 3115 1433 3143 secum.

395 3164 427 3187 ³2
460 3162 589 3202 Locus
621 3167 757 3201 autem
791 3161 1021 3214 Scriptura),
1057 3174 1179 3214 quam
1212 3160 1384 3213 legebat.
1418 3164 1507 3201 erat
1537 3159 1619 3200 hic:

348 3221 593 3273 *Tamquam
624 3220 708 3260 ovis
734 3221 784 3260 ad
813 3219 1051 3261 occisionem
1078 3220 1226 3261 duetus
1252 3224 1330 3260 est:
1410 3224 1451 3260 et
1476 3218 1581 3259 sicut
1605 3231 1733 3271 agnus
1759 3229 1895 3258 coram
1921 3217 2118 3258 tondente
2143 3228 2196 3259 se.

552 3278 634 3317 sine
667 3292 774 3323 voce,
860 3278 914 3319 sic
944 3292 1024 3319 non
1055 3278 1215 3332 aperuit
1245 3292 1286 3319 os
1316 3292 1448 3319 suum.

289 3340 322 3363 ³⁵³³
346 3338 391 3378 ln
423 3337 651 3378 bumilitate
681 3337 872 3378 iudicium
901 3337 984 3378 eius
1013 3336 1220 3378 sublatum
1249 3342 1321 3378 est.
1403 3336 1718 3377 Generationem
1747 3333 1830 3375 eius
1859 3333 1948 3388 quis
1975 3332 2195 3374 enarrabit.

552 3395 744 3449 quoniam
779 3395 943 3437 tolletur
971 3397 1021 3437 de
1051 3401 1159 3437 terra
1187 3395 1275 3437 vita
1304 3394 1410 3436 eius?

424 3520 454 3561 8,
480 3520 521 3553 32
547 3520 598 3553 als
623 3521 676 3561 53,
707 3522 734 3554 ῖ.
