2356 3760
125 175 176 217 19,
202 176 322 214 5-19,
348 175 389 208 39
820 177 964 211 AC'rL's
989 177 1330 212 APOSTOLORUM
1914 186 2008 227 1037

123 272 218 321 post
234 267 379 321 ipsum,
402 274 448 309 ut
466 270 687 314 crederent,
708 270 783 310 1100
802 275 875 315 est,
895 268 936 308 in
958 269 1103 310 lesum.
1149 272 1164 294 5
1184 270 1257 311 His
1277 271 1438 319 auditis,
1460 272 1659 325 baptizati
1678 282 1772 315 sunt
1790 275 1830 315 in
1850 277 2011 319 nomine

122 326 288 368 Domini
322 327 423 367 Iesu.
485 328 501 351 ⁶
531 327 587 368 Et
617 341 708 368 cum
739 327 995 379 imposuisset
1026 327 1100 368 illis
1131 342 1276 370 manus
1306 329 1468 378 Paulus,
1503 330 1616 371 venit
1645 331 1816 384 Spiritus
1848 341 2010 377 sanctus

123 398 243 438 super
272 399 349 434 eos,
383 392 423 426 et
454 385 727 438 loquebantur
755 384 912 437 linguis,
946 391 986 425 et
1016 387 1332 439 prophetabant.
1394 390 1407 411 ⁷
1440 388 1570 430 Erant
1600 394 1737 431 autem
1769 405 1905 432 omnes
1937 394 2011 434 viri

122 443 203 484 fere
233 443 458 486 duodecim.

229 504 244 526 s
284 503 550 555 introgressus
583 506 721 542 autem
753 515 1013 555 synagogam,
1049 516 1140 544 cum
1175 504 1321 544 fiducia
1352 504 1596 557 loquebatur
1627 519 1697 559 per
1730 514 1809 549 tres
1842 518 2107 559 10011505,1>81οὸ
2128 523 2205 541 men·

123 561 348 614 disputans,
384 566 425 601 et
458 560 630 601 suadens
664 560 713 600 de
745 573 867 614 regno
900 560 987 601 Dei.
2027 552 2204 617 Sesassssgssn‘

229 620 244 643 ⁹
280 619 299 655 (
300 620 381 659 ’1101
418 623 555 659 autem
593 617 758 670 quidam
794 618 1093 668 indurarentur,
1132 625 1173 661 et
1208 634 1289 662 non
1326 622 1544 671 crederent,
1582 623 1867 666 maledicentes
1904 626 2013 667 viam
2044 638 2189 691 bipffium

122 676 286 718 Domini
317 690 453 718 coram
483 675 758 726 multitudine,
790 677 997 719 discedens
1028 678 1079 719 ab
1110 677 1176 727 eis,
1209 680 1435 732 segregavit
1464 680 1691 734 discipulos,
1726 684 1906 735 quotidie
1936 684 2014 725 dis—
2044 701 2072 725 m
2094 702 2189 726 sehon

122 739 271 788 putans
299 735 340 775 in
367 734 505 776 schola
530 735 695 787 tyranni
722 735 944 777 cuiusdam.
1000 738 1035 761 1⁰
1062 736 1151 778 Hoc
1178 742 1316 778 autem
1342 738 1497 779 factum
1525 745 1585 779 est
1612 753 1682 793 per
1709 741 1926 791 biennium,
1955 743 2015 784 ita
2046 736 2181 802 ffig'gflffl

123 798 169 834 ut
191 806 341 839 omnes,
368 793 435 846 qui
458 793 705 835 habitabant
725 794 767 834 in
788 794 897 843 Asia,
923 795 1109 836 audirent
1131 796 1301 837 verbum
1324 796 1501 845 Domini,
1528 798 1653 838 Iudaei
1676 804 1798 851 atque
1820 800 2012 842 Gentiles.
2182 792 2187 797 ’

226 854 257 876 11
279 851 544 905 Virtutesque
566 865 646 893 11011
671 853 872 905 quaslibet
893 853 1070 895 faciebat
1091 854 1201 895 Deus
1223 868 1294 908 per
1315 868 1482 895 manum
1505 855 1637 896 Pauli:
1689 859 1720 881 12
1742 857 1801 897 ita
1822 864 1868 898 ut
1890 859 2013 900 etiam
2046 856 2189 916 ¹¹}f{3‡}{¹i⁸

121 924 242 965 super
259 910 471 964 languidos
493 910 745 951 deferrentur
765 924 789 952 a
809 925 974 965 corpore
995 912 1078 953 eius
1099 912 1273 961 sudaria,
1296 917 1338 954 et
1357 913 1617 962 semicinctia,
1641 920 1681 954 et
1700 917 1943 957 recedebant
1963 918 2013 958 ab
2159 911 2166 922 '

121 969 176 1010 eis
204 969 428 1022 languores,
460 974 501 1010 et
529 969 693 1023 spiritus
722 983 898 1024 nequam
927 971 1248 1024 egrediebantur.

226 1030 258 1053 13
279 1028 559 1069 Tentaverunt
579 1033 716 1069 autem
738 1029 903 1082 quidam
925 1035 965 1070 et
985 1030 1034 1070 de
1054 1029 1396 1071 circumeuntibus
1419 1031 1563 1071 Iudaeis
1584 1032 1803 1081 exorcistis,
1826 1032 2013 1075 invocare
2082 1029 2151 1053 ‘¹¹¹¹ss

120 1100 240 1140 super
264 1100 342 1136 eos,
370 1086 439 1140 qui
462 1086 671 1127 habebant
695 1087 859 1140 spiritus
883 1088 1023 1131 malos.
1050 1101 1197 1129 nomen
1222 1088 1386 1130 Domini
1413 1089 1514 1138 Iesu,
1542 1089 1738 1131 dicentes:
1763 1091 1916 1133 Adiuro
1942 1106 2012 1134 vos
2042 1068 2182 1138 ’1110111015ῖὲ

120 1158 192 1200 1101
215 1145 361 1194 Iesum,
387 1158 507 1199 quem
530 1145 679 1186 Paulus
702 1146 908 1198 praedicat.
960 1149 991 1171 ¹4
1013 1147 1144 1188 Erant
1167 1153 1303 1188 autem
1328 1147 1493 1201 quidam
1518 1148 1643 1189 Iudaei
1665 1149 1801 1190 Scevae
1823 1150 2012 1204 principis
2043 1134 2192 1194 35313223'-

121 1204 378 1245 sacerdotum
402 1208 557 1257 septem
580 1204 661 1253 filii,
688 1204 757 1257 qui
779 1205 855 1246 hoc
878 1205 1094 1246 faciebant.
1146 1207 1177 1230 ¹5
1203 1206 1467 1259 Respondens
1491 1211 1627 1247 autem
1651 1207 1815 1260 spiritus
1838 1221 2013 1262 nequam
2088 1208 2144 1229 ms·

120 1262 225 1304 dixit
248 1261 321 1303 eis:
350 1262 482 1304 Iesum
507 1262 615 1307 novi,
641 1268 682 1303 et
705 1263 879 1305 Paulum
903 1263 1001 1305 scio:
1027 1277 1099 1305 vos
1124 1269 1261 1305 autem
1287 1264 1355 1317 qui
1378 1263 1497 1305 estis?
1550 1266 1583 1289 1⁶
1607 1265 1662 1305 Et
1684 1265 1859 1307 insiliens
1883 1267 1924 1307 in
1949 1280 2014 1308 eos

119 1322 254 1371 homo,
286 1321 327 1362 in
358 1334 438 1374 quo
469 1326 555 1362 erat
586 1321 831 1363 daeiiioniiim
862 1322 1093 1375 pessimum,
1126 1327 1166 1362 et
1197 1322 1430 1363 dominatus
1461 1323 1685 1373 amborum,
1717 1324 1893 1365 invaluit
1922 1338 2014 1366 con-

120 1386 185 1421 tra
212 1393 291 1423 eos,
322 1379 381 1420 ita
410 1384 455 1420 ut
484 1380 595 1427 nudi,
627 1385 668 1421 et
696 1380 899 1421 vulnerati
928 1380 1149 1433 effugerent
1179 1381 1227 1421 de
1257 1381 1378 1422 domo
1406 1380 1486 1421 1110.

223 1439 258 1463 1⁷
281 1438 370 1479 Hoc
390 1443 528 1479 autem
549 1444 693 1479 notum
714 1438 869 1479 factum
890 1444 950 1479 est
971 1438 1158 1479 omnibus
1181 1438 1337 1487 ludaeis,
1361 1444 1484 1492 atque
1504 1439 1743 1485 Gentilibus,
1768 1441 1835 1494 qui
1855 1441 2013 1483 habita·
2028 1447 2114 1470 quw
2136 1440 2218 1463 ¹¹¹¹¹¹¹³

2032 1475 2125 1499 territi
2148 1481 2205 1498 ma-

119 1497 221 1537 bant
244 1496 413 1549 Ephesi:
440 1501 481 1536 et
504 1495 649 1536 cecidit
673 1495 797 1537 timor
820 1509 939 1549 super
963 1509 1100 1537 omnes
1124 1495 1225 1545 illos,
1252 1501 1294 1537 et
1316 1497 1656 1550 magnificabatur
1679 1512 1826 1539 nomen
1850 1500 2014 1541 Domini
2030 1510 2105 1550 nico}
2124 1512 2206 1533 actu>

121 1555 224 1595 10011.
280 1555 315 1578 1⁸
341 1553 541 1607 Multique
569 1553 820 1594 credentium
849 1554 1069 1595 veniebant
1096 1554 1348 1604 confitentes,
1378 1560 1420 1596 et.
1446 1555 1740 1597 annunciantes
1768 1562 1881 1598 actus
1909 1571 2014 1599 suos.
2031 1546 2206 1604 ‘'33n1ii2ss22s

120 1615 154 1637 ¹⁹
180 1612 299 1654 Multi
326 1617 464 1653 autem
492 1625 541 1652 ex
568 1611 634 1661 eis,
665 1612 733 1666 qui
759 1613 923 1654 fuerant
949 1613 1105 1654 curiosa
1131 1613 1287 1663 sectati,
1317 1613 1578 1655 contulerunt
1602 1614 1737 1665 libros,
1766 1620 1807 1656 et
1832 1616 2015 1657 001011110-
2031 1615 2217 1644 00111111111111ῖὲ

119 1676 260 1712 serunt
284 1684 420 1713 coram
447 1670 652 1712 omnibus:
681 1676 722 1712 et
747 1671 995 1725 computatis
1021 1671 1160 1725 pretiis
1186 1671 1359 1721 illorum,
1386 1672 1631 1714 invenerunt
1655 1674 1869 1727 pecuniam
1895 1675 2016 1716 dena—

116 1730 269 1772 riorum
304 1729 602 1784 quinquaginta
634 1729 817 1770 millium.
878 1732 914 1755 ‘²⁰
949 1730 1012 1770 lta
1046 1729 1207 1771 fortiter
1239 1731 1444 1771 crescebat
1477 1731 1646 1772 verbum
1679 1732 1767 1781 Dei,
1802 1737 1843 1773 et
1876 1733 2017 1774 confir—

119 1789 324 1830 mabatur.

223 1848 255 1871 2¹
290 1846 364 1888 His
399 1851 537 1887 autem
571 1846 754 1900 expletis,
790 1848 1003 1901 proposuit
1036 1847 1186 1888 Paulus
1220 1848 1261 1888 in
1295 1848 1461 1901 Spiritu,
1497 1849 1672 1889 transita
1706 1849 1943 1891 Macedonia
1976 1856 2016 1891 et
2035 1844 2201 1908 ,dpffissus

118 1905 274 1947 Achaia
288 1905 344 1946 ire
364 1905 667 1958 lerosolymam,
685 1905 839 1947 dicens:
860 1906 1052 1960 quoniam
1069 1912 1290 1960 postquam
1307 1906 1420 1948 fuero
1436 1906 1503 1951 ibi,
1524 1913 1685 1960 oportet
1701 1921 1764 1949 me
1782 1914 1823 1949 et
1841 1909 2013 1949 Romam
2054 1915 2086 1965 ,1⁵1¹
2109 1914 2175 1938 Asia

118 1965 267 2006 videre.
317 1966 349 1988 ²2
371 1964 539 2004 Mittens
562 1969 699 2005 autem
721 1964 762 2004 in
784 1965 1065 2006 Macedoniam
1087 1966 1189 2006 duos
1211 1978 1261 2005 ex
1281 1964 1608 2007 ministrantibus
1630 1966 1717 2015 sibi,
1741 1966 2013 2015 Timotheum,
2045 1956 2191 2009 “333ssoe

118 2028 161 2063 et
188 2022 395 2071 Erastum,
426 2022 510 2076 ipse
538 2023 733 2063 remansit
762 2024 813 2064 ad
842 2029 1003 2077 tempus
1031 2023 1073 2063 in
1101 2024 1209 2064 Asia.

222 2083 254 2105 '23
273 2081 402 2121 Facta
421 2086 482 2121 est
501 2086 638 2122 autem
658 2081 725 2123 illo
745 2086 928 2135 tempore
948 2082 1132 2124 turbatio
1152 2095 1234 2124 non
1252 2082 1422 2123 minima
1441 2083 1490 2123 de
1510 2082 1577 2123 via
1595 2083 1772 2124 Domini.
1820 2086 1851 2108 ²⁴
1871 2084 2016 2124 Deme·
2037 2078 2199 2136 ῃξζξῇξῖξξζυ

118 2139 220 2180 trius
246 2139 353 2180 enim
381 2139 547 2191 quidam
573 2139 749 2189 nornine,
778 2140 1042 2193 argentarius,
1070 2140 1220 2182 faciens
1246 2141 1350 2181 aedes
1377 2146 1586 2194 argenteas
1613 2141 1765 2191 Dianae,
1793 2142 2219 2195 praestabatsspl1e‘>‘lorum

118 2197 340 2239 artificibus
361 2211 445 2239 non
463 2198 669 2239 modicum
691 2204 911 2252 quaestum:
959 2201 991 2223 2⁵
1013 2212 1113 2252 quos
1134 2212 1375 2248 convocans,
1398 2205 1439 2240 01
1459 2213 1537 2249 000,
1561 2199 1629 2253 qui
1649 2200 1880 2241 huiusmodi
1901 2205 2017 2241 erant

119 2256 292 2310 opifices,
319 2256 441 2297 dixit:
467 2255 564 2306 Viri,
591 2256 701 2298 scitis
727 2257 824 2310 quia
848 2258 896 2298 de
921 2258 997 2298 hoc
1023 2257 1193 2299 artificio
1218 2263 1279 2298 est
1303 2258 1418 2299 nobis
1445 2258 1676 2311 acquisitio:
1728 2260 1764 2283 ²⁶
1788 2264 1830 2299 et
1854 2258 2012 2308 videtis,

118 2321 160 2356 et
181 2314 331 2356 auditis
354 2314 450 2368 quia
470 2328 551 2356 non
573 2315 704 2356 solum
725 2315 888 2370 Ephesi,
912 2317 981 2357 sed
1002 2329 1104 2369 pene
1127 2316 1253 2357 totius
1274 2316 1390 2366 Asiae,
1414 2316 1564 2357 Paulus
1587 2317 1649 2357 hic
1671 2318 1843 2358 suadens
1865 2316 2015 2357 avertit

117 2373 292 2414 multam
316 2373 492 2423 turbam,
518 2373 672 2415 dicens:
698 2374 901 2423 Quoniam
924 2388 1006 2416 non
1029 2380 1125 2415 sunt
1149 2374 1215 2423 dii,
1242 2375 1310 2427 qui
1333 2374 1520 2415 manibus
1544 2374 1660 2415 fiunt.
1711 2377 1745 2399 2⁷
1770 2375 1861 2416 Non
1884 2375 2013 2416 solum

118 2437 257 2473 autem
279 2432 363 2473 haec
384 2431 682 2485 periclitabitur
702 2433 818 2474 nobis
840 2446 933 2487 pars
955 2433 996 2473 in
1018 2432 1345 2486 redargutionem
1368 2433 1516 2481 venire,
1541 2434 1611 2473 sed
1633 2438 1673 2474 et
1694 2446 1851 2486 magnae
1872 2433 2014 2474 Dianae

118 2489 318 2544 templum
342 2489 383 2530 in
409 2490 580 2531 nihilum
606 2492 878 2544 reputabitur,
905 2492 975 2533 sed
1001 2497 1042 2533 et
1067 2491 1221 2532 destrui
1245 2491 1412 2544 incipiet
1435 2491 1626 2532 maiestas
1652 2491 1748 2540 eius,
1777 2505 1898 2544 quam
1925 2496 2013 2532 tota

118 2548 226 2598 Asia,
257 2554 298 2590 et
327 2549 433 2591 orbis
462 2548 571 2590 colit.
628 2551 663 2574 ²3
693 2550 767 2591 His
797 2550 959 2599 auditis,
990 2550 1132 2604 repleti
1161 2554 1257 2591 sunt
1284 2550 1355 2599 ira,
1387 2555 1428 2591 et
1456 2549 1787 2591 exclamaverunt
1815 2549 2011 2590 dicentes:

117 2607 268 2661 Magna
299 2607 435 2648 Diana
468 2607 749 2661 Ephesiorum.
812 2611 848 2634 ²⁹
881 2609 938 2650 Et
969 2609 1139 2662 impleta
1171 2613 1233 2650 est
1267 2608 1410 2649 civitas
1445 2608 1690 2653 confusione,
1742 2613 1782 2649 et
1815 2608 2012 2661 impetum

117 2666 302 2706 fecerunt
320 2679 402 2707 uno
423 2666 559 2708 animo
578 2666 619 2707 in
641 2667 861 2718 theatrum,
884 2673 1003 2721 rapto
1023 2667 1136 2716 Gaio,
1159 2672 1201 2708 et
1220 2667 1454 2708 Aristarcho
1475 2667 1774 2715 Macedonibus,
1798 2665 2012 2707 comitibus

116 2723 246 2766 Pauli.
305 2726 343 2749 3⁰
373 2724 501 2766 Paulo
535 2730 673 2766 autem
705 2726 868 2767 volente
900 2726 1051 2767 intrare
1083 2725 1125 2766 in
1158 2725 1366 2779 populum,
1400 2738 1482 2766 non
1515 2725 1783 2778 permiserunt
1814 2723 2011 2777 discipuli.

117 2784 149 2808 3¹
177 2782 353 2831 Quidam
380 2788 519 2824 autem
546 2789 588 2825 et
613 2785 663 2825 de
689 2785 794 2826 Asiae
820 2784 1082 2838 principibus,
1112 2784 1180 2838 qui
1207 2789 1323 2825 erant
1350 2783 1468 2824 amici
1495 2783 1589 2831 eius,
1618 2783 1815 2823 miserunt
1842 2782 1894 2823 ad
1920 2796 2011 2822 eum

116 2846 307 2894 rogantes
327 2855 377 2882 ne
398 2855 438 2882 se
459 2842 576 2883 daret
594 2842 635 2883 in
656 2843 883 2884 theatrum:
931 2845 963 2868 32
985 2842 1050 2883 alii
1072 2847 1209 2883 autem
1231 2842 1341 2883 aliud
1361 2841 1606 2882 clamabant.
1629 2841 1730 2881 Erat
1750 2840 1855 2881 enim
1876 2840 2013 2881 Eccle—

118 2899 177 2940 sia
202 2900 389 2941 confusa:
417 2905 458 2941 et
483 2900 616 2954 plures
641 2902 878 2943 nesciebant
905 2915 986 2955 qua
1011 2915 1060 2942 ex
1087 2914 1208 2942 causa
1234 2899 1528 2942 convenissent.
1582 2901 1614 2924 3³
1640 2899 1700 2939 De
1728 2899 1849 2940 turba
1875 2903 2011 2939 autem

118 2957 385 2999 detraxerunt
422 2958 713 3010 Alexandrum,
754 2959 1072 3014 propellentibus
1112 2973 1204 3000 eum
1247 2958 1402 2999 l'udaeis.
1443 2957 1673 2998 Alexander
1711 2962 1849 2998 autem
1888 2970 2011 2997 manu

117 3015 277 3057 silentio
311 3017 531 3070 postulato,
568 3018 734 3060 Volebat
767 3019 932 3060 reddere
967 3018 1166 3059 rationem
1200 3016 1363 3070 populo.
1425 3018 1458 3040 34
1492 3016 1620 3063 Quem
1655 3020 1702 3055 111
1736 3021 2012 3069 cognoverunt

120 3074 302 3115 Iudaeum
323 3088 418 3125 esse,
440 3089 523 3117 vox
542 3076 654 3118 facta
673 3090 755 3118 una
776 3083 837 3118 est
857 3076 1051 3124 omnium,
1074 3076 1188 3130 quasi
1208 3088 1279 3128 per
1298 3075 1416 3116 hora-s
1437 3075 1538 3115 duas
1559 3073 1842 3114 clamantium:
1864 3073 2009 3124 Magna

116 3132 252 3174 Diana
281 3133 562 3187 Ephesiorum.
619 3137 652 3160 3⁵
683 3135 738 3176 Et
768 3149 860 3177 cum
891 3135 1071 3176 sedasset
1100 3134 1231 3175 scriba
1260 3133 1413 3177 turbas,
1445 3132 1567 3172 dixit:
1600 3132 1684 3172 Viri
1714 3132 1888 3185 Ephesii.
1923 3131 2011 3184 quis

117 3191 224 3232 enim
244 3197 306 3233 est
323 3192 546 3242 hominum,
570 3194 639 3247 qui
657 3193 812 3235 nesciat
830 3193 1099 3247 Ephesiorum
1119 3191 1329 3232 civitatem
1349 3189 1556 3231 cultricem
1576 3204 1660 3231 esse
1679 3203 1835 3243 magnae
1854 3189 2007 3231 Dianae.

118 3249 308 3303 Iovisque
331 3250 479 3303 prolis?
530 3253 567 3276 3⁶
591 3252 691 3293 Cum
718 3265 810 3306 ergo
835 3251 896 3292 his
922 3250 1142 3293 contradici
1169 3263 1249 3290 non
1274 3248 1413 3302 possit,
1443 3254 1606 3302 oportet
1630 3262 1702 3290 vos
1728 3249 1888 3289 sedatos
1913 3260 2007 3289 esse.

117 3312 158 3348 et
182 3308 283 3349 nihil
309 3314 458 3350 temere
485 3323 612 3363 agere.
666 3312 701 3335 ³⁷
728 3310 968 3351 Adduxistis
995 3309 1101 3350 enim
1126 3307 1308 3348 homines
1334 3307 1444 3353 istos,
1475 3320 1605 3360 neque
1631 3307 1853 3359 sacrilegos,
1882 3319 2010 3359 neque

117 3365 447 3420 blasphemantes
477 3368 595 3410 deam
626 3374 817 3409 vestram.
875 3370 910 3393 38
941 3368 1058 3416 Quod
1088 3366 1120 3407 si
1148 3365 1392 3414 Demetrius,
1424 3370 1465 3406 et
1496 3365 1564 3419 qui
1594 3379 1685 3406 cum
1715 3378 1761 3405 eo
1791 3370 1885 3405 sunt
1916 3363 2010 3404 arti·

116 3424 222 3473 fices,
245 3425 401 3467 habent
421 3427 615 3468 adversus
638 3426 813 3479 aliquem
836 3439 1012 3467 causam.
1036 3428 1261 3466 conventus
1282 3423 1458 3464 forenses
1481 3429 1668 3477 aguntur,
1693 3428 1733 3463 et
1753 3420 2009 3476 proconsules

117 3487 224 3527 01101,
248 3489 439 3525 accusent
459 3484 645 3526 invicem.
695 3487 730 3509 3⁹
751 3484 791 3525 Si
814 3484 910 3537 quid
932 3488 1069 3524 autem
1091 3482 1254 3523 alterius
1275 3481 1328 3522 rei
1352 3481 1548 3534 quaeritis:
1570 3482 1611 3521 in
1632 3481 1810 3534 legitima
1832 3478 2008 3520 Ecclesia
