2356 3760
53 78 84 116 5,
112 76 230 116 15—e‚
257 76 276 109 9
897 66 1118 102 DANIELIS
1877 66 1954 107 843

54 168 256 223 sapientia
282 166 495 221 ampliores
521 165 698 206 inventae
724 167 820 202 sunt
845 161 885 202 in
912 167 964 203 te.
1019 163 1050 185 ¹5
1076 160 1131 201 Et
1156 172 1265 200 nunc
1290 158 1522 212 introgressi
1548 162 1643 198 sunt
1670 158 1709 198 in
1737 164 1955 212 conspectu

54 241 143 269 meo
161 226 364 280 sapientes
381 224 501 278 magi,
520 228 568 264 ut
583 222 826 274 scripturam
844 220 948 260 hanc
965 220 1154 273 legerent.
1175 224 1216 259 et
1232 217 1611 271 interpretationem
1630 217 1713 257 eius
1730 216 1957 257 indicarent

53 286 170 327 mihi:
200 290 241 325 et
267 284 541 339 nequiverunt
567 292 729 321 sensum
756 278 875 319 huius
903 278 1097 319 sermonis
1125 277 1290 317 edicere.
1347 278 1381 300 ¹⁶
1408 276 1531 317 Porro
1560 288 1631 329 ego
1660 274 1799 316 audivi
1827 276 1876 315 de
1903 280 1955 323 te,

55 345 164 398 quod
181 344 309 397 possis
328 344 499 384 obscura
515 337 785 391 interpretari,
807 342 848 378 et
864 336 991 390 ligata
1008 335 1244 377 dissolvere:
1265 335 1295 374 si
1315 348 1405 387 ergo
1425 334 1535 375 vales
1553 334 1798 388 scripturam
1815 333 1955 387 legere,

54 409 95 444 et
117 400 498 456 interpretationem
521 397 604 438 eius
628 395 805 437 indicare
828 395 939 439 mihi.
966 406 1147 448 purpura
1169 392 1363 437 vestieris,
1390 398 1431 432 et.
1454 398 1641 446 torquem
1666 405 1829 433 auream
1855 392 1960 432 circa

54 461 202 503 collum
227 466 344 502 tuum
369 456 549 503 habebis,
577 459 619 496 et
642 454 787 495 tertius
812 454 852 494 in
878 467 999 507 regno
1025 465 1114 493 meo
1140 451 1326 505 princeps
1352 451 1438 492 eris.

160 532 192 554 1⁷
219 528 282 569 Ad
310 539 399 580 quae
424 524 671 578 respondens
697 522 854 569 Daniel,
884 522 942 562 ait.
968 534 1103 563 coram
1129 533 1238 573 rege:
1266 520 1435 560 Munera
1462 525 1535 560 tua
1560 520 1641 560 sint
1668 520 1754 564 tibi.
1784 525 1823 561 et
1851 520 1958 561 dona
1982 527 2035 570 qui
2053 533 2145 557 regem

55 590 198 631 domus
226 591 307 627 tuae
334 583 450 625 alteri
477 583 546 624 da:
575 582 818 635 scripturam
847 586 985 622 autem
1012 580 1143 634 legam
1171 578 1258 622 tibi,
1287 591 1369 627 reX,
1399 583 1439 618 et
1466 578 1846 631 interpretationem
1874 578 1956 619 eius
1987 562 2142 627 {ubffffissssssi'f

55 646 269 689 ostendam
301 643 388 684 tibi.
450 643 485 666 ¹⁸
516 641 550 682 O
583 653 665 686 rex,
700 640 810 681 Deus
843 639 1062 680 altissimus
1095 650 1276 691 regnum,
1312 641 1353 677 et
1384 636 1742 689 magnificentia-m.
1777 637 1958 690 gloriam,

54 709 95 746 et
116 705 311 746 honorem
333 701 447 743 dedit
470 699 847 740 Nabuchodonosor
868 698 975 751 patri
998 702 1081 739 tuo.
1133 699 1167 721 ¹⁹
1189 696 1245 737 Et
1266 701 1433 749 propter
1453 695 1811 748 magnificentiam,
1837 708 1961 748 quam

54 764 223 804 dederat
248 762 294 809 ei,
322 758 500 801 universi
524 757 677 811 populi.
707 757 848 802 tribus,
877 763 917 797 et
942 756 1090 809 linguae
1115 755 1359 802 tremebant,
1388 759 1428 794 et
1453 754 1696 794 metuebant
1721 767 1831 794 eum:
1861 767 1960 807 quos

54 822 231 869 volebat,
257 817 546 860 interficiebat:
574 822 613 857 et
640 830 740 870 quos
764 815 941 857 volebat.
968 814 1242 868 percutiebat:
1269 818 1311 854 et
1335 825 1435 866 quos
1460 811 1637 859 volebat,
1665 812 1894 853 exaltabat:
1922 818 1963 852 et

56 893 156 934 quos
187 878 365 925 volebat,
400 874 655 917 humiliabat.
717 876 753 899 ²⁰
784 874 958 923 Quando
991 878 1129 914 autem
1163 872 1368 913 elevatum
1401 876 1462 911 est
1495 884 1562 912 cor
1593 871 1688 915 eius,
1724 876 1765 911 et
1796 870 1962 924 spiritus

53 938 159 979 illius
187 937 427 979 obfirmatus
455 939 516 975 est
543 934 595 975 ad
622 932 865 987 superbiam,
895 931 1103 985 depositus
1132 936 1193 972 est
1219 931 1267 972 de
1295 929 1392 971 solio
1419 929 1531 983 regni
1557 930 1630 973 sui,
1660 935 1700 970 et
1726 929 1853 983 gloria
1879 929 1963 970 eius

55 997 196 1038 ablata
218 1000 296 1037 est:
347 996 378 1019 ²1
407 998 467 1034 aet
489 1006 512 1033 a
534 992 624 1033 filiis
647 991 859 1033 hominum
883 991 1033 1031 eiectus
1057 995 1129 1039 est,
1154 989 1223 1030 sed
1247 993 1287 1029 et
1310 1001 1377 1030 cor
1399 988 1482 1029 eius
1506 1002 1597 1029 cum
1622 988 1760 1029 bestiis
1782 988 1962 1041 positum

55 1060 128 1101 est,
156 1059 198 1096 et
221 1068 313 1095 cum
339 1052 498 1105 onagris
524 1056 611 1092 erat
634 1050 838 1091 habitatio
864 1050 965 1091 eius:
992 1050 1149 1090 foenum
1176 1061 1337 1102 quoque
1362 1053 1409 1088 ut
1433 1048 1505 1089 bos
1531 1047 1783 1093 comedebat,
1811 1052 1853 1087 et
1875 1059 1963 1088 rore

55 1114 139 1155 caeli
157 1125 301 1167 corpus
319 1111 402 1152 eius
419 1111 618 1151 infectum
636 1114 708 1155 est,
729 1109 856 1150 donec
874 1112 1133 1162 cognosceret
1151 1107 1260 1161 quod
1278 1111 1525 1160 potestatem
1544 1106 1714 1146 haberet
1730 1105 1963 1146 Altissimus

54 1173 95 1213 in
122 1184 244 1225 regno
271 1170 503 1212 hominum:
533 1173 574 1210 et
602 1180 900 1222 quemcumque
918 1166 1104 1212 voluerit,
1126 1165 1342 1206 suscitabit
1369 1177 1490 1217 super
1514 1164 1626 1205 illud.
1673 1166 1704 1188 22
1723 1165 1783 1204 Tu
1803 1176 1964 1217 quoque

55 1231 160 1272 filius
175 1230 258 1271 eius
275 1229 494 1270 Baltassar.
511 1240 594 1269 non
607 1226 833 1268 humiliasti
848 1239 915 1267 cor
929 1231 1060 1274 tuum,
1077 1238 1169 1265 cum
1184 1224 1303 1264 scires
1317 1223 1403 1264 haec
1419 1222 1572 1263 omnia:
1616 1224 1648 1247 23
1662 1223 1731 1263 sed
1747 1223 1964 1263 adversum

55 1289 366 1331 Dominatorem
392 1286 476 1328 caeli
501 1286 683 1327 elevatus
708 1298 766 1326 es:
793 1290 834 1325 et
858 1297 957 1325 vasa
981 1285 1125 1324 domus
1151 1282 1234 1323 eius
1260 1281 1385 1322 allata
1409 1287 1505 1322 sunt
1529 1294 1664 1322 coram
1690 1286 1748 1322 te:
1775 1286 1815 1321 et
1840 1286 1898 1328 tu,
1925 1285 1967 1321 et

57 1348 278 1401 optimates
300 1346 373 1390 tui,
399 1351 440 1386 et
461 1358 606 1386 uxores
630 1349 722 1387 tuae,
749 1348 789 1383 et
812 1342 1048 1384 concubinae
1071 1348 1152 1382 tute
1174 1340 1316 1381 vinum
1341 1340 1500 1381 bibistis
1522 1339 1563 1380 in
1587 1339 1659 1380 eis:
1685 1340 1780 1381 deos
1804 1352 1966 1393 quoque

57 1411 281 1460 argenteos,
304 1410 345 1445 et
364 1416 518 1456 aureos,
541 1408 582 1443 et
601 1415 735 1445 cereos,
757 1402 918 1446 ferreos,
940 1401 1173 1454 ligneosque
1193 1406 1233 1440 et
1252 1399 1445 1452 lapideos,
1469 1399 1537 1452 qui
1557 1412 1638 1439 non
1658 1398 1813 1445 vident,
1835 1411 1966 1451 neque

57 1464 242 1513 audiunt,
270 1476 403 1517 neque
430 1461 626 1505 sentiunt,
655 1460 851 1501 laudasti:
881 1473 999 1513 porro
1027 1459 1173 1507 Deum,
1205 1458 1273 1512 qui
1300 1458 1427 1498 habet
1454 1457 1599 1498 flatum
1627 1463 1745 1498 tuum
1774 1457 1814 1498 in
1842 1470 1967 1497 manu

57 1537 142 1571 sua,
161 1528 203 1564 et
220 1535 359 1564 omnes
378 1520 464 1562 vias
482 1525 587 1567 tuas,
606 1532 688 1561 non
705 1519 950 1573 glorificasti.
997 1520 1029 1543 24
1048 1518 1202 1559 Idcirco
1221 1517 1272 1558 ab
1291 1530 1336 1558 eo
1354 1516 1499 1557 missus
1517 1522 1578 1557 est
1596 1516 1790 1557 articulus
1807 1529 1965 1561 manus,

58 1595 148 1636 quae
176 1580 337 1635 scripsit
365 1580 452 1625 hoc,
486 1579 595 1633 quod
625 1583 839 1618 exaratum
870 1583 942 1619 est.

161 1651 193 1674 25
223 1649 320 1690 Haec
350 1653 412 1689 cst
440 1652 578 1688 autem
608 1646 821 1700 scriptura,
854 1659 943 1700 quae
972 1645 1130 1699 digesta
1159 1650 1237 1685 est:
1269 1645 1438 1689 MANE,
1471 1644 1700 1693 THECEL,
1732 1643 1964 1685 PHARES.
1988 1649 2159 1678 scripturam

58 1711 94 1734 2⁶
121 1709 178 1750 Et
204 1708 289 1749 haec
318 1712 380 1748 est
407 1705 692 1760 interpretatio
722 1705 928 1746 sermonis.
959 1704 1135 1745 MANE:
1166 1703 1400 1744 numeravit
1428 1704 1538 1744 Deus
1567 1716 1735 1757 regnum
1766 1708 1896 1751 tuum,
1928 1684 2177 1749 et¹effisssssstssif¹²

59 1766 281 1821 complevit
299 1766 411 1807 illud.
461 1766 495 1789 2⁷
517 1764 752 1805 THECEL:
776 1777 979 1817 appensus
1000 1777 1039 1804 es
1061 1763 1100 1803 in
1122 1768 1288 1807 statera,
1312 1768 1353 1803 et
1373 1762 1565 1803 inventus
1587 1775 1626 1803 es
1647 1762 1780 1803 minus
1801 1762 1967 1802 habens.

58 1828 93 1851 28
118 1825 358 1867 PHARES:
387 1823 563 1865 divisum
591 1828 652 1864 est
676 1836 845 1876 regnum
873 1828 1003 1871 tuum,
1032 1828 1072 1863 et
1099 1823 1243 1863 datum
1271 1828 1332 1862 est
1356 1821 1497 1867 Medis,
1526 1826 1567 1862 et
1592 1821 1734 1862 Persis,

163 1897 198 1920 2⁹
227 1895 340 1936 Tunc
368 1894 533 1934 iubente
561 1905 652 1945 rege
680 1891 849 1932 indutus
879 1898 940 1932 est
967 1890 1113 1931 Daniel
1141 1903 1334 1944 purpura,
1365 1895 1405 1930 et
1434 1889 1688 1930 circumdata
1715 1894 1777 1930 est
1805 1894 1969 1942 torques
2025 1902 2042 1919 a
2063 1901 2125 1925 rege

1932 1947 1939 1953 .
1990 1931 2159 1957 honoratur:

60 1967 183 1996 aurea
213 1953 313 1995 collo
346 1952 447 1993 eius:
511 1956 552 1992 et
582 1950 849 2004 praedicatum
882 1955 941 1990 est
974 1950 1023 1990 de
1054 1963 1099 1991 eo
1133 1949 1241 2003 quod
1272 1948 1441 1990 haberet
1472 1953 1722 2002 potestatem
1754 1948 1898 1989 tertius
1929 1961 1970 1988 in

59 2026 181 2067 regno
211 2025 295 2053 suo.

164 2084 200 2106 ²³⁰
225 2081 382 2122 Eadem
408 2086 527 2121 nocte
552 2078 792 2120 interfectus
819 2085 881 2119 est
908 2078 1116 2119 Baltassar
1141 2091 1211 2118 rex
1237 2077 1462 2119 Chaldaeus,
1516 2079 1546 2101 ²³¹
1574 2077 1630 2117 Et
1654 2077 1802 2118 Darius
1828 2077 1971 2118 Medus
2006 2081 2150 2126 BelfieffiaF

60 2141 252 2183 successit
278 2140 319 2181 in
347 2152 515 2193 regnum
544 2151 671 2179 annos
700 2142 821 2178 natus
850 2137 1179 2191 sexagintaduos.
2003 2116 2150 2176 ⁰⁰1⁰›ss1‘ffi1‘3’

2023 2189 2131 2218 regnat.

446 2260 483 2300 5.
514 2258 670 2299 Daniel
701 2259 745 2297 in
776 2258 876 2297 lacu
907 2257 1089 2296 leonum
1122 2256 1349 2305 servatur,
1377 2256 1417 2306 6,
1436 2257 1582 2297 1—28.

165 2343 203 2386 6.
258 2345 272 2367 1
303 2341 465 2382 Placuit
493 2341 631 2387 Dario,
666 2345 707 2381 et
738 2339 953 2381 constituit
984 2352 1104 2392 super
1134 2351 1303 2392 regnum
1334 2342 1520 2391 satrapas
1553 2342 1717 2377 centum
1749 2336 1895 2389 viginti
1925 2341 1972 2377 ut
1985 2343 2170 2373 Principeset

61 2407 196 2444 essent
214 2402 256 2442 in
276 2405 365 2442 toto
385 2413 508 2453 regno
528 2413 612 2440 suo.
662 2401 676 2423 2
697 2399 753 2439 Et
772 2411 893 2452 super
912 2411 978 2439 eos
998 2397 1199 2451 principes
1220 2402 1313 2441 tres,
1336 2409 1385 2437 ex
1407 2396 1553 2450 quibus
1574 2395 1720 2436 Daniel
1739 2408 1843 2436 unus
1864 2400 1969 2436 erat:
2015 2379 2138 2439 Sssgiiii'ii

61 2466 109 2503 ut
140 2466 315 2514 satrapae
347 2459 422 2499 illis
454 2458 671 2499 redderent
702 2457 915 2502 rationem,
952 2462 992 2497 et
1023 2469 1093 2497 rex
1126 2469 1207 2497 non
1240 2455 1460 2497 sustineret
1491 2454 1732 2496 molestiam.
1793 2456 1809 2478 3
1843 2453 1973 2507 Igitur
1997 2449 2158 2475 iffi‘iden‘e*

61 2519 208 2561 Daniel
235 2518 457 2572 superabat
485 2529 623 2559 omnes
651 2516 864 2570 principes,
895 2522 935 2556 et
963 2520 1168 2569 satrapas:
1199 2514 1296 2568 quia
1322 2514 1487 2568 spiritus
1515 2513 1591 2554 Dei
1619 2513 1791 2567 amplior
1818 2518 1906 2553 erat
1932 2513 1973 2552 in

60 2578 141 2620 illo.
195 2580 211 2602 4
237 2578 362 2618 Porro
388 2590 459 2617 rex
486 2576 695 2630 cogitabat
722 2575 969 2616 constituere
996 2587 1088 2615 eum
1116 2587 1236 2627 super
1263 2586 1382 2614 omne
1407 2586 1595 2626 regnum:
1624 2573 1731 2613 unde
1758 2571 1971 2625 principes,

63 2642 104 2679 et
126 2642 302 2691 satrapae
326 2635 564 2690 quaerebant
587 2634 839 2676 occasionem
864 2639 911 2674 ut⁴
934 2633 1165 2674 invenirent
1187 2632 1348 2673 Danieli
1372 2645 1421 2672 ex
1443 2631 1569 2672 latere
1592 2631 1712 2684 regis:
1738 2630 1974 2683 nullamque

63 2708 240 2744 causam,
270 2700 312 2736 et
338 2694 609 2748 suspicionem
636 2692 808 2747 reperire
834 2697 1071 2746 potuerunt,
1102 2705 1147 2733 eo
1176 2691 1286 2745 quod
1313 2690 1441 2731 fidelis
1469 2695 1584 2735 esset,
1615 2696 1655 2730 et
1683 2689 1812 2730 omnis
1840 2688 1971 2742 culpa,

63 2760 105 2796 et
124 2754 298 2808 suspicio
318 2767 400 2795 non
420 2752 673 2794 inveniretur
691 2751 733 2792 in
754 2765 811 2793 eo.
861 2753 876 2776 ⁵
895 2751 1099 2791 Dixerunt
1121 2763 1212 2803 ergo
1234 2749 1310 2790 viri
1330 2749 1404 2790 illi:
1428 2749 1519 2790 Non
1540 2748 1793 2789 inveniemus
1814 2746 1974 2788 Danieli

62 2813 157 2855 huic
186 2812 366 2866 aliquam
396 2811 660 2855 occasionem,
692 2810 767 2851 nisi
796 2810 901 2851 forte
930 2809 971 2850 in
999 2809 1085 2863 lege
1114 2808 1190 2849 Dei
1218 2808 1291 2850 sui.

171 2884 186 2906 ‘⁵
211 2882 324 2922 Tunc
348 2881 560 2935 principes,
588 2886 629 2922 et
653 2886 829 2934 satrapae
853 2880 1137 2933 surripuerunt
1160 2878 1254 2933 regi,
1282 2884 1322 2919 et
1348 2879 1402 2918 sic
1427 2878 1552 2919 locuti
1577 2882 1674 2917 sunt
1698 2876 1750 2916 ei:
1777 2876 1877 2916 Dari
1901 2889 1972 2916 rex
1997 2877 2158 2909 refigiffiuffl

63 2941 104 2982 in
136 2946 334 2982 aeternum
366 2939 477 2980 vive:
539 2941 553 2963 ⁷
587 2939 798 2981 consilium
830 2939 1009 2979 inierunt
1040 2951 1178 2979 omnes
1210 2936 1411 2991 principes
1443 2935 1553 2990 regni
1585 2935 1657 2981 tui,
1691 2935 1968 2989 magistratus,
2004 2913 2151 2979 ᾱῗὲἑῗιῖῗιῖῃ

64 3005 106 3040 et
137 3004 323 3053 satrapea
359 3002 577 3043 senatores,
612 3003 654 3039 et
686 2997 836 3038 iudices
870 3002 917 3038 ut
949 2998 1158 3038 decret-um
1190 2995 1498 3049 imperatorium
1532 2999 1662 3043 exeat,
1698 2998 1739 3034 et
1771 2994 1970 3034 edictum:
2010 2984 2143 3014 affemnt’

65 3058 124 3100 Ut
154 3058 297 3107 omnis,
333 3057 402 3111 qui
432 3056 597 3110 petierit
628 3056 807 3109 aliquam
839 3055 1080 3109 petitionem
1113 3068 1136 3095 a
1168 3067 1426 3108 quocumque
1458 3054 1544 3096 deo.
1579 3058 1620 3093 et
1650 3052 1813 3093 homine
1845 3065 1972 3106 usque

65 3117 117 3157 ad
141 3116 311 3170 triginta
333 3116 429 3163 dies,
455 3114 531 3155 nisi
555 3128 578 3155 a
602 3120 642 3156 te
665 3128 747 3163 reX,
773 3114 966 3155 mittatur
988 3114 1029 3154 in
1053 3114 1186 3154 lacum
1210 3113 1386 3154 leonum.
1441 3114 1456 3136 8
1481 3112 1599 3152 Nunc
1622 3111 1762 3165 itaque
1786 3124 1856 3151 rex
1880 3123 1972 3151 con-

65 3175 183 3216 firma
200 3174 459 3223 sententiam,
482 3179 523 3214 et
542 3173 670 3214 scribe
689 3173 916 3214 decretum:
938 3178 986 3214 ut
1004 3186 1086 3214 non
1105 3173 1348 3213 immutetur
1368 3171 1477 3224 quod
1496 3175 1703 3211 statutum
1723 3176 1784 3211 est
1804 3183 1828 3210 a
1845 3169 1973 3210 Medis

66 3239 107 3275 et
131 3234 274 3283 Persis,
300 3246 375 3274 nec
399 3232 656 3287 praevaricari
680 3231 871 3285 cuiquam
896 3231 1027 3273 liceat.
1085 3233 1099 3256 9
1124 3231 1248 3271 Porro
1274 3243 1344 3270 rex
1369 3229 1517 3270 Darius
1542 3229 1755 3283 proposuit
1779 3228 1972 3276 edictum,

66 3297 107 3334 et
134 3293 294 3334 statuit.

200 3395 231 3435 5,
259 3395 299 3429 21
325 3394 414 3439 aSup
439 3396 470 3434 4,
495 3395 547 3428 22.
