<?xml version="1.0" encoding="UTF-8"?>
<!DOCTYPE html PUBLIC "-//W3C//DTD XHTML 1.0 Transitional//EN"
    "http://www.w3.org/TR/xhtml1/DTD/xhtml1-transitional.dtd">
<html xmlns="http://www.w3.org/1999/xhtml" xml:lang="en" lang="en">
 <head>
  <title>
</title>
<meta http-equiv="Content-Type" content="text/html;charset=utf-8" />
  <meta name='ocr-system' content='tesseract 3.04.00' />
  <meta name='ocr-capabilities' content='ocr_page ocr_carea ocr_par ocr_line ocrx_word'/>
</head>
<body>
  <div class='ocr_page' id='page_1' title='image "./bibliasacravulga00helzuoft_0498.png"; bbox 0 0 2356 3760; ppageno 0'>
   <div class='ocr_carea' id='block_1_1' title="bbox 291 170 2201 218">
    <p class='ocr_par' dir='ltr' id='par_1_1' title="bbox 291 170 2201 218">
     <span class='ocr_line' id='line_1_1' title="bbox 291 170 2201 218; baseline -0.007 -1"><span class='ocrx_word' id='word_1_1' title='bbox 291 177 369 218; x_wconf 74' lang='lat'>474</span> <span class='ocrx_word' id='word_1_2' title='bbox 1174 171 1321 205; x_wconf 79' lang='lat' dir='ltr'>LIBER</span> <span class='ocrx_word' id='word_1_3' title='bbox 1913 171 1965 210; x_wconf 86' lang='lat'>26,</span> <span class='ocrx_word' id='word_1_4' title='bbox 1993 170 2133 211; x_wconf 46' lang='lat'>1348,</span> <span class='ocrx_word' id='word_1_5' title='bbox 2159 170 2201 204; x_wconf 84' lang='lat'>13</span> 
     </span>
    </p>
   </div>
   <div class='ocr_carea' id='block_1_2' title="bbox 294 264 2202 555">
    <p class='ocr_par' dir='ltr' id='par_1_2' title="bbox 294 264 2202 555">
     <span class='ocr_line' id='line_1_2' title="bbox 294 264 2202 322; baseline -0.003 -13"><span class='ocrx_word' id='word_1_6' title='bbox 294 271 326 294; x_wconf 82' lang='lat'>¹³</span> <span class='ocrx_word' id='word_1_7' title='bbox 352 268 528 322; x_wconf 79' lang='lat' dir='ltr'>Spiritus</span> <span class='ocrx_word' id='word_1_8' title='bbox 557 267 641 308; x_wconf 87' lang='lat' dir='ltr'>eius</span> <span class='ocrx_word' id='word_1_9' title='bbox 670 265 835 308; x_wconf 87' lang='lat' dir='ltr'>ornavit</span> <span class='ocrx_word' id='word_1_10' title='bbox 863 265 998 307; x_wconf 82' lang='lat' dir='ltr'>caelos:</span> <span class='ocrx_word' id='word_1_11' title='bbox 1072 270 1113 306; x_wconf 90' lang='lat' dir='ltr'>et</span> <span class='ocrx_word' id='word_1_12' title='bbox 1141 265 1437 307; x_wconf 78' lang='lat' dir='ltr'>obstetricante</span> <span class='ocrx_word' id='word_1_13' title='bbox 1465 277 1589 305; x_wconf 90' lang='lat' dir='ltr'>manu</span> <span class='ocrx_word' id='word_1_14' title='bbox 1620 264 1716 313; x_wconf 84' lang='lat' dir='ltr'>eius,</span> <span class='ocrx_word' id='word_1_15' title='bbox 1748 265 1920 305; x_wconf 85' lang='lat' dir='ltr'>eductus</span> <span class='ocrx_word' id='word_1_16' title='bbox 1948 270 2010 306; x_wconf 88' lang='lat' dir='ltr'>est</span> <span class='ocrx_word' id='word_1_17' title='bbox 2037 264 2202 306; x_wconf 89' lang='lat' dir='ltr'>coluber</span> 
     </span>
     <span class='ocr_line' id='line_1_3' title="bbox 558 332 780 368; baseline -0.009 -1"><span class='ocrx_word' id='word_1_18' title='bbox 558 332 780 368; x_wconf 88' lang='lat' dir='ltr'>tortuosus.</span> 
     </span>
     <span class='ocr_line' id='line_1_4' title="bbox 295 383 1403 437; baseline -0.006 -9"><span class='ocrx_word' id='word_1_19' title='bbox 295 389 326 411; x_wconf 77' lang='lat'>¹⁴</span> <span class='ocrx_word' id='word_1_20' title='bbox 354 386 469 430; x_wconf 82' lang='lat' dir='ltr'>Ecce,</span> <span class='ocrx_word' id='word_1_21' title='bbox 501 386 586 426; x_wconf 73' lang='lat' dir='ltr'>haee</span> <span class='ocrx_word' id='word_1_22' title='bbox 617 398 666 425; x_wconf 80' lang='lat' dir='ltr'>ex</span> <span class='ocrx_word' id='word_1_23' title='bbox 695 389 812 437; x_wconf 85' lang='lat' dir='ltr'>parte</span> <span class='ocrx_word' id='word_1_24' title='bbox 843 383 955 424; x_wconf 89' lang='lat' dir='ltr'>dicta</span> <span class='ocrx_word' id='word_1_25' title='bbox 983 388 1079 423; x_wconf 88' lang='lat' dir='ltr'>sunt</span> <span class='ocrx_word' id='word_1_26' title='bbox 1109 383 1268 424; x_wconf 80' lang='lat' dir='ltr'>viarum</span> <span class='ocrx_word' id='word_1_27' title='bbox 1301 383 1403 423; x_wconf 85' lang='lat' dir='ltr'>eius:</span> 
     </span>
     <span class='ocr_line' id='line_1_5' title="bbox 348 441 2202 496; baseline -0.003 -10"><span class='ocrx_word' id='word_1_28' title='bbox 348 451 388 486; x_wconf 91' lang='lat' dir='ltr'>et</span> <span class='ocrx_word' id='word_1_29' title='bbox 421 458 511 486; x_wconf 78' lang='lat' dir='ltr'>cum</span> <span class='ocrx_word' id='word_1_30' title='bbox 538 444 606 484; x_wconf 78' lang='lat' dir='ltr'>vix</span> <span class='ocrx_word' id='word_1_31' title='bbox 639 455 811 496; x_wconf 84' lang='lat' dir='ltr'>parvam</span> <span class='ocrx_word' id='word_1_32' title='bbox 839 442 989 483; x_wconf 89' lang='lat' dir='ltr'>stillam</span> <span class='ocrx_word' id='word_1_33' title='bbox 1023 442 1218 483; x_wconf 86' lang='lat' dir='ltr'>sermonis</span> <span class='ocrx_word' id='word_1_34' title='bbox 1242 442 1326 482; x_wconf 89' lang='lat' dir='ltr'>eius</span> <span class='ocrx_word' id='word_1_35' title='bbox 1348 441 1606 489; x_wconf 77' lang='lat' dir='ltr'>audierimus,</span> <span class='ocrx_word' id='word_1_36' title='bbox 1684 443 1773 495; x_wconf 92' lang='lat' dir='ltr'>quis</span> <span class='ocrx_word' id='word_1_37' title='bbox 1796 441 1947 495; x_wconf 90' lang='lat' dir='ltr'>poterit</span> <span class='ocrx_word' id='word_1_38' title='bbox 1973 441 2202 482; x_wconf 88' lang='lat' dir='ltr'>tonitruum</span> 
     </span>
     <span class='ocr_line' id='line_1_6' title="bbox 558 500 1192 555; baseline -0.003 -12"><span class='ocrx_word' id='word_1_39' title='bbox 558 501 854 555; x_wconf 65' lang='lat' dir='ltr'>magnitudinis</span> <span class='ocrx_word' id='word_1_40' title='bbox 883 500 988 541; x_wconf 91' lang='lat' dir='ltr'>illius</span> <span class='ocrx_word' id='word_1_41' title='bbox 1018 500 1192 541; x_wconf 80' lang='lat' dir='ltr'>intueri?</span> 
     </span>
    </p>
   </div>
   <div class='ocr_carea' id='block_1_3' title="bbox 400 615 1945 740">
    <p class='ocr_par' dir='ltr' id='par_1_3' title="bbox 400 615 1945 740">
     <span class='ocr_line' id='line_1_7' title="bbox 671 615 1825 667; baseline -0.002 -10"><span class='ocrx_word' id='word_1_42' title='bbox 671 616 709 657; x_wconf 83' lang='lat'>5.</span> <span class='ocrx_word' id='word_1_43' title='bbox 742 617 818 658; x_wconf 90' lang='lat' dir='ltr'>lob</span> <span class='ocrx_word' id='word_1_44' title='bbox 848 617 995 657; x_wconf 80' lang='lat' dir='ltr'>tribus</span> <span class='ocrx_word' id='word_1_45' title='bbox 1026 618 1182 656; x_wconf 86' lang='lat' dir='ltr'>amicis</span> <span class='ocrx_word' id='word_1_46' title='bbox 1214 615 1478 666; x_wconf 82' lang='lat' dir='ltr'>respondet,</span> <span class='ocrx_word' id='word_1_47' title='bbox 1507 617 1573 667; x_wconf 89' lang='lat'>27,</span> <span class='ocrx_word' id='word_1_48' title='bbox 1592 616 1739 667; x_wconf 84' lang='lat'>1—28‚</span> <span class='ocrx_word' id='word_1_49' title='bbox 1759 616 1825 656; x_wconf 88' lang='lat'>28.</span> 
     </span>
     <span class='ocr_line' id='line_1_8' title="bbox 400 686 1945 740; baseline -0.001 -12"><span class='ocrx_word' id='word_1_50' title='bbox 400 689 464 731; x_wconf 79' lang='lat'>27.</span> <span class='ocrx_word' id='word_1_51' title='bbox 522 691 532 712; x_wconf 90' lang='lat'>¹</span> <span class='ocrx_word' id='word_1_52' title='bbox 564 687 737 728; x_wconf 85' lang='lat' dir='ltr'>Addidit</span> <span class='ocrx_word' id='word_1_53' title='bbox 768 700 930 740; x_wconf 89' lang='lat' dir='ltr'>quoque</span> <span class='ocrx_word' id='word_1_54' title='bbox 964 688 1047 731; x_wconf 80' lang='lat' dir='ltr'>Iob,</span> <span class='ocrx_word' id='word_1_55' title='bbox 1081 699 1291 727; x_wconf 79' lang='lat' dir='ltr'>assumens</span> <span class='ocrx_word' id='word_1_56' title='bbox 1321 687 1559 740; x_wconf 88' lang='lat' dir='ltr'>parabolam</span> <span class='ocrx_word' id='word_1_57' title='bbox 1591 700 1719 732; x_wconf 81' lang='lat' dir='ltr'>suam,</span> <span class='ocrx_word' id='word_1_58' title='bbox 1751 693 1793 727; x_wconf 89' lang='lat' dir='ltr'>et</span> <span class='ocrx_word' id='word_1_59' title='bbox 1812 686 1945 727; x_wconf 79' lang='lat' dir='ltr'>dixit:</span> 
     </span>
    </p>
   </div>
   <div class='ocr_carea' id='block_1_4' title="bbox 103 778 2203 834">
    <p class='ocr_par' dir='ltr' id='par_1_4' title="bbox 103 778 2203 834">
     <span class='ocr_line' id='line_1_9' title="bbox 103 778 2203 834; baseline -0.002 -11"><span class='ocrx_word' id='word_1_60' title='bbox 103 786 208 809; x_wconf 61' lang='lat' dir='ltr'>‘5&#39;011&#39;1‘ss</span> <span class='ocrx_word' id='word_1_61' title='bbox 228 791 275 809; x_wconf 63' lang='lat'>⁰0³</span> <span class='ocrx_word' id='word_1_62' title='bbox 316 786 329 807; x_wconf 78' lang='lat'>&#39;-‘</span> <span class='ocrx_word' id='word_1_63' title='bbox 355 783 467 823; x_wconf 72' lang='lat' dir='ltr'>Vivit</span> <span class='ocrx_word' id='word_1_64' title='bbox 490 783 612 824; x_wconf 80' lang='lat' dir='ltr'>Deus,</span> <span class='ocrx_word' id='word_1_65' title='bbox 638 781 706 834; x_wconf 85' lang='lat' dir='ltr'>qui</span> <span class='ocrx_word' id='word_1_66' title='bbox 731 779 901 820; x_wconf 86' lang='lat' dir='ltr'>abstulit</span> <span class='ocrx_word' id='word_1_67' title='bbox 926 780 1121 821; x_wconf 87' lang='lat' dir='ltr'>iudicium</span> <span class='ocrx_word' id='word_1_68' title='bbox 1145 793 1294 825; x_wconf 91' lang='grc'><strong>111011111,</strong></span> <span class='ocrx_word' id='word_1_69' title='bbox 1353 786 1394 821; x_wconf 84' lang='grc'>01</span> <span class='ocrx_word' id='word_1_70' title='bbox 1413 780 1696 833; x_wconf 79' lang='lat' dir='ltr'>Omnipotens,</span> <span class='ocrx_word' id='word_1_71' title='bbox 1721 780 1790 834; x_wconf 93' lang='lat' dir='ltr'>qui</span> <span class='ocrx_word' id='word_1_72' title='bbox 1811 780 1864 820; x_wconf 90' lang='lat' dir='ltr'>ad</span> <span class='ocrx_word' id='word_1_73' title='bbox 1885 778 2203 820; x_wconf 79' lang='lat' dir='ltr'>amaritudinem</span> 
     </span>
    </p>
   </div>
   <div class='ocr_carea' id='block_1_5' title="bbox 112 820 265 844">
    <p class='ocr_par' dir='ltr' id='par_1_5' title="bbox 112 820 265 844">
     <span class='ocr_line' id='line_1_10' title="bbox 112 820 265 844; baseline -0.007 0"><span class='ocrx_word' id='word_1_74' title='bbox 112 828 201 844; x_wconf 63' lang='grc'><strong>11511110</strong></span> <span class='ocrx_word' id='word_1_75' title='bbox 229 820 265 843; x_wconf 75' lang='lat' dir='ltr'>ad</span> 
     </span>
    </p>
   </div>
   <div class='ocr_carea' id='block_1_6' title="bbox 101 839 2206 1426">
    <p class='ocr_par' dir='ltr' id='par_1_6' title="bbox 101 839 2206 1426">
     <span class='ocr_line' id='line_1_11' title="bbox 107 839 1121 894; baseline 0.002 -16"><span class='ocrx_word' id='word_1_76' title='bbox 107 859 270 894; x_wconf 17' lang='lat' dir='ltr'>uxr-annun</span> <span class='ocrx_word' id='word_1_77' title='bbox 561 840 736 881; x_wconf 84' lang='lat' dir='ltr'>adduxit</span> <span class='ocrx_word' id='word_1_78' title='bbox 765 839 945 879; x_wconf 88' lang='lat' dir='ltr'>animam</span> <span class='ocrx_word' id='word_1_79' title='bbox 976 852 1121 880; x_wconf 86' lang='lat' dir='ltr'>meam.</span> 
     </span>
     <span class='ocr_line' id='line_1_12' title="bbox 121 893 2018 952; baseline -0.001 -13"><span class='ocrx_word' id='word_1_80' title='bbox 121 893 256 950; x_wconf 52' lang='lat'>{¹¹,&#39;,¹,¹‡¹,}.{.¹1¹,¹.¹</span> <span class='ocrx_word' id='word_1_81' title='bbox 316 904 331 925; x_wconf 79' lang='lat'>³</span> <span class='ocrx_word' id='word_1_82' title='bbox 355 900 459 949; x_wconf 84' lang='lat' dir='ltr'>Quia</span> <span class='ocrx_word' id='word_1_83' title='bbox 489 900 616 940; x_wconf 77' lang='lat' dir='ltr'>donec</span> <span class='ocrx_word' id='word_1_84' title='bbox 647 904 831 952; x_wconf 84' lang='lat' dir='ltr'>superest</span> <span class='ocrx_word' id='word_1_85' title='bbox 860 898 1011 938; x_wconf 80' lang='lat' dir='ltr'>halitus</span> <span class='ocrx_word' id='word_1_86' title='bbox 1041 898 1080 938; x_wconf 87' lang='lat' dir='ltr'>in</span> <span class='ocrx_word' id='word_1_87' title='bbox 1112 912 1187 941; x_wconf 86' lang='grc'><strong>1110,</strong></span> <span class='ocrx_word' id='word_1_88' title='bbox 1272 904 1313 939; x_wconf 84' lang='grc'>01</span> <span class='ocrx_word' id='word_1_89' title='bbox 1342 898 1507 951; x_wconf 88' lang='lat' dir='ltr'>spiritus</span> <span class='ocrx_word' id='word_1_90' title='bbox 1536 897 1613 938; x_wconf 90' lang='lat' dir='ltr'>Dei</span> <span class='ocrx_word' id='word_1_91' title='bbox 1642 898 1682 938; x_wconf 89' lang='lat' dir='ltr'>in</span> <span class='ocrx_word' id='word_1_92' title='bbox 1711 897 1878 939; x_wconf 88' lang='lat' dir='ltr'>naribus</span> <span class='ocrx_word' id='word_1_93' title='bbox 1906 897 2018 938; x_wconf 88' lang='lat' dir='ltr'>meis.</span> 
     </span>
     <span class='ocr_line' id='line_1_13' title="bbox 101 954 2200 1021; baseline -0.003 -20"><span class='ocrx_word' id='word_1_94' title='bbox 101 963 277 1021; x_wconf 38' lang='lat' dir='ltr'>‘ffjgjqffiflfi‘t&#39;ss</span> <span class='ocrx_word' id='word_1_95' title='bbox 317 963 331 984; x_wconf 77' lang='lat'>⁴</span> <span class='ocrx_word' id='word_1_96' title='bbox 357 960 449 1000; x_wconf 73' lang='lat' dir='ltr'>Non</span> <span class='ocrx_word' id='word_1_97' title='bbox 470 959 692 1012; x_wconf 83' lang='lat' dir='ltr'>loquentur</span> <span class='ocrx_word' id='word_1_98' title='bbox 713 957 823 998; x_wconf 85' lang='lat' dir='ltr'>labia</span> <span class='ocrx_word' id='word_1_99' title='bbox 844 970 935 997; x_wconf 84' lang='lat' dir='ltr'>mea</span> <span class='ocrx_word' id='word_1_100' title='bbox 953 957 1227 1011; x_wconf 76' lang='lat' dir='ltr'>iniquitatem,</span> <span class='ocrx_word' id='word_1_101' title='bbox 1288 970 1359 997; x_wconf 90' lang='lat' dir='ltr'>nec</span> <span class='ocrx_word' id='word_1_102' title='bbox 1377 957 1517 1007; x_wconf 61' lang='lat' dir='ltr'>lingua</span> <span class='ocrx_word' id='word_1_103' title='bbox 1533 970 1627 997; x_wconf 88' lang='lat' dir='ltr'>mea</span> <span class='ocrx_word' id='word_1_104' title='bbox 1641 957 1912 998; x_wconf 86' lang='lat' dir='ltr'>meditabitur</span> <span class='ocrx_word' id='word_1_105' title='bbox 1927 954 2200 996; x_wconf 82' lang='lat' dir='ltr'>mendacium.</span> 
     </span>
     <span class='ocr_line' id='line_1_14' title="bbox 137 1007 2204 1064; baseline -0.003 -5"><span class='ocrx_word' id='word_1_106' title='bbox 137 1007 143 1021; x_wconf 57' lang='lat'>¹</span> <span class='ocrx_word' id='word_1_107' title='bbox 258 1016 263 1026; x_wconf 88' lang='lat'><em>&#39;</em></span> <span class='ocrx_word' id='word_1_108' title='bbox 317 1021 332 1043; x_wconf 78' lang='lat'>5</span> <span class='ocrx_word' id='word_1_109' title='bbox 356 1018 474 1059; x_wconf 74' lang='lat' dir='ltr'>Absit</span> <span class='ocrx_word' id='word_1_110' title='bbox 502 1031 523 1058; x_wconf 88' lang='lat' dir='ltr'>a</span> <span class='ocrx_word' id='word_1_111' title='bbox 549 1031 613 1057; x_wconf 86' lang='lat' dir='ltr'>me</span> <span class='ocrx_word' id='word_1_112' title='bbox 640 1023 684 1057; x_wconf 90' lang='lat' dir='ltr'>ut</span> <span class='ocrx_word' id='word_1_113' title='bbox 711 1016 838 1057; x_wconf 84' lang='lat' dir='ltr'>iustos</span> <span class='ocrx_word' id='word_1_114' title='bbox 861 1029 932 1055; x_wconf 81' lang='lat' dir='ltr'>vos</span> <span class='ocrx_word' id='word_1_115' title='bbox 958 1029 1042 1056; x_wconf 88' lang='lat' dir='ltr'>esse</span> <span class='ocrx_word' id='word_1_116' title='bbox 1068 1016 1261 1057; x_wconf 85' lang='lat' dir='ltr'>iudicem:</span> <span class='ocrx_word' id='word_1_117' title='bbox 1320 1016 1448 1057; x_wconf 86' lang='lat' dir='ltr'>donec</span> <span class='ocrx_word' id='word_1_118' title='bbox 1474 1016 1672 1064; x_wconf 87' lang='lat' dir='ltr'>deficiam,</span> <span class='ocrx_word' id='word_1_119' title='bbox 1692 1029 1774 1057; x_wconf 90' lang='lat' dir='ltr'>non</span> <span class='ocrx_word' id='word_1_120' title='bbox 1799 1015 1986 1056; x_wconf 90' lang='lat' dir='ltr'>recedam</span> <span class='ocrx_word' id='word_1_121' title='bbox 2013 1015 2064 1054; x_wconf 92' lang='lat' dir='ltr'>ab</span> <span class='ocrx_word' id='word_1_122' title='bbox 2089 1013 2204 1054; x_wconf 90' lang='lat' dir='ltr'>inno-</span> 
     </span>
     <span class='ocr_line' id='line_1_15' title="bbox 560 1083 825 1116; baseline -0.004 0"><span class='ocrx_word' id='word_1_123' title='bbox 560 1083 696 1116; x_wconf 79' lang='lat' dir='ltr'>centia</span> <span class='ocrx_word' id='word_1_124' title='bbox 724 1089 825 1115; x_wconf 88' lang='lat' dir='ltr'>mea.</span> 
     </span>
     <span class='ocr_line' id='line_1_16' title="bbox 318 1131 2206 1188; baseline -0.003 -11"><span class='ocrx_word' id='word_1_125' title='bbox 318 1139 332 1161; x_wconf 68' lang='grc'>6</span> <span class='ocrx_word' id='word_1_126' title='bbox 357 1135 696 1177; x_wconf 74' lang='lat' dir='ltr'>iustificationem</span> <span class='ocrx_word' id='word_1_127' title='bbox 716 1147 862 1178; x_wconf 83' lang='lat' dir='ltr'>meam,</span> <span class='ocrx_word' id='word_1_128' title='bbox 879 1148 1003 1187; x_wconf 89' lang='lat' dir='ltr'>quam</span> <span class='ocrx_word' id='word_1_129' title='bbox 1022 1135 1127 1188; x_wconf 83' lang='lat' dir='ltr'>coepi</span> <span class='ocrx_word' id='word_1_130' title='bbox 1144 1139 1292 1179; x_wconf 81' lang='lat' dir='ltr'>tenere,</span> <span class='ocrx_word' id='word_1_131' title='bbox 1309 1147 1390 1175; x_wconf 89' lang='lat' dir='ltr'>non</span> <span class='ocrx_word' id='word_1_132' title='bbox 1409 1135 1611 1175; x_wconf 88' lang='lat' dir='ltr'>deseram:</span> <span class='ocrx_word' id='word_1_133' title='bbox 1670 1147 1801 1187; x_wconf 87' lang='lat' dir='ltr'>neque</span> <span class='ocrx_word' id='word_1_134' title='bbox 1817 1133 1925 1174; x_wconf 89' lang='lat' dir='ltr'>enim</span> <span class='ocrx_word' id='word_1_135' title='bbox 1943 1131 2206 1186; x_wconf 87' lang='lat' dir='ltr'>reprehendit</span> 
     </span>
     <span class='ocr_line' id='line_1_17' title="bbox 562 1199 1351 1235; baseline 0 -1"><span class='ocrx_word' id='word_1_136' title='bbox 562 1208 626 1234; x_wconf 90' lang='lat' dir='ltr'>me</span> <span class='ocrx_word' id='word_1_137' title='bbox 656 1206 723 1235; x_wconf 80' lang='lat' dir='ltr'>cor</span> <span class='ocrx_word' id='word_1_138' title='bbox 751 1206 889 1233; x_wconf 83' lang='lat' dir='ltr'>meum</span> <span class='ocrx_word' id='word_1_139' title='bbox 920 1206 960 1234; x_wconf 91' lang='lat' dir='ltr'>m</span> <span class='ocrx_word' id='word_1_140' title='bbox 991 1207 1101 1234; x_wconf 91' lang='grc'><strong>0111111</strong></span> <span class='ocrx_word' id='word_1_141' title='bbox 1131 1199 1220 1234; x_wconf 83' lang='lat' dir='ltr'>v1ta</span> <span class='ocrx_word' id='word_1_142' title='bbox 1249 1206 1351 1234; x_wconf 91' lang='lat' dir='ltr'>mea.</span> 
     </span>
     <span class='ocr_line' id='line_1_18' title="bbox 317 1251 1991 1306; baseline -0.002 -11"><span class='ocrx_word' id='word_1_143' title='bbox 317 1256 332 1279; x_wconf 83' lang='lat'>⁷</span> <span class='ocrx_word' id='word_1_144' title='bbox 356 1255 416 1295; x_wconf 81' lang='lat' dir='ltr'>Sit</span> <span class='ocrx_word' id='word_1_145' title='bbox 448 1260 495 1295; x_wconf 91' lang='lat' dir='ltr'>ut</span> <span class='ocrx_word' id='word_1_146' title='bbox 524 1253 685 1306; x_wconf 81' lang='lat' dir='ltr'>impius.</span> <span class='ocrx_word' id='word_1_147' title='bbox 718 1252 905 1293; x_wconf 87' lang='lat' dir='ltr'>inimicus</span> <span class='ocrx_word' id='word_1_148' title='bbox 935 1266 1067 1293; x_wconf 87' lang='lat' dir='ltr'>meus:</span> <span class='ocrx_word' id='word_1_149' title='bbox 1153 1258 1193 1293; x_wconf 89' lang='lat' dir='ltr'>et</span> <span class='ocrx_word' id='word_1_150' title='bbox 1224 1252 1481 1293; x_wconf 89' lang='lat' dir='ltr'>adversarius</span> <span class='ocrx_word' id='word_1_151' title='bbox 1510 1265 1636 1297; x_wconf 83' lang='lat' dir='ltr'>meus,</span> <span class='ocrx_word' id='word_1_152' title='bbox 1670 1252 1786 1306; x_wconf 83' lang='lat' dir='ltr'>quasi</span> <span class='ocrx_word' id='word_1_153' title='bbox 1815 1251 1991 1305; x_wconf 88' lang='lat' dir='ltr'>iniquus.</span> 
     </span>
     <span class='ocr_line' id='line_1_19' title="bbox 318 1307 2204 1366; baseline -0.003 -12"><span class='ocrx_word' id='word_1_154' title='bbox 318 1316 333 1338; x_wconf 72' lang='lat'>⁸</span> <span class='ocrx_word' id='word_1_155' title='bbox 357 1314 457 1363; x_wconf 70' lang='lat' dir='ltr'>Quae</span> <span class='ocrx_word' id='word_1_156' title='bbox 475 1318 536 1354; x_wconf 90' lang='lat' dir='ltr'>est.</span> <span class='ocrx_word' id='word_1_157' title='bbox 553 1313 660 1353; x_wconf 86' lang='lat' dir='ltr'>enim</span> <span class='ocrx_word' id='word_1_158' title='bbox 682 1325 772 1366; x_wconf 86' lang='lat' dir='ltr'>spes</span> <span class='ocrx_word' id='word_1_159' title='bbox 793 1311 1019 1365; x_wconf 81' lang='lat' dir='ltr'>hypocritae</span> <span class='ocrx_word' id='word_1_160' title='bbox 1040 1312 1071 1351; x_wconf 88' lang='lat' dir='ltr'>si</span> <span class='ocrx_word' id='word_1_161' title='bbox 1093 1325 1215 1352; x_wconf 89' lang='lat' dir='ltr'>avare</span> <span class='ocrx_word' id='word_1_162' title='bbox 1236 1311 1383 1365; x_wconf 77' lang='lat' dir='ltr'>rapiat,</span> <span class='ocrx_word' id='word_1_163' title='bbox 1442 1317 1483 1352; x_wconf 89' lang='lat' dir='ltr'>et</span> <span class='ocrx_word' id='word_1_164' title='bbox 1503 1325 1586 1353; x_wconf 92' lang='lat' dir='ltr'>non</span> <span class='ocrx_word' id='word_1_165' title='bbox 1606 1311 1751 1352; x_wconf 89' lang='lat' dir='ltr'>liberet</span> <span class='ocrx_word' id='word_1_166' title='bbox 1762 1312 1874 1352; x_wconf 89' lang='lat' dir='ltr'>Deus</span> <span class='ocrx_word' id='word_1_167' title='bbox 1896 1310 2077 1351; x_wconf 89' lang='lat' dir='ltr'>animam</span> <span class='ocrx_word' id='word_1_168' title='bbox 2095 1307 2204 1350; x_wconf 78' lang='lat' dir='ltr'>eius?</span> 
     </span>
     <span class='ocr_line' id='line_1_20' title="bbox 319 1367 2124 1426; baseline -0.002 -13"><span class='ocrx_word' id='word_1_169' title='bbox 319 1376 334 1397; x_wconf 77' lang='lat'>⁹</span> <span class='ocrx_word' id='word_1_170' title='bbox 359 1372 572 1426; x_wconf 75' lang='lat' dir='ltr'>Numquid</span> <span class='ocrx_word' id='word_1_171' title='bbox 600 1372 712 1412; x_wconf 89' lang='lat' dir='ltr'>Deus</span> <span class='ocrx_word' id='word_1_172' title='bbox 743 1371 883 1411; x_wconf 87' lang='lat' dir='ltr'>audiet</span> <span class='ocrx_word' id='word_1_173' title='bbox 912 1370 1129 1411; x_wconf 88' lang='lat' dir='ltr'>clamorem</span> <span class='ocrx_word' id='word_1_174' title='bbox 1161 1371 1245 1411; x_wconf 89' lang='lat' dir='ltr'>eius</span> <span class='ocrx_word' id='word_1_175' title='bbox 1327 1384 1420 1411; x_wconf 89' lang='lat' dir='ltr'>cum</span> <span class='ocrx_word' id='word_1_176' title='bbox 1450 1370 1609 1411; x_wconf 88' lang='lat' dir='ltr'>venerit</span> <span class='ocrx_word' id='word_1_177' title='bbox 1638 1383 1759 1424; x_wconf 89' lang='lat' dir='ltr'>super</span> <span class='ocrx_word' id='word_1_178' title='bbox 1788 1383 1880 1411; x_wconf 91' lang='lat' dir='ltr'>eum</span> <span class='ocrx_word' id='word_1_179' title='bbox 1911 1367 2124 1422; x_wconf 82' lang='lat' dir='ltr'>angustia?</span> 
     </span>
    </p>
   </div>
   <div class='ocr_carea' id='block_1_7' title="bbox 300 1426 2205 1485">
    <p class='ocr_par' dir='ltr' id='par_1_7' title="bbox 300 1426 2205 1485">
     <span class='ocr_line' id='line_1_21' title="bbox 300 1426 2205 1485; baseline -0.003 -13"><span class='ocrx_word' id='word_1_180' title='bbox 300 1434 335 1456; x_wconf 88' lang='lat'>¹0</span> <span class='ocrx_word' id='word_1_181' title='bbox 357 1433 441 1472; x_wconf 74' lang='lat' dir='ltr'>Aut</span> <span class='ocrx_word' id='word_1_182' title='bbox 476 1431 628 1485; x_wconf 86' lang='lat' dir='ltr'>poterit</span> <span class='ocrx_word' id='word_1_183' title='bbox 667 1430 707 1470; x_wconf 91' lang='lat' dir='ltr'>in</span> <span class='ocrx_word' id='word_1_184' title='bbox 743 1429 1038 1483; x_wconf 86' lang='lat' dir='ltr'>Omnipotente</span> <span class='ocrx_word' id='word_1_185' title='bbox 1076 1430 1280 1475; x_wconf 83' lang='lat' dir='ltr'>delectari,</span> <span class='ocrx_word' id='word_1_186' title='bbox 1373 1435 1414 1470; x_wconf 90' lang='lat' dir='ltr'>et</span> <span class='ocrx_word' id='word_1_187' title='bbox 1449 1430 1641 1471; x_wconf 90' lang='lat' dir='ltr'>invocare</span> <span class='ocrx_word' id='word_1_188' title='bbox 1674 1430 1810 1470; x_wconf 90' lang='lat' dir='ltr'>Deum</span> <span class='ocrx_word' id='word_1_189' title='bbox 1848 1428 1960 1470; x_wconf 92' lang='lat' dir='ltr'>omni</span> <span class='ocrx_word' id='word_1_190' title='bbox 1996 1426 2205 1481; x_wconf 78' lang='lat' dir='ltr'>tempore?</span> 
     </span>
    </p>
   </div>
   <div class='ocr_carea' id='block_1_8' title="bbox 114 1522 2209 2465">
    <p class='ocr_par' dir='ltr' id='par_1_8' title="bbox 114 1522 2209 2465">
     <span class='ocr_line' id='line_1_22' title="bbox 114 1522 2085 1589; baseline -0.003 -23"><span class='ocrx_word' id='word_1_191' title='bbox 114 1525 270 1589; x_wconf 52' lang='lat' dir='ltr'><strong>iffiffiffiu</strong></span> <span class='ocrx_word' id='word_1_192' title='bbox 299 1528 329 1549; x_wconf 94' lang='lat'>¹¹</span> <span class='ocrx_word' id='word_1_193' title='bbox 356 1525 522 1565; x_wconf 82' lang='lat' dir='ltr'>Docebo</span> <span class='ocrx_word' id='word_1_194' title='bbox 553 1537 624 1565; x_wconf 89' lang='lat' dir='ltr'>vos</span> <span class='ocrx_word' id='word_1_195' title='bbox 651 1537 724 1577; x_wconf 86' lang='lat' dir='ltr'>per</span> <span class='ocrx_word' id='word_1_196' title='bbox 751 1536 920 1563; x_wconf 90' lang='lat' dir='ltr'>manum</span> <span class='ocrx_word' id='word_1_197' title='bbox 948 1523 1025 1563; x_wconf 92' lang='lat' dir='ltr'>Dei</span> <span class='ocrx_word' id='word_1_198' title='bbox 1107 1537 1197 1577; x_wconf 82' lang='lat' dir='ltr'>quae</span> <span class='ocrx_word' id='word_1_199' title='bbox 1225 1523 1496 1576; x_wconf 89' lang='lat' dir='ltr'>Omnipotens</span> <span class='ocrx_word' id='word_1_200' title='bbox 1524 1523 1689 1569; x_wconf 72' lang='lat' dir='ltr'>habeat,</span> <span class='ocrx_word' id='word_1_201' title='bbox 1720 1536 1793 1563; x_wconf 89' lang='lat' dir='ltr'>nec</span> <span class='ocrx_word' id='word_1_202' title='bbox 1822 1522 2085 1563; x_wconf 84' lang='lat' dir='ltr'>abscondam.</span> 
     </span>
     <span class='ocr_line' id='line_1_23' title="bbox 117 1581 1848 1636; baseline -0.002 -11"><span class='ocrx_word' id='word_1_203' title='bbox 117 1595 267 1621; x_wconf 72' lang='lat' dir='ltr'>describit:</span> <span class='ocrx_word' id='word_1_204' title='bbox 301 1586 332 1608; x_wconf 79' lang='lat'>¹2</span> <span class='ocrx_word' id='word_1_205' title='bbox 360 1584 476 1633; x_wconf 84' lang='lat' dir='ltr'>Ecce,</span> <span class='ocrx_word' id='word_1_206' title='bbox 509 1597 581 1624; x_wconf 86' lang='lat' dir='ltr'>vos</span> <span class='ocrx_word' id='word_1_207' title='bbox 611 1596 750 1624; x_wconf 89' lang='lat' dir='ltr'>omnes</span> <span class='ocrx_word' id='word_1_208' title='bbox 780 1582 921 1626; x_wconf 76' lang='lat' dir='ltr'>nostis,</span> <span class='ocrx_word' id='word_1_209' title='bbox 1006 1588 1047 1622; x_wconf 90' lang='lat' dir='ltr'>et</span> <span class='ocrx_word' id='word_1_210' title='bbox 1077 1582 1177 1636; x_wconf 87' lang='lat' dir='ltr'>quid</span> <span class='ocrx_word' id='word_1_211' title='bbox 1206 1582 1290 1623; x_wconf 86' lang='lat' dir='ltr'>sine</span> <span class='ocrx_word' id='word_1_212' title='bbox 1320 1595 1444 1623; x_wconf 90' lang='lat' dir='ltr'>causa</span> <span class='ocrx_word' id='word_1_213' title='bbox 1472 1595 1582 1623; x_wconf 90' lang='lat' dir='ltr'>vana</span> <span class='ocrx_word' id='word_1_214' title='bbox 1608 1581 1848 1635; x_wconf 81' lang='lat' dir='ltr'>loquimini?</span> 
     </span>
     <span class='ocr_line' id='line_1_24' title="bbox 300 1640 2207 1696; baseline -0.003 -12"><span class='ocrx_word' id='word_1_215' title='bbox 300 1646 331 1668; x_wconf 81' lang='lat'>¹³</span> <span class='ocrx_word' id='word_1_216' title='bbox 360 1643 457 1684; x_wconf 69' lang='lat' dir='ltr'>Hsec</span> <span class='ocrx_word' id='word_1_217' title='bbox 491 1648 551 1683; x_wconf 91' lang='lat' dir='ltr'>est</span> <span class='ocrx_word' id='word_1_218' title='bbox 586 1655 679 1696; x_wconf 87' lang='lat' dir='ltr'>pars</span> <span class='ocrx_word' id='word_1_219' title='bbox 714 1641 889 1683; x_wconf 91' lang='lat' dir='ltr'>hominis</span> <span class='ocrx_word' id='word_1_220' title='bbox 923 1640 1037 1695; x_wconf 90' lang='lat' dir='ltr'>impii</span> <span class='ocrx_word' id='word_1_221' title='bbox 1072 1642 1183 1695; x_wconf 89' lang='lat' dir='ltr'>apud</span> <span class='ocrx_word' id='word_1_222' title='bbox 1216 1642 1363 1689; x_wconf 89' lang='lat' dir='ltr'>Deum,</span> <span class='ocrx_word' id='word_1_223' title='bbox 1449 1646 1491 1682; x_wconf 89' lang='lat' dir='ltr'>et</span> <span class='ocrx_word' id='word_1_224' title='bbox 1523 1641 1729 1682; x_wconf 85' lang='lat' dir='ltr'>hereditas</span> <span class='ocrx_word' id='word_1_225' title='bbox 1764 1640 2050 1687; x_wconf 81' lang='lat' dir='ltr'>violentorum,</span> <span class='ocrx_word' id='word_1_226' title='bbox 2083 1652 2207 1693; x_wconf 90' lang='lat' dir='ltr'>quam</span> 
     </span>
     <span class='ocr_line' id='line_1_25' title="bbox 564 1699 1204 1754; baseline 0 -13"><span class='ocrx_word' id='word_1_227' title='bbox 564 1702 614 1741; x_wconf 83' lang='lat' dir='ltr'>ab</span> <span class='ocrx_word' id='word_1_228' title='bbox 645 1701 940 1754; x_wconf 88' lang='lat' dir='ltr'>Omnipotente</span> <span class='ocrx_word' id='word_1_229' title='bbox 970 1699 1204 1754; x_wconf 84' lang='lat' dir='ltr'>suscipient.</span> 
     </span>
     <span class='ocr_line' id='line_1_26' title="bbox 301 1758 2208 1814; baseline -0.002 -12"><span class='ocrx_word' id='word_1_230' title='bbox 301 1764 331 1786; x_wconf 77' lang='lat'>¹⁴</span> <span class='ocrx_word' id='word_1_231' title='bbox 358 1761 399 1803; x_wconf 86' lang='lat' dir='ltr'>Si</span> <span class='ocrx_word' id='word_1_232' title='bbox 427 1760 690 1814; x_wconf 85' lang='lat' dir='ltr'>multiplicati</span> <span class='ocrx_word' id='word_1_233' title='bbox 718 1760 871 1801; x_wconf 87' lang='lat' dir='ltr'>fuerint</span> <span class='ocrx_word' id='word_1_234' title='bbox 899 1759 968 1800; x_wconf 87' lang='lat' dir='ltr'>filii</span> <span class='ocrx_word' id='word_1_235' title='bbox 997 1759 1093 1808; x_wconf 86' lang='lat' dir='ltr'>eius,</span> <span class='ocrx_word' id='word_1_236' title='bbox 1124 1759 1165 1800; x_wconf 91' lang='lat' dir='ltr'>in</span> <span class='ocrx_word' id='word_1_237' title='bbox 1192 1759 1326 1814; x_wconf 82' lang='lat' dir='ltr'>gladio</span> <span class='ocrx_word' id='word_1_238' title='bbox 1356 1765 1487 1803; x_wconf 76' lang='lat' dir='ltr'>erunt,</span> <span class='ocrx_word' id='word_1_239' title='bbox 1561 1764 1603 1800; x_wconf 89' lang='lat' dir='ltr'>et</span> <span class='ocrx_word' id='word_1_240' title='bbox 1630 1764 1799 1813; x_wconf 86' lang='lat' dir='ltr'>nepotes</span> <span class='ocrx_word' id='word_1_241' title='bbox 1828 1758 1912 1799; x_wconf 89' lang='lat' dir='ltr'>eius</span> <span class='ocrx_word' id='word_1_242' title='bbox 1939 1771 2022 1799; x_wconf 94' lang='lat' dir='ltr'>non</span> <span class='ocrx_word' id='word_1_243' title='bbox 2050 1763 2208 1798; x_wconf 88' lang='lat' dir='ltr'>satura-</span> 
     </span>
     <span class='ocr_line' id='line_1_27' title="bbox 566 1821 867 1873; baseline -0.003 -13"><span class='ocrx_word' id='word_1_244' title='bbox 566 1821 721 1860; x_wconf 89' lang='lat' dir='ltr'>buntur</span> <span class='ocrx_word' id='word_1_245' title='bbox 749 1832 867 1873; x_wconf 89' lang='lat' dir='ltr'>pane.</span> 
     </span>
     <span class='ocr_line' id='line_1_28' title="bbox 303 1875 2206 1933; baseline -0.002 -13"><span class='ocrx_word' id='word_1_246' title='bbox 303 1882 331 1904; x_wconf 66' lang='grc'>15</span> <span class='ocrx_word' id='word_1_247' title='bbox 360 1880 438 1928; x_wconf 82' lang='lat' dir='ltr'>Qui</span> <span class='ocrx_word' id='word_1_248' title='bbox 459 1879 603 1933; x_wconf 85' lang='lat' dir='ltr'>reliqui</span> <span class='ocrx_word' id='word_1_249' title='bbox 624 1879 777 1919; x_wconf 86' lang='lat' dir='ltr'>fuerint</span> <span class='ocrx_word' id='word_1_250' title='bbox 799 1891 849 1919; x_wconf 84' lang='lat' dir='ltr'>ex</span> <span class='ocrx_word' id='word_1_251' title='bbox 870 1891 929 1922; x_wconf 89' lang='grc'>00,</span> <span class='ocrx_word' id='word_1_252' title='bbox 954 1877 1201 1931; x_wconf 88' lang='lat' dir='ltr'>sepelientur</span> <span class='ocrx_word' id='word_1_253' title='bbox 1222 1878 1262 1919; x_wconf 91' lang='lat' dir='ltr'>in</span> <span class='ocrx_word' id='word_1_254' title='bbox 1284 1878 1466 1926; x_wconf 87' lang='lat' dir='ltr'>interitu,</span> <span class='ocrx_word' id='word_1_255' title='bbox 1526 1883 1567 1918; x_wconf 91' lang='lat' dir='ltr'>et</span> <span class='ocrx_word' id='word_1_256' title='bbox 1584 1877 1720 1918; x_wconf 86' lang='lat' dir='ltr'>viduae</span> <span class='ocrx_word' id='word_1_257' title='bbox 1740 1877 1846 1918; x_wconf 80' lang='lat' dir='ltr'>illius</span> <span class='ocrx_word' id='word_1_258' title='bbox 1867 1890 1950 1918; x_wconf 91' lang='lat' dir='ltr'>non</span> <span class='ocrx_word' id='word_1_259' title='bbox 1971 1875 2206 1930; x_wconf 90' lang='lat' dir='ltr'>plorabunt.</span> 
     </span>
     <span class='ocr_line' id='line_1_29' title="bbox 302 1935 2209 1991; baseline -0.003 -11"><span class='ocrx_word' id='word_1_260' title='bbox 302 1942 335 1963; x_wconf 71' lang='lat'>¹⁵</span> <span class='ocrx_word' id='word_1_261' title='bbox 358 1939 399 1980; x_wconf 88' lang='lat' dir='ltr'>Si</span> <span class='ocrx_word' id='word_1_262' title='bbox 428 1938 750 1991; x_wconf 80' lang='lat' dir='ltr'>comportaverit</span> <span class='ocrx_word' id='word_1_263' title='bbox 778 1937 894 1991; x_wconf 91' lang='lat' dir='ltr'>quasi</span> <span class='ocrx_word' id='word_1_264' title='bbox 921 1942 1073 1977; x_wconf 88' lang='lat' dir='ltr'>terram</span> <span class='ocrx_word' id='word_1_265' title='bbox 1102 1943 1330 1991; x_wconf 82' lang='lat' dir='ltr'>argentum.</span> <span class='ocrx_word' id='word_1_266' title='bbox 1403 1942 1445 1978; x_wconf 93' lang='lat' dir='ltr'>et</span> <span class='ocrx_word' id='word_1_267' title='bbox 1472 1937 1578 1978; x_wconf 89' lang='lat' dir='ltr'>sicut</span> <span class='ocrx_word' id='word_1_268' title='bbox 1603 1936 1738 1977; x_wconf 91' lang='lat' dir='ltr'>lutum</span> <span class='ocrx_word' id='word_1_269' title='bbox 1765 1935 2059 1990; x_wconf 84' lang='lat' dir='ltr'>praeparaverit</span> <span class='ocrx_word' id='word_1_270' title='bbox 2087 1935 2209 1976; x_wconf 89' lang='lat' dir='ltr'>vesti-</span> 
     </span>
     <span class='ocr_line' id='line_1_30' title="bbox 566 2002 724 2038; baseline -0.006 -1"><span class='ocrx_word' id='word_1_271' title='bbox 566 2002 724 2038; x_wconf 89' lang='lat' dir='ltr'>menta:</span> 
     </span>
     <span class='ocr_line' id='line_1_31' title="bbox 301 2053 2207 2110; baseline -0.002 -13"><span class='ocrx_word' id='word_1_272' title='bbox 301 2059 333 2081; x_wconf 64' lang='grc'>11</span> <span class='ocrx_word' id='word_1_273' title='bbox 358 2057 613 2110; x_wconf 80' lang='lat' dir='ltr'>Praeparabit</span> <span class='ocrx_word' id='word_1_274' title='bbox 642 2056 819 2110; x_wconf 89' lang='lat' dir='ltr'>quidem.</span> <span class='ocrx_word' id='word_1_275' title='bbox 850 2055 921 2096; x_wconf 90' lang='lat' dir='ltr'>sed</span> <span class='ocrx_word' id='word_1_276' title='bbox 948 2055 1080 2096; x_wconf 91' lang='lat' dir='ltr'>iustus</span> <span class='ocrx_word' id='word_1_277' title='bbox 1112 2056 1309 2097; x_wconf 87' lang='lat' dir='ltr'>vestietur</span> <span class='ocrx_word' id='word_1_278' title='bbox 1334 2055 1430 2096; x_wconf 78' lang='lat' dir='ltr'>mis:</span> <span class='ocrx_word' id='word_1_279' title='bbox 1503 2060 1545 2096; x_wconf 91' lang='lat' dir='ltr'>et</span> <span class='ocrx_word' id='word_1_280' title='bbox 1573 2060 1789 2109; x_wconf 86' lang='lat' dir='ltr'>argentum</span> <span class='ocrx_word' id='word_1_281' title='bbox 1816 2054 2009 2096; x_wconf 88' lang='lat' dir='ltr'>innocens</span> <span class='ocrx_word' id='word_1_282' title='bbox 2037 2053 2207 2094; x_wconf 87' lang='lat' dir='ltr'>dividet.</span> 
     </span>
     <span class='ocr_line' id='line_1_32' title="bbox 302 2112 2110 2163; baseline -0.002 -6"><span class='ocrx_word' id='word_1_283' title='bbox 302 2119 335 2141; x_wconf 68' lang='lat'>¹¹³</span> <span class='ocrx_word' id='word_1_284' title='bbox 360 2116 597 2157; x_wconf 85' lang='lat' dir='ltr'>AEdificavit</span> <span class='ocrx_word' id='word_1_285' title='bbox 626 2115 732 2156; x_wconf 89' lang='lat' dir='ltr'>sicut</span> <span class='ocrx_word' id='word_1_286' title='bbox 762 2115 874 2156; x_wconf 89' lang='lat' dir='ltr'>tinea</span> <span class='ocrx_word' id='word_1_287' title='bbox 902 2114 1071 2155; x_wconf 91' lang='lat' dir='ltr'>domum</span> <span class='ocrx_word' id='word_1_288' title='bbox 1101 2128 1229 2163; x_wconf 89' lang='lat' dir='ltr'>suam,</span> <span class='ocrx_word' id='word_1_289' title='bbox 1314 2120 1356 2155; x_wconf 88' lang='lat' dir='ltr'>et</span> <span class='ocrx_word' id='word_1_290' title='bbox 1385 2115 1490 2155; x_wconf 90' lang='lat' dir='ltr'>sicut</span> <span class='ocrx_word' id='word_1_291' title='bbox 1518 2119 1657 2155; x_wconf 88' lang='lat' dir='ltr'>custos</span> <span class='ocrx_word' id='word_1_292' title='bbox 1685 2114 1783 2155; x_wconf 82' lang='lat' dir='ltr'>fecit</span> <span class='ocrx_word' id='word_1_293' title='bbox 1812 2112 2110 2154; x_wconf 85' lang='lat' dir='ltr'>umbraculum.</span> 
     </span>
     <span class='ocr_line' id='line_1_33' title="bbox 302 2171 2207 2227; baseline -0.002 -11"><span class='ocrx_word' id='word_1_294' title='bbox 302 2178 336 2200; x_wconf 74' lang='lat'>¹⁹</span> <span class='ocrx_word' id='word_1_295' title='bbox 363 2175 509 2216; x_wconf 77' lang='lat' dir='ltr'>aDives</span> <span class='ocrx_word' id='word_1_296' title='bbox 527 2188 620 2215; x_wconf 90' lang='lat' dir='ltr'>cum</span> <span class='ocrx_word' id='word_1_297' title='bbox 639 2174 860 2218; x_wconf 81' lang='lat' dir='ltr'>dormierit,</span> <span class='ocrx_word' id='word_1_298' title='bbox 881 2173 980 2213; x_wconf 88' lang='lat' dir='ltr'>nihil</span> <span class='ocrx_word' id='word_1_299' title='bbox 998 2186 1134 2214; x_wconf 89' lang='lat' dir='ltr'>secum</span> <span class='ocrx_word' id='word_1_300' title='bbox 1154 2174 1329 2214; x_wconf 77' lang='lat' dir='ltr'>auferet:</span> <span class='ocrx_word' id='word_1_301' title='bbox 1388 2174 1543 2227; x_wconf 86' lang='lat' dir='ltr'>aperiet</span> <span class='ocrx_word' id='word_1_302' title='bbox 1561 2173 1698 2214; x_wconf 90' lang='lat' dir='ltr'>oculos</span> <span class='ocrx_word' id='word_1_303' title='bbox 1715 2186 1820 2221; x_wconf 87' lang='lat' dir='ltr'>suos,</span> <span class='ocrx_word' id='word_1_304' title='bbox 1837 2179 1877 2213; x_wconf 90' lang='lat' dir='ltr'>et</span> <span class='ocrx_word' id='word_1_305' title='bbox 1895 2171 1997 2213; x_wconf 91' lang='lat' dir='ltr'>nihil</span> <span class='ocrx_word' id='word_1_306' title='bbox 2013 2171 2207 2213; x_wconf 85' lang='lat' dir='ltr'>inveniet.</span> 
     </span>
     <span class='ocr_line' id='line_1_34' title="bbox 301 2232 2056 2287; baseline -0.002 -12"><span class='ocrx_word' id='word_1_307' title='bbox 301 2237 336 2259; x_wconf 72' lang='lat'>2⁰</span> <span class='ocrx_word' id='word_1_308' title='bbox 359 2234 653 2287; x_wconf 86' lang='lat' dir='ltr'>Apprehendet</span> <span class='ocrx_word' id='word_1_309' title='bbox 681 2246 774 2274; x_wconf 89' lang='lat' dir='ltr'>eum</span> <span class='ocrx_word' id='word_1_310' title='bbox 804 2232 919 2287; x_wconf 89' lang='lat' dir='ltr'>quasi</span> <span class='ocrx_word' id='word_1_311' title='bbox 948 2245 1057 2286; x_wconf 88' lang='lat' dir='ltr'>aqua</span> <span class='ocrx_word' id='word_1_312' title='bbox 1083 2232 1233 2286; x_wconf 81' lang='lat' dir='ltr'>inopia.</span> <span class='ocrx_word' id='word_1_313' title='bbox 1317 2238 1437 2274; x_wconf 89' lang='lat' dir='ltr'>nocte</span> <span class='ocrx_word' id='word_1_314' title='bbox 1465 2232 1671 2286; x_wconf 86' lang='lat' dir='ltr'>opprimet</span> <span class='ocrx_word' id='word_1_315' title='bbox 1698 2245 1792 2272; x_wconf 89' lang='lat' dir='ltr'>eum</span> <span class='ocrx_word' id='word_1_316' title='bbox 1819 2236 2056 2285; x_wconf 86' lang='lat' dir='ltr'>tempestas.</span> 
     </span>
     <span class='ocr_line' id='line_1_35' title="bbox 300 2290 2207 2345; baseline -0.002 -11"><span class='ocrx_word' id='word_1_317' title='bbox 300 2296 331 2318; x_wconf 78' lang='lat'>2¹</span> <span class='ocrx_word' id='word_1_318' title='bbox 359 2293 491 2334; x_wconf 89' lang='lat' dir='ltr'>Tollet</span> <span class='ocrx_word' id='word_1_319' title='bbox 519 2306 611 2333; x_wconf 89' lang='lat' dir='ltr'>eum</span> <span class='ocrx_word' id='word_1_320' title='bbox 639 2298 788 2333; x_wconf 87' lang='lat' dir='ltr'>ventus</span> <span class='ocrx_word' id='word_1_321' title='bbox 816 2305 947 2335; x_wconf 81' lang='lat' dir='ltr'>urens,</span> <span class='ocrx_word' id='word_1_322' title='bbox 979 2297 1019 2331; x_wconf 90' lang='lat' dir='ltr'>et</span> <span class='ocrx_word' id='word_1_323' title='bbox 1047 2292 1216 2337; x_wconf 77' lang='lat' dir='ltr'>auferet,</span> <span class='ocrx_word' id='word_1_324' title='bbox 1290 2297 1331 2333; x_wconf 94' lang='lat' dir='ltr'>et</span> <span class='ocrx_word' id='word_1_325' title='bbox 1357 2292 1473 2333; x_wconf 87' lang='lat' dir='ltr'>velut</span> <span class='ocrx_word' id='word_1_326' title='bbox 1499 2292 1622 2332; x_wconf 89' lang='lat' dir='ltr'>turbo</span> <span class='ocrx_word' id='word_1_327' title='bbox 1649 2291 1781 2345; x_wconf 89' lang='lat' dir='ltr'>rapiet</span> <span class='ocrx_word' id='word_1_328' title='bbox 1809 2304 1902 2331; x_wconf 91' lang='lat' dir='ltr'>eum</span> <span class='ocrx_word' id='word_1_329' title='bbox 1930 2291 1980 2331; x_wconf 88' lang='lat' dir='ltr'>de</span> <span class='ocrx_word' id='word_1_330' title='bbox 2007 2290 2094 2331; x_wconf 88' lang='lat' dir='ltr'>loco</span> <span class='ocrx_word' id='word_1_331' title='bbox 2123 2302 2207 2331; x_wconf 90' lang='lat' dir='ltr'>suo.</span> 
     </span>
     <span class='ocr_line' id='line_1_36' title="bbox 301 2349 1980 2405; baseline -0.002 -12"><span class='ocrx_word' id='word_1_332' title='bbox 301 2355 332 2377; x_wconf 74' lang='lat'>&#39;-&#39;&#39;-‘</span> <span class='ocrx_word' id='word_1_333' title='bbox 360 2353 415 2393; x_wconf 88' lang='lat' dir='ltr'>Et</span> <span class='ocrx_word' id='word_1_334' title='bbox 441 2352 583 2393; x_wconf 90' lang='lat' dir='ltr'>mittet</span> <span class='ocrx_word' id='word_1_335' title='bbox 611 2365 731 2405; x_wconf 89' lang='lat' dir='ltr'>super</span> <span class='ocrx_word' id='word_1_336' title='bbox 758 2365 862 2394; x_wconf 84' lang='lat' dir='ltr'>eum.</span> <span class='ocrx_word' id='word_1_337' title='bbox 893 2357 935 2391; x_wconf 89' lang='lat' dir='ltr'>et</span> <span class='ocrx_word' id='word_1_338' title='bbox 962 2364 1043 2391; x_wconf 91' lang='lat' dir='ltr'>non</span> <span class='ocrx_word' id='word_1_339' title='bbox 1070 2357 1229 2404; x_wconf 86' lang='lat' dir='ltr'>parcet:</span> <span class='ocrx_word' id='word_1_340' title='bbox 1313 2351 1362 2392; x_wconf 93' lang='lat' dir='ltr'>de</span> <span class='ocrx_word' id='word_1_341' title='bbox 1389 2363 1514 2391; x_wconf 90' lang='lat' dir='ltr'>manu</span> <span class='ocrx_word' id='word_1_342' title='bbox 1543 2351 1627 2391; x_wconf 88' lang='lat' dir='ltr'>eius</span> <span class='ocrx_word' id='word_1_343' title='bbox 1654 2350 1812 2404; x_wconf 81' lang='lat' dir='ltr'>fugiens</span> <span class='ocrx_word' id='word_1_344' title='bbox 1839 2349 1980 2403; x_wconf 81' lang='lat' dir='ltr'>fugiet.</span> 
     </span>
     <span class='ocr_line' id='line_1_37' title="bbox 302 2407 2207 2465; baseline -0.003 -12"><span class='ocrx_word' id='word_1_345' title='bbox 302 2414 333 2436; x_wconf 72' lang='lat'>²³</span> <span class='ocrx_word' id='word_1_346' title='bbox 359 2411 541 2465; x_wconf 82' lang='lat' dir='ltr'>Stringet</span> <span class='ocrx_word' id='word_1_347' title='bbox 568 2424 688 2465; x_wconf 87' lang='lat' dir='ltr'>super</span> <span class='ocrx_word' id='word_1_348' title='bbox 714 2424 807 2451; x_wconf 89' lang='lat' dir='ltr'>eum</span> <span class='ocrx_word' id='word_1_349' title='bbox 833 2422 980 2451; x_wconf 90' lang='lat' dir='ltr'>manus</span> <span class='ocrx_word' id='word_1_350' title='bbox 1006 2423 1111 2459; x_wconf 81' lang='lat' dir='ltr'>suaS,</span> <span class='ocrx_word' id='word_1_351' title='bbox 1185 2416 1227 2451; x_wconf 87' lang='lat' dir='ltr'>et</span> <span class='ocrx_word' id='word_1_352' title='bbox 1252 2409 1434 2451; x_wconf 88' lang='lat' dir='ltr'>sibilabit</span> <span class='ocrx_word' id='word_1_353' title='bbox 1459 2422 1580 2463; x_wconf 89' lang='lat' dir='ltr'>super</span> <span class='ocrx_word' id='word_1_354' title='bbox 1604 2409 1731 2458; x_wconf 72' lang='lat' dir='ltr'>illum,</span> <span class='ocrx_word' id='word_1_355' title='bbox 1760 2409 1924 2450; x_wconf 92' lang='lat' dir='ltr'>intuens</span> <span class='ocrx_word' id='word_1_356' title='bbox 1948 2408 2085 2449; x_wconf 87' lang='lat' dir='ltr'>locum</span> <span class='ocrx_word' id='word_1_357' title='bbox 2111 2407 2207 2449; x_wconf 90' lang='lat' dir='ltr'>eius.</span> 
     </span>
    </p>
   </div>
   <div class='ocr_carea' id='block_1_9' title="bbox 130 2501 2209 2558">
    <p class='ocr_par' dir='ltr' id='par_1_9' title="bbox 130 2501 2209 2558">
     <span class='ocr_line' id='line_1_38' title="bbox 130 2501 2209 2558; baseline -0.002 -12"><span class='ocrx_word' id='word_1_358' title='bbox 130 2506 261 2531; x_wconf 55' lang='lat' dir='ltr'>¹¹0¹¹¹i¹¹05</span> <span class='ocrx_word' id='word_1_359' title='bbox 302 2506 365 2548; x_wconf 76' lang='lat'>28.</span> <span class='ocrx_word' id='word_1_360' title='bbox 422 2508 433 2529; x_wconf 89' lang='lat'>¹</span> <span class='ocrx_word' id='word_1_361' title='bbox 464 2505 602 2545; x_wconf 86' lang='lat' dir='ltr'>Habet</span> <span class='ocrx_word' id='word_1_362' title='bbox 633 2510 861 2558; x_wconf 76' lang='lat' dir='ltr'>argentum.</span> <span class='ocrx_word' id='word_1_363' title='bbox 894 2517 1093 2544; x_wconf 87' lang='lat' dir='ltr'>venarum</span> <span class='ocrx_word' id='word_1_364' title='bbox 1123 2516 1290 2544; x_wconf 89' lang='lat' dir='ltr'>suarum</span> <span class='ocrx_word' id='word_1_365' title='bbox 1319 2503 1537 2558; x_wconf 88' lang='lat' dir='ltr'>principia:</span> <span class='ocrx_word' id='word_1_366' title='bbox 1613 2508 1654 2544; x_wconf 86' lang='lat' dir='ltr'>et</span> <span class='ocrx_word' id='word_1_367' title='bbox 1684 2515 1782 2544; x_wconf 88' lang='lat' dir='ltr'>auro</span> <span class='ocrx_word' id='word_1_368' title='bbox 1811 2502 1923 2544; x_wconf 89' lang='lat' dir='ltr'>locus</span> <span class='ocrx_word' id='word_1_369' title='bbox 1953 2507 2026 2550; x_wconf 86' lang='lat' dir='ltr'>est,</span> <span class='ocrx_word' id='word_1_370' title='bbox 2058 2501 2099 2542; x_wconf 90' lang='lat' dir='ltr'>in</span> <span class='ocrx_word' id='word_1_371' title='bbox 2130 2514 2209 2555; x_wconf 90' lang='lat' dir='ltr'>quo</span> 
     </span>
    </p>
   </div>
   <div class='ocr_carea' id='block_1_10' title="bbox 102 2541 289 2566">
    <p class='ocr_par' dir='ltr' id='par_1_10' title="bbox 102 2541 289 2566">
     <span class='ocr_line' id='line_1_39' title="bbox 102 2541 289 2566; baseline -0.005 -1"><span class='ocrx_word' id='word_1_372' title='bbox 102 2541 289 2566; x_wconf 71' lang='lat' dir='ltr'>absconditos</span> 
     </span>
    </p>
   </div>
   <div class='ocr_carea' id='block_1_11' title="bbox 110 2563 2209 3266">
    <p class='ocr_par' dir='ltr' id='par_1_11' title="bbox 110 2563 2209 2912">
     <span class='ocr_line' id='line_1_40' title="bbox 121 2563 782 2616; baseline 0.005 -15"><span class='ocrx_word' id='word_1_373' title='bbox 121 2577 271 2616; x_wconf 64' lang='lat' dir='ltr'>thesauros</span> <span class='ocrx_word' id='word_1_374' title='bbox 567 2563 782 2604; x_wconf 69' lang='lat' dir='ltr'>conflatur.</span> 
     </span>
     <span class='ocr_line' id='line_1_41' title="bbox 120 2613 1920 2676; baseline -0.001 -12"><span class='ocrx_word' id='word_1_375' title='bbox 120 2613 237 2672; x_wconf 55' lang='lat' dir='ltr'>qussflfsna&#39;</span> <span class='ocrx_word' id='word_1_376' title='bbox 258 2620 272 2637; x_wconf 73' lang='lat'>‘³</span> <span class='ocrx_word' id='word_1_377' title='bbox 322 2625 336 2647; x_wconf 74' lang='lat'><strong>²</strong></span> <span class='ocrx_word' id='word_1_378' title='bbox 360 2623 530 2664; x_wconf 86' lang='lat' dir='ltr'>Ferrum</span> <span class='ocrx_word' id='word_1_379' title='bbox 558 2623 607 2664; x_wconf 89' lang='lat' dir='ltr'>de</span> <span class='ocrx_word' id='word_1_380' title='bbox 634 2628 744 2663; x_wconf 88' lang='lat' dir='ltr'>terra</span> <span class='ocrx_word' id='word_1_381' title='bbox 769 2621 946 2663; x_wconf 89' lang='lat' dir='ltr'>tollitur:</span> <span class='ocrx_word' id='word_1_382' title='bbox 1029 2627 1069 2662; x_wconf 92' lang='lat' dir='ltr'>et</span> <span class='ocrx_word' id='word_1_383' title='bbox 1095 2622 1199 2676; x_wconf 91' lang='lat' dir='ltr'>lapis</span> <span class='ocrx_word' id='word_1_384' title='bbox 1226 2622 1384 2663; x_wconf 91' lang='lat' dir='ltr'>solutus</span> <span class='ocrx_word' id='word_1_385' title='bbox 1412 2621 1555 2670; x_wconf 80' lang='lat' dir='ltr'>calore,</span> <span class='ocrx_word' id='word_1_386' title='bbox 1585 2621 1626 2662; x_wconf 92' lang='lat' dir='ltr'>in</span> <span class='ocrx_word' id='word_1_387' title='bbox 1653 2634 1706 2662; x_wconf 81' lang='lat' dir='ltr'>aes</span> <span class='ocrx_word' id='word_1_388' title='bbox 1733 2621 1920 2662; x_wconf 89' lang='lat' dir='ltr'>vertitur.</span> 
     </span>
     <span class='ocr_line' id='line_1_42' title="bbox 110 2678 2209 2736; baseline -0.002 -14"><span class='ocrx_word' id='word_1_389' title='bbox 110 2683 283 2713; x_wconf 55' lang='lat' dir='ltr'>vffldussuffir</span> <span class='ocrx_word' id='word_1_390' title='bbox 322 2685 337 2707; x_wconf 86' lang='lat'>³</span> <span class='ocrx_word' id='word_1_391' title='bbox 361 2682 539 2736; x_wconf 89' lang='lat' dir='ltr'>Tempus</span> <span class='ocrx_word' id='word_1_392' title='bbox 569 2681 713 2735; x_wconf 79' lang='lat' dir='ltr'>posuit</span> <span class='ocrx_word' id='word_1_393' title='bbox 752 2681 941 2727; x_wconf 86' lang='lat' dir='ltr'>tenebris,</span> <span class='ocrx_word' id='word_1_394' title='bbox 1025 2687 1066 2722; x_wconf 90' lang='grc'>01</span> <span class='ocrx_word' id='word_1_395' title='bbox 1102 2681 1386 2722; x_wconf 89' lang='lat' dir='ltr'>universorum</span> <span class='ocrx_word' id='word_1_396' title='bbox 1424 2681 1547 2722; x_wconf 90' lang='lat' dir='ltr'>finem</span> <span class='ocrx_word' id='word_1_397' title='bbox 1585 2680 1669 2734; x_wconf 90' lang='lat' dir='ltr'>ipse</span> <span class='ocrx_word' id='word_1_398' title='bbox 1705 2679 1949 2727; x_wconf 84' lang='lat' dir='ltr'>considerat,</span> <span class='ocrx_word' id='word_1_399' title='bbox 2031 2678 2209 2732; x_wconf 88' lang='lat' dir='ltr'>lapidem</span> 
     </span>
     <span class='ocr_line' id='line_1_43' title="bbox 567 2740 1430 2794; baseline 0 -13"><span class='ocrx_word' id='word_1_400' title='bbox 567 2754 729 2794; x_wconf 89' lang='lat' dir='ltr'>quoque</span> <span class='ocrx_word' id='word_1_401' title='bbox 760 2740 952 2793; x_wconf 66' lang='lat' dir='ltr'>caliginis,</span> <span class='ocrx_word' id='word_1_402' title='bbox 985 2746 1027 2781; x_wconf 92' lang='grc'>01</span> <span class='ocrx_word' id='word_1_403' title='bbox 1056 2741 1245 2781; x_wconf 88' lang='lat' dir='ltr'>umbram</span> <span class='ocrx_word' id='word_1_404' title='bbox 1274 2740 1430 2781; x_wconf 82' lang='lat' dir='ltr'>mortis.</span> 
     </span>
     <span class='ocr_line' id='line_1_44' title="bbox 322 2799 1263 2853; baseline -0.001 -12"><span class='ocrx_word' id='word_1_405' title='bbox 322 2803 336 2825; x_wconf 76' lang='lat'>⁴</span> <span class='ocrx_word' id='word_1_406' title='bbox 360 2800 521 2841; x_wconf 82' lang='lat' dir='ltr'>Dividit</span> <span class='ocrx_word' id='word_1_407' title='bbox 551 2806 707 2841; x_wconf 90' lang='lat' dir='ltr'>torrens</span> <span class='ocrx_word' id='word_1_408' title='bbox 737 2813 761 2840; x_wconf 90' lang='lat' dir='ltr'>a</span> <span class='ocrx_word' id='word_1_409' title='bbox 787 2799 938 2852; x_wconf 90' lang='lat' dir='ltr'>populo</span> <span class='ocrx_word' id='word_1_410' title='bbox 968 2799 1263 2853; x_wconf 83' lang='lat' dir='ltr'>peregrinante,</span> 
     </span>
     <span class='ocr_line' id='line_1_45' title="bbox 356 2858 1587 2912; baseline 0 -13"><span class='ocrx_word' id='word_1_411' title='bbox 356 2873 434 2905; x_wconf 86' lang='grc'><strong>005,</strong></span> <span class='ocrx_word' id='word_1_412' title='bbox 468 2873 568 2912; x_wconf 88' lang='lat' dir='ltr'>quos</span> <span class='ocrx_word' id='word_1_413' title='bbox 599 2858 750 2900; x_wconf 91' lang='lat' dir='ltr'>oblitus</span> <span class='ocrx_word' id='word_1_414' title='bbox 781 2864 842 2899; x_wconf 88' lang='lat' dir='ltr'>est</span> <span class='ocrx_word' id='word_1_415' title='bbox 870 2871 940 2911; x_wconf 88' lang='lat' dir='ltr'>pes</span> <span class='ocrx_word' id='word_1_416' title='bbox 971 2858 1125 2911; x_wconf 85' lang='lat' dir='ltr'>egentis</span> <span class='ocrx_word' id='word_1_417' title='bbox 1154 2858 1342 2902; x_wconf 83' lang='lat' dir='ltr'>hominis,</span> <span class='ocrx_word' id='word_1_418' title='bbox 1374 2863 1416 2899; x_wconf 92' lang='lat' dir='ltr'>et</span> <span class='ocrx_word' id='word_1_419' title='bbox 1444 2858 1587 2899; x_wconf 73' lang='lat' dir='ltr'>invios</span> 
     </span>
    </p>

    <p class='ocr_par' dir='ltr' id='par_1_12' title="bbox 323 2917 1868 2972">
     <span class='ocr_line' id='line_1_46' title="bbox 323 2917 1868 2972; baseline 0 -15"><span class='ocrx_word' id='word_1_420' title='bbox 323 2920 338 2942; x_wconf 76' lang='lat'><em>⁵</em></span> <span class='ocrx_word' id='word_1_421' title='bbox 363 2919 496 2960; x_wconf 83' lang='lat' dir='ltr'>Terra.</span> <span class='ocrx_word' id='word_1_422' title='bbox 529 2919 578 2959; x_wconf 91' lang='lat' dir='ltr'>de</span> <span class='ocrx_word' id='word_1_423' title='bbox 609 2931 691 2972; x_wconf 91' lang='lat' dir='ltr'>qua</span> <span class='ocrx_word' id='word_1_424' title='bbox 719 2917 927 2959; x_wconf 90' lang='lat' dir='ltr'>oriebatur</span> <span class='ocrx_word' id='word_1_425' title='bbox 955 2917 1072 2970; x_wconf 88' lang='lat' dir='ltr'>panis</span> <span class='ocrx_word' id='word_1_426' title='bbox 1155 2918 1197 2958; x_wconf 91' lang='lat' dir='ltr'>in</span> <span class='ocrx_word' id='word_1_427' title='bbox 1225 2917 1313 2959; x_wconf 90' lang='lat' dir='ltr'>loco</span> <span class='ocrx_word' id='word_1_428' title='bbox 1343 2931 1427 2964; x_wconf 84' lang='lat' dir='ltr'>suo,</span> <span class='ocrx_word' id='word_1_429' title='bbox 1460 2917 1541 2971; x_wconf 82' lang='lat' dir='ltr'>igni</span> <span class='ocrx_word' id='word_1_430' title='bbox 1571 2917 1769 2958; x_wconf 89' lang='lat' dir='ltr'>subversa</span> <span class='ocrx_word' id='word_1_431' title='bbox 1796 2921 1868 2957; x_wconf 90' lang='lat' dir='ltr'>est.</span> 
     </span>
    </p>

    <p class='ocr_par' dir='ltr' id='par_1_13' title="bbox 327 2976 1627 3031">
     <span class='ocr_line' id='line_1_47' title="bbox 327 2976 1627 3031; baseline -0.001 -14"><span class='ocrx_word' id='word_1_432' title='bbox 327 2978 341 3000; x_wconf 79' lang='lat'><strong>⁶</strong></span> <span class='ocrx_word' id='word_1_433' title='bbox 366 2977 496 3018; x_wconf 74' lang='lat' dir='ltr'>Locus</span> <span class='ocrx_word' id='word_1_434' title='bbox 527 2977 709 3031; x_wconf 86' lang='lat' dir='ltr'>sapphiri</span> <span class='ocrx_word' id='word_1_435' title='bbox 738 2976 893 3030; x_wconf 89' lang='lat' dir='ltr'>lapides</span> <span class='ocrx_word' id='word_1_436' title='bbox 925 2976 1020 3021; x_wconf 86' lang='grc'><strong>01115,</strong></span> <span class='ocrx_word' id='word_1_437' title='bbox 1107 2982 1148 3017; x_wconf 86' lang='grc'>01</span> <span class='ocrx_word' id='word_1_438' title='bbox 1177 2976 1304 3029; x_wconf 82' lang='lat' dir='ltr'>glebae</span> <span class='ocrx_word' id='word_1_439' title='bbox 1334 2976 1439 3017; x_wconf 91' lang='lat' dir='ltr'>illius</span> <span class='ocrx_word' id='word_1_440' title='bbox 1471 2989 1627 3017; x_wconf 88' lang='lat' dir='ltr'>aurum.</span> 
     </span>
    </p>

    <p class='ocr_par' dir='ltr' id='par_1_14' title="bbox 326 3033 1890 3089">
     <span class='ocr_line' id='line_1_48' title="bbox 326 3033 1890 3089; baseline -0.001 -13"><span class='ocrx_word' id='word_1_441' title='bbox 326 3037 338 3058; x_wconf 83' lang='lat'><strong>⁷</strong></span> <span class='ocrx_word' id='word_1_442' title='bbox 363 3037 562 3076; x_wconf 73' lang='lat' dir='ltr'>Semitam</span> <span class='ocrx_word' id='word_1_443' title='bbox 593 3036 798 3089; x_wconf 86' lang='lat' dir='ltr'>ignoravit</span> <span class='ocrx_word' id='word_1_444' title='bbox 828 3035 926 3079; x_wconf 85' lang='lat' dir='ltr'>avis,</span> <span class='ocrx_word' id='word_1_445' title='bbox 1013 3048 1085 3076; x_wconf 81' lang='lat' dir='ltr'>nec</span> <span class='ocrx_word' id='word_1_446' title='bbox 1115 3036 1291 3076; x_wconf 88' lang='lat' dir='ltr'>intuitus</span> <span class='ocrx_word' id='word_1_447' title='bbox 1322 3041 1383 3076; x_wconf 90' lang='lat' dir='ltr'>est</span> <span class='ocrx_word' id='word_1_448' title='bbox 1413 3049 1503 3075; x_wconf 83' lang='lat' dir='ltr'>eam</span> <span class='ocrx_word' id='word_1_449' title='bbox 1534 3035 1673 3076; x_wconf 87' lang='lat' dir='ltr'>oculus</span> <span class='ocrx_word' id='word_1_450' title='bbox 1704 3033 1890 3075; x_wconf 87' lang='lat' dir='ltr'>vulturis.</span> 
     </span>
    </p>

    <p class='ocr_par' dir='ltr' id='par_1_15' title="bbox 324 3091 2075 3148">
     <span class='ocr_line' id='line_1_49' title="bbox 324 3091 2075 3148; baseline -0.002 -13"><span class='ocrx_word' id='word_1_451' title='bbox 324 3096 339 3115; x_wconf 58' lang='lat'>⁵¹</span> <span class='ocrx_word' id='word_1_452' title='bbox 366 3095 455 3135; x_wconf 75' lang='lat' dir='ltr'>Non</span> <span class='ocrx_word' id='word_1_453' title='bbox 485 3094 748 3135; x_wconf 81' lang='lat' dir='ltr'>calcaverunt</span> <span class='ocrx_word' id='word_1_454' title='bbox 776 3108 866 3135; x_wconf 90' lang='lat' dir='ltr'>eam</span> <span class='ocrx_word' id='word_1_455' title='bbox 895 3094 965 3134; x_wconf 89' lang='lat' dir='ltr'>filii</span> <span class='ocrx_word' id='word_1_456' title='bbox 993 3094 1242 3138; x_wconf 82' lang='lat' dir='ltr'>institorum.</span> <span class='ocrx_word' id='word_1_457' title='bbox 1326 3108 1399 3135; x_wconf 88' lang='lat' dir='ltr'>nec</span> <span class='ocrx_word' id='word_1_458' title='bbox 1426 3094 1694 3148; x_wconf 82' lang='lat' dir='ltr'>pertransivit</span> <span class='ocrx_word' id='word_1_459' title='bbox 1721 3107 1793 3147; x_wconf 91' lang='lat' dir='ltr'>per</span> <span class='ocrx_word' id='word_1_460' title='bbox 1820 3106 1910 3134; x_wconf 90' lang='lat' dir='ltr'>eam</span> <span class='ocrx_word' id='word_1_461' title='bbox 1937 3091 2075 3133; x_wconf 84' lang='lat' dir='ltr'>leaena.</span> 
     </span>
    </p>

    <p class='ocr_par' dir='ltr' id='par_1_16' title="bbox 324 3153 1971 3197">
     <span class='ocr_line' id='line_1_50' title="bbox 324 3153 1971 3197; baseline -0.001 -4"><span class='ocrx_word' id='word_1_462' title='bbox 324 3156 338 3177; x_wconf 77' lang='lat'>¹⁴</span> <span class='ocrx_word' id='word_1_463' title='bbox 363 3154 427 3194; x_wconf 82' lang='lat' dir='ltr'>Ad</span> <span class='ocrx_word' id='word_1_464' title='bbox 458 3154 609 3194; x_wconf 79' lang='lat' dir='ltr'>silicem</span> <span class='ocrx_word' id='word_1_465' title='bbox 641 3154 828 3195; x_wconf 78' lang='lat' dir='ltr'>extendit</span> <span class='ocrx_word' id='word_1_466' title='bbox 858 3166 1027 3194; x_wconf 91' lang='lat' dir='ltr'>manum</span> <span class='ocrx_word' id='word_1_467' title='bbox 1059 3166 1188 3197; x_wconf 83' lang='lat' dir='ltr'>suam,</span> <span class='ocrx_word' id='word_1_468' title='bbox 1275 3153 1479 3194; x_wconf 87' lang='lat' dir='ltr'>subvertit</span> <span class='ocrx_word' id='word_1_469' title='bbox 1511 3166 1535 3194; x_wconf 91' lang='lat' dir='ltr'>a</span> <span class='ocrx_word' id='word_1_470' title='bbox 1563 3153 1768 3193; x_wconf 88' lang='lat' dir='ltr'>radicibus</span> <span class='ocrx_word' id='word_1_471' title='bbox 1799 3157 1971 3193; x_wconf 86' lang='lat' dir='ltr'>montes.</span> 
     </span>
    </p>

    <p class='ocr_par' dir='ltr' id='par_1_17' title="bbox 307 3211 1847 3266">
     <span class='ocr_line' id='line_1_51' title="bbox 307 3211 1847 3266; baseline 0 -14"><span class='ocrx_word' id='word_1_472' title='bbox 307 3214 340 3235; x_wconf 79' lang='lat'>¹⁰</span> <span class='ocrx_word' id='word_1_473' title='bbox 366 3213 410 3252; x_wconf 85' lang='lat' dir='ltr'>In</span> <span class='ocrx_word' id='word_1_474' title='bbox 442 3213 566 3266; x_wconf 83' lang='lat' dir='ltr'>petris</span> <span class='ocrx_word' id='word_1_475' title='bbox 596 3212 702 3254; x_wconf 79' lang='lat' dir='ltr'>rivos</span> <span class='ocrx_word' id='word_1_476' title='bbox 731 3212 894 3256; x_wconf 79' lang='lat' dir='ltr'>excidit,</span> <span class='ocrx_word' id='word_1_477' title='bbox 979 3217 1020 3253; x_wconf 87' lang='lat' dir='ltr'>et</span> <span class='ocrx_word' id='word_1_478' title='bbox 1049 3225 1168 3253; x_wconf 90' lang='lat' dir='ltr'>omne</span> <span class='ocrx_word' id='word_1_479' title='bbox 1196 3213 1420 3265; x_wconf 90' lang='lat' dir='ltr'>pretiosum</span> <span class='ocrx_word' id='word_1_480' title='bbox 1449 3212 1555 3253; x_wconf 87' lang='lat' dir='ltr'>vidit</span> <span class='ocrx_word' id='word_1_481' title='bbox 1583 3211 1723 3253; x_wconf 86' lang='lat' dir='ltr'>oculus</span> <span class='ocrx_word' id='word_1_482' title='bbox 1752 3211 1847 3252; x_wconf 83' lang='lat' dir='ltr'>eius.</span> 
     </span>
    </p>
   </div>
   <div class='ocr_carea' id='block_1_12' title="bbox 307 3268 2208 3324">
    <p class='ocr_par' dir='ltr' id='par_1_18' title="bbox 307 3268 2208 3324">
     <span class='ocr_line' id='line_1_52' title="bbox 307 3268 2208 3324; baseline -0.001 -13"><span class='ocrx_word' id='word_1_483' title='bbox 307 3274 332 3295; x_wconf 88' lang='grc'>11</span> <span class='ocrx_word' id='word_1_484' title='bbox 364 3272 572 3312; x_wconf 83' lang='lat' dir='ltr'>Profunda</span> <span class='ocrx_word' id='word_1_485' title='bbox 605 3285 765 3324; x_wconf 87' lang='lat' dir='ltr'>quoque</span> <span class='ocrx_word' id='word_1_486' title='bbox 798 3271 1015 3312; x_wconf 81' lang='lat' dir='ltr'>fluviorum</span> <span class='ocrx_word' id='word_1_487' title='bbox 1046 3277 1253 3312; x_wconf 82' lang='lat' dir='ltr'>scrutatus</span> <span class='ocrx_word' id='word_1_488' title='bbox 1283 3277 1355 3315; x_wconf 80' lang='lat' dir='ltr'>cst,</span> <span class='ocrx_word' id='word_1_489' title='bbox 1432 3277 1473 3312; x_wconf 90' lang='lat' dir='ltr'>et</span> <span class='ocrx_word' id='word_1_490' title='bbox 1502 3271 1745 3312; x_wconf 87' lang='lat' dir='ltr'>abscondita</span> <span class='ocrx_word' id='word_1_491' title='bbox 1773 3271 1812 3311; x_wconf 91' lang='lat' dir='ltr'>in</span> <span class='ocrx_word' id='word_1_492' title='bbox 1841 3270 1972 3310; x_wconf 86' lang='lat' dir='ltr'>lucem</span> <span class='ocrx_word' id='word_1_493' title='bbox 2001 3268 2208 3322; x_wconf 83' lang='lat' dir='ltr'>produxit.</span> 
     </span>
    </p>
   </div>
   <div class='ocr_carea' id='block_1_13' title="bbox 108 3362 1875 3418">
    <p class='ocr_par' dir='ltr' id='par_1_19' title="bbox 108 3362 1875 3418">
     <span class='ocr_line' id='line_1_53' title="bbox 108 3362 1875 3418; baseline 0 -14"><span class='ocrx_word' id='word_1_494' title='bbox 108 3362 287 3392; x_wconf 39' lang='grc'><strong>9115111011·</strong></span> <span class='ocrx_word' id='word_1_495' title='bbox 307 3366 336 3388; x_wconf 83' lang='grc'><strong>1“-’</strong></span> <span class='ocrx_word' id='word_1_496' title='bbox 363 3365 573 3418; x_wconf 80' lang='lat' dir='ltr'>Sapientia</span> <span class='ocrx_word' id='word_1_497' title='bbox 606 3377 699 3404; x_wconf 80' lang='lat' dir='ltr'>vero</span> <span class='ocrx_word' id='word_1_498' title='bbox 733 3365 799 3405; x_wconf 87' lang='lat' dir='ltr'>ubi</span> <span class='ocrx_word' id='word_1_499' title='bbox 831 3365 1063 3406; x_wconf 78' lang='lat' dir='ltr'>invenitur?</span> <span class='ocrx_word' id='word_1_500' title='bbox 1149 3370 1188 3405; x_wconf 87' lang='lat' dir='ltr'>et</span> <span class='ocrx_word' id='word_1_501' title='bbox 1221 3365 1309 3418; x_wconf 83' lang='lat' dir='ltr'>quis</span> <span class='ocrx_word' id='word_1_502' title='bbox 1341 3371 1402 3406; x_wconf 80' lang='lat' dir='ltr'>est</span> <span class='ocrx_word' id='word_1_503' title='bbox 1431 3365 1543 3406; x_wconf 87' lang='lat' dir='ltr'>locus</span> <span class='ocrx_word' id='word_1_504' title='bbox 1575 3363 1875 3415; x_wconf 71' lang='lat' dir='ltr'>intelligentiae?</span> 
     </span>
    </p>
   </div>
   <div class='ocr_carea' id='block_1_14' title="bbox 96 3398 2060 3528">
    <p class='ocr_par' dir='ltr' id='par_1_20' title="bbox 96 3398 2060 3528">
     <span class='ocr_line' id='line_1_54' title="bbox 96 3398 2060 3498; baseline 0 -36"><span class='ocrx_word' id='word_1_505' title='bbox 96 3398 336 3498; x_wconf 38' lang='lat' dir='ltr'>‘xliissssllnsffluss</span> <span class='ocrx_word' id='word_1_506' title='bbox 366 3424 500 3464; x_wconf 76' lang='lat' dir='ltr'>Nescit</span> <span class='ocrx_word' id='word_1_507' title='bbox 531 3424 652 3464; x_wconf 93' lang='lat' dir='ltr'>homo</span> <span class='ocrx_word' id='word_1_508' title='bbox 683 3424 858 3475; x_wconf 84' lang='lat' dir='ltr'>pretium</span> <span class='ocrx_word' id='word_1_509' title='bbox 888 3424 983 3471; x_wconf 83' lang='lat' dir='ltr'>eius,</span> <span class='ocrx_word' id='word_1_510' title='bbox 1067 3437 1140 3465; x_wconf 89' lang='grc'><strong>1100</strong></span> <span class='ocrx_word' id='word_1_511' title='bbox 1168 3423 1376 3465; x_wconf 85' lang='lat' dir='ltr'>invenitur</span> <span class='ocrx_word' id='word_1_512' title='bbox 1404 3424 1444 3465; x_wconf 91' lang='lat' dir='ltr'>in</span> <span class='ocrx_word' id='word_1_513' title='bbox 1473 3430 1580 3465; x_wconf 87' lang='lat' dir='ltr'>terra</span> <span class='ocrx_word' id='word_1_514' title='bbox 1609 3423 1791 3464; x_wconf 83' lang='lat' dir='ltr'>suaviter</span> <span class='ocrx_word' id='word_1_515' title='bbox 1818 3422 2060 3463; x_wconf 86' lang='lat' dir='ltr'>viventium.</span> 
     </span>
     <span class='ocr_line' id='line_1_55' title="bbox 108 3511 283 3528; baseline 0.006 -1"><span class='ocrx_word' id='word_1_516' title='bbox 108 3511 210 3528; x_wconf 55' lang='lat' dir='ltr'>xlmam</span> <span class='ocrx_word' id='word_1_517' title='bbox 228 3512 283 3528; x_wconf 69' lang='lat' dir='ltr'>nnn</span> 
     </span>
    </p>
   </div>
   <div class='ocr_carea' id='block_1_15' title="bbox 120 3526 802 3570">
    <p class='ocr_par' dir='ltr' id='par_1_21' title="bbox 120 3526 802 3570">
     <span class='ocr_line' id='line_1_56' title="bbox 120 3526 802 3570; baseline -0.003 -7"><span class='ocrx_word' id='word_1_518' title='bbox 120 3540 284 3570; x_wconf 68' lang='lat' dir='ltr'>inveniunt,</span> <span class='ocrx_word' id='word_1_519' title='bbox 439 3526 492 3568; x_wconf 74' lang='lat'>27,</span> <span class='ocrx_word' id='word_1_520' title='bbox 518 3528 559 3561; x_wconf 88' lang='grc'>19</span> <span class='ocrx_word' id='word_1_521' title='bbox 585 3528 647 3560; x_wconf 79' lang='lat' dir='ltr'>aPs</span> <span class='ocrx_word' id='word_1_522' title='bbox 673 3528 724 3568; x_wconf 68' lang='lat'>48,</span> <span class='ocrx_word' id='word_1_523' title='bbox 752 3528 802 3561; x_wconf 74' lang='lat'>18.</span> 
     </span>
    </p>
   </div>
  </div>
 </body>
</html>
