2356 3760
159 103 212 142 21,
241 102 382 142 13-22,
409 103 450 136 19
1050 103 1184 137 IsAIAE
1971 115 2046 155 655

616 195 654 235 9.
684 194 748 235 De
778 194 1101 236 acerbitatibus
1131 196 1323 247 Arabiae,
1351 199 1416 248 21,
1435 199 1603 239 13—17.

266 268 296 290 ¹3
325 266 437 306 OHUS
467 266 506 306 ill
535 266 697 306 Arabia.
2068 280 2228 310 Inscriptio:

214 334 261 375 In
290 335 397 376 saltu
427 335 479 376 ad
507 347 718 387 vesperam
748 333 967 378 dormietis,
1051 335 1091 375 in
1121 336 1271 377 semitis
1300 338 1513 380 Dedanim.
2077 348 2222 388 Dedanira·

161 395 193 417 ¹4
213 394 479 434 Occurrentes
509 392 662 433 sitienti
692 392 794 432 ferte
825 405 986 446 aquam,
1073 394 1140 447 qui
1170 394 1365 436 habitatis
1396 402 1543 437 terrain
1576 398 1724 446 Austri,
1758 413 1845 441 cum
1880 404 2046 454 panibus
2091 384 2206 413 tument.

421 451 617 493 occurrite
646 450 828 503 fugienti.

161 513 192 535 ¹⁵
212 511 248 551 A
276 511 377 551 facie
407 510 513 550 enim
541 509 767 563 gladiorum
797 510 1000 563 fugerunt,
1084 524 1108 551 a
1136 511 1236 552 facie
1265 512 1385 565 gladii
1415 513 1672 559 imminentis,

212 583 237 610 a
264 569 365 609 facie
395 581 510 609 arcus
539 567 707 611 extenti,
792 581 816 608 a
842 568 944 609 facie
972 569 1106 622 gravis
1135 570 1277 623 praelii:

264 639 298 662 ¹⁶
329 638 522 691 quoniam
551 637 635 678 haec
665 637 764 679 dicit
792 639 991 680 Dominus
1022 640 1074 680 ad
1103 653 1184 680 me:
1216 640 1361 681 Adhuc
1390 641 1430 681 in
1460 656 1539 683 uno
1570 656 1686 688 anno,
1735 645 1847 698 quasi
1876 646 1915 687 in
1946 660 2049 689 anno
2061 648 2145 707 1110111
2157 649 2242 694 (111111

159 696 405 745 mercenarii,
433 702 475 737 et
499 696 706 737 auferetur
731 697 860 738 omnis
885 697 1012 751 gloria
1036 698 1175 740 Cedar.
1230 700 1263 723 ¹⁷
1290 699 1345 740 Et
1368 699 1546 754 reliquiae
1570 703 1725 743 numeri
1750 704 2048 757 sagittariorum
2077 690 2112 707 ω
2127 686 2226 708 ΗΘΜ

157 755 326 796 fortium
354 755 403 796 de
431 755 520 795 filiis
548 754 677 796 Cedar
702 755 1013 797 imminuentur:
1042 757 1241 798 Dominus
1270 758 1375 798 enim
1403 759 1512 799 Deus
1543 760 1663 800 Israel
1690 760 1847 802 locutus
1875 768 1945 804 est.

486 871 551 910 10.
582 870 646 911 De
676 871 980 923 castigatione
1010 871 1478 924 Hierosolymitarum‚
1505 876 1570 922 22,
1590 876 1733 916 1—25.

262 941 326 985 22.
382 944 395 966 1
425 942 537 983 Onus
568 942 682 983 vallis
712 942 888 984 visionis.
2074 951 2234 980 Inscriptio:

212 1012 416 1060 Quidnam
447 1025 607 1065 quoque
637 1012 712 1053 tibi
741 1018 813 1061 est,
847 1013 942 1067 quia
970 1014 1186 1055 ascendisti
1267 1020 1307 1055 et
1336 1019 1382 1056 tu
1412 1016 1540 1056 omnis
1570 1016 1609 1056 in
1641 1018 1771 1057 tecta?
2073 1020 2234 1079 xgffiffissn

175 1072 190 1094 ²
211 1070 395 1111 clamoris
424 1070 555 1124 plena,
587 1072 682 1112 urbs
711 1072 911 1125 frequens,
995 1072 1138 1113 civitas
1169 1073 1374 1114 exultans:
2064 1090 2245 1114 urbisamare

210 1129 413 1170 interfecti
442 1130 514 1174 tui,
546 1143 626 1171 non
656 1130 859 1172 interfecti
886 1131 1031 1185 gladio,
1115 1145 1187 1172 nec
1216 1133 1366 1173 mortui
1395 1132 1435 1173 in
1466 1133 1579 1174 bello.
2127 1125 2182 1154 Μ’

174 1190 190 1212 3
210 1188 355 1229 Cuncti
384 1188 584 1242 principes
614 1189 675 1230 tui
702 1190 894 1243 fugerunt
923 1190 1053 1237 simul,
1137 1191 1316 1244 dureque
1344 1191 1457 1244 ligati
1486 1198 1599 1232 sunt:

210 1260 360 1295 omneS‚
394 1247 462 1301 qui
491 1247 648 1289 inventi
677 1254 784 1297 sunt,
816 1249 942 1290 vincti
972 1254 1068 1290 sunt
1096 1249 1258 1302 pariter.
1342 1249 1480 1302 procul
1508 1250 1710 1300 fugerunt.

174 1307 189 1329 ·¹
209 1306 431 1359 Propterea
459 1306 561 1347 dixi:
594 1307 786 1348 Recedite
816 1321 840 1348 a
867 1321 942 1356 me,
1027 1321 1162 1348 amare
1192 1308 1313 1348 flebo:

209 1365 334 1406 nolite
362 1365 594 1406 incumbere
626 1371 670 1407 ut
700 1366 961 1407 consolemini
989 1379 1052 1406 nie
1134 1379 1254 1419 super
1281 1367 1478 1407 vastitate
1507 1366 1597 1408 filiae
1625 1368 1763 1421 populi
1791 1372 1880 1411 mei.

174 1425 189 1447 5
209 1423 305 1464 Dies
334 1424 441 1464 enim
471 1424 775 1471 interfectionis,
797 1430 838 1464 et
856 1424 1182 1468 conculcationis,
1205 1430 1245 1465 et
1264 1424 1433 1465 fletuum
1503 1425 1679 1467 Domino
1698 1427 1783 1468 Deo
1803 1429 2052 1469 exercituum

210 1482 249 1522 in
277 1482 381 1522 valle
409 1482 573 1523 visionis
601 1488 786 1523 scrutans
814 1496 988 1526 murum.
1071 1488 1111 1523 et
1137 1483 1374 1531 magnificus
1402 1497 1522 1537 super
1547 1490 1740 1527 montem.

174 1590 189 1611 ⁶
209 1588 265 1629 Et
273 1587 407 1628 AElam
420 1588 594 1641 sumpsit
607 1588 854 1641 pharetram,
866 1600 1027 1628 currum
1040 1587 1213 1628 hominis
1227 1588 1385 1641 equitis,
1429 1595 1469 1629 et
1481 1589 1677 1642 parietem
1690 1591 1861 1632 nudavit
1875 1592 2048 1645 clypeus.
2090 1594 2221 1619 ”dudam

174 1648 187 1670 ⁷
209 1647 264 1687 Et
290 1651 410 1687 erunt
436 1646 572 1687 electae
600 1646 723 1687 valles
751 1652 832 1687 tuae
857 1645 987 1699 plenae
1014 1646 1313 1700 quadrigarum.
1395 1652 1436 1688 et
1462 1647 1616 1701 equites
1643 1654 1796 1701 ponent
1823 1651 1933 1691 sedes
1960 1663 2051 1691 suas
2088 1629 2220 1689 Stiiiiiiiflm

418 1705 457 1745 in
488 1712 617 1759 porta.
2092 1701 2217 1765 ‘ffiffln

173 1766 189 1788 ⁸
209 1765 265 1806 Et
283 1764 531 1805 revelabitur
550 1764 847 1818 operimentum
871 1764 992 1806 Iudae.
1067 1770 1108 1804 et
1127 1764 1282 1805 videbis
1302 1764 1342 1804 in
1363 1765 1425 1805 die
1446 1765 1512 1805 illa
1531 1767 1889 1807 armamentarium
1910 1768 2052 1808 domus

418 1823 557 1864 saltus

173 1886 189 1906 ⁹
209 1883 265 1923 Et
289 1883 480 1924 scissuras
506 1882 685 1923 civitatis
710 1882 847 1922 David
872 1881 1074 1926 videbitis,
1104 1882 1198 1935 quia
1222 1882 1503 1935 multiplicata}
1527 1889 1640 1923 sunt:
1719 1889 1759 1924 et
1784 1885 2053 1938 congregastis

419 1954 546 1994 aquas
575 1940 739 1994 piscina}
768 1940 975 1989 inferioris,

158 2002 192 2025 ¹⁰
209 2004 250 2041 et
272 2000 413 2041 domos
438 1999 656 2040 Ierusalem
679 1999 934 2043 numerastis.
1012 2004 1052 2040 et
1074 1999 1331 2040 destruxistis
1354 2000 1494 2041 domos
1518 2000 1568 2040 ad
1590 2001 1857 2042 muniendum
1877 2015 2051 2045 murum.

158 2061 186 2083 ¹¹
208 2059 264 2099 Et
290 2059 423 2100 lacum
451 2058 602 2099 fecistis
630 2058 735 2099 inter
761 2059 862 2099 duos
889 2071 1025 2099 muros
1105 2058 1157 2098 ad
1184 2071 1333 2111 aquam
1361 2058 1524 2111 piseinae
1550 2059 1715 2099 veteris:

208 2123 249 2158 et
272 2131 355 2159 non
381 2117 618 2171 suspexistis
645 2118 697 2157 ad
723 2130 826 2160 eum.
856 2117 923 2170 qui
949 2117 1100 2157 fecerat
1126 2130 1226 2161 eam,
1307 2123 1347 2157 et
1373 2122 1625 2170 operatorem
1651 2117 1733 2158 eius
1760 2119 1808 2158 de
1832 2119 1948 2172 longe
1972 2132 2053 2160 non

417 2176 587 2217 vidistis.

157 2284 186 2306 ¹²
206 2282 263 2323 Et
289 2282 455 2324 vocabit
480 2281 680 2322 Dominus
707 2281 817 2321 Deus
845 2281 1095 2321 exercituum
1122 2280 1163 2320 in
1190 2280 1253 2320 die
1278 2279 1347 2320 illa
1425 2281 1474 2320 ad
1503 2281 1655 2325 fletum,
1685 2286 1725 2321 et
1751 2282 1803 2322 ad
1829 2282 2050 2335 planctum.
2088 2281 2222 2340 ingsffffin

416 2341 469 2381 ad
498 2340 722 2388 calvitium,
754 2345 795 2380 et
824 2339 876 2380 ad
905 2339 1110 2393 cingulum
1139 2339 1261 2379 sacci:
2086 2332 2203 2389 ‘mulin

155 2402 187 2425 ¹3
207 2405 249 2441 et
277 2413 366 2440 ecce
395 2399 591 2453 gaudium
620 2404 661 2440 et
689 2398 844 2447 laetitia,
928 2397 1106 2439 occidere
1136 2397 1298 2443 vitulos,
1330 2402 1369 2438 et
1398 2397 1577 2451 iugulare
1607 2398 1761 2443 arietes,
2084 2388 2223 2416 memma

207 2459 416 2500 comedere
446 2471 596 2503 carnes,
628 2463 670 2498 et
699 2457 835 2498 bibere
865 2457 1024 2497 vinum:
1111 2456 1411 2499 aComedamus.
1464 2462 1503 2497 et
1555 2456 1758 2497 bibamus:
1811 2469 1896 2497 cras
1946 2458 2052 2498 enim

416 2517 645 2558 moriemur.

156 2579 187 2601 ¹⁴
207 2577 263 2618 Et
281 2576 464 2617 revelata
483 2581 543 2617 est
562 2575 603 2616 in
624 2575 789 2616 auribus
809 2575 907 2616 meis
928 2588 1009 2616 vox
1028 2574 1193 2616 Domini
1214 2574 1477 2615 exercituum.
1551 2574 1591 2615 Si
1611 2574 1842 2614 dimittetur
1860 2573 2052 2628 iniquitas

416 2635 501 2676 haec
530 2634 645 2675 vobis
676 2635 804 2675 donec
832 2633 1073 2681 moriamini,
1157 2632 1255 2673 dicit
1283 2632 1482 2674 Dominus
1512 2632 1620 2672 Deus
1651 2632 1911 2674 exercituum.

154 2742 185 2765 ¹⁵
206 2740 305 2781 Haec
334 2740 433 2781 dicit
460 2740 661 2781 Dominus
690 2740 801 2780 Deus
831 2738 1100 2780 exercituum:
2082 2738 2224 2797 Ρὲξξζζῐῑ

205 2799 330 2848 Vade,
362 2799 568 2853 ingredere
599 2799 648 2839 ad
680 2812 784 2847 eum,
817 2797 886 2852 qui
914 2797 1078 2838 habitat
1105 2796 1146 2837 in
1175 2796 1449 2840 tabernaculo,
1523 2796 1575 2836 ad
1592 2796 1769 2836 Sobnam
1787 2795 2049 2848 praepositum
2060 2812 2245 2833 remonon-2111

414 2858 568 2912 templi,
601 2862 641 2898 et
670 2857 777 2898 dices
807 2857 860 2898 ad
888 2869 999 2897 eum:
2066 2844 2238 2903 ettssslffffi‘

154 2918 189 2940 ¹⁶
207 2916 314 2966 Quid
340 2922 387 2957 tu
414 2916 489 2965 hic,
519 2922 593 2957 aut
620 2917 735 2970 quasi
763 2915 852 2970 quis
878 2915 967 2956 hic?
1049 2914 1145 2968 quia
1170 2913 1355 2955 excidisti
1382 2913 1456 2954 tibi
1482 2912 1546 2953 hic
1572 2911 1840 2965 sepulchrum.
2088 2914 2214 2941 nuntiat·

206 2975 393 3017 excidisti
420 2975 462 3016 in
491 2975 647 3017 excelso
676 2973 909 3016 memoriale
939 2974 1161 3027 diligenter,
1246 2972 1285 3012 in
1314 2977 1430 3025 petra
1458 2970 1765 3011 tabernaculum
1795 2970 1881 3012 tibi.

153 3035 187 3058 ¹⁷
204 3034 309 3075 Ecce
332 3034 533 3076 Dominus
557 3034 758 3088 asportari
781 3038 822 3074 te
844 3033 978 3081 faciet,
1005 3032 1110 3073 sicut
1133 3036 1367 3085 asportatur
1388 3029 1515 3083 gallus
1538 3029 1793 3082 gallinaceus,
1872 3034 1911 3070 et
1936 3029 2050 3083 quasi

415 3093 611 3134 amictum
641 3093 697 3134 sic
725 3091 959 3133 sublevabit
987 3096 1039 3132 te.

153 3152 187 3176 ¹⁸
205 3151 411 3193 Coronans
444 3151 656 3193 coronabit
688 3156 729 3192 te
761 3150 1037 3197 tribulatione.
1126 3148 1240 3202 quasi
1272 3147 1395 3201 pilam
1426 3147 1565 3187 mittet
1597 3151 1638 3186 te
1670 3146 1710 3187 in
1743 3152 1891 3187 terram
1922 3146 2050 3187 latam

414 3215 456 3251 et
484 3210 726 3264 spatiosam:

203 3268 260 3310 ibi
286 3269 478 3319 morieris,
509 3274 550 3310 et
576 3269 632 3310 ibi
659 3269 736 3310 erit
763 3281 902 3310 currus
928 3267 1064 3322 gloriae
1091 3272 1183 3310 tuae,
1264 3263 1485 3317 ignominia
1511 3263 1655 3304 domus
1682 3263 1847 3304 Domini
1874 3263 1944 3303 tui.

153 3329 187 3352 ¹⁹
203 3327 260 3368 Et
286 3327 486 3382 expellam
513 3333 553 3369 te
579 3328 629 3369 de
654 3327 832 3369 statione
858 3332 943 3375 tua,
1024 3330 1064 3367 et
1090 3325 1139 3366 de
1164 3322 1385 3364 ministerio
1411 3327 1483 3363 tuo
1510 3322 1712 3375 deponam
1738 3327 1789 3362 te.

289 3436 341 3478 22,
371 3437 413 3470 13
437 3437 524 3482 aSap
548 3438 580 3477 2,
605 3438 640 3476 ὃς
667 3438 682 3470 1
711 3437 775 3471 Cor
799 3437 851 3476 15,
875 3436 928 3470 32.
