2356 3760
374 156 450 196 835
1194 148 1465 182 PROPHETIA
2038 151 2069 191 3,
2096 151 2213 191 11—3,
2240 153 2259 185 4

375 248 595 291 affretum,
625 252 671 287 ut
697 246 825 287 omnis
852 246 984 286 homo.
1015 243 1080 296 qui
1108 242 1280 282 audierit
1307 241 1487 281 sonitum
1513 242 1635 285 tubae,
1663 240 1820 291 fistulae,
1849 246 1889 283 et
1914 242 2091 293 citharae,
2119 245 2279 286 sambu-
2339 239 2343 244 ’

375 319 441 350 cae,
475 311 514 347 ot
546 305 736 359 psalterii.
770 311 809 344 ot
841 301 1104 356 symphoniam
1138 306 1179 340 ct
1210 299 1386 340 universi
1415 300 1570 352 generis
1600 299 1860 349 musicorum,
1893 307 2126 354 prosternat
2156 309 2283 352 se‚.et

374 365 515 405 adoret
544 370 723 406 statuam
754 374 936 402 auream:
997 362 1021 383 '¹
1052 359 1082 398 si
1113 358 1200 411 quis
1230 363 1368 398 autem
1396 371 1477 399 non
1506 358 1717 412 procidens
1746 358 1990 408 adoraverit,
2020 361 2214 403 mittatur
2241 362 2281 403 in

374 423 577 464 fornacem
612 422 709 471 ignis
742 419 931 460 ardentis.
996 420 1023 441 ¹²
1054 418 1160 457 Sunt
1191 429 1282 469 ergo
1316 417 1389 457 viri
1425 417 1561 463 ludaei,
1596 430 1696 471 quos
1728 417 1978 459 constituisti
2009 432 2130 473 super
2160 434 2283 475 opera

373 482 542 531 regionis
578 479 808 532 Babylonis.
844 476 1023 518 sidrach,
1059 474 1224 520 Misach,
1259 480 1300 516 et
1332 475 1575 528 Abdenagot
1610 476 1684 517 viri
1717 476 1783 517 isti
1816 481 2162 531 contempserunt,
2196 492 2278 527 reX,

373 541 577 581 decretum
614 546 747 578 tumn:
783 537 876 576 deos
910 542 1001 575 tuos
1034 547 1114 574 non
1147 533 1298 582 colunt,
1333 539 1374 574 et
1406 539 1588 575 statuam
1621 547 1799 581 auream,
1835 548 1958 588 quam
1991 537 2165 586 erexisti,
2199 551 2281 579 non

373 600 556 639 adorant.

179 659 353 719 ἷὶζῇἷίᾔξζῇζξξρ
479 665 506 685 ¹³
529 662 640 700 'l'unc
666 658 1039 699 Nabuchodonosor
1060 656 1099 696 in
1122 657 1267 701 furore,
1292 662 1332 698 ct
1353 657 1393 697 in
1416 656 1474 697 ira
1494 658 1687 711 praecepit
1707 663 1754 699 ut
1775 658 2076 700 adducerentur
2096 660 2277 709 Sidrach,

177 708 329 754 *uuum-t&
375 722 405 760 il
417 720 535 762 isacii.
554 726 593 759 et
610 718 851 767 Abdenago:
871 716 937 768 qui
955 715 1168 756 confestim
1186 716 1354 756 adducti
1371 715 1522 756 suntin
1539 721 1759 769 conspectu
1776 717 1890 769 regis,
1936 719 1966 741 ¹4
1982 717 2280 760 Pronuncians-

179 768 348 790 s“'·''¹⁵“'¹¹¹‘''·
372 792 447 832 quo
474 777 848 818 Nabuehodonosor
872 788 953 818 rex,
980 774 1038 814 ait
1061 775 1134 815 eis:
1162 775 1314 815 Verene
1338 775 1519 823 Sidrach,
1546 775 1711 822 Misach,
1738 780 1779 816 et
1802 776 2026 830 Abdenago
2050 777 2146 819 deos
2169 791 2279 820 meos

369 851 446 877 non
479 836 620 879 colitis,
653 841 693 875 ot
723 839 902 874 statuam
935 846 1112 879 auream,
1147 847 1269 886 quam
1301 834 1507 879 constitui,
1539 847 1620 875 non
1651 834 1856 875 adoratis?
1915 837 1946 859 ¹5
1977 836 2095 877 Nunc
2125 849 2217 890 ergo
2248 836 2279 877 si

368 896 462 936 estis
490 895 633 948 parati,
665 906 921 946 quacumque
948 892 1048 933 hora
1073 893 1282 933 audieritis
1309 892 1488 933 sonitum
1516 893 1638 939 tubae,
1668 892 1824 942 fistulae,
1854 893 2032 940 citharae,
2060 895 2277 945 sambucae,

368 961 406 995 et
428 954 618 1007 psalterii,
641 958 679 992 ot
701 950 965 1005 syriussihoniae,
989 951 1201 1005 omnisque
1220 952 1375 1003 generis
1395 951 1656 999 musicorum,
1678 952 1923 1005 prosternite
1944 966 2028 1002 vos,
2051 958 2092 994 et
2111 954 2279 995 adorate

367 1019 561 1054 statuam.
591 1024 710 1064 quani
739 1011 832 1050 foci:
861 1010 970 1063 quod
995 1010 1027 1050 si
1052 1023 1132 1051 non
1159 1010 1439 1059 adoraveritis,
1467 1011 1609 1051 eadem
1635 1010 1735 1051 hora
1759 1011 1980 1052 mittemini
2005 1011 2047 1052 in
2071 1012 2278 1054 fornacem

368 1072 466 1121 ignis
495 1070 692 1111 ardentis:
720 1075 761 1109 et
789 1068 876 1122 quis
904 1074 965 1109 est
990 1069 1113 1114 Deus,
1144 1069 1212 1122 qui
1239 1069 1383 1122 eripiet
1408 1083 1480 1110 vos
1508 1070 1557 1110 de
1583 1082 1708 1110 manu
1735 1069 1850 1110 mea?
1906 1072 1940 1094 ¹⁶
1968 1071 2278 1125 Respondentes

367 1130 545 1172 sidrach.
572 1128 736 1172 Misach,
763 1133 803 1168 et
825 1128 1061 1179 Abdenago,
1088 1128 1281 1169 dixerunt
1303 1128 1385 1182 regi
1410 1128 1806 1170 Nabuchodonosor:
1832 1129 1923 1170 Non
1948 1135 2112 1183 oportet
2134 1143 2206 1172 nos
2230 1131 2279 1171 de

367 1190 441 1229 hac
470 1202 508 1228 re
537 1188 777 1241 respondere
807 1186 893 1228 tibi.
952 1188 984 1211 1⁷
1013 1187 1117 1228 Ecce
1146 1187 1253 1227 enim
1282 1188 1392 1228 Deus
1420 1192 1569 1236 noster,
1602 1200 1722 1241 quem
1751 1187 1930 1235 colimus,
1962 1194 2100 1242 potest
2128 1189 2279 1243 eripere

366 1261 437 1288 nos
456 1248 504 1288 de
523 1246 680 1287 camino
699 1246 800 1299 ignis
819 1245 1011 1293 ardentis,
1032 1252 1073 1287 et
1090 1247 1139 1287 de
1157 1246 1346 1287 manibus
1365 1246 1457 1293 tuis,
1479 1260 1500 1287 o
1518 1259 1600 1295 rex,
1619 1245 1801 1288 liberare.
1849 1248 1883 1271 1⁸
1901 1247 2021 1295 Quod
2038 1247 2070 1288 si
2087 1247 2276 1297 noluerit,

365 1312 507 1347 notum
531 1306 583 1346 sit
605 1305 690 1350 tibi,
716 1318 797 1348 rex,
823 1305 919 1358 quia
940 1305 1035 1346 deos
1058 1310 1149 1346 tuos
1172 1319 1253 1346 non
1276 1305 1456 1350 colimus,
1481 1310 1523 1346 et
1543 1310 1727 1346 statuam
1750 1318 1927 1354 auream,
1953 1318 2077 1358 quam
2100 1307 2274 1354 erexisti,

366 1379 443 1406 non
476 1366 704 1405 adoramus

168 1430 351 1489 iniijfsl¹l¹3ss¹gm
472 1431 506 1453 ¹¹⁴
525 1429 637 1469 Tunc
658 1428 1037 1469 Nabuchodonosor
1055 1428 1232 1481 repletus
1253 1433 1313 1469 est
1332 1428 1485 1470 furore:
1506 1433 1547 1469 et
1567 1433 1755 1482 aspectus
1774 1427 1891 1469 faciei
1909 1428 2014 1469 illius
2034 1428 2278 1470 immutatus

176 1482 343 1526 nanninus:
367 1494 426 1529 est
447 1501 566 1541 super
585 1487 766 1533 Sidrach,
790 1486 956 1535 Misach,
979 1492 1021 1528 et
1040 1487 1277 1539 Abdenago,
1300 1493 1341 1528 et
1362 1488 1555 1541 praecepit
1575 1492 1622 1528 ut
1642 1487 1955 1528 succenderetur
1974 1487 2121 1528 fornax
2141 1492 2278 1541 septu-

365 1546 475 1600 plum
509 1560 631 1600 quam
663 1546 852 1587 succendi
884 1551 1164 1588 consueverat.
1224 1548 1261 1570 2⁰
1290 1547 1346 1588 Et
1377 1547 1472 1587 viris
1503 1546 1734 1587 fortissimis
1766 1546 1815 1587 de
1846 1546 2026 1587 exercitu
2058 1559 2129 1588 suo
2161 1547 2279 1588 iussit

366 1612 409 1646 ut
437 1605 570 1659 ligatis
600 1605 770 1659 pedibus
800 1605 981 1651 Sidrach,
1012 1605 1179 1654 Misach,
1210 1611 1251 1646 et
1279 1605 1503 1659 Abdenago
1533 1606 1747 1646 mitterent
1775 1618 1841 1646 eos
1869 1605 1911 1645 in
1939 1605 2146 1646 fornacem
2175 1605 2277 1659 ignis

363 1665 553 1705 ardentis.
605 1666 635 1688 2¹
658 1665 713 1705 Et
735 1664 949 1705 confestim
971 1664 1047 1704 viri
1068 1663 1123 1705 illi
1144 1664 1271 1705 vincti
1294 1677 1386 1705 cum
1409 1664 1563 1706 braccis
1584 1664 1677 1711 suis,
1702 1669 1743 1705 et
1764 1663 1889 1712 tiaris,
1913 1669 1955 1705 et
1976 1664 2274 1713 calceamentis,

363 1729 403 1764 et
420 1724 602 1765 vestibus
619 1723 730 1764 missi
747 1728 843 1764 sunt
859 1723 899 1763 in
917 1723 1097 1764 medium
1113 1723 1289 1765 fornacis
1306 1723 1407 1777 ignis
1426 1723 1617 1764 ardentis.
1664 1725 1695 1747 22
1712 1736 1808 1763 nam
1824 1722 1947 1764 iussio
1964 1722 2066 1776 regis
2084 1723 2275 1776 urgebat:

362 1783 506 1824 fornax
530 1788 669 1824 autem
694 1795 887 1823 succensa
911 1787 998 1823 erat
1021 1782 1152 1823 nimis.
1179 1782 1304 1823 Porro
1329 1782 1435 1823 viros
1460 1782 1559 1831 illos,
1587 1782 1656 1835 qui
1680 1782 1876 1823 miserant
1899 1781 2081 1830 Sidrach,
2107 1781 2274 1831 Misach,

362 1846 402 1882 et
421 1842 657 1895 Abdenago,
680 1841 885 1882 interfecit
904 1841 1071 1882 flamma
1090 1841 1203 1895 ignis.
1253 1843 1286 1866 23
1305 1841 1389 1881 Viri
1410 1846 1549 1882 autem
1569 1841 1610 1881 hi
1630 1845 1724 1889 tres,
1746 1840 1787 1881 id
1807 1845 1880 1889 est,
1902 1839 2084 1889 Sidrach,
2106 1840 2273 1889 Misach,

363 1906 403 1941 et
432 1901 668 1954 Abdenago,
701 1900 935 1941 ceciderunt
963 1900 1003 1941 in
1033 1900 1166 1941 medio
1198 1900 1356 1941 camino
1387 1899 1488 1953 ignis
1518 1899 1711 1948 ardentis,
1743 1898 1932 1952 colligati.

588 1994 683 2045 Quae
714 1998 929 2046 sequuntur
957 1993 1002 2034 m
1030 1994 1071 2033 H
1074 1993 1209 2034 ebrocis
1237 1992 1507 2034 voluminibus
1536 2006 1617 2034 non
1644 1991 1781 2044 reperi.

188 2065 327 2125 igaffisl‘ff?
468 2067 499 2089 2⁴
521 2064 577 2105 Et
599 2063 869 2105 ambulabant
892 2064 931 2103 in
954 2064 1086 2105 medio
1109 2063 1285 2104 flammae
1305 2063 1522 2104 laudantes
1543 2064 1690 2111 Deum,
1715 2067 1756 2103 et
1778 2061 2061 2103 benedicentes
2083 2062 2274 2104 Domino.

204 2148 315 2171 Ama„
468 2126 499 2148 25
528 2124 650 2165 Stans
681 2128 819 2163 autem
848 2122 1014 2163 Azarias
1045 2122 1178 2163 oravit
1207 2122 1274 2169 sic,
1306 2122 1571 2175 aperiensque
1600 2135 1643 2163 os
1672 2135 1791 2163 suum
1820 2121 1861 2162 in
1889 2121 2023 2163 medio
2052 2121 2166 2175 ignis,
2198 2121 2274 2162 ait:

179 2183 329 2243 .·,i‡{}i{ssf{i{'s
363 2184 398 2207 ²⁶
420 2182 665 2223 Benedictus
687 2195 727 2222 es
747 2181 922 2223 Domine
942 2182 1053 2221 Deus
1074 2186 1239 2234 patrum
1260 2186 1505 2227 nostrorum,
1528 2185 1569 2221 et
1588 2180 1805 2229 laudabile,
1828 2185 1870 2222 et
1888 2180 2107 2235 gloriosum
2127 2193 2276 2221 nomen

333 2239 337 2244 ’
365 2248 483 2282 tuum
506 2241 545 2281 in
568 2240 732 2282 saecula:
782 2242 816 2264 27
841 2240 936 2294 quia
958 2240 1087 2281 iustus
1111 2253 1150 2280 es
1172 2240 1213 2280 in
1236 2239 1436 2288 omnibus,
1463 2252 1552 2293 quae
1572 2239 1704 2280 fecisti
1726 2239 1855 2285 nobis,
1880 2244 1921 2280 et
1942 2239 2133 2280 universa
2154 2251 2277 2293 opera

363 2306 436 2341 tua
458 2313 564 2347 vera,
590 2305 629 2340 et
652 2299 730 2340 vice
754 2305 834 2340 tuae
856 2304 986 2346 rectae,
1012 2304 1053 2339 et
1075 2299 1212 2339 omnia
1233 2298 1383 2339 iudicia
1404 2303 1478 2339 tua
1500 2311 1607 2339 vera.
1659 2299 1694 2322 ²⁸
1718 2298 1875 2339 Iudicia
1896 2298 2003 2338 enim
2026 2311 2124 2338 vera
2144 2298 2276 2338 fecisti

364 2360 480 2400 iuxta
497 2358 644 2407 onmia,
667 2372 756 2412 quae
773 2358 969 2399 induxisti
988 2370 1108 2411 super
1124 2371 1209 2403 nos,
1230 2362 1270 2398 et
1287 2370 1407 2411 super
1424 2357 1637 2398 civitatem
1653 2362 1840 2397 sanctam
1858 2361 2025 2410 patrum
2042 2362 2276 2398 nostrorum

369 2418 602 2459 ierusalem:
623 2417 719 2471 quia
735 2417 775 2458 in
793 2417 979 2463 veritate,
999 2417 1097 2457 etin
1114 2416 1262 2458 iudicio
1279 2416 1478 2457 induxisti
1496 2415 1634 2457 onmia
1650 2416 1734 2457 haec
1751 2420 1918 2469 propter
1934 2420 2105 2469 peccata
2121 2420 2272 2456 nostra.

363 2479 398 2500 ²⁹
423 2477 687 2518 Peccavimus
714 2476 832 2524 enim,
861 2481 902 2516 et.
927 2475 1063 2529 inique
1089 2475 1242 2530 egimus
1268 2475 1501 2516 recedentes
1528 2488 1552 2516 a
1577 2480 1635 2515 te:
1663 2480 1704 2515 et
1729 2473 1973 2528 deliquimus
1999 2474 2039 2514 in
2066 2474 2273 2515 omnibus:

364 2537 400 2559 ²³⁰
420 2542 460 2576 et
482 2540 686 2589 praecepta
708 2540 781 2576 tua
801 2548 883 2576 non
906 2534 1150 2583 audivimus,
1175 2548 1247 2575 nec
1270 2534 1590 2582 observavimus,
1615 2547 1688 2574 nec
1708 2533 1878 2575 fecimus
1900 2533 2006 2574 sicut
2026 2546 2274 2587 praeceperas

366 2594 479 2635 nobis
509 2600 554 2635 ut
583 2595 683 2635 bene
712 2594 828 2635 nobis
858 2598 973 2635 esset.
1030 2595 1062 2618 3¹
1092 2593 1229 2635 omnia
1257 2606 1361 2646 ergo,
1394 2606 1484 2647 quae
1511 2592 1710 2634 induxisti
1738 2605 1859 2646 super
1886 2605 1971 2641 nos,
2002 2596 2044 2633 et
2071 2592 2271 2639 universa,

366 2666 454 2705 quae
473 2653 603 2694 fecisti
624 2653 751 2699 nobis,
773 2653 814 2693 in
835 2666 929 2693 vero
950 2652 1098 2694 iudicio
1118 2652 1267 2693 fecisti:
1315 2654 1347 2676 32
1367 2657 1409 2692 et
1429 2651 1634 2693 tradidisti
1654 2665 1726 2693 nos
1746 2651 1788 2692 in
1808 2650 1997 2692 manibus
2016 2650 2274 2692 inimicorum

367 2717 594 2753 nostrorum
613 2712 857 2765 iniquorum,
878 2717 919 2752 et
936 2711 1215 2765 pessimorum,
1236 2711 1679 2765 praevaricatorumque
1698 2715 1740 2752 et
1756 2710 1838 2764 regi
1854 2710 2019 2759 iniusto,
2040 2714 2082 2750 et
2098 2709 2273 2763 pessimo

367 2770 471 2810 ultra
492 2784 651 2811 omnem
674 2776 834 2812 terram.
883 2773 915 2795 33
935 2770 990 2811 Et
1009 2783 1117 2810 nunc
1136 2783 1217 2811 non
1237 2783 1452 2823 possumus
1473 2770 1626 2823 aperire
1646 2783 1708 2811 os:
1730 2769 1925 2818 confusio,
1947 2773 1988 2809 et
2008 2768 2273 2822 opprobrium

368 2829 462 2869 facti
487 2844 623 2870 sumus
648 2830 771 2870 servis
797 2830 888 2875 tuis,
915 2834 955 2870 et
979 2829 1050 2876 his,
1078 2829 1145 2882 qui
1170 2828 1310 2870 colunt
1332 2834 1384 2870 te.
1436 2831 1468 2853 ³⁴
1494 2829 1564 2878 Ne,
1592 2842 1835 2882 quaesumus,
1862 2828 2001 2868 tradas
2024 2840 2097 2868 nos
2120 2826 2162 2868 in
2185 2839 2272 2880 per-

370 2893 535 2937 petuum
562 2894 724 2941 propter
748 2902 893 2929 nomen
918 2894 1048 2933 tuum,
1074 2894 1114 2928 et
1137 2901 1186 2928 ne
1209 2887 1377 2941 dissipes
1402 2893 1698 2929 testamentum
1722 2893 1852 2928 tuum.
1903 2888 1936 2911 ³⁵
1959 2899 2090 2940 neque
2114 2886 2272 2926 auferas

371 2945 679 2987 misericordiam
698 2952 811 2988 tuam
829 2961 852 2988 a
869 2947 984 2988 nobis
1001 2952 1167 3000 propter
1183 2947 1392 2987 Abraham
1410 2946 1603 2988 dilectum
1620 2951 1751 2995 tuum,
1770 2950 1811 2987 et
1830 2946 1944 2986 Isaac
1960 2957 2122 2986 servum
2140 2949 2270 2993 tuum,

370 3008 407 3041 vt
441 3004 554 3043 isi-2112}
581 3012 766 3046 sanctum
794 3012 930 3046 tuum:
983 3007 1018 3030 ³⁶
1045 3006 1190 3059 quibus
1216 3005 1376 3047 locutus
1402 3019 1442 3046 es
1468 3005 1658 3059 pollicens
1685 3005 1795 3059 quod
1819 3004 2111 3058 multiplicares
2136 3016 2273 3045 semen

370 3073 503 3100 vorum
529 3063 631 3103 sicut
652 3064 786 3104 stollas
809 3065 904 3109 caeli,
929 3070 970 3105 et
991 3064 1096 3105 sicut
1118 3077 1294 3113 arenam,
1320 3078 1410 3118 quae
1431 3070 1492 3106 est
1512 3064 1553 3105 in
1575 3064 1711 3106 littore
1733 3063 1874 3104 maris:
1923 3064 1957 3088 ³⁷
1982 3062 2078 3116 quia
2097 3062 2272 3103 Domine

372 3118 570 3159 imminuti
592 3136 727 3163 sumus
750 3124 835 3175 plus
857 3137 979 3177 quam
1000 3137 1137 3164 omnes
1156 3128 1308 3176 gentes.
1329 3137 1550 3177 sumusque
1569 3123 1740 3164 humiles
1759 3122 1800 3163 in
1819 3122 2010 3163 universa
2028 3126 2136 3162 terra
2153 3120 2272 3162 hodie

374 3185 535 3229 proptor
557 3188 717 3230 peccata
739 3188 886 3223 nostra.
935 3186 970 3206 ³⁸
990 3183 1044 3223 Et
1063 3195 1143 3223 non
1164 3187 1225 3222 est
1244 3182 1283 3222 in
1304 3188 1486 3235 tempore
1507 3183 1580 3224 hoc
1600 3182 1798 3236 princeps,
1820 3186 1861 3222 et
1880 3181 1975 3229 dux,
1997 3186 2039 3222 et
2057 3179 2269 3234 propheta,

373 3249 499 3287 noque
542 3237 829 3284 holovznistum,
873 3255 1001 3294 neque
1040 3240 1292 3286 sacrificium,
1335 3254 1464 3294 neque
1504 3241 1669 3287 oblatio,
1710 3253 1841 3294 neque
1879 3239 2101 3287 incensum,
2142 3251 2273 3292 neque

372 3293 478 3333 locus
515 3295 776 3346 primitiarum
813 3313 946 3340 coram
981 3306 1031 3345 tc,
1092 3301 1128 3324 ³⁹
1160 3305 1207 3340 ut
1239 3300 1438 3353 possimus
1472 3299 1651 3341 invenire
1684 3298 2000 3340 misericordiam
2034 3302 2168 3338 tuam:
2202 3297 2270 3338 sed

371 3352 408 3391 in
428 3353 561 3392 animo
580 3355 764 3396 mnu-iio.
785 3366 817 3395 vt
840 3358 982 3409 spiritu
1002 3358 1244 3399 humilitatis
1261 3358 1540 3411 suscipiamur.
1586 3361 1623 3383 ⁴⁰
1638 3359 1752 3399 Sicut
1767 3358 1808 3398 in
1825 3357 2063 3398 holocausto
2081 3356 2270 3404 arietum,

370 3418 410 3451 ct
439 3417 658 3455 taurorum,
689 3422 722 3452 vt
755 3414 851 3454 sicut
886 3416 923 3456 in
952 3417 1126 3458 millibus
1154 3430 1350 3469 agnorum
1378 3417 1608 3470 pinguium:
1637 3417 1692 3457 sic
1719 3417 1792 3457 fiat
1818 3415 2059 3457 sacrificium
2085 3419 2272 3456 nostrum

370 3469 406 3509 in
436 3478 652 3523 conspectu
685 3477 752 3511 tuo
783 3473 908 3515 hodie.
941 3481 980 3515 ut
1013 3476 1168 3527 placeat
1198 3475 1289 3517 tibi:
1346 3476 1538 3529 quoniam
1567 3489 1647 3517 non
1675 3481 1735 3517 est
1762 3474 1943 3516 confusio
1972 3473 2271 3516 confidentibus
