2356 3760
130 156 182 195 1⁴2,
207 156 326 191 4—13,
351 156 371 188 3
822 158 966 192 ACTl's
992 159 1334 193 Al'os'smAfflFM
1915 168 2014 208 1079

230 249 246 271 4
262 248 390 296 Quem
407 263 498 289 cum
516 249 860 302 apprehendisset,
877 250 988 291 misit
1002 251 1044 291 in
1059 264 1272 300 carcerem,
1292 254 1453 294 tradens
1472 261 1667 306 quattuor
1684 258 2014 307 quaternionibus
2030 259 2064 297 f't
2084 258 2200 306 emm„

125 305 301 347 militum
331 307 656 350 custodiendum.
686 307 823 349 volens
853 314 946 361 post
975 309 1131 350 Pascha
1160 311 1379 364 producere
1408 325 1499 352 eum
1528 312 1691 366 populo,
1747 316 1761 337 ⁵
1792 315 1845 355 Et
1873 316 2015 356 Petrus
2029 300 2210 354 Ηίἷῗῆῗῗῖῗ”’

127 364 290 418 quidem
317 366 559 406 servabatur
584 365 625 406 in
652 379 819 406 carcere.
848 366 989 408 Oratio
1016 373 1153 409 autem
1182 369 1305 410 fiebat
1332 369 1414 410 sinc
1441 369 1737 411 intermissione
1765 373 1814 412 ab
1842 373 2015 414 Ecclesia

127 423 180 463 ad
207 423 340 464 Deum
369 437 442 477 pro
470 437 528 465 eo.

233 483 248 505 ⁶
263 482 364 523 Cum
381 488 519 523 autem
534 483 805 535 producturus
823 497 914 524 eum
931 490 1035 524 esset.
1052 485 1245 534 Herodes,
1264 486 1302 526 111
1320 487 1405 539 ipsa
1423 492 1539 528 nocte
1555 495 1642 528 erat
1657 488 1801 529 Petrus
1818 489 2017 530 dormiens
2075 498 2172 522 eene-

72 536 76 540 ”
124 540 231 581 111101·
258 540 358 581 duos
386 540 546 589 milites,
575 540 736 581 vinctus
765 542 917 582 catenis
946 543 1122 583 duabus:
1153 549 1193 584 et
1220 545 1406 585 custodes
1435 550 1529 585 ante
1558 546 1707 587 ostium
1736 547 2021 588 custodiebant
2047 533 2198 592 ‘Jitssfffissffss'

126 611 337 639 carcerem.
387 600 400 622 ⁷
420 599 475 639 Et
492 612 581 639 ecce
598 598 774 652 Angelus
792 600 958 641 Domini
976 601 1127 641 astitit:
1148 607 1188 642 et
1205 601 1341 643 lumen
1358 603 1517 644 refulsit
1532 603 1573 643 in
1590 603 1843 646 habitaculo:
1862 618 2022 658 percus-

124 669 250 709 soque
278 655 403 697 latere
432 657 555 700 Petri.
587 657 783 698 excitant
813 672 918 707 eum,
950 659 1103 700 dicens:
1134 660 1260 714 Surge
1290 661 1491 702 velociter.
1523 662 1578 702 Et
1608 662 1840 704 ceciderunt
1869 669 2022 704 catena·

123 714 174 754 de
196 715 385 756 manibus
409 715 504 756 eius.
559 716 573 739 ⁸
596 715 712 756 Dixit
736 722 874 757 autem
897 717 1073 771 Angelus
1098 719 1149 759 ad
1173 732 1283 759 eum:
1308 719 1567 773 Praecingere,
1592 726 1633 761 01
1655 721 1789 762 calcea
1812 727 1851 762 te
1874 721 2020 775 caligas

125 778 229 814 tuas.
258 773 312 814 Et
338 774 435 815 fecit
459 773 526 814 sic.
555 773 611 814 Et
637 773 741 815 dixit
766 774 839 815 illi:
868 775 1081 817 Circumda
1109 776 1183 818 tibi
1210 777 1501 819 vestimentum
1529 784 1658 822 tuum.
1686 785 1728 820 et
1752 793 1916 833 sequere
1942 794 2018 821 me.

125 833 141 855 ⁹
162 831 218 872 Et
237 832 372 873 exiens
393 833 641 885 sequebatur
661 847 765 875 eum.
788 840 829 875 et
848 834 1054 875 nesciebat
1075 835 1171 889 quia
1191 849 1331 877 verum
1352 841 1426 885 est,
1449 837 1558 890 quod
1579 837 1702 877 fiebat
1723 851 1794 891 per
1813 838 2018 891 angelum:

123 890 388 932 existimabat
413 896 551 932 autem
578 905 619 932 se
646 892 777 933 visum
806 892 952 934 videre.
1009 896 1044 918 1⁰
1070 894 1341 935 Transeuntes
1368 900 1507 936 autem
1533 895 1706 948 primam
1734 901 1776 936 et
1801 897 2016 937 secundam

123 949 364 998 custodiam,
388 954 587 990 venerunt
609 951 660 990 ad
681 956 844 1003 portam
864 951 1048 997 ferream,
1072 966 1161 1006 quae
1182 953 1296 994 ducit
1316 954 1368 994 ad
1389 953 1617 995 civitatem:
1642 967 1730 1007 quae
1751 954 1858 996 ultro
1879 960 2018 1008 aperta

122 1012 184 1047 est
205 1007 271 1048 eis.
294 1007 351 1048 Et
371 1013 563 1048 exeuntes
586 1016 865 1062 processerunt
887 1010 1021 1051 w‘cum
1044 1024 1188 1052 unum:
1211 1016 1253 1052 et
1272 1011 1467 1054 continuo
1488 1012 1669 1053 discessit
1689 1012 1866 1066 Angelus
1888 1013 1938 1053 ab
1960 1026 2018 1054 eo.

227 1068 257 1090 11
278 1066 334 1107 Ε1
352 1066 496 1107 Petrus
517 1068 569 1108 ad
588 1081 629 1108 se
648 1080 843 1113 reversus.
865 1069 987 1110 dixit:
1012 1069 1127 1111 Nunc
1147 1069 1228 1111 scio
1248 1083 1340 1111 vere
1361 1070 1456 1124 quia
1473 1070 1584 1112 misit
1602 1071 1801 1112 Dominus
1820 1071 2019 1125 Angelum
2046 1074 2199 1133 «ξὸᾗξῗὲζῗ

121 1136 253 1173 suum,
281 1130 323 1165 et
346 1124 492 1178 eripuit
517 1139 581 1166 me
606 1127 655 1167 de
679 1140 804 1167 manu
830 1127 1015 1170 Herodis,
1043 1133 1083 1168 et
1107 1129 1155 1169 de
1182 1129 1291 1169 omni
1316 1129 1598 1182 expectatione
1622 1129 1748 1183 plebis
1776 1130 2016 1171 Iudaeorum.
2054 1127 2082 1168 {n
2103 1121 2191 1183 anun}

121 1184 153 1207 ¹2
183 1183 530 1237 Consideransque
559 1184 672 1225 venit
702 1186 753 1225 ad
783 1186 949 1227 domum
980 1187 1116 1227 Maria}
1144 1187 1286 1228 matris
1319 1188 1492 1230 Ioannis.
1525 1188 1593 1241 qui
1623 1188 1930 1241 cognominatus
1960 1179 2213 1228 est¹⁰‘'¹¹¹¹¹³¹‘'¹'·

121 1241 294 1290 Marcus,
316 1242 384 1282 ubi
403 1249 518 1283 erant
537 1243 656 1284 multi
675 1244 919 1297 congregati,
941 1253 981 1285 et
1001 1251 1174 1286 orantes.
1223 1248 1254 1270 13
1272 1245 1465 1286 Pulsante
1485 1252 1621 1287 autem
1642 1260 1686 1287 eo
1707 1246 1856 1287 ostium
1875 1246 2017 1288 ianuae.

121 1300 316 1354 processit
345 1301 476 1354 puella
508 1302 559 1342 ad
588 1302 849 1346 audiendum.
881 1303 1042 1344 nomine
1075 1303 1228 1344 Rhode.
1289 1306 1317 1327 11
1346 1304 1401 1344 Ε1
1431 1311 1476 1344 111
1505 1304 1696 1358 cognovit
1726 1318 1865 1345 vocem
1894 1304 2018 1346 Petri.

122 1372 205 1412 prae
234 1359 382 1412 gaudio
412 1373 494 1401 11011
525 1360 683 1413 aperuit
713 1360 891 1402 ianuam.
923 1362 992 1402 sed
1021 1361 1129 1402 intro
1159 1375 1319 1402 currens
1350 1362 1563 1403 nunciavit
1591 1368 1697 1404 stare
1727 1363 1895 1403 Petrum
1925 1368 2019 1403 ante

121 1417 299 1459 ianuam.
352 1420 383 1442 ¹5
408 1418 463 1459 At.
487 1418 542 1458 illi
567 1419 759 1460 dixerunt
783 1420 835 1460 ad
860 1433 967 1459 eam:
996 1419 1165 1460 lnsanis.
1194 1419 1266 1460 Illa
1293 1426 1430 1460 autem
1456 1420 1691 1461 affirmabat
1714 1421 1769 1462 sic
1794 1435 1834 1461 se
1858 1421 2017 1461 habere.

124 1475 185 1516 Illi
220 1482 358 1517 autem
393 1476 601 1518 dicebant:
637 1477 814 1530 Angelus
849 1477 932 1517 eius
967 1484 1039 1519 est.
1103 1479 1137 1501 ¹⁶
1170 1478 1314 1518 Petrus
1350 1483 1487 1519 autem
1522 1480 1808 1532 perseverabat
1841 1478 2017 1532 pulsans.

120 1534 221 1575 Cum
252 1541 389 1575 autem
420 1534 684 1588 aperuissent.
716 1535 905 1576 w'derunt
937 1549 1042 1579 eum.
1073 1542 1113 1576 et
1144 1536 1455 1590 obstupuerunt.
1513 1539 1546 1561 ¹⁷
1576 1537 1768 1578 Annuens
1799 1543 1936 1578 autem
1966 1537 2019 1578 eis

119 1606 245 1634 manu
268 1599 313 1634 ut
336 1598 531 1638 tacerent.
555 1593 740 1634 narravit
762 1595 966 1647 quomodo
988 1594 1189 1636 Dominus
1212 1595 1417 1636 eduxisset
1439 1609 1530 1636 011111
1553 1597 1602 1637 (10
1624 1609 1792 1643 carcere,
1816 1595 2018 1648 dixitque:

121 1652 323 1693 Nunciate
357 1652 518 1694 Iacobo.
553 1658 593 1693 01
624 1652 818 1693 fratribus
851 1653 946 1694 haec.
982 1654 1035 1694 Et
1068 1667 1247 1702 egressus
1280 1654 1379 1694 abiit
1411 1654 1451 1694 111
1484 1654 1607 1695 alium
1638 1654 1784 1696 locum.

524 1757 562 1797 2.
592 1756 701 1796 Acta
728 1756 837 1809 post
865 1756 1195 1807 profectionem
1227 1757 1340 1808 eius,
1367 1758 1435 1808 12,
1454 1758 1625 1798 18—25.

225 1828 258 1850 1⁸
287 1825 416 1866 Facta
444 1832 583 1866 autem
613 1826 688 1870 die,
720 1832 807 1867 erat
836 1840 917 1867 non
946 1840 1075 1880 parva
1104 1828 1287 1869 turbatio
1317 1828 1422 1868 inter
1448 1828 1609 1874 milites,
1641 1829 1835 1882 quidnam
1864 1828 2017 1869 factum
2057 1832 2190 1892 Jffigssssg

118 1890 223 1926 esset
247 1885 296 1925 de
320 1885 453 1926 Petro.
508 1887 541 1908 ¹⁹
566 1884 748 1926 Herodes
773 1890 911 1926 autem
937 1900 1028 1926 cum
1053 1886 1286 1939 requisisset
1310 1900 1414 1936 eum,
1455 1892 1493 1927 et
1520 1900 1599 1928 non
1624 1887 1854 1932 invenisset„
1890 1886 2020 1940 inqui·
2059 1903 2141 1932 punit
2161 1904 2187 1926 et

118 1943 263 1985 sitione
289 1942 400 1984 facta
425 1944 474 1984 de
500 1944 750 1987 custodibus.
779 1944 894 1985 iussit
920 1958 987 1985 eos
1013 1945 1123 1985 duci:
1152 1945 1479 1998 descendensque
1505 1959 1529 1986 a
1557 1946 1692 1987 Iudaea
1716 1946 1757 1986 in
1783 1945 2016 1986 Caesaream.
2044 1940 2202 1997 ξ’ξξζῖξέξξξ

118 2002 174 2043 ibi
204 2008 478 2043 commoratus
509 2008 581 2043 est.

223 2062 260 2085 2⁰
286 2060 388 2101 Erat
416 2066 555 2101 autem
582 2060 710 2102 iratus
740 2061 882 2115 Tyriis,
913 2067 954 2103 et
981 2062 1168 2104 Sidoniis.
1198 2062 1256 2103 At
1283 2062 1338 2103 illi
1369 2063 1576 2104 unanimes
1605 2070 1805 2103 venerunt
1832 2064 1885 2104 ad
1912 2076 2016 2106 eum.
2040 2069 2205 2130 sss'fissspstssss..

117 2125 159 2161 et
186 2132 378 2173 persuaso
408 2119 561 2169 Blasto,
593 2119 661 2173 qui
690 2125 777 2161 erat
805 2133 926 2173 super
953 2120 1184 2162 cubiculum
1213 2121 1327 2174 regis.
1358 2121 1625 2175 postulabant
1652 2135 1805 2175 pacem,
1836 2134 1882 2162 eo
1911 2121 2019 2174 quod
2043 2136 2080 2159 ab
2101 2135 2202 2165 augeo

117 2178 323 2219 alerentur
352 2178 532 2232 regiones
565 2192 705 2219 eorum
737 2179 788 2219 ab
820 2178 899 2220 illo.
959 2181 990 2204 ‘²¹
1022 2180 1192 2221 Statuto
1224 2186 1363 2221 autem
1395 2180 1457 2221 die
1492 2180 1672 2221 Herodes
1704 2180 1875 2221 vestitus
1908 2185 2019 2220 veste
2050 2177 2198 2229 ἵξζξζζῗῖᾗ

116 2237 237 2291 regia,
263 2236 368 2278 sedit
390 2250 463 2291 pro
487 2236 692 2286 tribunali,
718 2242 758 2278 01
780 2237 1103 2280 concionabatur
1125 2240 1177 2280 ad
1200 2252 1278 2280 eos.
1329 2241 1360 2263 '²²
1383 2239 1562 2292 Populus
1586 2244 1724 2279 autem
1747 2238 2017 2279 acclamabat:

117 2296 191 2337 Dei
223 2309 353 2345 voces,
385 2302 426 2336 et
454 2309 536 2338 non
565 2295 752 2337 hominis.
810 2298 842 2321 ²3
871 2296 1094 2338 Confestim
1124 2304 1262 2338 autem
1291 2297 1489 2351 percussit
1517 2311 1608 2338 eum
1637 2297 1812 2350 Angelus
1841 2296 2017 2338 Domini.

117 2368 165 2396 00
192 2355 301 2408 quod
326 2368 409 2396 non
435 2355 614 2396 dedisset
639 2354 835 2396 honorem
861 2355 967 2396 Deo:
995 2360 1035 2397 et
1062 2361 1328 2410 consumptus
1355 2369 1379 2396 a
1404 2355 1619 2398 vermibus.
1649 2355 1861 2408 expiravit.

222 2415 255 2438 24
284 2413 464 2454 Verbum
495 2418 632 2454 autem
664 2413 831 2455 Domini
861 2415 1079 2458 crescebat.
1113 2420 1152 2455 et
1183 2414 1545 2468 multiplicabatur.
2045 2412 2187 2472 aufiofflffis

222 2474 253 2497 25
280 2472 490 2513 Barnabas
516 2477 655 2513 autem
681 2477 722 2513 et
745 2471 891 2513 Saulus
916 2473 1066 2514 reversi
1090 2479 1187 2515 sunt
1212 2474 1263 2514 ab
1292 2472 1545 2526 lerosolymis
1576 2472 1756 2526 aexpleto
1780 2471 2015 2515 ministerio,
2050 2467 2198 2517 asmata}

2048 2530 2075 2553 et
2092 2528 2195 2552 Saulus

117 2536 331 2585 assumpto
364 2530 526 2579 Ioanne,
560 2529 629 2584 qui
659 2531 969 2585 cognominatus
999 2537 1061 2573 est
1090 2533 1262 2573 Marcus.
2035 2563 2210 2587 cum-,Iam

777 2658 997 2712 mms
1038 2659 1368 2712 Tssn’rm.

430 2745 728 2798 Ecclesia
767 2746 949 2813 apud
987 2748 1244 2813 gentes,
1283 2745 1368 2811 13,
1396 2745 1597 2810 1-28,
1626 2745 1711 2798 31.

411 2891 453 2941 Ι.
490 2891 714 2942 Itinera
752 2891 1074 2957 apostoliea
1113 2891 1299 2946 Pauli,
1341 2891 1415 2942 13.
1444 2889 1723 2942 1—*21.16.

644 2982 684 3022 1.
713 2980 888 3023 Initium
918 2981 1091 3022 itineris
1121 2982 1269 3033 primi,
1298 2982 1363 3031 13,
1382 2981 1500 3021 1ffss3.

221 3049 285 3093 13.
339 3052 355 3074 1
382 3048 515 3090 Erant
544 3055 682 3092 autem
710 3051 752 3092 111
781 3051 973 3098 Ecclesia,
1000 3066 1089 3105 quae
1118 3058 1205 3092 erat
1234 3050 1470 3093 Antiochiae.
1502 3050 1722 3104 prophet-ce,
1747 3055 1789 3091 et
1817 3051 2013 3098 doctores,
2041 3050 2196 3109 {gffiffbg

116 3108 158 3150 in
179 3109 326 3162 quibus
347 3108 570 3158 Barnabas,
592 3114 634 3150 et
652 3109 805 3160 Simon,
828 3111 897 3165 qui
917 3111 1144 3152 vocabatur
1165 3110 1296 3163 Niger,
1319 3114 1359 3150 et
1380 3109 1526 3150 Lucius
1547 3107 1794 3162 Cyrenensis,
1817 3114 1857 3149 et
1877 3108 2015 3148 Mana-
2044 3108 2191 3150 segregan-

117 3167 208 3217 hen,
237 3167 306 3221 qui
331 3171 418 3208 erat-
444 3166 616 3208 Herodis
642 3168 871 3210 Tetrarchae
897 3169 1182 3213 collactaneus,
1210 3174 1250 3209 et
1275 3167 1432 3209 Saulus.
1485 3170 1500 3191 ²
1525 3166 1851 3208 Ministrantibus
1877 3171 2014 3206 autem
2090 3158 2145 3179 ω’

117 3225 192 3267 illis
218 3225 408 3273 Domino,
438 3230 478 3266 et
505 3225 793 3269 ieiunantibus.
823 3227 927 3269 dixit
953 3227 1028 3268 illis
1056 3226 1230 3280 Spiritus
1257 3232 1440 3266 sanctus:
1469 3225 1683 3279 Segregate
1710 3224 1807 3265 mihi
1834 3224 2013 3269 Saulum,

118 3289 159 3325 et
175 3285 408 3326 Barnabam
424 3283 464 3323 in
481 3297 595 3337 opus,
612 3286 665 3326 ad
681 3287 791 3339 quod
807 3286 1006 3340 assumpsi
1023 3300 1102 3327 eos.
1145 3287 1160 3310 3
1176 3285 1287 3326 Tunc
1302 3284 1541 3333 ieiunantes,
1560 3289 1601 3325 et
1616 3290 1790 3333 orantes,
1808 3283 2015 3337 imponen-

118 3348 260 3397 tesque
290 3343 345 3385 eis
375 3355 533 3391 manus.
567 3342 809 3385 dimiserunt
839 3344 939 3385 illos.

251 3466 303 3509 12,
327 3467 370 3502 25
394 3468 483 3512 aSup
509 3470 561 3508 11,
587 3470 638 3504 29.
