2356 3760
97 169 151 210 30,
178 168 298 209 6—31,
322 169 342 202 2
938 164 1169 199 SAMUELIS
1921 172 1998 213 253

97 261 298 305 1311011105,
319 266 360 302 et
376 259 538 314 Abigail
554 272 657 300 uxor
675 258 807 299 Nabal
824 259 845 297 s
846 257 1008 298 ’3110011
1057 260 1073 282 ⁶
1089 257 1144 299 Et
1162 258 1428 299 contristatus
1447 264 1507 299 est
1524 259 1660 300 David
1677 261 1813 302 valde:
1833 263 1999 305 volebat

97 321 205 362 0111111
231 334 322 361 eum
347 319 522 374 populus
546 317 738 371 lapidare,
767 317 863 370 quia
887 329 1027 357 amara
1051 325 1137 356 erat
1163 317 1299 357 anima
1324 317 1639 371 uniuscuiusque
1665 318 1741 358 viri
1765 334 1883 373 super
1907 321 1998 362 filiis

98 380 192 428 suis,
223 385 263 419 et
291 378 469 419 filiabus:
499 377 755 418 conforta-tus
783 381 845 416 est
873 382 1012 415 autem
1040 375 1176 416 David
1204 375 1246 415 in
1274 376 1451 417 Domino
1479 376 1565 417 Deo
1595 389 1678 417 5110.
1738 378 1751 400 ⁷
1779 377 1836 418 Et
1863 379 1919 419 ait
1948 381 1999 420 ad

98 438 300 479 Abiathar
335 437 587 478 sacerdotem
624 434 751 475 filium
787 433 1066 474 Achimelech:
1104 433 1275 487 Applica
1314 435 1365 475 ad
1401 447 1464 475 me
1502 435 1646 488 ephod.
1686 435 1741 476 Et
1778 435 2001 489 applicavit

99 496 300 538 Abiathar
331 495 465 549 ephod
497 494 550 535 ad
581 493 730 541 David,
794 494 809 517 ⁸
841 498 882 533 et
914 491 1118 533 consuluit
1149 493 1286 533 David
1317 493 1553 535 Dominum.
1589 493 1742 534 dicens:
1777 494 2002 547 Persequar

99 554 347 597 latrunculos
370 554 455 602 hos,
480 558 521 594 et
544 552 885 606 comprehendam
909 564 987 593 005,
1013 564 1064 591 an
1087 551 1193 591 non?
1217 551 1415 604 Dixitque
1438 551 1472 592 ei
1494 551 1713 592 Dominus:
1737 552 1999 605 Persequere:

100 615 253 668 absque
282 612 406 654 dubio
436 611 543 653 enim
573 610 888 664 comprehendes
919 623 997 657 005,
1028 615 1070 650 et
1098 608 1276 650 excuties
1306 610 1497 662 praedam.
1558 612 1573 634 ⁹
1601 610 1716 651 Abiit
1744 624 1835 665 ergo
1864 611 2002 652 David

99 673 196 727 ipse,
222 678 263 713 et
285 670 465 712 sexcenti
488 670 564 710 viri
590 669 657 723 qui
681 676 796 710 erant
821 682 911 709 cum
936 682 994 710 00.
1020 674 1061 708 et
1083 674 1284 708 venerunt
1308 682 1434 721 usque
1459 669 1509 709 ad
1534 669 1770 710 Torrentem
1795 670 1936 710 Besor:
1961 675 2003 710 et

99 731 193 772 lassi
223 730 390 785 quidam
419 729 703 770 substiterunt.
762 729 798 752 ¹⁰
824 728 1066 768 Persecutus
1096 732 1158 767 est
1186 734 1324 768 autem
1354 727 1489 767 David
1520 727 1614 780 ipse,
1647 735 1686 767 et
1717 728 2002 780 quadringenti

100 790 193 830 viri:
223 789 494 831 substiterant
519 787 626 828 enim
654 786 831 835 ducenti,
861 786 930 840 qui
955 785 1049 826 lassi
1075 786 1248 826 transire
1275 799 1355 826 non
1383 792 1573 838 poterant
1601 786 1837 826 Torrentem
1866 773 2000 827 Besor.

100 851 130 873 ¹¹
150 849 205 890 Et
224 848 469 889 invenerunt
487 846 618 887 virum
641 845 881 900 AEgyptium
902 845 942 885 iu
961 858 1068 898 agro,
1090 851 1131 886 et
1150 845 1410 885 adduxerunt
1430 858 1521 885 eum
1542 844 1593 884 ad
1611 844 1764 884 David:
1786 845 2003 885 dederunt-

102 922 179 962 que
199 907 233 948 ei
253 920 401 961 panem
422 911 469 946 ut
488 905 729 947 comederet.
753 910 793 945 et
813 903 969 945 biberet
990 917 1152 957 aquam.
1201 906 1232 927 ¹²
1252 904 1321 944 sed
1341 911 1381 944 et
1400 903 1583 956 fragmen
1604 916 1747 943 massa>
1767 903 2000 952 caricarum,

101 972 142 1008 et
169 967 270 1008 duas
298 965 493 1020 ligaturas
522 977 613 1005 uvae
640 977 780 1017 passae.
812 964 910 1011 Quae
938 976 1030 1003 cum
1059 962 1313 1010 comedisset,
1344 975 1526 1002 reversus
1556 970 1614 1002 est
1644 961 1808 1014 spiritus
1839 961 1933 1003 eius,
1964 968 2004 1002 et

100 1024 347 1066 refocillatus
375 1030 453 1065 est:
481 1036 562 1064 non
590 1022 697 1064 enim
725 1022 957 1063 comederat
983 1035 1143 1075 panem.
1172 1034 1302 1075 neque
1330 1020 1489 1061 biberat
1516 1033 1677 1074 aquam.
1707 1020 1836 1060 tribus
1864 1020 2005 1061 diebus

101 1091 141 1125 et
165 1083 294 1125 tribus
317 1082 517 1124 noctibus
563 1084 595 1107 13
611 1081 729 1122 Dixit
751 1081 890 1135 itaque
912 1081 945 1121 ei
964 1080 1119 1121 David:
1143 1080 1265 1121 Cuius
1289 1093 1328 1120 es
1351 1079 1422 1120 tu?
1445 1079 1508 1120 vel
1530 1079 1661 1120 unde?
1684 1085 1723 1120 et
1746 1092 1825 1132 quo
1848 1079 2003 1132 pergis?

103 1143 180 1193 Qui
213 1143 288 1184 ait:
323 1143 429 1183 Puer
461 1140 678 1195 AEgyptius
712 1154 783 1194 ego
817 1154 918 1182 sum.
954 1153 1092 1180 servus
1126 1139 1203 1179 viri
1235 1138 1488 1179 Amalecitae:
1524 1137 1737 1191 dereliquit
1772 1143 1909 1179 autem
1941 1151 2005 1177 me

102 1202 290 1244 dominus
319 1214 444 1249 meus,
477 1200 570 1254 quia
599 1205 794 1253 aegrotare
824 1199 928 1253 coepi
956 1198 1264 1240 nudiustertius,
1322 1199 1354 1222 ¹4
1381 1197 1590 1250 Siquidem
1618 1210 1690 1237 nos
1720 1196 1924 1250 erupimus
1954 1197 2005 1237 ad

103 1261 323 1303 australem
346 1260 510 1314 plagam
533 1259 706 1301 Cerethi.
733 1264 773 1299 et
797 1264 941 1299 contra
966 1258 1123 1306 Iudam,
1149 1263 1190 1298 et
1214 1258 1265 1298 ad
1289 1256 1497 1297 Meridiem
1523 1255 1656 1298 Caleb.
1682 1260 1721 1296 et
1746 1255 1896 1308 Siceleg
1919 1268 2005 1295 sue-

103 1321 311 1362 cendimus
334 1319 428 1374 igni.
478 1320 510 1342 15
532 1318 731 1371 Dixitque
753 1317 788 1358 ei
809 1317 964 1358 David:
988 1317 1109 1358 Potes
1132 1330 1195 1356 me
1218 1316 1363 1357 ducere
1385 1315 1437 1355 ad
1460 1328 1631 1355 cuneum
1655 1314 1804 1354 istum?
1829 1314 1905 1361 Qui
1929 1314 2004 1353 ait:

106 1380 200 1420 Iura
219 1379 319 1420 mihi
338 1391 409 1432 per
428 1378 574 1425 Deum,
598 1377 707 1430 quod
728 1389 808 1417 non
830 1376 988 1417 occidas
1010 1389 1085 1423 me,
1109 1381 1149 1416 et
1168 1388 1250 1415 non
1270 1374 1409 1415 tradas
1430 1387 1493 1413 1110
1513 1373 1555 1414 10
1575 1386 1719 1414 manus
1741 1372 1894 1413 domini
1914 1373 2004 1420 0101,

103 1445 144 1480 et
165 1452 237 1492 ego
260 1439 407 1479 ducam
428 1443 469 1478 te
492 1437 544 1477 ad
565 1449 737 1476 cuneum
760 1435 897 1475 istum.
922 1435 976 1475 Et
998 1434 1150 1474 iuravit
1172 1433 1206 1474 ei
1226 1433 1375 1473 David.
1426 1434 1461 1456 ¹⁶
1483 1432 1560 1480 Qui
1582 1445 1674 1472 cum
1695 1431 1879 1472 duxisset
1900 1444 2004 1473 eum.

103 1511 193 1539 ecce
224 1497 281 1538 illi
314 1495 628 1537 discumbebant
661 1507 782 1548 super
812 1493 957 1533 faciem
992 1492 1189 1533 universae
1223 1499 1339 1533 terra}
1371 1492 1628 1533 comedentes
1662 1498 1701 1531 et
1735 1490 1932 1539 bibentes,
1967 1496 2008 1530 et

105 1556 219 1611 quasi
242 1556 391 1597 festum
415 1553 663 1595 celebrantes
687 1553 806 1596 diem.
831 1566 902 1606 pro
926 1558 1072 1593 cuncta
1095 1552 1243 1605 praeda,
1268 1558 1307 1592 et
1329 1550 1466 1605 spoliis
1492 1563 1580 1604 qua?
1602 1556 1793 1603 ceperant
1815 1550 1863 1589 de
1886 1549 2007 1589 Terra

104 1615 365 1657 Philisthiim.
393 1620 434 1655 et
459 1614 507 1654 de
534 1613 657 1653 Terra
684 1612 797 1653 Iuda.
854 1613 885 1635 ¹⁷
913 1611 966 1652 Et
993 1610 1191 1665 percussit
1217 1624 1282 1651 eos
1309 1609 1445 1650 David
1472 1623 1495 1650 a
1521 1622 1684 1662 vespere
1711 1622 1838 1662 usque
1864 1608 1915 1647 ad
1941 1621 2007 1647 ve-

103 1688 263 1729 speram
289 1672 453 1714 alterius
479 1672 570 1714 diei.
598 1677 639 1712 et
663 1685 744 1712 non
771 1671 900 1711 evasit
926 1684 975 1711 ex
1001 1670 1055 1711 eis
1083 1670 1311 1723 quisquam.
1350 1668 1425 1708 nisi
1452 1667 1737 1721 quadringenti
1764 1666 1839 1707 viri
1875 1666 2007 1707 adole-

104 1740 273 1782 scentes,
300 1732 369 1787 qui
399 1731 665 1773 ascenderant
697 1729 883 1777 03010105,
911 1736 952 1770 01
982 1729 1182 1782 fugmant.
1235 1730 1269 1752 ¹⁸
1299 1728 1417 1768 Eruit
1448 1740 1539 1781 ergo
1571 1726 1706 1767 David
1738 1725 1884 1773 01111113,
1919 1738 2008 1779 quae

105 1792 285 1834 tulerant
310 1790 559 1833 Amalecitae,
589 1796 630 1831 et
657 1790 756 1830 duas
785 1802 929 1830 uxores
957 1802 1049 1829 suas
1077 1788 1192 1828 eruit.
1249 1789 1283 1811 ¹⁹
1312 1787 1393 1827 Nec
1421 1786 1550 1827 defuit
1579 1785 1803 1839 quidquam
1830 1798 1855 1825 a
1879 1797 2006 1837 parvo

105 1866 232 1906 usque
263 1851 314 1892 ad
344 1863 551 1904 magnum,
583 1854 669 1889 tam
701 1849 749 1889 de
781 1847 870 1888 filiis
903 1861 1025 1901 quam
1057 1848 1105 1888 de
1136 1846 1307 1893 1111311115,
1340 1853 1381 1886 et
1411 1846 1459 1887 de
1490 1844 1638 1898 spoliis,
1671 1850 1711 1885 et
1742 1856 2006 1898 quaecumque

105 1916 337 1965 rapuerant.
366 1908 503 1950 omnia
528 1907 690 1949 reduxit
717 1906 866 1948 David.
920 1908 957 1930 ‘2⁰
981 1906 1035 1947 Et
1061 1905 1156 1946 tulit
1183 1905 1391 1946 universos
1416 1917 1552 1958 greges
1579 1911 1618 1944 et
1645 1910 1841 1951 armenta,
1870 1909 1910 1943 et
1935 1901 2007 1942 mi-

105 1969 222 2011 navit
251 1975 345 2010 ante
374 1967 520 2009 faciem
550 1980 684 2008 suam:
715 1965 1006 2019 dixeruntque:
1039 1965 1136 2005 Haec
1166 1971 1227 2005 est
1255 1964 1390 2017 praeda
1419 1963 1567 2004 David.

210 2048 241 2070 21
276 2043 397 2085 Venit
431 2050 569 2084 autem
602 2041 740 2083 David
773 2042 825 2083 ad
858 2042 1054 2082 ducentos
1089 2040 1208 2082 viros.
1246 2039 1313 2094 qui
1346 2039 1439 2080 lassi
1473 2038 1753 2087 substiterant,
1789 2050 1860 2077 nec
1894 2035 2007 2089 sequi

106 2110 327 2159 potuerant
344 2102 494 2151 David,
516 2107 556 2143 et
573 2101 745 2142 residere
765 2114 830 2141 eos
849 2100 1021 2141 iusserat
1039 2099 1080 2139 in
1100 2100 1294 2141 Torrente
1314 2099 1456 2139 Besor:
1478 2097 1545 2151 qui
1565 2097 1710 2151 egressi
1728 2101 1824 2137 sunt
1843 2094 2006 2136 obviam

105 2163 255 2209 David,
283 2169 324 2203 et
349 2160 500 2216 populo
527 2160 596 2214 qui
621 2167 707 2201 erat
734 2173 826 2200 cum
853 2173 910 2200 eo.
938 2159 1144 2200 Accedens
1171 2164 1309 2198 autem
1334 2156 1471 2197 David
1498 2156 1549 2197 ad
1574 2154 1784 2210 populum,
1812 2153 2011 2194 salutavit

106 2236 173 2264 eos
195 2221 373 2276 pacifice.
426 2222 458 2244 ²2
483 2219 830 2273 Respondensque
855 2218 985 2259 0011115
1010 2217 1072 2257 vir
1094 2217 1303 2270 pessimus,
1330 2224 1369 2257 et
1394 2215 1555 2269 iniquus
1580 2215 1628 2256 de
1652 2214 1760 2257 viris.
1787 2213 1856 2267 qui
1878 2213 2010 2254 ierant

107 2295 199 2323 cum
228 2280 377 2329 David,
409 2278 531 2321 dixit:
564 2278 666 2327 Quia
696 2292 777 2319 non
807 2284 1008 2318 venerunt
1036 2276 1260 2317 nobiscum.
1292 2288 1373 2316 11011
1403 2274 1590 2315 dabimus
1621 2273 1675 2314 eis
1706 2272 1931 2326 quidquam
1960 2271 2009 2312 de

106 2341 255 2395 praeda,
278 2352 401 2393 quam
420 2338 615 2379 eruimus:
636 2337 706 2378 sed
724 2336 902 2377 sufficiat
921 2335 1137 2389 unicuique
1156 2348 1259 2375 uxor
1276 2348 1348 2375 sua
1367 2340 1408 2374 et
1426 2333 1513 2374 filii:
1535 2346 1635 2386 quos
1654 2346 1746 2373 cum
1765 2330 2006 2384 acceperint,

106 2400 312 2441 recedant.
364 2399 396 2422 ²³
418 2397 537 2438 Dixit
561 2403 699 2437 autem
723 2395 878 2436 David:
907 2396 998 2436 Non
1022 2394 1077 2435 510
1100 2393 1257 2435 facietis
1281 2394 1426 2433 fratres
1450 2391 1528 2432 mei
1553 2392 1601 2433 de
1625 2391 1699 2439 his,
1727 2404 1815 2444 quae
1839 2388 2011 2430 tradidit

108 2458 224 2500 nobis
252 2456 467 2505 Dominus,
500 2462 541 2497 et
569 2454 794 2497 custodivit
822 2468 908 2503 005,
940 2460 981 2495 et
1011 2453 1124 2495 dedit
1152 2451 1414 2500 latrunculos
1448 2450 1517 2504 qui
1546 2455 1763 2503 eruperant
1793 2449 2009 2490 adversum

108 2531 192 2566 nos,
224 2516 265 2557 111
295 2529 440 2557 manus
470 2520 648 2556 nostras:
707 2516 739 2538 24
768 2527 841 2555 nec
871 2512 1010 2554 audiet
1039 2526 1111 2554 vos
1143 2512 1359 2566 quisquam
1389 2523 1509 2564 super
1537 2522 1718 2550 sermone
1748 2508 1836 2549 hoc.
1893 2519 2011 2560 aequa

108 2576 215 2618 enim
246 2588 340 2629 pars
371 2574 448 2615 erit
478 2573 759 2615 descendentis
791 2573 843 2614 ad
873 2571 1069 2626 praelium,
1102 2576 1144 2612 et
1173 2570 1420 2611 remanentis
1452 2570 1504 2610 ad
1535 2568 1723 2616 sarcinas,
1756 2572 1797 2608 et
1828 2565 2011 2607 similiter

110 2634 308 2676 divident.
360 2635 391 2658 ‘2⁵
414 2633 471 2674 Et
491 2632 649 2673 factum
672 2637 734 2673 est
756 2632 832 2673 hoc
855 2645 904 2672 ex
927 2631 989 2672 die
1013 2630 1092 2673 illa.
1117 2635 1159 2671 et
1181 2629 1369 2683 deinceps
1393 2628 1663 2670 constitutum
1687 2632 1728 2667 et
1750 2624 2008 2679 praefinitum,

109 2700 150 2736 et
180 2693 296 2748 quasi
323 2691 389 2734 lex
417 2691 459 2732 in
490 2691 613 2732 Israel
641 2705 769 2745 usque
798 2689 839 2731 10
869 2690 975 2732 diem
1004 2690 1121 2730 hanc.

214 2766 249 2788 ²⁶
267 2762 390 2804 Venit
407 2775 499 2815 ergo
517 2761 655 2802 David
672 2761 714 2802 in
732 2759 895 2813 Siceleg.
915 2766 957 2801 et
974 2759 1086 2800 misit
1104 2759 1213 2800 dona.
1230 2759 1278 2799 de
1297 2758 1435 2811 praeda
1452 2756 1674 2798 senioribus
1695 2755 1799 2796 Iuda
1815 2753 2009 2807 proximis

110 2823 204 2872 suis,
232 2822 386 2864 dicens:
413 2821 596 2875 Accipite
622 2819 947 2862 benedictionem
973 2819 1022 2860 de
1047 2818 1185 2872 praeda
1208 2817 1389 2858 hostium
1414 2815 1598 2857 Domini:
1625 2816 1659 2838 '2⁷
1687 2814 1772 2855 His.
1802 2812 1870 2866 qui
1895 2823 2011 2853 erant

110 2882 151 2923 in
176 2881 332 2925 Bethel,
359 2886 400 2922 et
423 2880 493 2934 qui
514 2879 556 2920 in
582 2879 763 2921 Ramoth
787 2879 839 2919 ad
862 2877 1084 2925 Meridieni,
1110 2883 1151 2918 et
1175 2876 1243 2930 qui
1266 2876 1307 2916 in
1333 2875 1479 2923 lether,
1498 2896 1512 2907 v
1531 2876 1566 2898 ²⁸
1589 2880 1629 2914 et
1653 2872 1721 2926 qui
1743 2872 1785 2912 in
1807 2872 1945 2912 Aroer.
1971 2877 2011 2911 et

112 2941 181 2995 qui
195 2941 237 2981 in
252 2939 518 2994 Sephamoth,
536 2944 577 2979 et
593 2938 662 2992 qui
676 2938 718 2978 in
733 2937 946 2981 Esthamo.
990 2938 1025 2960 2⁹
1041 2942 1081 2977 et
1097 2935 1222 2990 quiin
1239 2934 1406 2977 Rachal.
1425 2940 1466 2975 et
1481 2933 1549 2987 qui
1564 2932 1605 2972 in
1620 2930 1788 2972 urbibus
1805 2929 2010 2973 Ierameel.

111 3006 152 3041 et
175 2999 244 3054 qui
265 2999 308 3039 in
330 2998 497 3039 urbibus
521 2997 629 3046 Ceni,
680 2999 717 3021 3⁰
737 3002 778 3038 et
801 2996 869 3050 qui
891 2995 933 3036 in
954 2996 1118 3039 Arama,
1143 3001 1185 3036 et
1208 2994 1275 3047 qui
1297 2993 1339 3033 in
1360 2993 1450 3033 lacu
1472 2993 1594 3040 Asan‚
1620 2996 1660 3032 et
1683 2989 1752 3043 qui
1772 2989 1814 3029 in
1836 2988 2011 3029 Athach.

110 3060 142 3083 ³¹
166 3064 206 3100 et
229 3057 299 3112 qui
319 3057 362 3098 in
385 3057 565 3105 Hebron,
590 3061 632 3097 et
651 3055 816 3110 reliquis
841 3055 909 3109 qui
931 3060 1048 3096 erant
1068 3053 1111 3094 in
1132 3053 1194 3094 his
1216 3052 1325 3101 locis,
1350 3051 1391 3092 in
1415 3051 1560 3105 quibus
1584 3054 1858 3091 commoratus
1880 3047 2014 3088 fuerat

111 3116 248 3158 David
276 3117 374 3171 ipse,
406 3122 448 3158 et
475 3115 552 3156 Viri
581 3114 677 3156 eius.

589 3219 656 3260 18.
686 3217 794 3259 Saul
826 3229 926 3258 cum
956 3217 1061 3257 filiis
1091 3216 1298 3265 moritur,
1327 3215 1393 3264 31,
1411 3213 1556 3254 1—13.

218 3291 281 3336 31.
336 3294 350 3316 1
377 3290 627 3333 Philisthiim
654 3296 793 3331 autem
819 3290 1062 3344 pugnabant
1089 3289 1306 3329 adversum
1334 3284 1475 3326 Israel:
1504 3290 1546 3324 et
1570 3284 1762 3336 fugerunt
1789 3281 1865 3322 viri
1893 3279 2016 3322 Israel

114 3358 208 3393 ante
230 3351 376 3392 faciem
397 3348 660 3397 Phffisffiiim,
685 3354 725 3390 et
747 3348 981 3390 ceciderunt
1000 3346 1205 3389 interfecti
1226 3345 1268 3385 in
1289 3350 1429 3386 monte
1451 3341 1614 3384 Gelboe.
1665 3343 1679 3365 ²
1705 3341 2015 3391 alrrueruntque

114 3409 362 3451 Philisthiim
391 3409 434 3450 in
463 3408 572 3457 Saul,
605 3413 645 3449 et
674 3407 717 3447 in
746 3407 849 3448 filios
880 3407 976 3456 eius,
1009 3412 1050 3448 et
1079 3410 1364 3460 percusserunt
1396 3401 1612 3449 Ionathan,
1645 3406 1686 3441 et
1715 3398 1943 3440 Abinadab.
1976 3400 2016 3435 et

249 3487 504 3555 assai-imru
527 3512 581 3553 10,
606 3512 637 3545 2.

2026 2031 2116 2062 legem
2137 2031 2197 2061 dat,

2066 2743 2165 2768 amicis

2057 2785 2175 2803 munera

2065 2814 2167 2839 mittit.

2034 3277 2097 3303 filij
2116 3274 2206 3299 saulis

2039 3310 2199 3343 percutiun-

2091 3349 2145 3374 tur,
