2356 3760
97 102 150 141 30,
175 101 294 136 9—30.
320 102 362 134 28
982 98 1050 131 1311
1062 100 1116 132 111]
1468 148 1477 160 „
1908 80 1983 147 6533

116 198 131 220 ⁹
151 194 324 248 populus
357 194 462 234 enim
496 194 548 234 ad
579 191 829 233 iracundiam
864 204 1087 243 provocans
1120 197 1191 236 est,
1226 197 1267 232 et
1298 192 1364 232 filii
1401 193 1621 235 mendaces.
1708 197 1774 236 filii
1806 198 1984 238 nolentes

360 252 498 293 audire
526 251 653 304 legem
682 249 769 290 Dei.

101 314 137 336 ¹⁰
152 312 230 360 Qui
258 311 398 352 dicunt
427 309 679 351 videntibus:
711 307 844 348 Nolite
873 307 1026 347 videre:
1109 314 1147 348 et
1177 309 1480 361 aspicientibus:
1512 310 1644 350 Nolite
1673 312 1845 363 aspicere
1873 314 1984 353 nobis

360 382 418 412 ea.
451 381 540 421 quae
568 372 676 407 recta
707 371 820 406 sunt:

150 428 363 482 loquimini
392 427 506 468 nobis
536 424 750 479 placentia,
835 424 970 465 videte
1000 425 1114 465 nobis
1144 438 1304 466 errores.

102 490 131 512 11
152 488 320 528 Auferte
351 499 375 526 a
404 498 468 525 me
500 484 620 527 viam.
654 483 853 523 declinate
885 497 909 523 a
938 496 1003 523 me
1033 483 1232 529 semitam,
1318 490 1442 524 cesset
1475 498 1499 525 a
1527 485 1628 525 facie
1660 491 1795 526 nostra
1827 492 1988 526 sanctus

362 543 496 584 Israel.

102 607 132 629 ¹2
152 606 373 657 Propterea
406 602 490 643 haec
524 600 623 642 dicit
656 605 821 641 sanctus
858 600 997 641 Israel:
1086 601 1163 641 Pro
1199 614 1244 641 eo
1280 602 1387 653 quod
1422 602 1664 653 reprobastis
1700 603 1867 642 verbum
1903 603 1987 647 hoc,

152 667 193 704 et
222 661 413 715 sperastis
443 660 483 701 in
515 659 718 700 calumnia
747 664 788 700 et
817 659 859 700 in
889 659 1082 703 tumultu,
1168 664 1209 699 et
1238 659 1365 699 innixi
1396 660 1490 699 estis
1520 672 1639 712 super
1669 674 1731 700 eo:

101 724 132 746 ¹³
150 726 368 775 propterea
399 719 474 760 erit
507 718 622 759 vobis
655 718 848 771 iniquitas
882 718 965 759 haec
998 718 1102 758 sicut
1135 718 1377 771 interruptio
1411 718 1569 762 cadens,
1656 723 1696 758 et
1728 719 1921 771 requisita
1953 719 1990 759 111

360 790 475 819 muro
505 777 673 821 excelso.

154 838 346 893 quoniam
375 836 523 881 subito,
555 837 653 877 dum
682 849 763 877 non
793 840 990 889 speratur,
1075 835 1210 876 veniet
1239 835 1428 876 contritio
1458 835 1552 875 eius.

102 899 133 922 ¹4
153 898 208 938 Et
238 896 537 938 comminuetur
566 895 671 935 sicut
701 894 924 935 conteritur
951 893 1095 947 lagena
1124 893 1234 944 figuli
1264 893 1506 934 contritione
1536 893 1761 946 pervalida:
1845 898 1884 933 et
1915 907 1991 934 non

362 954 592 994 invenietur
620 954 669 994 de
697 953 935 1007 fragmentis
965 953 1048 993 eius
1077 958 1196 1000 testa,

152 1015 193 1056 in
223 1027 305 1068 qua
330 1018 518 1067 portetur
546 1012 742 1066 igniculus
772 1012 821 1052 de
849 1012 1046 1061 incendio,
1130 1016 1203 1052 aut
1230 1011 1442 1051 hauriatur
1470 1024 1613 1063 parum
1643 1024 1758 1063 aquae
1786 1011 1835 1051 de
1863 1010 1992 1051 fovea.

101 1075 132 1098 ¹⁵
154 1073 259 1122 Quia
284 1073 369 1113 haec
396 1072 495 1112 dicit
521 1072 721 1112 Dominus
748 1071 858 1111 Deus
938 1075 1102 1111 sanctus
1132 1070 1272 1110 Israel:

153 1133 194 1173 Si
209 1131 470 1172 revertamini
486 1136 527 1171 et
543 1130 769 1184 quiescatis,
788 1129 890 1170 salvi
905 1129 1032 1170 eritis:
1101 1129 1142 1169 in
1158 1129 1327 1173 silentio,
1346 1134 1387 1169 et
1402 1128 1440 1168 in
1457 1141 1526 1181 spe
1542 1128 1617 1168 erit
1631 1128 1829 1168 fortitudo
1847 1132 1992 1168 vestra.

153 1191 209 1232 Et
237 1190 441 1232 noluistis:
525 1191 560 1214 ¹⁶
589 1195 630 1230 et
658 1188 836 1229 dixistis:

154 1250 438 1303 Nequaquam,
469 1249 538 1289 sed
567 1248 619 1289 ad
646 1261 770 1301 equos
798 1247 1015 1301 fugiemus:
1098 1247 1186 1287 ideo
1215 1245 1387 1299 fugietis.

154 1309 210 1349 Et
241 1321 362 1362 super
394 1307 549 1348 veloces
583 1307 864 1347 ascendemus:
950 1305 1040 1346 ideo
1075 1304 1290 1345 velociores
1323 1308 1453 1351 erunt,
1490 1303 1557 1356 qui
1590 1308 1881 1355 persequentur
1914 1315 1996 1343 vos.

102 1369 135 1392 ¹⁷
152 1367 261 1408 Mille
288 1366 470 1407 homines
498 1380 522 1407 a
547 1365 648 1406 facie
676 1364 837 1406 terroris
866 1364 1001 1404 unius:
1083 1368 1124 1402 et
1151 1376 1174 1402 a
1199 1362 1300 1402 facie
1328 1361 1488 1402 terroris
1517 1361 1694 1415 quinque
1720 1361 1893 1414 fugietis,

155 1427 282 1468 donec
302 1424 588 1478 relinquamini
611 1423 725 1477 quasi
746 1422 876 1462 malus
898 1422 1013 1461 navis
1036 1421 1076 1461 in
1098 1421 1247 1461 vertice
1269 1420 1430 1465 montis,
1506 1425 1547 1460 et
1568 1420 1682 1473 quasi
1703 1419 1860 1473 signum
1881 1431 2001 1472 super

364 1483 517 1524 collem.

104 1608 138 1631 ¹⁸
154 1607 376 1660 Propterea
399 1609 591 1658 expectat
613 1603 813 1644 Dominus
839 1608 884 1643 ut
907 1602 1145 1642 misereatur
1168 1601 1309 1641 vestri:
1387 1606 1428 1641 et
1450 1600 1538 1641 ideo
1563 1600 1811 1641 exaltabitur
1833 1613 1998 1653 parcens
2026 1604 2181 1664 Dffffiiffim

364 1663 499 1705 vobis:
2028 1681 2178 1700 mmmm,

157 1724 253 1778 quia
276 1724 386 1764 Deus
414 1722 549 1763 iudicii
576 1721 793 1762 Dominus:
875 1720 984 1760 beati
1011 1733 1148 1760 omnes
1176 1719 1245 1772 qui
1271 1723 1490 1771 expectant
1515 1731 1618 1759 eum.
2026 1710 2182 1770 cussffiffbi,

106 1786 140 1808 ¹⁹
155 1782 335 1836 Populus
375 1782 481 1822 enim
521 1781 617 1822 Sion
657 1779 863 1820 habitabit
902 1779 941 1819 in
984 1778 1218 1818 Ierusalem:
1311 1777 1472 1830 plorans
1512 1790 1770 1830 nequaquam
1810 1775 1996 1829 plorabis,
2074 1781 2130 1809 tur·

156 1842 350 1883 miserans
379 1840 635 1881 miserebitur
662 1839 741 1879 tui:
771 1839 823 1879 ad
851 1851 991 1878 vocem
1020 1836 1204 1878 clamoris
1233 1836 1293 1877 tui
1384 1836 1524 1876 statim
1553 1840 1599 1876 ut
1626 1835 1810 1878 audierit.
1840 1847 2001 1887 respon-

367 1899 480 1940 debit
509 1898 595 1939 tibi.

105 1962 142 1984 ²⁰
158 1960 214 2000 Et
230 1959 346 2000 dabit
364 1958 479 1999 vobis
496 1957 696 1998 Dominus
715 1969 861 2009 panem
880 1962 1050 2000 arctum,
1070 1959 1110 1995 et
1128 1967 1277 2007 aquam
1296 1954 1478 1994 brevem:
1549 1958 1590 1993 et
1606 1966 1685 1994 non
1703 1952 1823 1992 faciet
1841 1951 2002 1992 avolare

367 2031 391 2058 a
420 2022 460 2058 te
489 2016 598 2057 ultra
626 2015 833 2056 doctorem
862 2020 1000 2055 tuum:

158 2082 199 2117 et
221 2081 341 2117 erunt
362 2075 466 2117 oculi
491 2075 549 2116 tui
572 2074 757 2114 videntes
779 2078 1068 2127 1)raeceptoreiii
1092 2076 1222 2112 tuum.
1273 2073 1303 2095 ²¹
1327 2071 1382 2111 Et
1405 2083 1519 2111 aures
1541 2076 1622 2110 tuae
1645 2069 1811 2110 audient
1832 2069 2002 2109 verbum

366 2140 460 2188 post
489 2139 647 2187 tergum
677 2132 899 2173 monentis:

160 2194 257 2235 Haec
287 2199 349 2235 est
379 2193 457 2238 via,
493 2191 701 2233 ambulate
733 2191 772 2231 in
804 2204 868 2231 ea:
954 2196 993 2230 et
1025 2203 1105 2230 non
1138 2188 1344 2229 declinetis
1376 2201 1506 2241 neque
1538 2188 1589 2228 ad
1620 2187 1841 2229 dexteram.
1874 2198 2004 2239 neque

367 2253 419 2293 ad
449 2252 666 2292 sinistram.

106 2316 138 2337 2²
159 2312 214 2354 Et
244 2311 542 2353 contaminabis
573 2310 744 2350 laminas
775 2308 1023 2362 sculptilium
1055 2306 1211 2360 argenti
1243 2305 1313 2349 tui,
1399 2311 1440 2345 et
1471 2305 1759 2345 vestimentum
1792 2302 2003 2344 conflatilis

368 2371 455 2411 auri
485 2370 556 2412 tui.

159 2436 200 2471 et
228 2429 430 2483 disperges
458 2442 506 2469 ea
533 2428 638 2468 sicut
665 2426 969 2467 immunditiam
998 2428 1271 2465 menstruatae.
1355 2422 1564 2476 Egredere,
1595 2421 1700 2462 dices
1728 2420 1780 2460 ei:

107 2492 139 2514 2³
160 2489 216 2530 Et
244 2488 410 2529 dabitur
438 2486 579 2541 pluvia
607 2486 749 2527 semini
779 2491 862 2531 tuo,
947 2484 1191 2536 ubicumque
1221 2481 1480 2522 seminaveris
1509 2480 1549 2521 in
1580 2486 1703 2521 terra:

160 2553 201 2589 et
228 2547 345 2601 panis
374 2547 537 2601 frugum
566 2551 684 2587 terrae
764 2545 840 2585 erit
869 2543 1106 2587 uberrimus,
1137 2547 1179 2582 et
1206 2541 1377 2595 pinguis.

159 2611 350 2661 pascetur
376 2606 418 2647 in
447 2604 696 2659 possessione
728 2609 799 2644 tua
879 2603 920 2644 in
950 2602 1013 2643 die
1042 2601 1107 2642 illo
1138 2613 1264 2653 agnus
1294 2599 1488 2652 spatiose:

107 2668 140 2690 24
160 2671 201 2706 et
230 2665 337 2707 tauri
366 2665 438 2710 tui,
471 2669 512 2705 et
539 2663 639 2717 pulli
668 2663 885 2707 asinorum,
971 2660 1039 2715 qui
1069 2664 1289 2713 operantur
1317 2663 1478 2703 terram,

160 2725 420 2766 commistum
449 2723 602 2777 migma
630 2722 843 2763 comedent
925 2720 1030 2761 sicut
1058 2719 1099 2759 in
1129 2731 1222 2758 area
1250 2716 1495 2757 ventilatum
1524 2720 1596 2756 est.

107 2786 140 2808 2⁵
159 2783 216 2825 Et
247 2788 367 2824 erunt
399 2795 519 2836 super
551 2794 713 2823 omnem
745 2785 928 2821 montem
961 2778 1175 2823 excelsum,
1211 2780 1252 2817 et
1284 2788 1403 2828 super
1435 2787 1593 2815 omnem
1628 2771 1766 2813 collem
1800 2770 2003 2810 elevatum

368 2841 444 2882 rivi
473 2840 722 2882 currentium
753 2852 951 2892 aquarum

159 2901 200 2941 in
230 2901 293 2942 die
322 2899 614 2941 interfectionis
644 2898 867 2939 multorum
949 2910 1041 2937 cum
1071 2894 1288 2936 ceciderint
1317 2898 1457 2933 turres.

108 2962 144 2984 2⁶
160 2959 216 3000 Et
236 2960 312 3001 erit
331 2959 401 3000 lux
421 2959 527 3000 lunae
546 2959 652 2999 sicut
670 2957 742 2998 lux
762 2956 866 3000 solis,
942 2960 982 2996 et
1002 2954 1072 2995 lux
1093 2953 1185 2994 solis
1206 2952 1282 2993 erit
1302 2949 1616 3004 septempliciter
1635 2947 1740 2988 sicut
1758 2946 1829 2987 lux
1849 2952 2004 2999 septem

369 3018 525 3059 dierum

159 3077 200 3117 in
226 3077 301 3125 die,
330 3089 412 3130 qua
436 3076 661 3130 alligaverit
686 3074 886 3116 Dominus
912 3072 1059 3113 vulnus
1085 3069 1224 3125 populi
1250 3069 1321 3114 sui,
1401 3072 1441 3107 et
1466 3077 1745 3119 percussuram
1769 3063 1898 3117 plagae
1922 3062 2005 3103 eius

368 3135 587 3176 sanaverit.

108 3254 141 3276 2⁷
160 3252 264 3293 Ecce
289 3265 437 3293 nomen
463 3251 629 3292 Domini
655 3249 768 3290 venit
793 3249 843 3289 de
868 3247 1101 3300 longinquo,
1183 3244 1325 3284 ardens
1351 3242 1462 3282 furor
1488 3240 1583 3284 eius,
1611 3244 1653 3280 et
1676 3238 1810 3292 gravis
1837 3237 1889 3278 ad
1914 3249 2002 3290 por-
2037 3237 2174 3302 {2333

368 3310 561 3351 tandum:
2051 3306 2156 3337 perdet.

160 3369 270 3410 labia
295 3369 378 3410 eius
404 3368 560 3422 repleta
585 3372 681 3408 sunt
707 3365 998 3418 indignatione,
1081 3367 1122 3403 et
1147 3361 1284 3414 lingua
1310 3359 1393 3399 eius
1421 3357 1536 3411 quasi
1562 3356 1663 3410 ignis
1690 3356 1899 3396 devorans.

109 3429 144 3453 ²⁸
161 3428 335 3481 Spiritus
364 3426 447 3468 eius
476 3426 590 3468 velut
618 3432 773 3467 torrens
802 3423 1006 3464 inundans
1088 3432 1213 3473 usque
1242 3418 1291 3459 ad
1321 3417 1500 3458 medium
1529 3415 1618 3456 colli
