2356 3760
108 763 196 788 stulto
218 769 250 786 m·

118 799 241 828 turpiter

108 834 250 859 coluntur.

135 1238 221 1262 Opera

110 1274 248 1292 manuum

104 1303 253 1328 hominum

139 1342 216 1365 sunt.

144 1822 212 1847 nihil

137 1865 218 1889 agere

113 1898 242 1925 possunt,

127 2173 179 2199 sibi
201 2176 230 2198 et

97 2209 260 2235 bominibus

121 2244 235 2269 inutiles

101 2280 254 2306 exsistunt.

131 3000 227 3025 bestiis

112 3036 255 3060 miss-rabi-

106 3071 186 3095 liores
213 3078 261 3101 ap-

128 3109 238 3136 parent.

89 3233 276 3264 opprobrium

102 3276 130 3294 in
154 3275 266 3299 regione

137 3307 230 3329 erunt.

286 196 360 237 790
994 193 1270 227 PRoPHET1A
1297 193 1493 228 BARUCH
1961 200 1991 238 e,
2017 198 2136 239 34-3,
2164 200 2204 232 72

285 301 415 341 neque
446 287 580 341 siquid
613 287 719 329 boni.
753 292 948 340 poterunt
978 287 1218 327 retribuere:
1251 299 1382 339 neque
1411 300 1545 340 regem
1577 288 1824 329 constituere
1854 297 2036 342 possunt.
2070 305 2202 345 neque

286 347 454 388 auferre.
510 349 541 371 34
567 345 761 386 Similiter
786 357 918 398 neque
944 345 1040 385 dare
1067 345 1233 386 divitias
1258 352 1443 398 possunt.
1472 359 1603 399 neque
1629 346 1783 387 malum
1810 348 2041 391 retribuere.
2071 351 2204 404 Siquis

286 406 360 446 illis
386 412 530 446 votum
556 404 728 446 voverit.
755 410 794 444 et
820 417 900 444 non
925 404 1165 453 reddiderit;
1192 417 1323 457 neque
1348 404 1423 445 1100
1447 405 1671 458 requirunt.
1725 408 1756 430 3⁵
1782 405 2002 448 Hominem
2027 422 2051 449 a
2072 415 2204 450 morte

286 478 367 505 non
388 464 577 508 liberant.
603 475 733 515 neque
756 462 962 502 infirmum
987 476 1011 502 a
1032 463 1253 516 potentiori
1277 463 1467 516 eripiunt.
1519 465 1555 488 36
1578 463 1798 504 Hominem
1822 478 1973 506 caecum
1996 467 2049 507 ad
2071 468 2203 508 visum

286 537 367 564 non
384 523 620 566 restituunt.
641 521 689 561 de
706 521 948 561 necessitate
966 521 1172 562 hominem
1190 535 1271 562 non
1288 521 1533 563 liberabunt.
1579 525 1613 547 37
1632 522 1775 563 Viduae
1791 536 1872 564 non
1889 524 2202 569 miserebuntur.

287 596 416 635 neque
439 580 631 633 orphanis
654 579 922 620 benefacient.
973 581 1008 604 36
1029 580 1254 634 Lapidibus
1277 581 1325 621 de
1348 586 1487 621 monte
1509 581 1658 622 similes
1679 587 1777 622 sunt
1798 582 1852 623 dii
1874 582 2047 633 illorum,
2070 584 2202 638 lignei.

285 648 323 681 et
349 640 510 693 lapidei.
538 644 578 679 et
604 638 725 685 aurei.
753 644 792 679 et
820 639 1011 691 argentei.
1041 639 1118 688 Qui
1144 646 1282 680 autem
1309 639 1449 680 colunt
1474 652 1532 688 ea,
1560 640 1875 681 confundentur.
1929 644 1964 666 ³³⁹
1990 642 2204 691 Quomodo

285 712 376 751 ergo
407 698 695 739 {estimandum
725 703 797 740 est.
830 704 901 738 aut
932 697 1162 742 dicendum.
1194 697 1281 739 illos
1311 711 1395 739 esse
1425 698 1546 739 deos?

391 760 428 781 ⁴⁰
449 757 595 797 Adhuc
619 756 724 797 enim
748 756 844 809 ipsis
868 756 1066 798 Chaldaeis
1090 770 1170 797 non
1194 756 1492 798 honorantibus
1516 770 1579 797 ea:
1607 758 1674 811 qui
1698 771 1790 798 cum
1815 759 2019 800 audierint
2041 766 2204 801 mutum

288 830 367 858 11011
395 829 511 870 posse
539 815 661 869 loqui.
693 815 873 857 offerunt
900 815 999 856 illud
1027 816 1079 856 ad
1108 815 1190 859 Bel.
1222 816 1478 869 postulantes
1506 817 1557 857 ab
1586 829 1631 857 eo
1658 816 1788 870 loqui:
1844 819 1875 841 '¹¹
1904 818 2020 872 quasi
2047 819 2207 872 possint

285 875 433 916 sentire
464 875 533 928 qui
563 888 643 915 non
674 874 830 915 habent
859 880 1031 918 motum.
1064 880 1104 915 et
1134 874 1209 928 ipsi
1240 888 1333 915 cum
1362 874 1651 919 intellexerint,
1684 875 1915 929 relinquent
1945 890 2009 917 ea:
2041 891 2205 919 sensum

284 935 390 975 enim
420 947 501 975 non
530 933 685 974 habent
712 933 786 986 ipsi
816 932 871 973 dii
900 932 1071 975 illorum.
1129 935 1161 957 ‘¹²
1190 933 1376 974 Mulieres
1406 939 1545 974 autem
1574 933 1837 976 circumdatae
1864 935 2031 977 funibus
2060 936 2101 978 in
2130 936 2206 978 viis

284 993 439 1037 sedent.
474 993 766 1033 succendentes
799 1004 889 1033 ossa
921 991 1133 1033 olivarum.
1194 994 1227 1017 ⁴³
1257 992 1359 1033 Cum
1392 998 1531 1033 autem
1563 992 1701 1047 aliqua
1732 1006 1781 1033 ex
1812 994 1908 1047 ipsis
1940 999 2124 1036 attracta
2154 996 2206 1036 ab

284 1052 420 1106 aliquo
444 1056 682 1092 transeunte
705 1050 914 1091 dormierit
937 1064 1029 1091 cum
1052 1064 1110 1097 eo.
1134 1051 1333 1105 proximae
1353 1064 1436 1092 suae
1457 1052 1681 1105 exprobrat
1703 1052 1812 1106 quod
1835 1066 1883 1094 ea
1903 1066 1985 1094 non
2008 1054 2061 1094 sit
2083 1054 2207 1108 digna

284 1111 439 1153 habita.
468 1110 573 1150 sicut
598 1110 698 1163 ipsa.
727 1122 859 1163 neque
885 1109 992 1150 funis
1020 1110 1103 1151 eius
1130 1110 1320 1164 diruptus
1346 1110 1410 1151 sit.
1465 1112 1497 1134 ⁴²⁴
1524 1110 1674 1152 Omnia
1700 1115 1839 1152 autem
1867 1125 1957 1165 quae
1982 1112 2059 1153 illis
2086 1112 2204 1162 fiunt,

284 1170 386 1211 falsa
411 1174 517 1210 sunt.
548 1168 763 1218 Quomodo
790 1168 1091 1214 aestimandum.
1121 1174 1194 1210 aut
1220 1169 1439 1210 dicendum
1466 1174 1538 1215 est.
1567 1169 1655 1211 illos
1682 1182 1766 1210 esse
1793 1170 1913 1211 deos?

391 1230 422 1252 ⁴⁵
445 1228 480 1268 A
501 1227 627 1268 fabris
650 1232 800 1270 autem.
826 1232 866 1268 et
889 1227 940 1268 ab
963 1228 1196 1269 aurificibus
1218 1228 1331 1269 13013
1351 1234 1459 1269 311111.
1512 1227 1622 1269 Nihil
1645 1228 1755 1270 aliud
1777 1234 1909 1278 erunt,
1934 1229 2010 1270 nisi
2031 1230 2072 1271 id
2096 1231 2206 1285 quod

288 1287 433 1329 volunt
456 1300 540 1328 esse
563 1286 805 1328 sacerdotes.
857 1287 893 1310 46
913 1286 1101 1328 Artifices
1124 1287 1248 1328 etiam
1271 1287 1358 1341 ipsi.
1385 1287 1453 1341 qui
1476 1300 1524 1328 ea
1544 1287 1714 1332 faciunt,
1739 1300 1821 1329 non
1843 1294 1941 1329 sunt
1962 1289 2083 1330 multi
2104 1295 2206 1330 tem-

287 1347 405 1401 poris.
426 1345 639 1399 Numquid
655 1358 747 1399 ergo
764 1350 937 1399 possunt
952 1358 1010 1390 ea.
1030 1359 1121 1399 quae
1135 1346 1339 1387 fabricata
1354 1351 1450 1387 sunt
1466 1346 1518 1387 ab
1533 1345 1642 1400 ipsis.
1660 1359 1745 1387 esse
1760 1346 1840 1387 dii?
1883 1349 1918 1371 47
1936 1347 2208 1401 Reliquerunt

286 1412 425 1447 autem
446 1405 560 1451 13133,
585 1411 625 1446 31
646 1404 912 1459 opprobrium
932 1409 1078 1459 postea
1097 1405 1258 1447 futuris.
1308 1406 1343 1430 46
1365 1405 1471 1446 Nam
1494 1418 1587 1446 cum
1608 1405 1890 1459 supervenerit
1909 1405 1987 1447 illis
2007 1406 2204 1460 praelium,

283 1471 324 1506 et
352 1464 478 1513 mala;
509 1463 694 1518 cogitant
721 1464 952 1505 sacerdotes
981 1464 1092 1518 apud
1121 1477 1173 1513 se,
1204 1464 1273 1505 ubi
1302 1478 1342 1505 se
1372 1464 1630 1506 abscondant
1657 1477 1751 1505 curn
1779 1463 1867 1506 11113.
1924 1466 1960 1489 49
1989 1465 2204 1514 Quomodo

283 1537 375 1578 ergo
399 1523 539 1564 sentiri
562 1523 739 1564 debeant
764 1522 959 1576 quoniam
982 1522 1037 1564 dii
1060 1529 1168 1571 sunt,
1196 1523 1264 1577 qui
1288 1536 1360 1564 nec
1384 1523 1433 1564 de
1456 1523 1561 1564 bello
1585 1536 1625 1564 se
1648 1522 1836 1572 liberant.
1862 1536 1994 1578 neque
2018 1525 2067 1566 de
2090 1524 2207 1566 malis

281 1597 323 1624 se
347 1582 549 1636 eripiunt?
600 1583 637 1606 ⁵⁰
660 1581 766 1622 Nam
790 1595 882 1622 cum
906 1581 989 1623 sint
1010 1581 1154 1636 lignea.
1180 1582 1382 1631 inaurata,
1408 1588 1450 1623 et
1471 1582 1745 1636 inargentata,
1771 1582 1922 1623 scietur
1943 1588 2090 1637 postea
2113 1583 2209 1638 quia

282 1642 386 1683 13133
407 1646 503 1682 sunt
525 1641 576 1682 ab
599 1640 797 1681 universis
819 1640 1033 1689 Gentibus,
1058 1646 1099 1681 et
1119 1641 1300 1694 regibus:
1325 1654 1416 1695 quae
1436 1640 1658 1681 manifesta
1678 1645 1775 1682 sunt
1797 1641 1894 1695 quia
1914 1655 1997 1683 non
2019 1648 2117 1684 sunt
2137 1642 2205 1691 (111,

283 1701 352 1742 33(1
378 1713 501 1755 opera
525 1712 723 1740 manuum
748 1699 974 1744 hominum.
1002 1705 1043 1740 et
1067 1699 1225 1740 nullum
1250 1700 1326 1741 Dei
1352 1713 1453 1754 opus
1479 1713 1571 1741 cum
1596 1699 1685 1741 illis.
1739 1701 1770 1724 ⁵1
1797 1699 1917 1742 Unde
1942 1713 2035 1755 ergo
2060 1706 2208 1743 notum

282 1766 355 1802 est.
378 1759 472 1813 quia
492 1772 573 1800 non
591 1764 689 1799 sunt
707 1757 773 1802 dii.
795 1758 865 1799 sed
884 1771 1008 1812 opera
1026 1772 1225 1800 manuum
1244 1759 1470 1804 hominum.
1491 1764 1533 1800 et.
1550 1758 1708 1800 nullum
1727 1759 1804 1800 Dei
1823 1772 1924 1813 opus
1943 1759 1985 1801 in
2003 1760 2100 1814 ipsis
2119 1760 2205 1801 est?

390 1820 421 1843 ⁵2
443 1819 596 1872 Regem
614 1817 767 1872 regioni
784 1830 866 1858 non
886 1817 1099 1865 suscitant,
1121 1831 1253 1872 neque
1271 1818 1456 1872 pluviam
1474 1817 1709 1859 hominibus
1728 1818 1901 1860 dabunt.
1949 1820 1983 1844 ⁵3
2004 1819 2207 1860 Iudicium

286 1891 448 1932 quoque
476 1891 558 1919 non
587 1877 828 1925 discernent,
859 1890 991 1931 neque
1019 1877 1200 1931 regiones
1228 1877 1463 1918 liberabunt
1491 1877 1543 1918 ab
1572 1876 1736 1917 iniuria:
1767 1876 1865 1931 quia
1891 1877 1992 1919 nihil
2018 1883 2205 1932 possunt,

283 1937 388 1978 sicut
406 1936 620 1978 corniculae
636 1936 742 1977 inter
758 1935 939 1977 medium
957 1936 1053 1985 caeh,
1074 1941 1116 1977 et
1132 1942 1261 1978 terrae.
1307 1938 1340 1961 ⁵4
1358 1936 1524 1977 Etenim
1542 1949 1635 1977 cum
1653 1935 1842 1978 inciderit
1858 1935 1961 1990 ignis
1978 1936 2020 1977 in
2037 1937 2207 1978 domum

283 1997 452 2038 deorum
474 1996 712 2049 ligneorum.
739 2000 1037 2049 argenteorum,
1064 2000 1105 2036 et
1128 2008 1357 2045 aureorum,
1383 1995 1614 2037 sacerdotes
1639 1994 1805 2049 quidem
1827 1995 2011 2048 ipsorum
2032 1995 2204 2050 fugient,

283 2061 323 2096 et
350 2055 652 2096 liberabuntur:
681 2053 757 2108 ipsi
784 2067 880 2095 vero
908 2054 1013 2096 sicut
1039 2054 1177 2096 trabes
1203 2055 1245 2095 in
1271 2054 1406 2096 medio
1434 2054 1738 2097 comburentur.
1795 2055 1827 2078 55
1856 2054 1957 2108 Regi
1984 2059 2136 2101 autem.
2167 2060 2209 2097 et

283 2113 387 2155 bello
409 2127 490 2155 non
510 2113 712 2154 resistent.
737 2113 952 2162 Quomodo
974 2126 1066 2167 ergo
1088 2114 1378 2155 aestimandum
1399 2118 1472 2163 est,
1496 2119 1569 2155 aut
1589 2112 1869 2167 recipiendum
1891 2113 1988 2167 quia
2008 2113 2064 2155 dii
2084 2113 2206 2155 sunt?

390 2175 425 2197 5⁶
458 2173 547 2214 Non
581 2185 604 2212 3
633 2172 803 2219 1111111113,
837 2185 968 2226 neque
1000 2185 1025 2213 a
1052 2172 1282 2214 latronibus
1313 2186 1353 2214 se
1383 2173 1619 2214 liberabunt
1650 2172 1705 2213 dii
1734 2172 1867 2226 lignei,
1901 2178 1942 2214 et
1971 2171 2133 2226 lapidei,
2167 2179 2209 2214 et

286 2231 463 2273 inaurati
491 2238 531 2272 et
559 2231 820 2285 inargentati,
851 2231 999 2284 quibus
1026 2230 1079 2277 hi.
1112 2231 1180 2285 qui
1207 2231 1395 2273 fortiores
1423 2236 1531 2280 sunt,
1587 2233 1622 2256 57
1651 2244 1808 2280 311111111,
1839 2237 1881 2272 31
1908 2237 2137 2286 argentum,
2167 2237 2208 2273 et

286 2291 593 2339 vestimentum,
623 2303 702 2343 quo
729 2290 860 2343 operti
886 2295 994 2338 sunt,
1023 2289 1210 2331 auferent
1234 2289 1323 2340 11113,
1352 2295 1393 2331 31
1419 2290 1605 2338 abibunt.
1634 2303 1707 2331 nec
1732 2289 1809 2331 sibi
1834 2289 2034 2331 auxilium
2058 2290 2204 2332 ferent.

282 2351 318 2375 ⁵⁸
341 2350 488 2403 Itaque
509 2349 651 2390 melius
673 2356 734 2390 est
755 2361 840 2389 esse
860 2361 995 2403 regem
1016 2354 1297 2390 ostentantem
1318 2349 1518 2390 virtutem
1539 2362 1674 2390 suam:
1698 2353 1771 2389 aut
1791 2361 1864 2389 vas
1885 2348 1927 2389 in
1948 2349 2070 2390 domo
2092 2349 2204 2392 utile.

283 2410 322 2449 in
353 2422 432 2462 quo
461 2408 703 2462 gloriabitur
732 2408 800 2461 qui
828 2407 1011 2461 possidet
1038 2407 1157 2449 illud:
1188 2408 1252 2449 vel
1281 2408 1432 2450 ostium
1460 2408 1502 2448 in
1531 2408 1664 2453 domo.
1697 2407 1807 2461 quod
1837 2407 2020 2449 custodit
2048 2421 2139 2462 quae
2166 2408 2207 2449 in

283 2469 371 2522 ipsa
399 2473 506 2513 311111,
538 2480 663 2521 quam
690 2466 782 2507 falsi
810 2466 876 2508 dii.
933 2468 969 2491 5⁹
997 2466 1064 2508 Sol
1094 2467 1271 2521 quidem.
1302 2472 1343 2508 et
1370 2467 1479 2515 luna,
1511 2479 1557 2508 ac
1585 2466 1716 2507 sidera
1745 2479 1838 2507 cum
1866 2465 1950 2507 sint
1977 2466 2205 2521 splendida,

283 2533 324 2568 et
340 2527 487 2568 emissa
503 2526 555 2567 ad
572 2525 785 2573 utilitates,
805 2525 1048 2567 obaudiunt.
1097 2527 1134 2550 ⁶⁰
1148 2525 1343 2567 Similiter
1358 2532 1399 2567 et
1415 2526 1550 2580 fulgur
1566 2539 1659 2567 cum
1676 2525 1925 2579 apparuerit,
1945 2526 2206 2579 perspicuum

284 2591 362 2626 est:
390 2585 431 2626 id
456 2585 590 2639 ipsum
617 2590 755 2625 autem
782 2590 823 2626 et
848 2584 1014 2638 spiritus
1040 2585 1080 2625 in
1107 2585 1218 2626 omni
1243 2585 1404 2639 regione
1430 2585 1571 2639 spirat.
1629 2585 1659 2608 ⁶¹
1686 2584 1742 2625 Et
1767 2584 1907 2633 nubes,
1938 2584 2086 2638 quibus
2113 2597 2206 2626 cum

283 2645 531 2698 imperatum
553 2643 675 2684 fuerit
697 2656 721 2684 3
739 2644 827 2684 Deo
848 2643 1132 2697 perambulare
1152 2644 1389 2685 universum
1411 2644 1563 2693 orbem,
1586 2643 1803 2697 perficiunt
1827 2643 1937 2697 quod
1956 2643 2207 2698 imperatum

284 2708 346 2744 est
373 2703 439 2744 eis.
498 2704 530 2727 ⁶²
559 2703 666 2756 Ignis
694 2702 818 2743 etiarn
845 2702 990 2743 missus
1018 2703 1191 2756 desuper
1216 2709 1264 2743 ut
1290 2708 1508 2744 consumat
1533 2707 1705 2745 montes.
1735 2707 1776 2743 et
1802 2701 1936 2751 silvas,
1967 2702 2068 2743 facit
2095 2702 2206 2756 quod

285 2768 535 2816 praeceptum
558 2768 619 2802 est
642 2762 687 2803 ei.
714 2761 812 2802 Haec
835 2766 973 2802 autem
996 2774 1128 2815 neque
1151 2762 1373 2815 speciebus,
1398 2775 1529 2815 neque
1552 2761 1777 2802 virtutibus
1801 2761 1870 2801 uni
1892 2773 2035 2802 eorum
2058 2760 2207 2802 similia

285 2828 392 2862 sunt.
451 2823 483 2845 ⁶³
509 2820 627 2862 Unde
653 2833 784 2874 neque
810 2820 1131 2862 existimandum
1158 2826 1230 2869 est,
1259 2833 1390 2874 neque
1417 2820 1647 2862 dicendum.
1675 2819 1763 2861 illos
1790 2832 1874 2860 esse
1900 2820 2009 2869 deos,
2039 2819 2204 2873 quando

287 2893 367 2921 non
385 2886 555 2933 possunt
573 2892 704 2933 neque
720 2879 915 2921 iudicium
931 2879 1121 2925 iudicare,
1140 2893 1271 2933 neque
1289 2880 1515 2934 quidquam
1531 2879 1664 2920 facere
1680 2878 1927 2920 hominibus.
1977 2879 2009 2903 ⁶⁴
2024 2878 2205 2920 Scientes

287 2939 426 2992 itaque
453 2939 549 2993 quia
573 2952 655 2980 non
681 2944 777 2979 sunt
802 2938 869 2985 dii,
897 2951 946 2979 ne
972 2951 1064 2992 ergo
1092 2938 1310 2979 timueritis
1336 2951 1414 2980 303.

398 3000 429 3022 65
455 2998 596 3051 Neque
621 2997 728 3038 enim
752 2997 913 3051 regibus
938 2996 1194 3041 maledicent.
1222 3010 1353 3051 neque
1379 2998 1631 3039 benedicent.
1689 2998 1723 3020 66
1747 2996 1871 3049 Signa
1895 2996 2020 3037 etiam
2044 2995 2085 3036 in
2110 2995 2204 3037 caelo

290 3056 491 3097 Gentibus
510 3069 591 3097 non
611 3056 847 3098 ostendunt.
869 3069 1000 3110 neque
1019 3062 1066 3097 ut
1085 3056 1143 3097 sol
1160 3055 1369 3101 lucebunt,
1391 3069 1522 3110 neque
1541 3055 1833 3097 illuminabunt
1852 3060 1899 3096 ut
1916 3054 2025 3096 luna.
2076 3056 2110 3079 67
2130 3054 2205 3095 Β3-

291 3115 378 3156 stiae
401 3115 584 3156 meliores
608 3121 703 3156 sunt
726 3114 813 3158 illis.
841 3128 930 3168 quae
953 3120 1125 3168 possunt
1147 3115 1285 3168 fugere
1308 3115 1383 3156 31111
1407 3121 1575 3157 130111111,
1602 3127 1647 3155 30
1670 3114 1860 3167 prodesse
1883 3113 1970 3155 sibi.
2025 3115 2060 3137 66
2084 3112 2204 3154 Ν11Πο

289 3174 427 3226 itaque
457 3174 578 3215 modo
610 3174 724 3214 nobis
755 3180 816 3215 est
845 3174 1112 3214 manifestum
1143 3174 1239 3227 quia
1268 3179 1364 3215 sunt
1394 3173 1466 3215 dii:
1498 3179 1665 3228 propter
1696 3173 1804 3225 quod
1834 3185 1883 3213 ne
1913 3172 2093 3213 timeatis
2123 3184 2202 3213 eos.

397 3234 432 3255 ⁶⁹
452 3232 556 3273 Nam
574 3233 679 3273 sicut
696 3232 737 3273 in
753 3233 1028 3273 cucumerario
1047 3232 1220 3273 formido
1239 3232 1338 3273 nihil
1354 3233 1552 3274 custodit:
1575 3233 1633 3273 ita
1650 3238 1745 3272 sunt
1761 3230 1815 3271 dii
1835 3230 1995 3272 illorum
2015 3230 2147 3284 lignei.
2165 3236 2206 3271 et

293 3291 484 3343 argentei.
503 3298 542 3331 et
563 3291 752 3332 inaurati.
803 3292 839 3315 ⁷⁰
855 3292 1013 3332 Eodem
1031 3291 1152 3332 modo
1170 3296 1209 3331 et
1231 3291 1271 3331 in
1293 3291 1411 3333 horto
1427 3292 1545 3345 spina
1565 3291 1669 3335 alba.
1687 3303 1810 3343 supra
1829 3302 1951 3344 quam
1970 3288 2100 3330 omnis
2119 3289 2205 3329 avis

290 3349 414 3389 sedet.
433 3349 625 3390 Similiter
637 3356 677 3391 et
692 3355 854 3391 mortuo
868 3350 1048 3403 proiecto
1062 3350 1102 3390 in
1115 3350 1292 3390 tenebris
1306 3350 1454 3391 similes
1468 3356 1565 3392 sunt
1576 3349 1631 3391 dii
1644 3349 1804 3390 illorum
1817 3347 1948 3402 lignei.
1959 3354 2001 3388 et
2011 3347 2203 3396 inaurati,

290 3414 329 3448 et
350 3407 616 3461 inargentati:
663 3411 691 3432 ⁷¹
708 3409 743 3449 A
760 3421 944 3462 purpura
958 3422 1120 3463 quoque
1137 3415 1177 3449 et
1194 3409 1357 3453 murice.
1375 3422 1465 3462 quae
1481 3422 1605 3464 supra
1621 3408 1708 3449 illos
1727 3407 1898 3455 tineant.
1914 3406 2048 3447 scietis
2065 3406 2205 3460 itaque

291 3466 385 3519 quia
404 3479 485 3506 non
504 3473 598 3506 sunt
615 3467 681 3507 dii.
714 3467 794 3520 lpsi
813 3467 937 3508 etiam
955 3474 1163 3521 postremo
1179 3467 1462 3510 comeduntur.
1486 3473 1526 3509 et
1545 3472 1663 3509 erunt
1684 3465 1948 3520 opprobrium
1968 3465 2010 3506 in
2029 3465 2203 3519 regione.

293 3527 324 3548 ⁷²
343 3524 484 3565 Melior
510 3531 571 3565 est
598 3525 718 3566 homo
745 3526 888 3574 iustus,
913 3526 981 3579 qui
1004 3539 1085 3567 non
1105 3526 1225 3566 habet
1252 3526 1516 3567 simulachra:
1545 3540 1639 3568 nam
1661 3525 1736 3565 erit
1757 3524 1874 3577 longe
1895 3524 1947 3564 ab
1965 3522 2203 3577 opprobriis.
