2356 3760
114 138 166 178 12,
193 137 332 176 24—13,
359 137 376 169 7
875 137 1249 172 MAGHABAEORL‘M
1927 151 2001 191 947

114 230 296 271 instabat
326 228 496 282 puniens
527 227 730 291 profanos,
763 232 805 269 et
834 230 1058 282 prostravit
1088 243 1136 271 ex
1167 230 1221 272 eis
1252 231 1420 285 triginta
1449 233 1573 275 millia
1604 235 1791 280 virorum.
1849 243 1881 265 '24
1913 242 2002 295 Ipse

114 301 208 329 vero
225 288 461 329 Timotheus
476 285 619 326 incidit
633 285 674 325 in
690 290 826 338 partes
841 287 1038 332 Dosithei,
1056 293 1097 329 et
1111 289 1345 342 Sosipatris:
1363 296 1404 331 et
1417 291 1556 333 multis
1571 294 1753 346 precibus
1769 299 2004 349 postulabat

113 352 160 388 ut
186 346 304 387 vivus
332 345 618 391 dimitteretur,
648 357 693 384 eo
722 345 831 397 quod
857 345 1079 386 multorum
1106 360 1155 387 ex
1184 348 1328 388 Iudaeis
1355 355 1541 401 parentes
1568 351 1746 398 haberet,
1776 368 1821 395 ac
1847 356 2000 398 fratres.

114 418 214 459 quos
244 409 375 446 morte
406 403 489 444 eius
520 401 650 455 decipi
680 402 871 444 eveniret.
931 405 962 428 2⁵
992 404 1048 444 Et
1077 418 1168 445 cum
1199 406 1320 446 fidem
1350 407 1526 448 dedisset
1555 410 1839 453 restituturum
1869 427 1908 453 se
1939 396 2003 455 eos

113 463 336 504 secundum
366 461 650 505 constitutum,
682 459 850 501 illaesum
881 474 973 502 eum
1003 462 1243 504 dimiserunt
1270 470 1436 517 propter
1463 466 1635 507 fratrum
1666 469 1849 511 salutem.

217 522 252 546 2⁶
284 520 407 561 Iudas
438 524 576 560 autem
607 531 786 572 egressus
817 524 878 560 est
908 520 960 561 ad
991 520 1175 564 Carnion.
1208 521 1429 563 interfectis
1460 524 1785 581 vigintiquinque
1815 528 2001 571 millibus.
2033 572 2037 573 ⁷
2067 538 2147 562 urbe-s

112 582 146 605 2⁷
172 580 271 621 Post
295 579 441 620 horum
464 578 616 631 fugam,
644 582 685 618 et
709 590 859 626 necem,
886 578 1018 619 movit
1042 579 1263 619 exercitum
1289 581 1340 620 ad
1365 581 1531 633 Ephron
1556 583 1764 625 civitatem
1790 587 2001 629 munitam.
2025 572 2189 636 “aesliii‘sssshf‘

112 639 153 679 in
187 651 269 691 qua
299 636 522 678 multitudo
556 635 807 676 diversarum
839 636 1022 690 gentium
1055 636 1290 678 habitabat:
1326 643 1366 678 et
1398 640 1553 680 robusti
1586 640 1748 683 iuvenes
1781 657 1852 697 pro
1885 646 2008 686 muris
2164 627 2169 637 ’

113 696 380 738 consistentes
405 694 567 736 fortiter
591 695 895 748 repugnabant:
922 695 964 735 in
990 695 1066 736 hac
1093 700 1231 736 autem
1257 696 1455 738 machinae
1480 698 1629 742 multae.
1659 705 1699 740 et
1725 701 1895 743 telorum
1923 708 2010 744 erat

113 759 348 808 apparatus.
395 754 430 778 2⁸
446 753 537 801 Sed,
558 766 649 793 cum
668 752 1004 807 Omnipotentem
1021 753 1292 802 invocassent,
1314 755 1381 808 qui
1399 760 1603 808 potestate
1622 770 1694 798 sua
1710 758 1813 800 vires
1831 761 2008 801 hostium

113 812 342 867 confringit,
377 816 572 865 ceperunt
604 811 833 852 civitatem:
868 816 909 852 et
941 825 990 852 ex
1022 811 1088 861 eis,
1125 812 1193 865 qui
1224 812 1334 854 intus
1367 818 1494 858 erant,
1529 814 1853 870 vigintiquinque
1885 818 2010 859 millia

112 874 435 926 prostraverunt.
497 871 533 894 2⁹
568 870 667 911 lnde
701 870 753 911 ad
787 870 998 911 civitatem
1031 870 1278 924 Scytharum
1312 871 1511 917 abierunt,
1549 886 1637 926 quae
1671 875 1721 915 ab
1757 875 2009 925 ierosolymis

112 929 312 971 sexcentis
347 928 489 969 stadiis
524 929 677 969 aberat.
740 930 776 953 ³⁰
809 928 1145 970 Contestantibus
1180 934 1318 969 autem
1353 929 1425 975 his,
1463 930 1531 983 qui
1565 932 1674 984 apud
1708 922 2009 986 Scythopolitas

112 993 240 1037 erant,
282 987 440 1036 Iudaeis,
481 987 589 1040 quod
628 987 798 1040 benigne
836 988 887 1028 ab
925 987 979 1028 eis
1016 987 1274 1030 haberentur.
1315 988 1437 1028 etiam
1476 990 1726 1042 temporibus
1763 991 2010 1032 infelicitatis

113 1048 223 1101 quod
247 1047 431 1088 modeste
456 1059 593 1086 secum
618 1045 789 1099 egerint:
842 1047 874 1070 ³1
899 1045 1050 1099 gratias
1076 1050 1240 1099 agentes
1266 1045 1332 1089 eis,
1360 1052 1401 1087 et
1425 1047 1630 1088 exhortati
1656 1048 1778 1089 etiam
1804 1050 1853 1090 de
1878 1055 2009 1091 cetero

112 1119 207 1171 erga
228 1117 354 1159 genus
378 1117 496 1145 suum
521 1104 715 1157 benignos
739 1117 834 1148 esse,
861 1109 1061 1144 venerunt
1086 1103 1375 1157 lerosolymam
1400 1104 1462 1145 die
1486 1104 1667 1146 sollemni
1691 1107 2009 1160 septimanarum

112 1169 304 1205 instante.

216 1225 248 1248 ³2
264 1222 320 1263 Et
334 1227 429 1276 post
444 1222 713 1263 Pentecosten
730 1220 918 1262 abierunt
933 1226 1074 1262 contra
1090 1220 1281 1274 Gorgiam
1296 1221 1559 1274 praepositum
1578 1222 1776 1264 Idumaeae.
1820 1226 1852 1248 33
1868 1224 2007 1264 Exivit
2059 1227 2189 1266 GOsgifflfl

112 1286 251 1322 autem
279 1294 371 1322 cum
397 1280 604 1334 peditibus
631 1280 760 1320 tribus
787 1279 976 1323 millibus.
1006 1284 1047 1319 et
1072 1278 1277 1332 equitibus
1306 1278 1622 1332 quadringentis.
1677 1283 1709 1305 34
1736 1281 1890 1329 Quibus
1917 1295 2008 1322 0011-
2022 1264 2203 1322 μῖἷιῗῗῖῗέἒῗ

111 1339 267 1394 gressis,
295 1339 467 1392 contigit
492 1351 642 1392 paucos
668 1351 782 1379 ruere
809 1338 1051 1379 Iudaeorum.
1104 1339 1136 1362 ³⁵
1161 1336 1382 1378 Dositheus
1408 1349 1502 1377 vero
1530 1337 1696 1390 quidam
1721 1339 1770 1379 de
1797 1339 2011 1380 Bacenoris

112 1412 246 1452 eques,
268 1398 330 1438 vir
346 1397 475 1441 fortis.
497 1397 688 1449 Gorgiam
707 1396 894 1436 tenebat:
915 1400 967 1440 et,
989 1408 1081 1435 cum
1100 1394 1223 1434 vellet
1240 1394 1353 1434 illum
1373 1407 1514 1447 capere
1533 1395 1686 1444 vivum,
1707 1409 1827 1449 eques
1847 1397 2012 1450 quidam

112 1458 162 1498 de
184 1456 407 1497 Thracibus
429 1455 547 1495 irruit
567 1454 608 1494 in
631 1467 735 1499 eum,
759 1454 1056 1505 humerumque
1078 1452 1161 1493 eius
1184 1452 1436 1505 amputavit:
1460 1458 1583 1506 atque
1605 1453 1664 1494 ita
1684 1454 1851 1507 Gorgias
1873 1455 2015 1505 effugit

111 1515 153 1556 in
184 1515 353 1555 Maresa.
413 1515 449 1538 ³⁶
480 1513 536 1553 At
566 1511 654 1559 illis,
690 1511 758 1565 qui
790 1524 882 1552 curn
914 1511 1061 1552 Esdrin
1093 1515 1221 1555 erant,
1255 1510 1408 1551 diutius
1439 1511 1716 1564 pugnantibus
1748 1518 1789 1552 et
1818 1506 2012 1565 fatigatis,

112 1572 323 1614 invocavit
344 1572 467 1612 Iudas
486 1571 711 1612 Dominum
731 1570 972 1619 adiutorem,
995 1575 1036 1610 et
1055 1569 1199 1610 ducem
1220 1568 1312 1609 belli
1332 1568 1434 1609 fieri:
1481 1571 1516 1594 ³⁷
1536 1569 1729 1623 incipiens
1749 1583 1847 1612 voce
1866 1571 2011 1624 patria,

113 1637 155 1673 et
182 1645 275 1673 cum
303 1630 466 1684 hymnis
496 1629 713 1670 clamorem
742 1628 950 1677 extollens,
980 1628 1120 1682 fugam
1149 1628 1306 1681 Gorgiae
1333 1627 1530 1668 militibus
1558 1628 1737 1669 incussit.

217 1692 252 1715 33
278 1689 400 1730 Iudas
425 1693 563 1729 autem
587 1687 754 1728 collecto
779 1687 958 1727 exercitu
982 1686 1096 1727 venit
1117 1686 1158 1726 in
1182 1685 1392 1726 civitatem
1416 1686 1621 1727 Odollam:
1647 1691 1698 1735 et,
1725 1700 1815 1727 cum
1840 1686 2013 1740 septima
2039 1688 2124 1712 Iudas
2147 1694 2196 1726 1³³0

113 1749 197 1791 dies
230 1747 521 1802 superveniret,
556 1746 779 1787 secundum
812 1745 1147 1786 consuetudinem
1180 1744 1394 1798 purificati.
1428 1744 1469 1784 in
1502 1745 1642 1785 eodem
1673 1744 1760 1786 loco
1793 1746 2011 1785 sabbatum
2032 1723 2199 1782 >2ssiiffciiii1³

114 1812 294 1862 egerunt.
342 1808 378 1831 ³⁹
398 1806 455 1847 Et
473 1805 659 1859 sequenti
680 1804 743 1846 die
763 1803 877 1845 venit
897 1817 989 1844 cum
1010 1803 1090 1843 suis
1113 1803 1246 1845 Iudas.
1269 1807 1316 1843 ut
1336 1815 1505 1856 corpora
1523 1808 1819 1856 prostratorum
1840 1803 2010 1849 tolleret,
2069 1793 2160 1818 ⁰³⁹*

114 1872 156 1908 et
176 1880 269 1907 cum
289 1864 528 1919 parentibus
549 1868 719 1917 poneret
738 1862 779 1904 in
801 1862 1021 1916 sepulchris
1042 1861 1233 1915 paternis.
1283 1863 1320 1885 ‘¹⁰
1342 1861 1591 1901 Invenerunt
1612 1866 1749 1902 autem
1771 1862 1845 1902 sub
1867 1861 2013 1902 tunicis

114 1925 423 1966 interfectorum
454 1924 504 1964 de
535 1922 711 1963 donariis
743 1921 956 1967 idolorum,
992 1934 1081 1974 quse
1112 1920 1221 1973 apud
1255 1919 1455 1960 lamniam
1486 1920 1662 1963 fuerunt.
1700 1933 1743 1960 aa
1775 1920 1919 1973 quibus
1950 1919 2015 1960 lex

114 1983 305 2037 prohibet
321 1983 497 2023 Iudaeos:
514 1981 702 2022 omnibus
718 1993 810 2034 ergo
824 1979 1088 2020 manifestum
1103 1979 1258 2019 factum
1274 1984 1346 2021 est.
1364 1978 1414 2019 ob
1429 1977 1532 2018 hanc
1548 1991 1711 2018 causam
1727 1991 1792 2019 eos
1808 1978 2011 2018 corruisse.

114 2044 146 2067 ⁴²1
172 2042 323 2083 Omnes
348 2041 488 2094 itaque
514 2039 811 2081 benedixerunt
835 2038 990 2079 iustum
1014 2037 1208 2078 iudicium
1233 2035 1409 2083 Domini,
1439 2036 1506 2089 qui
1533 2036 1691 2077 occulta
1714 2036 1863 2076 fecerat
1888 2035 2014 2076 mani-

114 2100 231 2141 festa.
278 2101 310 2124 42
327 2100 465 2152 Atque
483 2098 541 2139 ita
561 2099 612 2139 ad
630 2110 766 2151 preces
785 2096 980 2144 conversi,
1000 2100 1248 2149 rogaverunt
1266 2100 1311 2135 ut
1330 2094 1382 2138 id.
1404 2095 1512 2147 quod
1530 2094 1685 2134 factum
1705 2099 1801 2139 erat,
1823 2093 2014 2135 delictum

115 2158 310 2200 oblivioni
344 2158 585 2198 traderetur.
621 2157 678 2197 At
711 2168 806 2196 vero
839 2154 1083 2196 fortissimus
1120 2154 1241 2194 Iudas
1274 2153 1519 2194 hortabatur
1551 2152 1746 2205 populum
1780 2164 2016 2193 conservare

115 2230 155 2259 se
174 2217 259 2258 sine
276 2221 458 2270 peccato,
480 2216 554 2256 sub
575 2214 699 2256 oculis
718 2214 904 2255 videntes
925 2226 1014 2267 quae
1032 2213 1144 2253 facta
1162 2217 1258 2252 sunt
1276 2224 1347 2264 pro
1367 2211 1543 2264 peccatis
1563 2224 1713 2253 eorum.
1736 2210 1803 2263 qui
1822 2210 2015 2263 prostrati

115 2280 223 2317 sunt.
274 2277 307 2300 ⁴²3
329 2275 386 2315 Et
406 2275 519 2315 facta
541 2273 767 2321 collatione,
793 2271 1007 2313 duodecim
1029 2270 1156 2311 millia
1178 2270 1391 2310 drachmas
1415 2269 1570 2322 argenti
1592 2268 1703 2309 misit
1728 2267 2012 2321 lerosolymam

116 2334 249 2376 offerri
264 2347 336 2387 pro
352 2333 530 2387 peccatis
545 2336 801 2373 mortuorum
817 2329 1069 2372 sacrificium.
1087 2329 1188 2369 bene
1204 2333 1244 2369 et
1258 2327 1437 2380 religiose
1454 2328 1501 2367 de
1516 2326 1805 2367 resurrectione
1820 2326 2012 2378 cogitans

116 2394 166 2445 (4⁴²
200 2392 277 2433 nisi
313 2391 419 2432 enim
456 2404 534 2440 eos,
574 2390 642 2444 qui
679 2389 920 2435 ceciderant,
957 2393 1250 2429 resurrecturos
1286 2390 1476 2439 speraret,
1515 2384 1761 2437 superfluum
1798 2383 2012 2424 videretur.

116 2456 157 2492 et
185 2464 339 2492 vanum
369 2463 482 2492 orare
510 2462 582 2503 pro
612 2448 800 2498 mortuis)
856 2449 888 2472 4⁵
917 2452 958 2488 et
987 2446 1083 2500 quia
1111 2444 1395 2486 considerabat
1424 2444 1532 2497 quod
1561 2443 1612 2487 111,
1645 2442 1713 2495 qui
1742 2455 1832 2482 011111
1861 2441 2015 2495 pietate

116 2509 404 2551 dormitionem
435 2512 687 2561 acceperant,
721 2506 919 2561 optimam
949 2505 1147 2546 haberent
1175 2503 1395 2556 repositam
1424 2501 1609 2555 gratiam.
1667 2502 1702 2524 4⁶
1731 2500 1881 2541 Sancta
1910 2512 2013 2551 ergo.

116 2573 158 2610 et
185 2567 357 2609 salubris
386 2572 447 2608 est
474 2566 668 2620 cogitatio
696 2578 769 2620 pro
797 2563 999 2606 defunctis
1028 2575 1204 2609 exorare,
1234 2566 1281 2602 ut
1308 2574 1331 2601 a
1358 2559 1533 2614 peccatis
1561 2559 1782 2600 solvantur.

412 2677 451 2717 4.
481 2675 682 2729 Eupator
711 2674 859 2715 victus
890 2684 990 2713 cum
1021 2671 1182 2712 ludaeis
1211 2668 1468 2722 paciscitur,
1496 2669 1562 2719 13,
1581 2667 1725 2708 1—26.

220 2746 284 2791 13.
340 2749 353 2771 ¹
380 2747 499 2788 Anno
528 2745 747 2787 centesimo
776 2742 1207 2799 quadragesimonono,
1238 2739 1429 2794 cognovit
1457 2739 1577 2778 Iudas
1604 2734 1851 2776 Antiochum
1878 2733 2012 2786 Eupa—

117 2811 247 2848 torem
264 2805 401 2846 venire
418 2818 511 2846 cum
526 2803 792 2845 multitudine
809 2803 1002 2843 adversus
1021 2801 1213 2847 Iudaeam,
1258 2800 1273 2823 2
1289 2803 1331 2839 et
1346 2811 1437 2839 cum
1455 2810 1499 2837 eo
1517 2794 1680 2848 Lysiam
1696 2796 2010 2846 procuratorem.

117 2870 159 2906 et
191 2864 457 2918 praepositum
489 2863 760 2917 negotiorum,
796 2874 932 2903 seeum
966 2860 1187 2900 habentem
1220 2857 1405 2911 peditum
1439 2859 1601 2895 centum
1636 2853 1773 2893 decem
1806 2849 1943 2892 millia.
1980 2855 2019 2889 et

118 2922 304 2977 equitum
329 2922 509 2976 quinque
532 2921 670 2969 millia,
697 2925 739 2962 et
761 2919 999 2973 elephantos
1024 2916 1169 2971 viginti
1193 2917 1306 2964 duos,
1333 2926 1469 2955 currus
1494 2925 1585 2953 cum
1609 2909 1779 2951 falcibus
1803 2913 2017 2949 trecentos.

221 2983 238 3006 3
262 2980 528 3022 Commiscuit
552 2984 691 3021 autem
716 2992 758 3019 se
782 2978 858 3018 illis
884 2982 925 3018 et
949 2976 1173 3017 Menelaus:
1202 2979 1242 3015 et
1267 2986 1358 3014 cum
1382 2971 1514 3012 multa
1537 2968 1698 3010 fallacia
1722 2967 2016 3020 deprecabatur
2042 2968 2203 3029 ”0533ssssssss

118 3039 381 3087 Antiochum,
406 3052 488 3080 non
510 3051 583 3092 pro
606 3037 750 3091 patriae
773 3036 916 3085 salute,
941 3036 1011 3076 sed
1034 3046 1198 3088 spera-ns
1222 3046 1262 3073 se
1286 3029 1478 3072 constitui
1501 3028 1541 3068 in
1564 3026 1850 3081 principatum.
1902 3025 1917 3048 4
1939 3023 2017 3065 Sed
2040 3010 2202 3069 depositum

120 3099 210 3139 Rex
237 3110 377 3151 regum
406 3096 623 3138 suscitavit
651 3096 807 3137 animos
836 3093 1028 3135 Antiochi
1056 3093 1097 3133 in
1126 3096 1397 3145 peccatorem:
1429 3092 1469 3128 et
1497 3089 1733 3139 suggerente
1762 3082 1883 3137 Lysia
1912 3082 2018 3121 hunc
2076 3076 2167 3101 ‘'effi“

119 3169 204 3198 esse
223 3168 390 3197 causam
409 3154 592 3196 omnium
610 3154 824 3202 malorum,
845 3153 962 3193 iussit
981 3154 1045 3203 (ut
1064 3150 1117 3191 eis
1137 3155 1197 3190 est
1216 3146 1482 3195 consuetudo)
1504 3143 1799 3197 apprehensum
1819 3141 1860 3180 in
1879 3140 2020 3181 eodem

118 3215 207 3256 1000
228 3213 375 3255 necari.
425 3215 441 3238 ⁵
462 3213 565 3254 Erat
587 3217 726 3253 autem
746 3212 788 3252 in
810 3212 951 3252 eodem
972 3209 1060 3251 loco
1083 3208 1203 3249 turris
1227 3203 1524 3259 quinquaginta
1544 3201 1787 3247 cubitorum,
1812 3202 2021 3262 aggestum

121 3273 303 3326 undique
329 3272 484 3313 habens
512 3270 672 3311 cineris:
701 3270 787 3311 haec
813 3274 1075 3323 prospectum
1102 3266 1281 3307 habebat
1307 3263 1347 3303 in
1375 3273 1563 3316 praeceps.
1622 3261 1637 3284 ⁶
1663 3259 1755 3299 inde
1783 3257 1823 3297 in
1850 3267 2020 3320 cinerem

123 3331 240 3372 deiici
265 3330 383 3372 iussit
408 3329 660 3382 sacrilegum,
689 3328 877 3370 omnibus
904 3340 995 3368 eum
1022 3322 1339 3380 propellentibus
1366 3321 1417 3361 ad
1442 3319 1666 3360 interitum.
1724 3317 1737 3339 ⁷
1763 3315 1819 3355 Et
1843 3313 1915 3354 tali
1940 3312 2022 3364 lege

2046 2734 2106 2759 Rex
2129 2739 2192 2758 Cun]

2027 2769 2110 2800 Lysia
2123 2769 2212 2796 venit,

262 3456 304 3489 40
328 3455 397 3489 aDt
420 3457 451 3495 7,
476 3456 528 3490 25.

1743 3496 1817 3537 60*
