2356 3760
126 174 174 199 filii
199 174 285 198 aucil-

104 210 136 233 13.»
151 208 296 234 Rae-belis:

166 534 239 560 Dan.

117 650 287 681 Nephthali:

124 721 168 746 tilii
192 722 275 747 :meil-

138 756 169 780 1ae
195 757 261 782 lazet

163 830 233 855 wad.

159 887 239 912 .kser;

127 957 174 981 tilii
201 957 267 982 Liae:

127 1421 266 1447 isachar.

127 1585 264 1610 Zabulon.

110 1622 184 1646 hina«
210 1621 278 1646 xiim:

158 1682 230 1705 iilius

124 1716 268 1740 izzxchviisz

141 1775 155 1798 14
166 1776 250 1805 kseph.

122 1959 266 2000 tiit-rezdes

313 82 363 121 26
1203 78 1348 112 LIBER
1960 79 2015 119 30,
2042 80 2162 119 1—30,
2187 80 2230 114 1ο

419 172 482 216 30.
539 175 551 197 ¹
587 174 761 214 Gemens
798 177 936 213 autem
973 172 1126 213 Rachel
1161 172 1272 226 quod
1306 172 1526 214 infecunda
1559 178 1676 221 esset,
1712 173 1863 214 invidit
1896 173 2022 214 sorori
2055 187 2149 218 suae.
2188 181 2230 215 et

312 232 372 273 ait
400 232 548 273 marito
577 245 669 273 suo:
699 231 765 272 Da
794 231 893 272 mihi
921 231 1079 273 liberos.
1111 230 1292 285 alioquin
1321 231 1481 272 moriar.
1539 234 1554 256 ²
1582 232 1656 273 Cui
1684 231 1813 273 iratus
1841 232 2054 285 respondit
2083 232 2226 274 Iacob:

314 291 423 331 Num
442 304 515 345 pro
535 291 623 332 Deo
644 303 716 343 ego
736 303 838 332 sum.
862 290 932 343 qui
951 289 1134 343 privavit
1153 294 1194 330 te
1213 290 1350 331 fructu
1371 291 1525 331 ventris
1546 290 1632 331 tui?
1680 293 1696 314 ³
1714 290 1771 331 At
1789 289 1876 331 illa:
1899 290 2057 335 Habeo.
2077 291 2226 346 inquit.

310 349 509 390 famulam
541 349 704 390 Balam:
737 348 944 402 ingredere
975 348 1028 389 ad
1057 347 1180 392 illam.
1214 353 1259 389 ut
1290 350 1425 403 pariat
1454 362 1575 402 super
1603 361 1737 403 genua·
1765 362 1869 395 mea,
1902 353 1943 390 et
1971 349 2149 390 habeam
2178 364 2228 392 ex

310 407 376 449 illa
398 408 512 449 filios.
560 411 575 433 ⁴
593 408 801 461 Deditque
819 406 876 447 illi
896 407 1041 448 Balam
1059 408 1100 448 in
1120 408 1371 462 coniugium:
1394 421 1495 461 quae,
1542 410 1557 432 ⁵
1576 408 1753 462 ingresso
1773 408 1827 448 ad
1844 420 1885 448 se
1903 408 2004 452 viro.
2025 409 2225 462 concepit.

310 472 352 508 et
372 468 529 521 peperit
554 466 694 507 filium.
747 467 762 490 ⁶
782 466 982 520 Dixitque
1005 466 1176 508 Rachel:
1202 467 1407 508 Iudicavit
1428 467 1527 507 mihi
1548 467 1763 509 Dominus.
1786 470 1829 507 et
1849 467 2062 508 exaudivit
2083 480 2227 509 vocem

311 539 457 570 meam.
492 526 594 566 dans
625 525 724 566 mihi
760 525 898 567 filium.
935 530 976 566 et
1006 526 1155 567 idcirco
1188 525 1414 580 appellavit
1445 538 1594 566 nomen
1625 525 1722 568 eius.
1755 525 1861 566 Dan.
1917 526 1930 548 ⁷
1964 526 2226 580 Rursumque

310 584 413 625 Bala-
435 584 677 638 concipiens,
702 585 862 639 peperit
885 584 1071 627 alterum.
1115 587 1129 606 ⁵²
1147 598 1219 638 pro
1244 598 1323 638 (1110
1349 585 1405 624 ait
1427 584 1597 625 Rachel:
1622 584 1890 638 Comparavit
1911 596 1976 625 me
1997 584 2109 626 Deus
2132 599 2226 626 cum

310 657 444 684 sorore
473 657 575 687 mea.
607 648 649 685 et
677 643 850 684 invalui:
882 644 1129 697 vocavitque
1159 657 1264 686 eum.
1297 643 1532 696 Nephthali.

413 704 428 727 ⁹
452 703 638 744 Sentiens
663 702 738 744 Lia
762 703 873 756 quod
897 715 1037 757 parere
1062 703 1258 745 desiisset.
1286 701 1481 755 Zelpham
1506 701 1696 743 ancillam
1721 715 1838 743 suam
1863 702 2012 743 marito
2036 703 2222 744 tradidit.

309 763 344 786 ¹⁰
365 762 457 810 Qua
479 767 571 815 post
595 767 839 815 conceptum
862 762 1008 803 edente
1034 761 1174 804 filium.
1227 762 1256 785 ¹¹
1280 761 1403 802 dixit:
1428 762 1460 801 F
1464 760 1626 803 eliciter.
1649 767 1690 802 et
1712 761 1861 802 idcirco
1883 761 2052 802 vocavit
2073 774 2223 802 nomen

306 821 402 863 eius.
423 821 525 862 Gad.
575 823 604 845 ¹²
622 821 785 874 Peperit
804 834 966 874 quoque
985 820 1138 873 Zelpha
1154 819 1341 861 alterum.
1389 822 1421 845 1³
1437 820 1637 874 Dixitque
1655 820 1746 861 Lia:
1768 820 1858 861 Hoc
1874 833 1948 874 pro
1966 820 2225 861 beatitudine

307 892 414 920 mea:
444 880 618 920 Beatam
644 880 794 933 quippe
822 892 884 919 me
910 879 1047 919 dicent
1072 878 1269 920 mulieres.
1310 886 1522 933 propterea
1549 879 1775 933 appellavit
1800 892 1906 923 eum.
1933 879 2045 920 Aser.

412 941 442 963 1⁴
456 938 651 993 Egressus
667 944 806 979 autem
824 938 970 978 Ruben
985 944 1169 992 tempore
1185 938 1324 979 messis
1340 938 1509 979 triticeae
1523 939 1565 979 in
1579 951 1734 992 agrum,
1748 938 1899 992 reperit
1909 937 2221 992 mandragoras:

306 1011 406 1051 quas
429 998 551 1039 matri
575 998 656 1038 Liae
678 997 838 1038 detulit.
863 997 1063 1051 Dixitque
1087 996 1259 1038 Rachel:
1282 998 1349 1038 Da
1370 997 1470 1038 mihi
1491 1002 1653 1051 partem
1676 998 1725 1039 de
1748 997 2029 1051 mandragoris
2055 996 2126 1037 filii
2147 997 2221 1038 tui.

305 1058 335 1080 ¹⁵
365 1056 435 1097 Illa
458 1057 686 1110 respondit:
712 1056 916 1097 Parumne
940 1055 1016 1096 tibi
1039 1056 1204 1097 videtur
1227 1056 1338 1110 quod
1360 1056 1615 1110 praeripueris
1639 1056 1836 1097 maritum
1858 1056 1971 1100 mihi.
1996 1055 2075 1097 nisi
2097 1055 2224 1096 etiam

305 1116 594 1169 mandragoras
615 1114 685 1156 filii
702 1115 779 1155 mei
797 1114 962 1156 tuleris?
980 1114 1051 1156 Ait
1070 1114 1241 1156 Rachel:
1259 1116 1452 1156 Dormiat
1467 1121 1605 1157 tecum
1620 1116 1698 1157 hac
1714 1121 1834 1157 nocte
1850 1128 1924 1169 pro
1941 1114 2224 1169 mandragoris

306 1174 376 1214 filii
401 1174 473 1215 tui.
528 1176 562 1198 ¹⁶
586 1174 875 1227 Redeuntique
898 1174 952 1214 ad
974 1187 1188 1228 vesperam
1214 1174 1338 1215 Iacob
1362 1175 1411 1215 de
1435 1187 1544 1228 agro,
1570 1187 1729 1229 egressa
1752 1179 1814 1216 est
1836 1175 1879 1215 in
1902 1186 2115 1216 occursum
2139 1173 2223 1214 eius

304 1233 388 1277 Lia,
414 1239 455 1274 et
477 1234 530 1274 ad
552 1246 628 1277 me,
654 1233 800 1286 inquit,
826 1233 1018 1274 intrabis:
1044 1233 1137 1286 quja
1162 1233 1346 1274 mercede
1370 1233 1549 1274 conduxi
1571 1238 1612 1274 te
1634 1246 1707 1287 pro
1730 1233 2011 1287 mandragoris
2037 1232 2109 1274 filii
2129 1232 2221 1273 mei.

302 1292 592 1346 Dormivitque
616 1306 709 1333 cum
734 1305 782 1333 ea
804 1296 925 1333 nocte
948 1291 1028 1333 illa.
1083 1293 1116 1316 1⁷
1141 1292 1198 1333 Et
1222 1292 1436 1333 exaudivit
1459 1293 1570 1333 Deus
1595 1305 1733 1346 preces
1758 1292 1861 1333 eius:
1887 1292 2156 1346 concepitque
2182 1296 2224 1332 et

303 1351 460 1404 peperit
486 1351 614 1392 filium
639 1351 843 1405 quintum,
896 1352 931 1375 18
955 1356 995 1392 et
1019 1352 1095 1392 ait:
1120 1351 1248 1392 Dedit
1270 1352 1381 1392 Deus
1404 1352 1634 1392 mercedem
1656 1351 1769 1394 mihi.
1797 1351 1893 1405 quia
1916 1351 2010 1392 dedi
2033 1350 2223 1391 ancillam

304 1423 437 1450 meam
461 1411 546 1451 viro
574 1423 675 1452 meo.
715 1409 1021 1464 appella-vitque
1048 1423 1197 1451 nomen
1225 1410 1321 1454 eius,
1353 1410 1549 1452 Issachar.
1606 1412 1641 1435 1⁹
1670 1411 1849 1451 Rursum
1877 1410 1951 1451 Lia
1978 1409 2221 1463 concipiens,

305 1470 461 1522 peperit
478 1474 642 1510 sextum
661 1469 803 1512 filium.
850 1470 886 1493 2⁰
902 1474 943 1510 et
960 1469 1037 1510 ait:
1056 1470 1233 1510 Dotavit
1249 1483 1314 1510 me
1331 1470 1443 1510 Deus
1461 1470 1557 1510 dote
1576 1470 1701 1511 bona:
1721 1470 1846 1510 etiam
1863 1469 1940 1510 hac
1956 1469 2044 1510 vice
2061 1481 2223 1509 mecum

305 1529 379 1568 erit
412 1529 583 1569 maritus
615 1541 742 1571 meus,
777 1542 822 1570 eo
856 1529 967 1582 quod
996 1529 1205 1582 genuerim
1237 1528 1272 1569 ei
1303 1542 1375 1569 sex
1408 1528 1529 1569 filios:
1563 1534 1603 1570 et
1635 1529 1784 1570 idcirco
1817 1527 2040 1582 appellavit
2073 1540 2223 1568 nomen

306 1587 400 1630 eius.
431 1587 625 1628 Zabulon.
682 1590 712 1611 ²1
738 1587 839 1628 Post
866 1601 988 1641 quem
1014 1587 1173 1641 peperit
1201 1587 1340 1630 filiam.
1367 1588 1532 1629 1101111119
1558 1588 1722 1629 Dinam.

408 1648 440 1670 ²²
471 1646 726 1687 Recordatus
757 1660 920 1700 quoque
948 1647 1151 1688 Dominus
1182 1646 1383 1689 Rachelis,
1416 1647 1630 1688 exaudivit
1659 1660 1761 1691 eam.
1793 1652 1835 1687 et
1864 1646 2025 1700 aperuit
2053 1645 2222 1686 vulvam

304 1706 398 1745 eius.
452 1707 483 1729 ²3
506 1706 606 1754 Quae
627 1706 826 1759 concepit.
851 1711 893 1747 et
914 1706 1073 1760 peperit
1098 1705 1239 1748 filium.
1264 1706 1419 1747 dicens:
1444 1706 1630 1747 Abstulit
1651 1706 1762 1747 Deus
1782 1705 2047 1760 opprobrium
2070 1717 2219 1745 meum.

303 1766 333 1788 2⁴
369 1764 420 1805 Et
449 1765 617 1805 vocavit
647 1778 797 1805 nomen
828 1765 923 1808 eius.
959 1765 1117 1818 Ioseph.
1151 1765 1305 1805 dicens:
1338 1765 1479 1806 Addat
1509 1765 1609 1806 mihi
1638 1765 1840 1806 Dominus
1872 1764 2003 1806 filium
2032 1763 2219 1804 alterum.

796 1871 834 1909 7.
866 1869 1014 1910 iacobi
1043 1880 1220 1922 greges
1251 1871 1440 1922 copiosi,
1470 1870 1536 1921 30,
1556 1869 1730 1911 25—43.

407 1936 439 1958 ‘2⁷'
456 1934 492 1974 N
496 1940 565 1975 ato
582 1940 722 1975 autem
740 1935 899 1988 Ioseph.
918 1935 1023 1976 dixit
1040 1935 1164 1977 Iacob
1180 1949 1316 1977 socero
1333 1949 1424 1977 suo:
1441 1935 1617 1976 Dimitte
1632 1949 1697 1977 me
1712 1940 1759 1976 ut
1775 1942 1957 1976 revertar
1971 1936 2014 1976 in
2027 1935 2218 1989 patriam,

166 2017 250 2035 «0011,
303 1998 343 2033 91
370 1993 423 2033 3(1
448 1998 600 2033 19113111
625 2006 772 2034 11193111.
827 1995 863 2017 ²⁶
887 1994 954 2034 Da
978 1994 1078 2034 mihi
1103 2007 1262 2039 uxores,
1291 2000 1332 2035 et
1356 1994 1503 2035 liberos
1529 2008 1652 2043 meos,
1679 2007 1753 2048 pro
1781 1995 1929 2048 quibus
1955 1994 2105 2036 servivi
2130 1993 2219 2038 tibi.

142 2831 247 2859 (11ιί1111κ

135 2901 254 2925 ditatur.

300 2058 347 2092 ut
365 2052 529 2093 abeam:
551 2057 596 2093 tu
614 2053 722 2093 nosti
741 2053 985 2093 servitutem
1006 2066 1085 2106 qua
1105 2053 1255 2094 servivi
1274 2053 1361 2094 tibi.
1409 2054 1442 2077 2⁷
1462 2053 1534 2094 Ait
1550 2052 1608 2094 illi
1627 2053 1788 2094 Labant
1812 2053 2026 2094 Inveniam
2043 2054 2220 2108 gratiam

300 2111 339 2151 in
376 2116 597 2165 conspectu
633 2117 725 2152 tuo:
763 2112 1043 2165 experimento
1080 2112 1214 2155 didici.
1254 2113 1348 2166 quia
1386 2112 1640 2154 benedixerit
1674 2112 1774 2153 mihi
1809 2113 1921 2153 Deus
1955 2116 2125 2166 propter
2159 2117 2218 2154 te:

298 2171 334 2194 ²8
361 2170 566 2211 constitue
593 2170 822 2212 mercedem
850 2177 967 2211 tuam
997 2184 1121 2225 quam
1149 2171 1242 2212 dem
1270 2171 1358 2213 tibi.
1416 2173 1451 2196 2⁹
1478 2172 1534 2212 At
1561 2171 1627 2213 ille
1653 2171 1884 2225 respondit:
1913 2171 1975 2212 Tu
2002 2172 2111 2212 nosti
2139 2185 2220 2226 quo

302 2229 422 2270 modo
447 2229 655 2270 servierim
679 2229 766 2272 11111.
794 2234 835 2270 et.
860 2235 1016 2283 quanta
1040 2230 1081 2271 in
1105 2231 1295 2271 manibus
1319 2231 1419 2271 meis
1443 2230 1568 2271 fuerit
1591 2230 1791 2284 possessio
1816 2236 1900 2272 tua.
1953 2232 1990 2255 3⁰
2012 2230 2220 2272 Modicum

302 2288 482 2329 habuisti
515 2293 739 2342 antequam
772 2289 954 2330 venirem
988 2289 1039 2330 ad
1073 2294 1125 2332 te.
1161 2294 1201 2330 et
1234 2303 1342 2330 nunc
1375 2290 1489 2331 dives
1523 2289 1691 2331 effectus
1725 2303 1784 2331 es:
1820 2289 2111 2343 benedixitque
2143 2289 2220 2330 tibi

301 2347 500 2388 Dominus
534 2347 587 2389 ad
618 2348 834 2389 introitum
868 2361 1015 2390 meum.
1053 2349 1208 2389 iustum
1240 2355 1301 2389 est
1333 2348 1458 2403 igitur
1489 2353 1535 2389 ut
1568 2348 1790 2402 aliquando
1822 2348 2062 2402 provideam
2094 2348 2220 2390 etia-m

301 2406 441 2447 domui
469 2419 579 2448 meae.
637 2409 668 2431 3¹
697 2407 897 2461 Dixitque
926 2408 1087 2448 Laban:
1119 2407 1227 2456 Quid
1255 2408 1331 2449 tibi
1359 2408 1491 2460 dabo?
1522 2409 1578 2448 At
1605 2407 1670 2448 ille
1699 2408 1776 2448 ait:
1807 2407 1920 2449 Nihil
1947 2407 2059 2449 volo:
2089 2407 2162 2449 sed
2188 2408 2220 2449 si

300 2465 440 2505 feceris
473 2466 583 2519 quod
614 2465 789 2520 postulo.
823 2467 972 2507 iterum
1004 2479 1182 2520 pascam.
1217 2471 1256 2507 et
1289 2467 1519 2508 custodiam
1550 2479 1697 2521 pecora
1728 2471 1813 2508 tua.
1873 2469 1906 2492 3²
1936 2466 2049 2521 Gyra
2080 2479 2219 2508 omnes

300 2537 437 2578 greges
455 2528 561 2567 tuos.
582 2530 623 2566 et
640 2538 784 2579 separa
801 2531 970 2566 cunctas
990 2539 1084 2567 oves
1103 2527 1249 2571 varias,
1270 2532 1311 2567 et
1328 2539 1468 2580 sparso
1487 2525 1651 2567 vellere:
1672 2530 1713 2567 et
1731 2526 2019 2580 quodcumque
2036 2525 2217 2569 furvum.

302 2588 342 2623 et
368 2583 633 2626 maculosum.
663 2584 905 2638 variumque
930 2585 1064 2629 fuerit,
1093 2590 1181 2625 tam
1206 2585 1247 2626 in
1273 2585 1418 2626 ovibus
1446 2598 1571 2639 quam
1595 2585 1637 2626 in
1663 2585 1807 2639 capris.
1835 2585 1912 2626 erit
1935 2597 2088 2626 merces
2112 2597 2216 2626 mea.

301 2644 333 2666 ³³
360 2642 723 2696 Respondebitque
748 2643 848 2684 mihi
874 2657 960 2684 cras
985 2643 1144 2685 iustitia
1169 2657 1270 2693 mea,
1300 2644 1464 2698 quando
1490 2644 1630 2698 placiti
1655 2649 1818 2698 tempus
1844 2643 2058 2685 advenerit
2081 2656 2219 2685 coram

302 2707 359 2741 te:
390 2706 432 2742 et
459 2701 597 2743 omnia
625 2715 715 2756 quae
742 2716 824 2743 non
851 2703 1003 2744 fuerint
1031 2703 1157 2751 varia,
1189 2708 1228 2744 et
1256 2703 1475 2746 maculosa.
1507 2708 1547 2744 et
1574 2703 1706 2746 furva.
1736 2708 1824 2744 tam
1850 2703 1893 2744 in
1921 2703 2066 2744 ovibus
2095 2715 2220 2756 quam

302 2760 341 2800 in
363 2760 506 2814 capris,
530 2760 631 2802 furti
652 2774 717 2802 me
740 2767 923 2815 arguent.
975 2764 1007 2787 ²³⁴
1028 2762 1227 2816 Dixitque
1251 2762 1412 2803 Laban:
1436 2762 1612 2804 Gratum
1633 2762 1765 2803 1131190
1790 2762 1900 2816 (111οᾱ
1921 2762 2039 2816 petis.

407 2821 440 2844 ³⁵
467 2819 524 2860 Et
550 2820 757 2873 separavit
786 2820 827 2861 in
855 2821 918 2862 die
946 2821 1015 2861 illa
1042 2834 1196 2875 capras.
1227 2826 1269 2862 et
1295 2835 1403 2863 oves.
1434 2827 1475 2863 et
1501 2821 1645 2866 hircos.
1676 2826 1718 2862 et
1745 2822 1890 2862 arietes
1916 2821 2064 2866 varios,
2095 2825 2220 2875 atque

304 2878 549 2919 maculosos:
572 2883 767 2920 cunctum
789 2884 928 2920 autem
947 2893 1109 2934 gregem
1128 2880 1389 2922 unicolorem.
1411 2880 1453 2921 id
1473 2887 1535 2921 est
1555 2880 1648 2924 albi.
1671 2885 1711 2921 et
1731 2880 1833 2934 nigri
1853 2879 2023 2927 velleris,
2046 2879 2220 2921 tradidit

305 2936 344 2977 in
376 2950 500 2978 manu
535 2937 709 2978 filiorum
741 2951 919 2979 suorum.
980 2941 1015 2963 3⁶
1045 2939 1101 2980 Et
1131 2939 1269 2993 posuit
1300 2939 1481 2993 spa-tium
1511 2939 1666 2980 itineris
1698 2939 1823 2980 trium
1855 2939 2012 2980 dierum
2042 2938 2149 2980 inter
2178 2952 2219 2980 se

303 3001 344 3035 et
359 3009 565 3049 generum,
588 2997 657 3050 qui
676 2997 871 3050 pascebat
889 2998 1064 3051 reliquos
1082 3010 1220 3052 greges
1239 2998 1334 3039 eius.
1382 3000 1416 3023 ³⁷
1437 2998 1595 3039 ToHens
1615 3011 1707 3052 ergo
1728 2998 1851 3040 Iacob
1870 2998 2005 3052 virgas
2022 2996 2218 3052 populeas

304 3054 463 3098 virides.
500 3060 539 3096 et
574 3056 868 3109 amygdalinas,
905 3063 945 3097 et
979 3071 1028 3097 ex
1060 3057 1251 3111 platanis,
1288 3071 1336 3098 ex
1370 3062 1486 3111 parte
1520 3057 1789 3098 decorticavit
1821 3070 1906 3098 eas:
1942 3056 2219 3110 detractisque

303 3113 532 3162 corticibus,
567 3114 607 3154 in
638 3115 712 3157 his.
749 3129 838 3169 quae
869 3115 1042 3169 spoliata
1076 3117 1250 3161 fuerant,
1284 3117 1437 3157 candor
1468 3116 1678 3170 apparuit:
1712 3115 1781 3157 illa
1812 3128 1908 3157 vero
1941 3128 2030 3169 quae
2059 3115 2220 3170 integra

302 3172 478 3221 fuerant,
514 3173 660 3213 viridia
691 3183 1022 3227 permanserunt:
1058 3180 1183 3229 atque
1216 3175 1256 3215 in
1288 3175 1396 3215 hunc
1430 3175 1599 3216 modum
1632 3174 1740 3216 color
1772 3176 1940 3216 effectus
1973 3179 2035 3215 est
2067 3174 2216 3215 varius.

303 3232 338 3255 ³⁸
370 3231 594 3285 Posuitque
627 3245 693 3272 eas
725 3232 766 3272 in
799 3233 1020 3276 canalibus.
1057 3234 1125 3274 ubi
1157 3234 1447 3275 effundebatur
1479 3247 1604 3287 aqua:
1638 3239 1686 3275 ut
1717 3247 1809 3275 cum
1841 3233 2050 3274 venissent
2080 3245 2218 3288 greges

305 3289 357 3330 ad
376 3290 611 3333 bibendum.
633 3296 727 3331 ante
747 3292 883 3332 oculos
903 3293 1100 3333 haberent
1119 3293 1264 3347 virgas.
1286 3298 1325 3333 et
1344 3292 1384 3333 in
1403 3299 1571 3346 aspectu
1590 3305 1729 3334 93111111
1748 3292 2019 3345 conciperent.
2065 3293 2102 3317 ³⁹
2118 3292 2219 3333 Fac-

305 3355 475 3402 tumque
500 3354 559 3390 est
584 3356 626 3390 ut
653 3350 693 3389 in
718 3350 802 3403 ipso
827 3350 958 3391 calore
981 3352 1123 3394 coitus.
1150 3366 1245 3392 oves
1269 3352 1526 3392 intuerentur
1548 3352 1694 3406 virgas,
1720 3357 1761 3392 et
1782 3356 1973 3405 parerent
1995 3350 2215 3395 maculosa.

304 3412 342 3447 et
372 3408 495 3451 varia.
525 3415 563 3448 et
592 3409 749 3449 diverso
778 3409 907 3449 colore
936 3423 1126 3463 respersa.
1186 3414 1217 3435 ¹⁰
1242 3410 1475 3464 Divisitque
1502 3424 1661 3464 gregem
1690 3410 1825 3452 Iacob.
1854 3415 1895 3451 et
1919 3409 2058 3463 posuit
2082 3410 2217 3464 virgas
