2356 3760
92 466 295 494 Jaluxationos,

122 998 271 1023 irauduhu

113 1172 282 1196 lwnvdnwn„

302 197 402 238 1148
750 193 974 227 EPISTOLA
1004 191 1143 224 ssffl'ri
1171 189 1311 223 PAULI
1337 189 1401 222 An
1426 189 1744 224 GOLOSSENSES
1984 191 2015 231 4,
2040 192 2141 231 9—4‚
2167 190 2209 224 18

300 294 347 330 ut
378 293 609 341 cognoscat,
644 300 733 340 quae
765 286 869 327 circa
902 299 972 325 vos
1004 289 1111 332 sunt,
1146 288 1185 323 et
1218 281 1450 324 consoletur
1480 283 1603 324 corda
1634 288 1782 332 vestra,
1845 285 1860 305 ⁹
1892 297 1984 324 cum
2015 283 2210 325 Onesimo

301 346 549 395 charissimo,
575 351 616 387 et
638 345 745 385 fidoli
769 345 905 388 fratre,
932 342 999 395 qui
1024 355 1073 382 ex
1097 340 1212 382 vobis
1236 345 1308 381 est.
1334 341 1494 391 Omnia,
1522 355 1611 396 quae
1634 341 1698 381 hic
1722 347 1910 395 aguntur,
1936 347 2037 384 nota
2058 342 2212 384 facient

301 406 428 447 vobis.

407 467 441 489 ¹⁰
461 464 623 505 Salutat
648 476 719 502 vos
739 460 999 501 Aristarchus
1021 458 1290 511 concaptivus
1312 472 1437 507 meus,
1463 465 1504 500 et
1525 459 1684 500 Marcus
1707 459 1973 500 consobrinus
1996 459 2209 504 Barnabae.

301 523 350 564 de
370 538 450 577 quo
471 520 680 574 accepistis
700 519 914 559 mandata:
936 517 967 558 si
988 516 1145 558 venerit
1164 517 1217 558 ad
1236 530 1320 567 vos,
1342 517 1516 570 excipite
1535 517 1668 559 illum:
1716 520 1747 542 11
1767 523 1809 559 et
1829 517 1952 567 Iesus,
1975 517 2044 572 qui
2063 517 2213 559 dicitur

304 582 457 623 iustus:
491 580 559 634 qui
590 585 685 619 sunt
716 591 765 617 ex
796 575 1116 617 circumcisione:
1148 575 1188 616 hi
1220 576 1294 617 soli
1325 583 1422 617 sunt
1452 576 1658 617 adiutores
1688 576 1767 617 mei
1797 576 1838 616 in
1869 589 1992 630 regno
2022 576 2110 626 Dei,
2144 577 2213 631 qui

302 641 397 682 mihi
430 642 594 680 fuorunt
624 636 780 677 solatio.
842 638 872 659 ¹²
902 635 1067 676 Salutat
1097 648 1170 676 vos
1200 635 1427 688 Epaphras,
1462 635 1530 688 qui
1561 648 1611 676 ex
1640 635 1757 677 vobis
1788 640 1860 685 est,
1893 648 2033 676 servus
2064 635 2213 677 Christi

309 701 404 745 lesu,
432 711 589 750 semper
613 694 793 737 solicitus
819 707 891 747 pro
916 693 1032 735 vobis
1056 693 1097 734 in
1123 693 1389 742 orationibus,
1417 699 1464 735 ut
1488 694 1604 735 stetis
1628 694 1810 748 perfecti,
1837 699 1879 735 et
1902 694 2010 747 pleni
2035 694 2076 734 in
2102 694 2213 736 omni

302 759 514 799 mluutate
549 755 630 795 Dei.
692 756 721 777 ¹³
752 752 1048 794 Testimonium
1079 752 1185 794 enim
1216 752 1273 792 illi
1303 752 1496 806 perhibeo
1527 753 1637 806 quod
1666 753 1793 794 habet
1822 752 1999 794 multum
2030 752 2212 794 laborem

303 830 373 870 pro
400 815 527 859 vohis.
556 820 597 854 et.
625 826 694 866 pro
720 811 779 861 iis,
809 811 878 865 qui
904 817 1000 852 sunt
1027 811 1240 861 Laodiciae‚
1269 816 1311 852 et
1338 811 1406 865 qui
1435 811 1656 865 Hierapoli.
1711 814 1742 837 1⁴
1768 812 1933 853 Salutat
1958 825 2032 853 vos
2063 811 2214 853 aLucas

304 874 481 915 medicus
508 871 778 921 charissimus,
807 875 849 911 et
874 871 1038 912 Demas.
1094 872 1126 894 ¹⁵
1152 870 1340 911 Salutate
1366 871 1524 919 fratres,
1555 870 1625 924 qui
1651 876 1748 911 sunt
1774 870 1987 920 Laodioiae,
2017 875 2058 912 et
2086 870 2213 924 Nym—

304 935 438 987 pham,
470 938 511 973 et
541 944 629 985 quae
657 930 698 970 in
728 929 850 971 domo
880 929 964 970 eius
994 935 1067 979 est,
1099 928 1335 970 Ecclesiam.

409 994 442 1016 ¹⁶
475 992 526 1032 Et
554 1003 646 1031 cum
675 988 782 1029 lecta
809 988 933 1029 fuerit
962 989 1072 1042 apud
1102 1002 1174 1029 vos
1205 988 1379 1042 epistola
1406 989 1503 1032 haec.
1534 988 1657 1029 facite
1686 994 1733 1029 ut
1762 994 1803 1030 et
1832 989 1872 1029 in
1902 988 2213 1030 Laodicensium

307 1051 482 1092 Ecclesia
500 1050 675 1102 legatur:
697 1052 739 1088 et
757 1060 859 1097 eam,
883 1060 972 1101 quae
992 1047 1303 1088 Laodicensium
1323 1052 1396 1097 est,
1419 1061 1492 1089 vos
1510 1046 1666 1101 legatis.
1715 1049 1748 1072 17
1768 1047 1825 1088 Et
1844 1047 1966 1088 dicite
1984 1046 2211 1101 Archippo:

305 1111 402 1150 Vide
433 1107 715 1156 ministerium,
749 1107 859 1161 quod
889 1106 1080 1160 accepisti
1110 1106 1152 1146 in
1181 1105 1372 1155 Domino,
1405 1112 1453 1147 ut
1480 1105 1583 1147 illud
1612 1106 1793 1160 impleas.

409 1170 441 1192 ¹⁸
471 1165 687 1215 Salutatio⁷
720 1179 812 1207 mea
842 1179 967 1207 manu
999 1165 1127 1207 Pauli.
1162 1165 1360 1207 Memores
1392 1171 1523 1206 estote
1555 1165 1810 1207 vinculorum
1842 1178 2039 1207 meorum.
2072 1164 2216 1205 Gratia

303 1226 524 1269 vobiscum.
555 1226 699 1266 Amen.

434 1304 486 1364 Δ
501 1303 651 1362 {stulu
665 1330 695 1370 4,
721 1330 773 1364 11.
