2356 3760
293 159 368 198 432
1186 157 1332 191 LIBER
1932 162 1984 201 12,
2011 162 2153 202 20—14,
2179 162 2197 195 7

295 251 421 292 videri
450 264 530 292 non
558 256 705 304 potest.
738 257 841 291 utor.
899 251 935 273 2⁰
963 250 1138 303 Tempus
1167 256 1228 292 est
1256 265 1347 303 ergo
1377 258 1424 292 ut
1450 257 1633 293 revertar
1660 254 1712 293 ad
1740 266 1844 296 eum.
1877 255 1946 307 qui
1973 268 2037 296 me
2065 255 2197 296 misit:

293 323 366 351 vos
396 316 533 351 autem
565 310 789 351 benedicite
818 308 963 353 Deum,
996 314 1037 349 et
1067 316 1230 351 narrate
1258 311 1396 351 onmia
1424 311 1626 352 mirabilia
1654 311 1748 353 eius,

145 372 234 401 3ῖουο
399 370 430 393 2¹
460 369 515 410 Et
544 382 635 409 eum
666 369 749 409 llaec
779 367 958 411 dixisset.
991 368 1042 408 ab
1073 374 1239 421 aspectu
1269 383 1409 411 eorum
1439 369 1600 411 ablatus
1630 376 1703 418 est,
1735 376 1775 411 et
1804 371 1913 412 ultra
1940 385 2032 413 eum
2061 373 2199 414 videre

121 405 253 430 dmm
293 441 374 469 non
401 434 636 481 potuerunt.
695 429 726 451 ²2
755 427 867 467 Tunc
894 427 1089 479 prostrati
1116 441 1188 481 per
1213 428 1332 470 horas
1360 434 1440 469 tres
1467 428 1508 469 in
1536 429 1692 474 faciem,
1723 429 2020 472 benedixerunt
2045 431 2197 472 Deum:

292 491 334 527 et.
362 493 602 539 exurgentes
632 492 903 527 narraverunt
932 486 1069 526 omnia
1097 487 1296 528 mirabilia
1328 488 1422 529 eius.

954 614 1174 668 PARS
1214 615 1545 669 TERTIA.

675 700 1010 754 Gaudium
1050 701 1369 767 omnium,
1408 702 1494 767 13,
1522 702 1707 768 1—14‚
1733 703 1820 757 17.

1142 800 1180 801 W:
1199 797 1209 805 ο
1228 793 1269 810 ⁴oe
1282 798 1293 805 ο

717 846 755 885 1.
784 844 1019 886 Canticum
1051 845 1205 886 Tobiae
1235 847 1447 897 senioris,
1466 847 1533 898 13,
1553 848 1700 899 1—714,
1718 848 1778 889 1³.
1831 886 1834 889 .

110 912 261 973 '⁴‹2nf‘1‘533'
398 914 459 959 13,
516 917 525 939 ¹
556 915 750 969 Aperiens
777 923 915 958 autem
944 916 1090 957 'l‘obias
1117 917 1249 957 senior
1274 930 1317 957 os
1344 931 1474 963 suum,
1505 918 1714 969 benedixit
1739 919 1975 965 Dominum,
2005 925 2046 961 et
2073 920 2198 961 dixit:

127 985 249 1024 nomino
396 975 568 1027 Magnus
587 988 626 1015 es
646 975 821 1016 Domine
840 976 879 1016 in
899 982 1108 1020 aeternum,
1131 981 1172 1016 et
1191 976 1230 1016 in
1251 976 1388 1017 omnia
1407 977 1553 1017 saecula
1570 990 1738 1029 regnum
1759 984 1896 1019 tuum:
1944 981 1959 1004 2
1982 980 2197 1033 aquoniam

126 1020 243 1045 mmm.
292 1038 337 1074 tu
361 1033 550 1087 flagellas.
573 1039 614 1074 et
634 1034 786 1074 salvas:
809 1035 973 1075 deducis
995 1035 1046 1076 ad
1067 1034 1225 1078 inferos.
1248 1040 1290 1076 et
1310 1036 1484 1076 reducis:
1506 1042 1547 1077 et
1566 1049 1647 1077 non
1668 1042 1730 1077 est
1750 1038 1818 1090 qui
1839 1038 2008 1091 effugiat
2028 1051 2197 1079 manum

292 1096 419 1134 tuam.
478 1095 493 1117 ³
523 1092 779 1133 Confitemini
810 1094 986 1135 Domino
1018 1094 1085 1134 filii
1120 1094 1251 1139 Israel,
1285 1101 1324 1135 et
1355 1095 1395 1135 in
1425 1100 1645 1148 conspectu
1674 1096 1858 1149 gentium
1888 1097 2055 1137 laudate
2085 1110 2197 1138 eum:

291 1154 307 1176 4
328 1152 520 1205 quoniam
541 1152 631 1193 ideo
653 1152 842 1205 dispersit
862 1166 935 1194 vos
955 1153 1061 1194 inter
1079 1159 1231 1206 gentes,
1257 1167 1346 1207 quae
1366 1154 1556 1207 ignorant
1575 1168 1680 1199 eum.
1703 1160 1751 1195 ut
1771 1168 1842 1197 vos
1864 1156 2059 1196 enarretis
2080 1156 2200 1197 mira-

294 1211 390 1251 bilia
417 1211 512 1254 eius,
543 1216 584 1252 et
612 1211 771 1252 faciatis
801 1212 899 1252 scire
927 1225 1005 1259 eos,
1039 1212 1135 1266 quia
1161 1226 1243 1254 non
1272 1217 1333 1253 est
1361 1213 1462 1254 alius
1490 1214 1601 1254 Deus
1630 1214 1888 1268 omnipotens
1918 1220 2065 1269 praeter
2092 1228 2197 1256 eum.

292 1271 307 1294 ⁵
328 1270 419 1323 Ipse
439 1270 657 1321 castigavit
676 1283 748 1311 nos
769 1277 934 1325 propter
952 1271 1191 1325 iniquitates
1210 1278 1388 1313 nostras:
1410 1278 1450 1313 et
1469 1272 1554 1326 ipse
1573 1273 1752 1314 salvabit
1770 1287 1843 1315 nos
1862 1279 2030 1327 propter
2048 1274 2201 1315 miseri-

293 1329 472 1370 cordiam
504 1343 631 1371 suam.
695 1331 710 1354 ⁶
741 1330 920 1384 Aspicite
952 1344 1043 1381 ergo
1077 1344 1166 1385 quae
1197 1331 1293 1372 fecit
1324 1331 1547 1379 nobiscum,
1582 1337 1623 1372 et
1653 1344 1745 1372 cum
1777 1333 1923 1373 timore
1954 1338 1995 1373 et
2026 1338 2201 1374 tremore

292 1388 542 1429 confitemini
570 1389 643 1430 illi:
674 1402 889 1443 regemque
919 1390 1155 1431 saeeulorum
1185 1390 1366 1431 exaltate
1394 1391 1435 1431 in
1464 1391 1653 1444 operibus
1682 1391 1839 1432 vestris.
1900 1393 1913 1415 ⁷
1944 1391 2030 1444 Ego
2061 1397 2199 1433 autem

293 1447 333 1488 in
366 1453 474 1488 terra
504 1448 759 1501 captivitatis
791 1462 891 1489 meae
922 1449 1147 1491 confitebor
1177 1449 1250 1490 illi:
1285 1450 1477 1504 quoniam
1510 1449 1691 1491 ostendit
1721 1450 1981 1491 maiestatem
2013 1463 2130 1490 suam
2160 1450 2200 1490 in

292 1512 455 1561 gentem
482 1507 760 1561 peccatricem.
819 1509 834 1532 3
861 1508 1153 1549 Convertimini
1181 1509 1320 1562 itaque
1346 1514 1590 1562 peccatores,
1620 1515 1661 1549 et
1687 1509 1809 1550 facite
1835 1509 2037 1550 iustitiam
2064 1522 2201 1550 coram

293 1567 392 1611 Deo.
417 1567 625 1607 credentes
648 1567 757 1620 quod
779 1567 905 1608 faciat
926 1567 1138 1608 vobiscum
1160 1567 1476 1609 misericordiam
1498 1581 1625 1609 suam.
1679 1570 1695 1592 ⁹
1716 1568 1802 1621 Ego
1825 1574 1976 1615 autem,
2001 1573 2042 1609 et
2064 1568 2203 1609 anima

294 1639 386 1667 mea
405 1626 444 1666 in
466 1640 510 1667 eo
531 1625 773 1667 laetabimur.
824 1628 860 1651 ¹⁰
880 1626 1114 1667 Benedicite
1133 1627 1358 1668 Dominum
1379 1640 1518 1668 omnes
1539 1626 1655 1667 electi
1676 1627 1778 1667 eius:
1801 1627 1908 1677 agite
1929 1627 2013 1668 dies
2033 1627 2198 1673 laetitiae,

293 1690 335 1726 et
366 1685 615 1726 confitemini
646 1685 711 1727 illi.
774 1688 804 1710 ¹¹
839 1685 1056 1727 Ierusalem
1089 1686 1233 1727 civitas
1264 1685 1351 1732 Dei,
1386 1685 1605 1740 castigavit
1636 1691 1676 1726 te
1707 1686 1908 1727 Dominus
1940 1686 1979 1726 in
2012 1686 2201 1740 operibus

294 1757 491 1785 manuum
515 1750 691 1786 tuarum.
746 1746 776 1769 ¹2
800 1745 1000 1786 Confitere
1023 1745 1200 1786 Domino
1224 1745 1264 1786 in
1289 1745 1404 1786 bonis
1428 1745 1520 1793 tuis,
1547 1750 1589 1786 et
1612 1745 1780 1786 benedic
1803 1746 1938 1786 Deum
1961 1745 2200 1787 saeculorum

294 1808 342 1845 ut
360 1804 576 1845 reaedificet
596 1804 636 1845 in
657 1810 697 1845 te
718 1804 1028 1845 tabernaculum
1049 1818 1179 1849 suum,
1203 1810 1244 1846 et
1263 1809 1427 1845 revocet
1447 1804 1499 1845 ad
1519 1810 1559 1845 te
1580 1818 1719 1845 omnes
1740 1805 1938 1858 captivos,
1961 1810 2003 1845 et
2021 1805 2202 1858 gaudeas

294 1863 334 1904 in
369 1863 506 1904 omnia
538 1863 683 1904 saecula
717 1863 965 1905 saeculorum.
1029 1866 1060 1888 ¹3
1093 1864 1200 1905 Luce
1234 1863 1448 1917 splendida
1479 1863 1669 1917 fulgebis:
1705 1869 1746 1904 et
1779 1877 1918 1905 omnes
1952 1863 2051 1904 fines
2085 1868 2203 1904 terrae

295 1923 528 1964 adorabunt
558 1928 609 1964 te.
671 1925 701 1947 ¹⁴
737 1923 953 1965 bNationes
985 1937 1033 1964 ex
1063 1923 1284 1977 longinquo
1317 1923 1368 1964 ad
1400 1928 1440 1964 te
1471 1923 1654 1964 venient:
1688 1928 1729 1963 et
1759 1936 1930 1963 munera
1959 1923 2198 1967 deferentes.

294 1982 527 2023 adorabunt
544 1982 583 2023 in
601 1988 642 2023 te
659 1983 895 2028 Dominum,
917 1988 958 2024 et
974 1988 1124 2024 terram
1144 1988 1259 2023 tuam
1278 1982 1318 2023 in
1337 1982 1702 2023 sanctificationem
1720 1982 1945 2023 habebunt.
1992 1984 2024 2006 1⁵
2044 1982 2202 2022 Nomen

293 2041 400 2082 enim
425 2055 618 2095 magnum
643 2042 897 2084 invocabunt
919 2042 960 2083 in
984 2048 1036 2083 te.
1090 2044 1124 2066 ¹⁶
1147 2041 1354 2083 Maledicti
1378 2047 1497 2083 erunt
1522 2041 1590 2095 qui
1614 2041 1936 2095 contempserint
1958 2045 2017 2082 te:
2044 2045 2086 2081 et
2109 2053 2202 2081 con-

294 2101 476 2141 demnati
499 2106 618 2142 erunt
639 2115 778 2143 omnes
802 2101 870 2155 qui
892 2101 1267 2155 blasphemaverint
1289 2106 1347 2142 te:
1371 2101 1656 2154 benedictique
1679 2106 1798 2141 erunt
1821 2100 1890 2154 qui
1910 2099 2203 2141 aedificaverint

295 2165 346 2201 te.
399 2161 430 2184 ¹⁷
455 2160 513 2201 Tu
538 2165 676 2202 autem
698 2160 899 2201 laetaberis
921 2161 962 2201 in
984 2160 1074 2201 filiis
1096 2160 1189 2205 tuis,
1216 2160 1409 2214 quoniam
1432 2173 1571 2201 omnes
1595 2160 1896 2208 benedicentur,
1922 2164 1963 2199 et
1985 2171 2202 2212 congrega-

294 2219 448 2261 buntur
474 2220 526 2261 ad
550 2220 786 2261 Dominum.
841 2221 876 2244 ¹⁸
903 2219 1019 2261 Beati
1046 2233 1185 2261 omnes
1212 2219 1281 2273 qui
1307 2219 1481 2272 diligunt
1506 2224 1557 2264 te,
1587 2223 1628 2259 et
1654 2219 1723 2272 qui
1747 2219 1930 2272 gaudent
1955 2231 2076 2271 super
2101 2230 2202 2271 pace

293 2283 377 2320 tua.
441 2280 474 2303 1⁹
507 2279 657 2320 Anima
688 2293 780 2320 mea·
813 2279 980 2320 benedic
1012 2279 1248 2324 Dominum,
1286 2278 1478 2332 quoniam
1511 2277 1702 2319 liberavit
1736 2277 1955 2318 Ierusalem
1989 2277 2202 2318 civitatem

294 2351 409 2379 suam
432 2352 455 2379 a
475 2339 631 2380 cunctis
653 2338 987 2380 tribulationibus
1008 2338 1103 2383 eius.
1126 2338 1328 2379 Dominus
1348 2338 1459 2378 Deus
1480 2342 1627 2378 noster.
1678 2338 1714 2361 ²⁰
1736 2337 1888 2377 Beatus
1909 2349 1975 2377 ero
1997 2336 2029 2376 si
2049 2336 2203 2376 fuerint

292 2398 470 2452 reliquiae
505 2398 666 2439 seminis
701 2398 779 2439 mei
816 2399 868 2439 ad
902 2398 1122 2438 videndam
1159 2397 1388 2438 claritatem
1426 2396 1656 2437 Ierusalem.
1721 2398 1751 2420 ²1
1794 2396 1946 2436 cPortae
1983 2394 2201 2436 Ierusalem

293 2470 343 2498 ex
367 2457 558 2511 sapphiro
583 2462 624 2498 et
648 2458 862 2511 smaragdo
887 2457 1217 2498 aedificabuntur:
1244 2462 1285 2497 et
1308 2469 1358 2497 ex
1380 2455 1515 2509 lapide
1539 2455 1716 2509 pretioso
1741 2454 1871 2496 omnis
1896 2454 2088 2495 circuitus
2113 2467 2202 2494 mu-

293 2529 429 2558 rorum
455 2517 549 2558 eius,
602 2519 634 2541 ²²
659 2517 722 2558 Ex
745 2517 879 2570 lapide
904 2517 1077 2557 candido
1103 2521 1144 2557 et
1167 2516 1320 2557 mundo
1346 2529 1484 2557 omnes
1508 2514 1655 2568 plateae
1679 2514 1763 2555 eius
1787 2519 2038 2555 sternentur:
2065 2517 2106 2554 et
2129 2525 2203 2566 per

293 2576 403 2617 vicos
432 2576 515 2617 eius
545 2575 705 2617 alleluia
733 2576 978 2617 cantabitur.
1037 2578 1069 2601 23
1099 2575 1344 2616 Benedictus
1372 2574 1585 2623 Dominus,
1618 2574 1686 2627 qui
1715 2573 1917 2614 exaltavit
1945 2585 2046 2621 eam,
2078 2576 2120 2613 et
2148 2571 2202 2612 sit

292 2648 461 2689 regnum
492 2636 574 2676 eius
604 2635 645 2676 in
675 2635 818 2676 saecula
849 2635 1086 2677 saeculorum
1117 2647 1237 2688 super
1266 2647 1367 2675 eam.
1398 2634 1541 2675 Amen.

398 2694 461 2737 14.
518 2697 528 2719 ¹
562 2695 618 2736 Et
647 2695 920 2736 consummati
951 2700 1048 2735 sunt
1078 2707 1281 2735 sermones
1312 2693 1460 2735 Tobiae.

720 2801 758 2840 2.
788 2800 993 2841 Felicitas
1024 2799 1316 2851 cognationis
1344 2798 1502 2849 totius,
1521 2798 1588 2849 14,
1607 2797 1777 2837 1b—-17.

140 2870 238 2895 '¹'‘¹b³¹¹²
398 2871 452 2912 Et
479 2877 700 2925 postquam
727 2871 980 2912 illuminatus
1006 2876 1068 2912 est
1094 2871 1253 2920 Tobias,
1282 2870 1387 2911 vixit
1413 2869 1529 2910 annis
1556 2867 2003 2923 quadragintaduobus,
2032 2871 2074 2907 et
2098 2866 2204 2907 vidit

125 2912 252 2932 ”imm
294 2929 395 2971 filios
429 2937 625 2984 nepotum
659 2944 836 2973 suorum.
899 2933 913 2955 ²
947 2930 1167 2984 Completis
1200 2930 1339 2983 itaque
1373 2929 1488 2970 annis
1521 2934 1687 2969 centum
1720 2927 1890 2972 duobus,
1927 2925 2110 2979 sepultus
2142 2931 2204 2966 est

295 2989 512 3031 honorifice
543 2990 584 3031 in
616 2990 773 3031 Ninive.
833 2994 848 3014 ³
879 2990 1185 3044 Quinquaginta
1218 3001 1395 3042 namque
1425 2994 1465 3029 et
1496 3000 1566 3028 sex
1596 2998 1795 3027 annorum
1825 2985 1963 3025 lumen
1994 2984 2202 3026 oculorum

297 3048 443 3097 amisit,
477 3050 760 3102 sexagenarius
791 3063 885 3090 vero
915 3049 1077 3102 recepit.
1136 3050 1150 3072 ⁴
1187 3048 1400 3102 Reliquum
1431 3060 1525 3088 vero
1556 3046 1652 3086 vitae
1681 3058 1762 3085 suae
1791 3044 1831 3084 in
1860 3043 2008 3097 gaudio
2038 3043 2129 3089 fuit,
2161 3047 2203 3083 et.

296 3120 385 3148 eum
417 3109 522 3149 bono
552 3109 736 3162 profectu
767 3108 922 3150 timoris
955 3109 1026 3149 Dei
1055 3108 1231 3161 perrexit
1261 3108 1300 3148 in
1330 3120 1439 3160 paee.

121 3165 262 3224 ‘¹¹sslltffiff'
401 3169 415 3191 ⁵
447 3168 492 3207 In
524 3168 624 3208 hora
654 3174 790 3209 autem
822 3168 964 3209 mortis
995 3180 1076 3208 suae
1107 3166 1272 3207 vocavit
1302 3167 1353 3207 ad
1384 3179 1424 3206 se
1454 3165 1625 3206 Tobiam
1656 3164 1781 3204 filium
1813 3175 1943 3211 suum,
1976 3166 2017 3202 et
2046 3165 2201 3214 septem

134 3235 253 3275 Niniyes
297 3224 462 3266 iuvenes
490 3226 590 3267 filios
619 3227 701 3267 eius
730 3232 898 3281 nepotes
926 3240 1030 3270 suos.
1062 3226 1247 3279 dixitque
1276 3225 1347 3266 eis:
1407 3227 1422 3248 ⁶
1448 3225 1579 3277 Prope
1607 3223 1683 3264 erit
1709 3222 1898 3263 interitus
1928 3220 2091 3262 Ninive:
2121 3233 2202 3261 non

122 3271 262 3301 ¹'¹'³⁹'¹¹⁰¹t'
298 3284 403 3324 enim
433 3286 582 3327 excidit
611 3286 781 3327 verbum
811 3286 994 3327 Domini:
1025 3291 1066 3326 et.
1096 3286 1261 3326 dfratres
1290 3284 1428 3326 nostri.
1461 3284 1529 3337 qui
1557 3281 1723 3336 dispersi
1753 3286 1848 3322 sunt
1877 3293 1901 3321 a
1928 3284 2037 3320 terra
2065 3278 2200 3325 Israel,

298 3349 555 3385 revertentur
580 3346 630 3385 ad
658 3358 758 3386 eam.
816 3347 830 3369 ⁷
857 3346 998 3386 Omnis
1025 3350 1160 3386 autem
1190 3345 1349 3385 deserta
1375 3349 1481 3383 terra
1507 3342 1590 3383 eius
1616 3340 1847 3395 replebitur.
1876 3344 1916 3379 et
1942 3339 2087 3379 domus
2111 3337 2200 3384 Dei,

432 3459 482 3500 13,
516 3459 535 3492 :2
560 3460 625 3492 aDt
652 3460 703 3494 32.
730 3462 786 3495 39:
822 3464 834 3493 1
865 3462 922 3495 Srn
949 3462 977 3494 2.
1005 3461 1039 3501 th
1073 3461 1141 3505 Sap
1168 3460 1219 3500 16,
1246 3460 1295 3493 19».
1337 3480 1376 3483 -
1416 3460 1455 3493 14
1482 3459 1533 3492 ¹›Is
1565 3457 1617 3493 430,
1650 3459 1679 3490 ἴ).
1720 3477 1760 3480 —
1797 3457 1836 3489 μ’]
1867 3455 1955 3498 cApc
1987 3454 2040 3494 21,
2074 3453 2123 3487 18.
2161 3473 2202 3477 -

297 3506 348 3548 14,
373 3508 393 3540 6
417 3506 502 3540 dEsr
525 3506 556 3546 3,
581 3508 611 3540 ὅ.
