2356 3760
144 1301 167 1325 If
189 1300 266 1325 obla-

136 1336 213 1361 zione
236 1337 262 1361 in

149 1380 249 1398 ’3111010

157 2191 183 2211 01
206 2187 233 2211 in

143 2224 223 2253 mli-ri·
241 2231 245 2248 2

118 2537 278 2561 ilnimiiitiw.

130 2850 232 2873 “’1111)ἷ11
243 2850 257 2875 1.

120 3128 270 3157 firmitatis.

310 132 387 172 1110
1187 131 1332 165 LIBER
1963 135 2017 176 2⁵2,
2042 136 2164 178 5m-23’
2189 137 2209 170 8

306 225 401 264 mihi
433 225 560 265 donec
588 230 764 264 sanetur.
797 223 872 271 Qui
904 223 1083 275 tetigerit.
1112 225 1368 265 immundum
1398 238 1517 278 super
1545 230 1718 275 mortuo,
1750 232 1791 268 et
1819 241 1868 268 ex
1897 241 1977 282 quo
2006 230 2208 284 egreditur

305 296 441 324 semen
467 284 580 336 quasi
607 283 747 324 coitus.
801 284 816 306 5
841 286 879 322 et
906 282 972 335 qui
1000 283 1132 336 tangit
1156 283 1310 336 reptile,
1338 288 1379 324 et
1404 283 1615 337 quodlibet
1638 285 1908 333 immundum,
1935 287 2048 328 cuius
2072 293 2207 330 tactus

306 347 366 382 est
387 343 584 386 sordidus,
637 344 652 364 ⁶
673 341 906 382 immundus
929 342 1000 381 erit
1026 355 1152 395 usque
1175 343 1225 382 ad
1248 356 1474 396 vesperum,
1498 348 1539 384 et
1558 356 1639 384 non
1660 349 1847 385 vescetur
1866 346 1927 386 his
1950 360 2040 400 quae
2060 348 2208 389 sancti-

310 401 428 441 ficata
449 409 561 441 sunt:
583 401 652 441 sed
671 413 762 440 euni
783 400 926 441 laverit
946 413 1106 441 earnem
1128 414 1241 441 suam
1263 415 1380 455 aqua,
1432 403 1444 424 ⁷
1464 406 1505 442 et
1524 402 1759 443 occubuerit
1777 403 1846 451 sol,
1867 410 1965 446 tunc
1984 406 2207 447 mundatus

307 467 492 501 vescetur
517 460 565 500 de
592 459 870 503 sanctificatis,
900 459 992 512 quia
1021 459 1132 499 cibus
1159 460 1262 500 illius
1290 465 1361 501 est.
1420 464 1434 483 ⁸
1465 461 1743 502 morticinum
1770 466 1811 503 et
1836 468 2003 516 captum
2030 478 2051 505 a
2078 465 2207 506 bestia

307 532 384 560 non
416 519 641 568 comedent,
672 532 745 559 nec
773 518 1006 572 polluentur
1033 518 1073 558 in
1102 519 1168 560 eis.
1201 532 1271 571 ego
1301 533 1390 560 sum
1419 520 1630 561 Dominus.
1691 522 1706 544 ⁹
1734 521 1978 563 Custodiam:
2004 528 2209 577 praecepta

307 591 406 619 inea.
434 582 481 618 ut
504 591 585 618 non
610 578 847 619 subiaceant
873 583 1052 630 peccato,
1079 584 1119 618 et
1144 578 1371 619 moriantur
1394 579 1433 618 in
1459 579 1710 628 Sanetuario,
1738 593 1829 621 cum
1854 580 2072 634 polluerint
2095 582 2205 624 illud.

305 650 376 687 ego
401 637 598 678 Dominus
623 637 689 691 qui
714 636 924 677 sanctifico
947 650 1024 677 eos.
1079 638 1112 660 ¹⁰
1133 637 1274 677 Omnis
1298 637 1517 691 alienigena
1544 651 1622 679 uon
1646 639 1831 680 comedet
1853 640 1902 681 de
1925 641 2205 683 sanctificatis.

306 695 526 749 inquilinus
546 696 777 737 sacerdotis.
800 701 837 736 et
859 696 1128 735 mercenarius
1147 709 1227 736 non
1248 701 1463 737 vescentur
1482 710 1530 737 ex
1549 697 1615 737 eis.
1664 699 1693 721 11
1715 698 1843 746 Quem
1864 704 2003 740 autem
2022 700 2208 741 sacerdos

306 755 458 798 emerit.
481 760 521 795 et
540 755 605 808 qui
627 754 866 795 vernaculus
886 755 1029 795 domus
1049 755 1131 795 eius
1150 755 1283 798 fuerit,
1304 755 1344 795 hi
1364 756 1578 796 comedent
1596 770 1645 796 ex
1664 756 1729 797 eis.
1781 759 1809 781 ¹2
1827 757 1865 798 Si
1888 757 1971 798 filia
1988 759 2208 800 sacerdotis

306 813 471 854 euilibet
497 828 545 853 ex
571 814 721 867 populo
749 818 876 868 nupta
907 814 1044 854 fuerit:
1073 814 1122 854 de
1147 814 1208 854 his
1237 828 1326 868 quae
1351 815 1610 855 sanctificata
1635 820 1742 864 sunt,
1771 820 1812 856 et
1838 816 1887 857 de
1912 817 2101 870 primitiis
2128 831 2209 859 non

307 879 502 913 vescetur.
562 875 593 897 ¹³³
622 874 681 914 sin
713 878 850 914 autem
882 873 1017 916 vidua,
1050 873 1113 913 vel
1142 873 1368 926 repudiata,
1401 879 1442 915 et
1471 874 1624 927 absque
1653 873 1786 915 liberis
1816 888 1977 916 reversa
2005 876 2128 917 fuerit
2157 877 2208 917 ad

306 933 474 972 (10010111
494 932 620 985 patris
640 933 718 973 sui:
740 933 844 973 sieut
863 932 997 984 puella
1015 937 1293 979 consueverat,
1315 932 1446 973 aletur
1465 933 1562 973 cibis
1582 933 1709 986 patris
1729 934 1800 974 sui.
1823 934 1965 975 Omnis
1985 934 2210 988 alienigena.

306 991 541 1031 comedendi
576 1005 623 1031 ex
657 992 711 1032 eis
743 1005 823 1031 non
856 991 981 1032 habet
1014 996 1273 1044 potestatem.
1336 994 1366 1016 1⁴
1399 992 1476 1040 Qui
1509 992 1730 1033 comederit
1761 993 1809 1033 de
1842 994 2107 1034 sanctificatis
2140 1008 2210 1048 per

307 1050 589 1098 ignorantiam.
628 1051 751 1091 addet
788 1050 974 1103 quintmn
1012 1056 1168 1103 partem
1204 1064 1296 1091 00111
1331 1064 1376 1091 eo
1413 1051 1521 1104 quod
1557 1051 1744 1098 conrodit,
1783 1057 1823 1092 et
1858 1053 1974 1093 dabit
2007 1054 2205 1094 sacerdoti

307 1110 345 1149 in
372 1110 670 1151 Sanctuarium.
726 1111 757 1134 ¹5
785 1110 867 1150 Nee
894 1110 1236 1150 0011110011111110111
1262 1110 1521 1151 sanctificata
1550 1109 1722 1151 filiorum
1753 1111 1885 1160 Israel,
1916 1125 2005 1165 quae
2031 1112 2206 1152 offerunt

310 1169 500 1209 Domino:
547 1170 582 1192 1⁶
599 1182 647 1210 ne
664 1169 768 1210 forte
787 1169 1016 1209 sustineant
1033 1169 1291 1222 iniquitatem
1311 1170 1445 1210 delicti
1464 1169 1536 1211 sui.
1557 1183 1649 1209 cum
1667 1169 1923 1210 sanctificata
1943 1171 2204 1212 comederint.

306 1241 376 1272 090
407 1228 605 1269 Dominus
638 1229 705 1282 qui
735 1227 946 1268 sanctifico
976 1242 1053 1268 eos.

412 1289 444 1310 ¹⁷
469 1287 729 1341 Loeutusque
753 1292 813 1327 est
836 1287 1035 1327 Dominus
1060 1288 1111 1327 ad
1134 1288 1314 1341 Moysen,
1340 1288 1493 1327 dicens:
1548 1290 1580 1311 ¹⁸
1602 1288 1784 1341 Loquere
1808 1289 1859 1328 ad
1882 1289 2017 1329 Aaron
2042 1294 2083 1330 et
2107 1289 2208 1329 filios

306 1346 388 1386 eius
411 1352 449 1387 et
472 1347 524 1386 ad
545 1360 682 1387 omnes
707 1346 807 1387 filios
832 1346 965 1391 Israel,
989 1346 1177 1400 dicesque
1199 1347 1251 1387 ad
1272 1360 1355 1387 eos:
1381 1347 1514 1387 Homo
1537 1347 1585 1387 de
1607 1347 1727 1387 domo
1752 1347 1885 1396 Israel,
1909 1352 1950 1388 et
1970 1348 2019 1388 de
2041 1348 2207 1389 advenis

307 1405 373 1458 qui
395 1405 588 1446 habitant>
609 1406 719 1459 apud
740 1419 824 1451 vos,
850 1405 917 1459 qui
940 1405 1134 1446 obtulerit
1156 1405 1403 1446 oblationem
1426 1419 1553 1452 suam,
1577 1405 1641 1446 vel
1663 1411 1762 1446 vota
1783 1406 1953 1453 solvens,
1978 1406 2042 1447 vel
2063 1412 2208 1460 sponte

305 1464 486 1514 offerens,
516 1465 713 1518 quidquid
737 1464 836 1505 illud
861 1464 1054 1505 obtulerit
1078 1465 1117 1505 in
1142 1464 1427 1505 holocaustum
1451 1465 1628 1506 Domini.
1682 1467 1716 1488 1⁹
1740 1470 1787 1505 ut
1811 1465 2005 1506 offeratur
2028 1479 2099 1519 per
2122 1479 2207 1512 vos,

307 1524 506 1564 masculus
523 1524 809 1565 immaculatus
827 1524 902 1564 erit
917 1537 966 1564 ex
982 1524 1123 1567 bobus.
1143 1529 1182 1564 et
1199 1524 1355 1571 ovibus,
1374 1528 1479 1565 etex
1495 1524 1643 1578 capris:
1688 1525 1724 1547 ²0
1739 1524 1770 1564 si
1786 1524 1989 1565 maculam
2004 1524 2206 1568 habuerit,

304 1596 384 1623 non
409 1583 595 1626 offeretis.
621 1597 751 1637 neque
776 1583 850 1624 erit
874 1583 1133 1636 acceptabile.
1186 1585 1213 1607 ‘2¹
1241 1583 1375 1624 Homo
1401 1583 1467 1636 qui
1492 1582 1687 1624 obtulerit
1708 1583 1920 1624 victimam
1942 1584 2206 1637 pacificorum

307 1642 492 1688 Domino,
528 1643 591 1683 vel
623 1648 722 1683 vota
754 1642 924 1689 solvens,
958 1642 1022 1683 vel
1055 1647 1199 1695 sponte
1232 1642 1413 1691 offerens,
1449 1648 1534 1683 tam
1568 1642 1616 1682 de
1649 1642 1779 1683 bobus
1813 1655 1935 1696 quam
1968 1643 2017 1683 de
2050 1643 2206 1686 ovibus,

309 1701 637 1743 hinm-iaculatum
657 1702 809 1744 offeret.
832 1708 879 1742 ut
898 1701 1147 1755 acceptabile
1166 1701 1235 1742 sit:
1258 1702 1387 1742 omnis
1407 1701 1567 1742 macula
1585 1715 1665 1742 non
1687 1701 1762 1742 erit
1779 1701 1821 1742 in
1840 1715 1897 1742 eo.
1945 1703 1977 1725 ‘²2
1996 1702 2037 1743 Si
2056 1715 2207 1743 caecum

304 1761 436 1803 fuerit.
463 1761 494 1801 si
518 1762 706 1805 fractum.
734 1761 764 1801 si
790 1761 1017 1802 cicatricem
1042 1761 1207 1807 habens,
1234 1761 1265 1801 si
1289 1760 1472 1814 papulas,
1500 1766 1572 1801 11111
1596 1760 1784 1804 scabiem,
1811 1766 1884 1801 aut
1906 1761 2205 1815 impetiginem:

303 1834 383 1860 non
411 1820 585 1861 offeretis
613 1834 659 1861 ea
684 1820 873 1869 Domino,
902 1834 974 1861 nec
1001 1819 1214 1861 adolebitis
1241 1834 1290 1860 ex
1316 1820 1370 1860 eis
1397 1833 1516 1873 super
1542 1819 1668 1860 altare
1694 1819 1871 1861 Domini.
1927 1822 1959 1844 ²3
1985 1820 2141 1861 Bovem
2167 1827 2207 1861 et

303 1893 433 1925 ovem,
459 1893 553 1920 aure
577 1884 617 1920 et
640 1880 771 1920 cauda
793 1879 1030 1932 amputatis,
1056 1879 1284 1920 voluntarie
1307 1879 1448 1920 offerre
1471 1884 1598 1932 potes,
1625 1883 1769 1919 votum
1792 1883 1931 1919 autem
1954 1892 2003 1920 ex
2026 1879 2081 1920 eis
2105 1879 2207 1920 solvi

305 1952 383 1978 non
414 1944 561 1992 potest.
621 1941 651 1963 ‘³⁴
682 1940 811 1980 Omne
842 1938 1004 1980 animal.
1037 1939 1147 1992 quod
1176 1938 1239 1979 vel
1270 1938 1453 1979 contritis
1484 1938 1548 1978 vel
1577 1938 1690 1986 tusis,
1723 1937 1787 1978 vel
1816 1938 1946 1987 sectis,
1979 1937 2207 1992 ablatisque

305 1998 499 2039 testiculis
520 2004 592 2040 est.
614 2012 695 2039 11011
716 1998 891 2038 offeretis
911 1998 1100 2040 Domino.
1123 2002 1165 2038 et
1184 1998 1223 2038 in
1244 2003 1351 2038 terra
1370 2002 1507 2038 vestra
1524 1997 1601 2038 hoc
1621 1997 1785 2038 omnino
1806 2011 1855 2037 ne
1874 1997 2046 2038 faciatis.
2095 1999 2127 2021 ‘²5
2145 1997 2207 2037 De

303 2070 425 2097 manu
453 2057 684 2109 alienigenae
710 2071 791 2098 non
819 2057 993 2097 offeretis
1020 2070 1144 2110 panes
1171 2057 1258 2097 Deo
1285 2061 1432 2105 vestro,
1462 2061 1502 2096 et
1529 2056 1728 2109 quidquid
1755 2055 1864 2096 aliud
1891 2056 1986 2096 dare
2012 2056 2205 2097 voluerit:

302 2117 393 2169 quia
427 2122 629 2169 corrimta,
662 2122 702 2157 et
731 2116 938 2157 maculata
967 2121 1063 2156 sunt
1094 2116 1247 2156 omnia:
1279 2129 1359 2157 non
1390 2115 1616 2168 suscipietis
1646 2128 1704 2156 ea.

406 2178 440 2199 ‘2⁴⁵
468 2176 728 2229 Lot-utusque
758 2181 819 2216 est
846 2175 1046 2216 Dominus
1076 2175 1127 2215 ad
1155 2175 1335 2228 Moysen,
1367 2175 1520 2215 dicens:
1577 2176 1610 2197 *³⁷
1642 2174 1733 2217 Bos.
1764 2174 1863 2223 ovis,
1894 2179 1934 2213 et
1963 2187 2085 2227 capra
2113 2187 2205 2214 00111

300 2235 434 2282 genita
470 2235 631 2279 fuerint,
668 2240 822 2288 septem
858 2235 998 2275 diebus
1033 2239 1152 2275 erunt
1184 2235 1259 2275 sub
1294 2235 1414 2275 ubere
1448 2234 1589 2273 matris
1623 2247 1722 2273 suae:
1773 2233 1836 2273 die
1870 2237 2009 2274 autem
2043 2237 2202 2278 octavo,

301 2300 341 2334 et
363 2295 550 2347 deinceps
573 2295 705 2335 offerri
727 2300 919 2347 poterunt
943 2294 1131 2334 Domino.
1182 2295 1217 2317 2⁸
1238 2293 1330 2334 Sive
1352 2292 1417 2333 illa
1442 2293 1524 2338 bos,
1549 2293 1633 2333 sive
1655 2293 1753 2337 ovis,
1778 2305 1859 2332 non
1880 2291 2206 2333 immolabuntur

302 2367 380 2393 una
415 2354 478 2394 die
512 2367 604 2394 eum
636 2354 803 2394 foetibus
838 2354 929 2394 suis.
992 2355 1027 2377 ‘2⁹
1060 2353 1100 2393 Si
1134 2352 1440 2393 immolaveritis
1472 2352 1650 2392 hostiam
1683 2364 1755 2404 pro
1788 2351 2012 2405 gratiarum
2045 2351 2205 2391 actione

305 2413 488 2455 Domino.
523 2418 568 2453 ut
597 2413 725 2466 possit
757 2426 839 2453 esse
871 2412 1090 2465 placabilis,
1150 2414 1185 2436 ²³⁰
1215 2412 1356 2453 eodem
1387 2412 1450 2451 die
1481 2410 1700 2451 comedetis
1732 2423 1832 2455 eam,
1866 2423 1947 2451 non
1976 2410 2207 2451 remanebit

302 2472 525 2525 quidquam
556 2472 595 2512 in
626 2486 744 2512 mane
775 2472 938 2512 alterius
968 2471 1057 2512 diei.
1090 2485 1161 2524 ego
1191 2472 1401 2512 Dominus.

405 2533 437 2555 31
462 2531 672 2572 f‘ustodite
696 2532 893 2571 mandata
918 2544 1019 2579 111011,
1046 2536 1087 2571 et
1110 2531 1230 2571 facite
1256 2544 1312 2571 ea.
1340 2543 1411 2584 ego
1436 2530 1647 2570 Dominus.
1700 2531 1732 2553 ³³2
1757 2528 1816 2568 Ne
1841 2528 2031 2581 polluatis
2056 2541 2204 2569 nomen

304 2604 437 2630 meum
471 2596 669 2635 sanetum,
706 2597 751 2631 ut
784 2590 1013 2631 511001ἰῆ001-
1047 2590 1084 2630 in
1118 2590 1249 2630 medio
1286 2589 1459 2630 filiorum
1486 2588 1618 2628 Israel.
1655 2588 1740 2641 Ego
1765 2587 1964 2628 Dominus
1990 2587 2058 2640 qui
2090 2600 2203 2627 sane-

302 2650 412 2690 tisieo
444 2664 526 2692 vos,
581 2652 612 2673 ³³2
637 2655 675 2690 et
702 2650 822 2690 eduxi
848 2650 896 2689 de
923 2650 1041 2689 Terra
1069 2649 1247 2702 Euypti.
1283 2654 1330 2689 ut
1355 2661 1482 2689 essem
1506 2648 1622 2688 vobis
1648 2648 1687 2687 in
1717 2647 1857 2687 Deum.
1894 2660 1964 2699 ego
1989 2646 2202 2687 Dominus,

635 2754 674 2794 6.
706 2754 937 2806 Praecepta
967 2754 1023 2795 de
1054 2753 1355 2793 celebratione
1386 2752 1626 2802 festorum,
1655 2752 1720 2802 23,
1740 2751 1885 2791 1—44.

404 2832 467 2875 23.
525 2835 532 2856 ¹
568 2832 827 2885 Locutusque
859 2836 919 2871 est
948 2830 1148 2871 Dominus
1179 2830 1231 2870 ad
1260 2830 1440 2883 Moysen,
1473 2829 1626 2869 dicens:
1685 2830 1699 2852 ‘2
1730 2828 1911 2881 Loquere
1944 2826 2034 2867 filiis
2067 2825 2201 2867 lsrael.

300 2897 338 2931 et
359 2892 464 2932 dices
486 2892 537 2931 ad
556 2904 639 2931 eos:
664 2891 736 2931 1110
756 2896 849 2931 sunt
870 2890 976 2931 feriae
996 2889 1172 2933 Domini,
1196 2902 1294 2942 quas
1315 2888 1514 2929 vocabitis
1533 2894 1706 2928 sanctas.
1754 2890 1770 2911 3
1788 2888 1866 2928 Sex
1886 2886 2026 2927 diebus
2045 2885 2202 2925 facietis

299 2964 417 3003 opus:
449 2950 530 2990 dies
559 2951 767 3003 septimus,
799 2950 894 3003 quia
921 2949 1082 2989 sabbati
1110 2948 1266 3001 requies
1294 2952 1366 2992 est,
1397 2947 1612 2988 vocabitur
1639 2951 1814 2987 sanctus.
1846 2958 1963 2986 omne
1992 2958 2092 2997 opus
2121 2957 2200 2984 non

301 3010 453 3049 iacietis
483 3010 517 3049 in
547 3023 604 3049 eo.
633 3009 851 3049 sabbatum
880 3008 1043 3049 Domini
1070 3014 1129 3048 est
1156 3007 1195 3047 in
1223 3007 1377 3047 cunetis
1404 3006 1728 3046 habitationilms
1754 3005 1910 3045 vestris.
1966 3006 1980 3028 ⁴
2008 3003 2082 3043 Hae
2107 3010 2196 3043 sunt

300 3082 390 3115 erigo
420 3069 527 3109 feria>¹
560 3068 718 3109 Domini
750 3074 910 3108 sanetaz
944 3081 1043 3120 quas
1073 3066 1272 3107 celebrare
1302 3066 1456 3106 debetis
1487 3065 1736 3118 temporibus
1767 3064 1859 3104 suis.

406 3130 420 3151 ⁵
459 3128 610 3168 ‘Mense
644 3127 782 3180 primo,
818 3126 1118 3180 (11011-1101001101]
1153 3126 1216 3165 (110
1248 3125 1393 3166 niensis
1425 3125 1476 3165 ad
1508 3137 1732 3177 vesperum,
1769 3122 1895 3162 l’liase
1926 3120 2089 3162 Domini
2122 3125 2200 3161 est:

304 3189 317 3208 ‘²
348 3194 381 3225 et
420 3187 720 3239 quimadecima
753 3186 815 3226 (lie
847 3186 993 3226 mensis
1024 3185 1155 3226 liuius.
1189 3184 1436 3225 sollemnitas
1468 3195 1702 3236 azymorum
1740 3181 1899 3222 Domini
1931 3184 2002 3220 est.
2035 3180 2199 3233 Septem

301 3245 441 3285 diebus
466 3259 610 3298 azyma
633 3245 864 3286 comedetis.
920 3246 932 3267 ⁷
957 3245 1039 3285 dies
1064 3244 1215 3297 primus
1240 3244 1313 3283 erit
1338 3243 1452 3283 vobis
1476 3241 1768 3284 celeberrinms,
1794 3245 2056 3292 sanctusque:
2083 3251 2201 3278 omne

300 3318 400 3357 opus
426 3305 566 3344 servile
594 3318 669 3345 non
696 3304 852 3344 facietis
879 3304 914 3343 in
944 3318 1006 3344 eo:
1063 3307 1077 3325 ⁸
1102 3303 1170 3343 sed
1197 3302 1371 3342 ol'l'eretis
1397 3301 1636 3341 sat-rifieium
1665 3301 1702 3340 in
1730 3300 1818 3353 igne
1842 3298 2018 3339 Domino
2045 3301 2198 3350 septem

417 3431 490 3512 822,
507 3432 526 3464 8
544 3432 632 3475 aSiip
651 3433 701 3471 Π,
724 3434 775 3472 1;’1;
804 3432 851 3465 Dt
869 3433 919 3470 14,
937 3432 993 3464 21:
1025 3432 1068 3464 liz
1086 3432 1137 3464 44.
1155 3433 1205 3463 2⁷31.
1235 3451 1273 3453 ⁴-.
1299 3431 1338 3463 2]
1357 3429 1424 3461 1»1)1
1443 3430 1493 3468 15,
1512 3430 1567 3468 21,
1595 3428 1646 3460 sii·
1661 3429 1713 3467 35,
1735 3428 1781 3460 14.
1811 3447 1850 3449 a
1876 3426 1928 3467 23,
1946 3426 1965 3458 5
1985 3425 2055 3458 CEx
2072 3425 2123 3464 12,
2143 3423 2199 3463 1&

304 3479 368 3511 Nm
395 3480 414 3512 2
441 3506 448 3519 ,
474 3479 524 3512 16.
