2356 3760
92 316 182 340 tristis

70 358 81 373 x
90 352 204 376 ictorias

55 387 219 411 ludaeorum

90 431 103 445 a
111 422 180 446 ndit.

50 670 76 693 in
91 669 225 694 morbum

81 705 191 733 incidit,

77 903 195 926 crimina

110 946 160 962 sna

66 981 128 1002 affin
136 974 204 1003 scit,

56 1313 219 1343 Philippum

74 1349 194 1373 admini-

57 1387 212 1410 stratorem

97 1420 174 1448 renni

55 1456 216 1485 constituit,

71 1502 200 1527 moritur.

57 1701 215 1726 Antiochus

66 1737 191 1767 Eupat01
200 1756 205 1762 .

47 1838 61 1854 a
79 1829 226 1855 malevolis

72 1868 201 1895 vocatus,

109 2614 172 2631 cuni

60 2642 221 2673 elephantis

123 2678 159 2702 ad

56 2714 229 2739 Betlisnrarn

98 2750 185 2777 venit,

67 2911 217 2934 :indm-iani

65 2946 224 2970 liulreoruiu

100 2982 187 3005 ἰ’ΪιῙνῘ.

251 224 326 265 912
1103 218 1249 252 LIBER
1274 219 1300 253 I.
1944 223 1974 263 6,
1999 223 2097 263 5—-6,
2123 224 2163 257 37

349 318 363 339 ⁵
390 315 446 355 Et
472 314 586 356 venit
613 314 682 368 qui
707 313 921 354 nunciaret
946 312 981 352 ei
1006 312 1047 352 in
1072 312 1249 358 Perside,
1279 311 1376 365 quia
1399 312 1544 365 fugata
1569 318 1667 354 sunt
1692 318 1838 361 castra,
1867 327 1957 368 quae
1982 321 2100 357 erant
2124 317 2165 358 in

245 381 354 415 terra
375 373 496 414 Iuda:
548 375 563 398 ⁶
583 379 625 414 et
646 373 740 426 quia
761 372 861 412 abiit
883 371 1026 424 Lysias
1047 384 1140 411 cum
1161 371 1316 411 virtute
1336 371 1433 412 forti
1452 371 1493 412 in
1514 371 1666 424 primis.
1690 377 1731 413 et
1750 373 1917 426 fugatus
1938 379 2000 415 est
2019 388 2043 416 a
2061 375 2165 416 facie

245 433 489 477 Iudaeorum.
525 438 566 473 et
597 431 861 472 invaluerunt
893 429 1027 473 armis,
1062 434 1103 470 et
1135 429 1302 475 Viribus.
1337 434 1378 470 et
1409 429 1545 483 spoliis
1578 429 1730 480 multis,
1766 444 1856 485 quae
1888 439 2084 485 ceperunt
2115 435 2165 475 de

240 492 395 534 castris.
428 505 517 545 quae
545 490 802 531 exciderunt:
863 489 876 511 7
905 493 945 528 et
975 488 1072 541 quia
1099 488 1314 529 diruerunt
1341 488 1704 533 abominationem,
1736 502 1860 543 quam
1888 491 2164 534 aedificaverat

240 563 362 605 super
379 550 518 591 altare.
540 548 649 602 quod
666 553 753 588 erat
770 547 811 587 in
830 546 1063 591 ierusalem.
1084 552 1124 588 et
1141 547 1522 596 sanctificationem,
1541 548 1648 589 sicut
1663 548 1787 602 prius,
1807 548 2165 592 circumdederunt

241 609 367 650 muris
397 607 574 651 excelsis.
606 606 676 647 sed
706 611 747 646 et
776 605 1023 647 Bethsuram
1053 605 1266 647 civitatem
1296 619 1425 647 suam.

352 670 367 692 ⁸
389 668 442 708 Et
464 667 621 707 factum
642 669 704 706 est
724 669 771 705 ut
792 664 953 705 audivit
972 677 1044 705 rex
1064 677 1269 706 sermones
1290 665 1401 713 ἰεῖοε,
1425 665 1606 718 expavit,
1630 671 1671 707 et
1692 672 1922 708 commotus
1943 674 2005 708 est
2025 668 2163 710 valde:

245 733 285 768 et
311 726 461 767 decidit
487 724 528 765 in
553 724 718 767 lectum.
747 729 789 764 et
813 723 958 764 incidit
982 723 1024 764 in
1048 723 1287 777 languorem
1312 735 1396 777 prae
1422 724 1602 769 tristitia.
1631 724 1728 779 quia
1752 737 1835 766 non
1859 725 2018 767 factum
2044 732 2107 768 est
2131 726 2166 767 ei

241 786 345 826 sicut
374 784 596 838 cogitabat.
656 784 670 806 ⁹
698 782 754 823 Et
781 787 870 824 erat
896 781 975 824 illic
1002 796 1074 836 per
1101 783 1184 823 dies
1212 782 1384 824 multos:
1415 782 1512 836 quia
1538 788 1738 825 renovata
1765 790 1826 825 est
1853 784 1894 825 in
1922 797 1968 827 eo
1995 785 2168 827 tristitia

241 856 402 896 magna,
435 849 475 883 et
506 841 730 883 arbitratus
761 847 823 882 est
852 854 892 882 se
922 842 1037 883 mori.

349 904 384 927 ¹⁰
416 902 471 942 Et
504 901 671 942 vocavit
703 914 842 942 omnes
876 900 1026 942 amicos
1059 914 1165 949 suos,
1200 905 1242 941 et
1273 900 1379 942 dixit
1410 900 1505 942 illis:
1542 901 1725 943 Recessit
1756 915 1923 944 somnus
1956 903 2007 944 ab
2040 902 2166 944 oculis

244 961 354 1005 meis.
373 966 413 1002 et
430 959 599 1006 concidi,
617 964 659 1000 et
675 959 806 1001 corrui
822 960 942 1001 corde
957 973 1040 1013 prae
1055 959 1332 1001 solicitudine:
1378 962 1407 984 ¹¹
1424 964 1465 1000 et
1480 959 1565 1000 dixi
1580 959 1621 1000 in
1637 961 1757 1002 corde
1772 974 1881 1003 meo:
1902 961 1949 1002 In
1966 966 2167 1015 quantam

240 1019 550 1061 tribulationem
577 1019 735 1065 deveni,
764 1023 805 1059 et
830 1018 871 1059 in
899 1032 999 1072 quos
1026 1018 1175 1059 fluctus
1202 1018 1392 1067 tristitiae,
1421 1019 1462 1059 in
1489 1032 1572 1072 qua
1596 1032 1705 1060 nunc
1730 1032 1839 1061 sum:
1869 1020 1939 1074 qui
1963 1020 2166 1062 iucundus

240 1091 363 1123 eram,
394 1085 433 1119 et
462 1078 634 1119 dilectus
662 1078 703 1118 in
730 1082 939 1131 potestate
967 1078 1075 1118 mea!
1133 1079 1164 1102 12
1193 1078 1312 1119 Nunc
1340 1090 1436 1119 vero
1464 1077 1701 1120 reminiscor
1727 1078 1941 1128 malorum,
1973 1092 2064 1133 quae
2090 1079 2167 1120 feci

239 1138 280 1178 in
313 1137 545 1186 Ierusalem,
577 1137 685 1177 unde
715 1141 756 1177 et
786 1136 937 1177 abstuli
968 1136 1106 1178 omnia
1134 1136 1265 1190 spolia
1293 1149 1428 1181 aurea.
1460 1142 1502 1178 et
1531 1142 1736 1191 argentea,
1770 1151 1860 1191 quae
1889 1143 2007 1179 erant
2035 1138 2077 1179 in
2106 1151 2165 1187 ea,

240 1201 282 1237 et
312 1196 403 1237 misi
435 1196 592 1237 auferre
623 1195 860 1236 habitantes
895 1195 1077 1236 Iudaeam
1109 1195 1194 1236 sine
1225 1208 1359 1237 causa.
1421 1197 1453 1220 13
1484 1195 1666 1250 Cognovi
1697 1209 1790 1250 ergo
1823 1197 1919 1251 quia
1949 1202 2167 1251 propterea

239 1255 488 1296 invenerunt
512 1267 576 1295 me
601 1253 711 1296 mala
734 1254 832 1295 ista:
860 1259 901 1295 et
926 1267 1016 1295 ecce
1041 1267 1161 1308 pereo
1187 1254 1358 1296 tristitia
1382 1267 1533 1309 magna
1556 1255 1598 1295 in
1623 1260 1733 1296 terra
1757 1255 1900 1298 aliena.

348 1316 380 1338 ¹⁴
408 1314 464 1355 Et
491 1313 658 1355 vocavit
684 1313 935 1367 Philippum,
966 1326 1094 1354 unum
1122 1314 1172 1354 de
1200 1313 1339 1355 amicis
1367 1313 1461 1361 suis,
1492 1319 1534 1354 et
1560 1314 1784 1368 praeposuit
1811 1328 1904 1355 eum
1932 1328 2054 1368 super
2080 1315 2168 1356 uni-

244 1387 406 1414 versum
435 1386 605 1427 regnum
634 1386 772 1413 suum:
831 1374 862 1397 ¹5
891 1378 933 1413 et
961 1372 1075 1414 dedit
1103 1372 1139 1413 ei
1167 1372 1370 1422 diadema,
1401 1377 1442 1414 et
1470 1372 1620 1414 stolam
1649 1386 1778 1421 suam,
1809 1379 1851 1414 et
1879 1373 2090 1418 annulum,
2121 1379 2169 1415 ut

244 1433 467 1474 adduce-ret
493 1431 746 1473 Antiochum
774 1431 902 1472 filium
930 1444 1062 1480 suum,
1093 1437 1135 1473 et
1161 1431 1339 1473 nutriret
1366 1444 1471 1481 eum,
1502 1437 1544 1473 et
1569 1437 1770 1486 regnaret.

349 1494 383 1516 ¹⁶
417 1491 473 1532 Et
506 1496 693 1533 mortuus
727 1496 789 1532 est
821 1490 901 1532 illic
934 1490 1163 1532 Antiochus
1196 1503 1267 1532 rex
1301 1503 1408 1532 anno
1443 1490 1665 1533 centesimo
1700 1491 2011 1545 quadragesimo
2045 1504 2166 1534 nono.

452 1609 522 1659 II.
561 1608 852 1659 Antiocho
892 1607 955 1658 V.
992 1608 1293 1672 Eupatore
1332 1610 1636 1674 regnante,
1677 1609 1726 1660 6.
1754 1607 1974 1660 17—63.

347 1702 381 1724 ¹⁷
414 1700 469 1741 Et
500 1700 693 1754 cognovit
724 1699 879 1753 Lysias,
915 1699 1110 1753 quoniam
1140 1703 1328 1741 mortuus
1361 1703 1422 1741 est
1452 1711 1535 1745 rex,
1569 1704 1611 1740 et
1641 1699 1859 1740 constituit
1888 1712 2056 1754 regnare
2086 1700 2169 1740 An-

243 1759 426 1800 tiochum
450 1759 579 1800 filium
604 1759 700 1803 eius,
729 1771 850 1813 quem
875 1757 1053 1799 nutrivit
1077 1757 1398 1800 adolescentem:
1425 1764 1466 1799 et
1491 1758 1659 1800 vocavit
1682 1771 1832 1800 nomen
1857 1758 1941 1800 eius
1966 1759 2166 1812 Eupator.

350 1830 384 1853 ¹⁸
408 1829 464 1870 Et
487 1828 539 1873 hi.
567 1828 636 1883 qui
660 1833 777 1869 erant
800 1828 841 1869 in
866 1841 968 1877 arce,
995 1828 1280 1870 concluserant
1305 1827 1430 1870 Israel
1452 1828 1493 1869 in
1518 1828 1689 1870 circuitu
1714 1833 1970 1870 sanctorum:
1996 1833 2037 1869 et
2062 1841 2168 1883 quae-

242 1888 389 1929 rebant
409 1888 463 1929 eis
482 1887 592 1929 mala
610 1900 779 1941 semper.
802 1892 843 1928 et
861 1887 1170 1928 firmamentum
1189 1887 1397 1929 Gentium.
1446 1889 1481 1912 ¹⁹
1499 1888 1556 1929 Et
1574 1887 1774 1942 cogitavit
1794 1887 1917 1928 Iudas
1937 1887 2169 1941 disperdere

242 1961 327 1989 eos:
364 1953 404 1988 et
439 1947 685 1988 convocavit
718 1946 955 1988 universum
989 1946 1201 2001 populum,
1238 1951 1285 1987 ut
1319 1947 1553 1988 obsiderent
1587 1959 1666 1988 eos.
1729 1948 1765 1970 2⁰
1797 1946 1854 1987 Et
1888 1953 2170 1988 convenerunt

243 2005 374 2052 simul,
407 2012 448 2047 et
478 2006 727 2048 obsederunt
756 2018 822 2047 eos
853 2019 960 2047 anno
991 2005 1213 2047 centesimo
1245 2006 1596 2060 quinquagesimo,
1629 2010 1670 2046 et
1698 2005 1884 2046 fecerunt
1914 2005 2095 2055 balistas,
2128 2011 2170 2047 et

243 2065 466 2107 machinas.
528 2067 559 2089 ‘2¹
592 2065 649 2106 Et
681 2065 869 2106 exierunt
903 2064 1071 2118 quidam
1105 2078 1154 2105 ex
1187 2064 1254 2113 eis,
1291 2065 1360 2119 qui
1394 2065 1707 2106 obsidebantur:
1743 2069 1784 2106 et
1817 2064 2096 2106 adjunxerunt
2127 2077 2169 2106 se

242 2124 319 2166 illis
349 2124 474 2179 aliqui
502 2124 616 2178 impii
644 2137 694 2165 ex
724 2123 859 2171 Israel,
916 2125 948 2148 ²2
977 2129 1019 2165 et
1046 2124 1237 2165 abierunt
1265 2124 1318 2165 ad
1345 2137 1492 2178 regem,
1524 2128 1565 2165 et
1593 2123 1804 2165 dixerunt:
1836 2124 2059 2178 Quousque
2086 2137 2168 2165 non

244 2184 343 2224 facis
372 2183 579 2224 iudicium.
611 2188 652 2223 et
680 2182 863 2224 vindicas
892 2183 1038 2224 fratres
1067 2182 1253 2224 nostros?
1310 2185 1342 2208 23
1372 2184 1454 2224 Nos
1483 2182 1738 2224 decrevimus
1767 2182 1916 2224 servire
1943 2182 2053 2236 patri
2081 2188 2166 2232 tuo,

245 2247 287 2283 et
305 2241 515 2283 ambulare
533 2242 574 2282 in
592 2241 805 2295 praeceptis
824 2241 920 2290 eius
942 2246 983 2282 et
1001 2241 1170 2295 obsequi
1188 2241 1331 2282 edictis
1350 2241 1452 2282 eius:
1499 2244 1531 2266 2⁴
1550 2247 1589 2283 et
1608 2242 1678 2283 filii
1696 2241 1837 2296 populi
1854 2241 1984 2283 nostri
2001 2247 2170 2296 propter

246 2301 322 2343 hoc
349 2301 585 2342 alienabant
611 2313 651 2342 se
678 2314 699 2341 a
727 2300 855 2344 nobis.
884 2306 925 2341 et
952 2300 1199 2354 quicumque
1225 2300 1544 2341 inveniebantur
1569 2314 1619 2341 ex
1644 2300 1773 2349 nobis,
1801 2300 2166 2350 interficiebantur,

246 2365 288 2402 et
307 2360 556 2401 hereditates
576 2364 726 2401 nostrae
746 2359 1056 2413 diripiebantur.
1106 2361 1138 2384 '²⁵
1158 2359 1214 2400 Et
1233 2373 1315 2400 non
1336 2360 1388 2401 ad
1408 2373 1480 2401 nos
1501 2365 1668 2401 tantum
1688 2360 1965 2400 extenderunt
1983 2373 2166 2410 manum,

246 2419 317 2460 sed
344 2425 383 2460 et
411 2419 451 2459 in
479 2432 617 2460 omnes
645 2418 743 2459 fines
771 2424 943 2460 nostros.
999 2420 1034 2443 2⁶
1061 2424 1101 2459 et
1128 2431 1218 2459 ecce
1245 2417 1533 2472 applicuerunt
1559 2418 1679 2460 hodie
1706 2419 1758 2459 ad
1785 2431 1919 2459 arcem
1948 2418 2168 2460 Ierusalem

247 2491 445 2531 occupare
477 2491 578 2527 eam,
613 2483 654 2518 et
684 2477 956 2518 munitionem
989 2478 1237 2518 Bethsuram
1267 2477 1523 2519 munierunt:
1583 2479 1617 2501 27
1649 2482 1691 2518 et
1720 2477 1797 2518 nisi
1827 2477 2070 2531 praeveneris
2101 2490 2169 2519 eos

246 2537 436 2585 velocius,
467 2537 633 2581 maiora,
666 2550 791 2591 quam
819 2536 916 2582 haec,
947 2536 1111 2581 facient,
1143 2541 1185 2577 et
1212 2549 1294 2578 non
1323 2537 1475 2590 poteris
1505 2536 1689 2578 obtinere
1718 2549 1797 2578 eos.

353 2609 388 2632 2⁸
403 2607 458 2647 Et
473 2607 601 2648 iratus
617 2612 679 2648 est
692 2620 774 2649 rex,
792 2612 839 2648 ut
854 2607 939 2647 haec
954 2606 1132 2647 audivit:
1150 2611 1192 2647 et
1206 2606 1453 2648 convocavit
1468 2619 1607 2648 omnes
1623 2606 1774 2647 amicos
1789 2619 1895 2655 suos,
1913 2612 1955 2647 et
1967 2605 2170 2660 principes

250 2666 450 2707 exercitus
474 2666 546 2710 sui.
572 2671 613 2707 et
634 2679 712 2708 eos,
739 2665 808 2720 qui
829 2678 951 2719 super
973 2665 1130 2719 equites
1153 2670 1281 2707 erant.
1333 2667 1368 2690 ²⁹
1390 2666 1460 2707 sed
1483 2670 1523 2706 et
1546 2666 1595 2706 de
1616 2665 1748 2719 regnis
1772 2664 1870 2714 aliis,
1895 2669 1937 2706 et
1959 2665 2008 2706 de
2029 2664 2169 2705 insulis

251 2725 465 2767 maritimis
496 2730 697 2766 venerunt
727 2725 779 2766 ad
810 2737 902 2765 eum
933 2724 1134 2766 exercitus
1165 2724 1419 2766 conductitii.
1478 2727 1514 2749 ³⁰
1543 2724 1600 2765 Et
1628 2729 1717 2765 erat
1746 2736 1938 2765 numerus
1969 2723 2170 2765 exercitus

246 2784 342 2829 eius.
375 2791 541 2825 centum
571 2783 697 2825 millia
726 2783 925 2838 peditum,
956 2789 999 2824 et
1028 2783 1175 2837 viginti
1204 2783 1332 2824 millia
1361 2783 1560 2838 equitum,
1593 2788 1634 2824 et
1663 2782 1872 2837 elephanti
1901 2782 2167 2837 trigintaduo‚

247 2844 357 2885 docti
387 2844 438 2884 ad
469 2842 664 2897 praelium.

354 2915 385 2936 ³³¹
411 2913 465 2953 Et
490 2918 692 2953 venerunt
715 2925 786 2966 per
811 2913 1048 2956 idumaeam.
1076 2918 1116 2953 et
1141 2912 1428 2966 applicuerunt
1452 2913 1504 2954 ad
1529 2912 1788 2959 Bethsuram,
1815 2917 1857 2952 et
1879 2916 2171 2966 pugnaverunt

251 2971 333 3011 dies
364 2971 525 3015 multos.
558 2977 598 3012 et
627 2972 812 3012 fecerunt
841 2971 1051 3012 machinas
1081 2977 1121 3012 et
1152 2972 1350 3016 exierunt.
1395 2978 1437 3013 et
1464 2971 1765 3013 succenderunt
1792 2984 1859 3012 eas
1887 2970 1982 3024 igni,
2026 2976 2068 3011 et
2095 2983 2169 3024 pu-

247 3037 477 3083 gnaverunt
496 3030 677 3071 viriliter.
724 3032 756 3055 32
775 3031 831 3071 Et.
853 3030 1019 3071 recessit
1039 3030 1161 3071 Iudas
1186 3031 1237 3072 ab
1263 3043 1364 3077 arce,
1388 3036 1429 3072 et
1452 3030 1586 3071 movit
1609 3035 1745 3071 castra
1768 3030 1821 3071 ad
1841 3029 2167 3070 Bethzacharam

248 3094 392 3129 contra
408 3097 541 3129 castra
558 3089 670 3142 regis.
716 3092 748 3114 ³³
765 3090 821 3130 Et
836 3089 1012 3130 surrexit
1028 3102 1098 3130 rex
1116 3095 1211 3130 ante
1227 3089 1371 3135 lucem,
1391 3094 1432 3130 et
1448 3089 1674 3131 concitavit
1691 3088 1891 3129 exercitus
1908 3088 1949 3129 in
1966 3088 2168 3142 impetum

249 3154 391 3188 contra
422 3147 530 3187 viam
563 3148 906 3190 Bethzacharam:
939 3154 979 3189 et
1009 3154 1356 3201 comparaverunt
1385 3161 1425 3189 se
1455 3147 1657 3189 exercitus
1686 3147 1728 3188 in
1758 3146 1954 3202 praelium,
1987 3152 2029 3187 et
2057 3146 2168 3188 tubis

250 3205 500 3246 cecinerunt:
561 3208 593 3231 ³⁴
626 3212 667 3247 et
699 3207 926 3261 elephantis
960 3207 1229 3249 ostenderunt
1261 3207 1500 3261 sanguinem
1534 3219 1625 3248 uvae
1657 3212 1698 3247 et
1729 3206 1844 3251 mori.
1880 3206 1933 3247 ad
1965 3205 2169 3247 acuendos

251 3277 316 3305 eos
334 3264 373 3304 in
394 3264 592 3317 praelium:
638 3268 669 3289 3⁵
687 3272 728 3307 et
745 3266 974 3307 diviserunt
991 3266 1141 3307 bestias
1160 3279 1231 3319 per
1246 3266 1440 3320 legiones:
1460 3271 1502 3306 et
1518 3265 1741 3306 astiterunt
1757 3264 1923 3319 singulis
1941 3263 2169 3318 elephantis

250 3322 358 3362 mille
389 3322 461 3363 viri
491 3323 529 3363 in
558 3322 687 3363 loricis
717 3325 1008 3368 concatenatis.
1040 3330 1081 3365 et
1107 3324 1231 3378 galeae
1259 3338 1370 3366 aereae
1397 3324 1437 3365 in
1467 3324 1670 3378 capitibus
1698 3336 1857 3365 eorum:
1887 3329 1929 3364 et
1956 3322 2170 3377 quingenti

252 3381 408 3435 equites
434 3382 610 3422 ordinati
636 3383 853 3436 unicuique
879 3384 1018 3425 bestiae
1042 3383 1157 3424 electi
1182 3388 1310 3424 erant.
1363 3385 1398 3408 3⁶
1424 3383 1477 3423 Hi
1502 3388 1598 3424 ante
1623 3388 1785 3436 tempus
1809 3382 2058 3435 ubicumque
2082 3386 2171 3422 erat

253 3440 395 3482 bestia.
424 3440 479 3480 ibi
505 3446 638 3481 erant:
668 3447 706 3481 et
735 3456 992 3496 quocumque
1018 3442 1118 3487 ibat,
1147 3442 1275 3486 ibant.
1305 3447 1345 3483 et
1370 3455 1452 3484 non
1479 3442 1746 3483 discedebant
1771 3441 1822 3482 ab
1849 3453 1907 3482 ea.
1962 3441 1996 3465 37
2023 3440 2103 3481 Sed
2129 3444 2169 3480 et

253 3505 383 3540 turres
403 3499 543 3552 lignea}
561 3512 681 3552 super
700 3512 765 3541 eos
787 3500 910 3542 firmae
928 3506 1188 3555 protegentes
1208 3514 1328 3555 super
1346 3500 1524 3555 singulas
1543 3500 1713 3542 bestias:
1735 3505 1776 3541 et
1793 3512 1914 3553 super
1932 3512 1998 3540 eas
2017 3497 2169 3539 machi-

253 3571 331 3599 nfe:
368 3565 407 3599 et
433 3571 554 3612 super
579 3558 755 3611 singulas
784 3559 857 3598 viri
884 3559 1049 3601 virtutis
1076 3560 1246 3614 triginta
1270 3561 1363 3603 duo,
1393 3560 1462 3614 qui
1486 3560 1731 3613 pugnabant
1756 3559 1946 3612 desuper:
1974 3562 2015 3598 et
2042 3557 2168 3598 Indus
