2356 3760
286 173 362 213 6013Ι
1163 171 1308 205 LIBER
1951 178 1980 218 7,
2008 178 2126 218 16-8,
2153 180 2193 213 12

288 268 320 289 ¹⁸
339 265 377 306 in
402 278 527 306 manu
551 265 657 305 enim
683 264 785 305 illius
811 271 850 305 et
881 278 964 308 nos,
991 270 1030 304 et
1056 277 1258 306 sermones
1284 266 1421 310 nostri.
1501 272 1541 307 et
1566 267 1696 308 omnis
1720 269 1932 321 sapientia,
1958 276 2000 312 et
2023 285 2191 325 operum

548 325 717 364 scientia
745 330 784 363 et
815 322 1037 376 disciplina.

289 384 320 406 ¹⁷
345 383 430 436 lpse
448 384 553 423 enim
571 383 683 424 dedit
701 382 796 422 mihi
815 382 971 430 horum,
992 395 1081 435 qua}
1098 389 1204 431 sunt,
1223 383 1435 424 scientiam
1453 397 1609 425 veram:
1682 391 1728 426 ut
1743 386 1867 427 sciam
1885 388 2190 441 dispositionem

548 442 653 483 orbis
685 448 895 483 terrarum.
928 447 967 481 et
1000 441 1171 482 virtutes
1202 442 1506 486 elementorum.

289 501 511 549 1511111111111,
558 507 599 541 et
641 499 1048 544 consummationem,
1095 506 1135 541 et
1188 502 1451 542 medietatem
1509 508 1751 557 temporum,
1866 505 2191 547 vicissitudinum

547 559 881 612 permutationes,
913 566 948 598 et
982 561 1324 601 commutationes
1355 568 1597 613 temporum,

289 621 320 642 ¹⁴³
338 619 432 658 anni
453 631 603 661 cursus.
626 624 665 659 ct
685 617 893 658 stellarum
914 618 1209 671 dispositiones.
1284 621 1319 643 2⁰
1338 625 1506 660 naturas
1526 620 1775 665 animalium.
1798 627 1838 663 et
1856 622 1934 664 iras
1956 624 2189 673 bestiarum,

338 678 418 717 vim
447 683 675 720 ventorum.
702 682 743 717 et
766 677 1032 727 cogitationes
1062 677 1285 720 hominum.
1373 678 1621 720 differentias
1647 680 1927 734 virgultorum,
1952 688 1993 723 et
2020 682 2192 724 virtutes

548 736 742 778 radicum.

284 797 313 818 ²¹
334 802 373 836 et
422 808 689 848 qiuecumque
739 801 833 835 sunt
868 796 1066 836 absconsa
1107 801 1147 836 et
1188 796 1421 850 improvisa,
1453 797 1592 837 didici:
1668 799 1849 839 omnium
1898 799 2004 840 enim
2046 801 2192 842 artifex

547 855 687 895 docuit
719 867 782 894 me
813 854 1024 907 sapientia.

895 971 934 1010 3.
964 970 1071 1010 Filia
1100 971 1179 1011 Dei
1210 971 1295 1022 est,
1323 973 1363 1022 7,
1382 973 1528 1023 22—8‚
1547 974 1587 1013 1.

77 1044 315 1105 1‚it'-¹.¹}¹ffi'}11i'1‘,'ss²²
337 1047 396 1082 est
433 1042 538 1082 enim
576 1042 615 1081 in
652 1041 718 1081 illa
763 1041 927 1094 spiritus
970 1041 1256 1093 intelligentiae.
1295 1048 1472 1087 sanctus.
1563 1044 1716 1090 unicus,
1756 1044 1980 1099 multiplex.
2019 1046 2190 1090 subtiHs.

76 1099 82 1104 ‘
121 1099 128 1105 ⁸
165 1102 172 1105 ’
337 1101 522 1143 disertus,
554 1100 724 1145 mobilis,
755 1100 1099 1153 incoinquinatus
1183 1108 1328 1145 certus,
1359 1102 1507 1147 suavis.
1539 1116 1681 1144 amans
1709 1104 1875 1148 bonum.
1906 1110 2062 1149 acutus,

337 1173 456 1213 quem
478 1158 575 1200 nihil
592 1164 719 1203 vetat,
740 1159 1007 1200 benefaciens
1081 1162 1113 1184 '23
1138 1160 1354 1209 humanus,
1373 1161 1582 1215 benignus.
1657 1163 1824 1209 stabilis,
1847 1170 1991 1208 certus.
2015 1177 2190 1209 securus,

336 1232 497 1260 onmem
543 1218 697 1259 habens
728 1218 936 1261 virtutem.
970 1219 1107 1259 onmia
1139 1220 1397 1273 prospiciens,
1482 1226 1522 1262 et
1552 1221 1621 1275 qui
1664 1222 1801 1276 capiat
1836 1236 1974 1264 omnes
2008 1224 2191 1277 spiritus:

547 1277 821 1331 intelligibilis,
854 1278 1043 1322 mundus,
1076 1278 1247 1319 subtilis.

282 1338 314 1361 ‘2¹
335 1337 535 1378 Omnibus
557 1336 663 1377 enim
684 1337 903 1377 mobilibus
924 1336 1110 1378 mobilior
1131 1344 1191 1378 est
1212 1338 1430 1392 sapientia:
1507 1339 1673 1393 attingit
1696 1345 1835 1380 autem
1856 1340 2007 1394 ubique
2029 1347 2194 1394 propter

546 1409 660 1436 suam
691 1396 949 1437 munditiam.

282 1457 315 1479 ‘²⁷³
335 1456 472 1509 Vapor
498 1460 559 1497 est
584 1455 690 1496 enim
717 1456 880 1496 virtutis
906 1456 993 1502 Dei,
1075 1462 1113 1496 et
1140 1457 1345 1498 emanatio
1372 1458 1561 1510 quaedam
1590 1465 1651 1498 est
1677 1457 1872 1499 claritatis
1901 1458 2193 1513 omnipotentis

545 1515 620 1555 Dei
650 1515 822 1555 sincera:
907 1520 947 1555 et
976 1515 1064 1556 ideo
1096 1515 1194 1555 nihil
1223 1515 1484 1569 inquinatum
1514 1516 1555 1557 in
1585 1530 1674 1557 eam
1704 1517 1884 1558 incurrit.

283 1576 318 1598 ²⁶
340 1575 510 1615 aeandor
536 1580 596 1615 est
622 1574 727 1615 enim
754 1574 851 1615 lucis
887 1580 1058 1619 aeternae,
1139 1580 1180 1614 et
1205 1574 1413 1627 speculum
1439 1576 1523 1615 sine
1548 1575 1709 1616 macula
1733 1576 1809 1616 Dei
1835 1576 2072 1619 maiestatis.
2153 1582 2194 1618 et

546 1634 678 1686 imago
709 1633 905 1674 bonitatis
935 1632 1051 1674 illius.

282 1693 316 1716 ²⁷
335 1692 389 1733 Et
419 1705 508 1732 cum
539 1692 590 1732 sit
620 1705 712 1736 una.
744 1692 881 1733 onmia
907 1697 1063 1745 potest:
1146 1698 1187 1733 et
1215 1692 1254 1733 in
1283 1706 1324 1733 se
1351 1706 1593 1747 permanens
1623 1694 1760 1735 onmia
1787 1694 1970 1736 innovat.

336 1758 461 1805 etper
477 1751 662 1792 nationes
680 1751 719 1791 in
739 1751 895 1791 animas
913 1757 1075 1792 sanctas
1097 1764 1137 1791 se
1156 1752 1361 1794 transfert.
1411 1752 1561 1793 amicos
1574 1752 1650 1793 Dei
1667 1759 1706 1793 et
1724 1753 1946 1806 prophetas
1964 1754 2190 1795 constituit.

283 1813 318 1834 2⁸
338 1811 549 1851 Neminem
578 1810 683 1851 enim
713 1810 842 1864 diligit
868 1810 991 1858 Deus,
1021 1810 1096 1851 nisi
1124 1824 1228 1859 eum,
1259 1811 1327 1864 qui
1355 1824 1447 1852 cum
1474 1812 1676 1865 sapientia
1701 1812 1920 1853 inhabitat.

283 1872 317 1894 ‘2¹³
336 1870 410 1910 Est
440 1870 545 1910 enim
575 1870 659 1910 haec
689 1870 904 1923 speciosior
932 1869 1024 1915 sole,
1109 1876 1149 1910 et
1177 1883 1298 1923 super
1326 1884 1487 1911 ornnem
1517 1870 1826 1924 dispositionem
1855 1870 2076 1916 stellarum.

335 1929 413 1970 luci
434 1934 673 1983 comparata
696 1929 903 1970 invenitur
927 1929 1046 1982 prior.
1108 1931 1144 1953 ³0
1177 1928 1239 1969 Illi
1264 1929 1370 1970 enim
1396 1929 1577 1970 succedit
1600 1943 1694 1975 nox,
1782 1930 2025 1983 sapientiam
2053 1937 2192 1972 autem

547 2002 626 2029 non
658 1988 785 2029 vincit
815 1988 984 2029 malitia.

283 2049 320 2091 8.
377 2050 389 2072 ¹
420 2048 600 2101 Attingit
629 2061 720 2101 ergo
751 2061 775 2088 a
804 2048 881 2088 fine
912 2060 1038 2100 usque
1069 2048 1119 2088 ad
1150 2048 1271 2088 finem
1300 2048 1471 2092 fortiter,
1556 2054 1598 2089 et
1626 2048 1806 2102 disponit
1835 2049 1973 2089 omnia
1999 2048 2190 2090 suaviter.

675 2165 712 2204 4.
743 2163 977 2215 Sapientia
1007 2174 1185 2204 summe
1217 2163 1450 2215 diligenda
1480 2165 1565 2215 est,
1593 2166 1633 2215 8,
1652 2165 1803 2205 2—16.

112 2240 246 2265 >³¹0¹¹¹0¹¹
306 2236 456 2276 2Hanc
500 2235 647 2279 amavi,
692 2241 731 2275 et
777 2234 976 2288 exquisivi
1007 2248 1031 2274 a
1061 2233 1275 2275 iuventute
1306 2248 1408 2279 mea,
1479 2240 1519 2274 et
1535 2235 1703 2288 quaesivi
1739 2248 1931 2288 sponsam
1963 2236 2061 2277 1111111
2103 2249 2193 2277 eam

89 2276 270 2300 intratum-tn-

138 2312 221 2336 xarns
549 2307 763 2339 assumere,
848 2300 889 2334 et
919 2298 1080 2335 amator
1107 2294 1241 2334 factus
1271 2307 1360 2334 sum
1389 2295 1530 2334 t'ormae
1558 2292 1673 2334 illius.

101 2348 258 2407 ‘³¹⁰⁴{Jlffl'u‘
306 2356 322 2379 3
339 2354 664 2395 Generositatem
690 2352 794 2393 illius
813 2352 1023 2406 glorificat,
1046 2353 1359 2393 contubernium
1385 2352 1540 2393 habens
1566 2353 1659 2393 Dei:
1740 2353 1810 2393 sed
1836 2357 1877 2393 et
1903 2354 2084 2395 onmium
2111 2355 2193 2395 Do-

77 2417 268 2443 d2·¹1¹01¹⁵1¹³t-
549 2413 682 2453 minus
713 2412 855 2453 dilexit
883 2411 1004 2453 illam.

304 2475 318 2497 ⁴
337 2473 497 2514 doctrix
527 2472 633 2513 enim
664 2478 725 2512 est
754 2471 975 2525 disoiplinae
1004 2471 1091 2519 Dei,
1176 2477 1218 2512 et
1246 2471 1411 2512 electrix
1441 2483 1609 2525 operum
1639 2470 1754 2511 illius.

304 2532 390 2572 ⁵Et
425 2532 456 2572 si
491 2531 644 2572 divitiae
678 2536 932 2584 appetuntur
965 2530 1005 2571 in
1031 2530 1129 2575 vita.
1220 2530 1317 2583 quid
1351 2530 1553 2583 sapientia
1584 2529 1838 2583 locupletius,
1877 2543 1966 2583 quae
2000 2535 2193 2584 operatur

548 2590 708 2632 onmia?

305 2652 320 2674 θ
336 2651 376 2691 Si
401 2656 539 2691 autem
564 2663 702 2690 sensus
727 2655 936 2702 operatur:
1016 2649 1105 2702 quis
1124 2649 1281 2697 horum,
1305 2662 1395 2702 quae
1418 2655 1525 2697 sunt,
1551 2648 1679 2702 magis
1700 2661 1824 2701 quam
1847 2647 1916 2689 illa
1932 2654 1993 2689 est
2018 2648 2190 2689 artifex?

304 2711 318 2733 ⁷
336 2710 391 2750 Et
420 2709 451 2750 si
479 2709 679 2750 iustitiam
709 2708 798 2762 quis
827 2708 974 2761 diligit:
1056 2707 1214 2749 labores
1242 2708 1361 2749 huius
1389 2720 1558 2761 magnas
1586 2707 1741 2748 habent
1769 2706 1960 2748 virtutes:

336 2769 599 2810 sobrietatem
628 2768 747 2815 enim,
780 2774 821 2808 et
844 2767 1105 2820 prudentiam
1135 2768 1265 2813 docet,
1357 2771 1398 2807 et
1433 2767 1645 2811 iustitiam,
1676 2772 1718 2807 et
1744 2765 1953 2811 virtutem,
2046 2767 2193 2820 quibus

547 2827 684 2868 utilius
714 2827 813 2868 nihil
842 2832 903 2867 est
932 2826 971 2866 in
1003 2826 1090 2867 vita
1118 2826 1362 2868 hominibus.

304 2889 319 2911 ⁸
336 2888 391 2928 Et
410 2887 442 2927 si
460 2886 768 2928 multitudinem
788 2885 966 2927 scientiae
984 2886 1189 2927 desiderat
1204 2885 1305 2940 quis,
1375 2885 1451 2926 scit
1468 2885 1686 2939 praeterita.
1705 2891 1744 2925 et
1765 2885 1814 2926 de
1832 2884 1980 2925 futuris
1993 2884 2190 2925 aestimat:

337 2946 413 2987 scit
442 2947 641 2987 versutias
671 2959 916 2988 sermonum,
956 2950 997 2986 et
1034 2945 1317 2986 dissolutiones
1355 2950 1707 2998 argumentorum:
1789 2943 1903 2997 signa
1941 2949 1983 2984 et
2008 2950 2193 2985 monstra

547 3005 623 3046 scit
650 3012 871 3058 antequam
904 3004 1016 3052 fiant,
1102 3009 1141 3044 et
1171 3009 1342 3045 eventus
1372 3009 1603 3057 temporum
1634 3008 1674 3044 et
1704 3001 1953 3044 saeculorum.

306 3067 321 3087 ⁹
342 3064 533 3117 Proposui
563 3078 654 3118 ergo
684 3065 789 3105 hanc
818 3064 1018 3105 adducere
1047 3063 1145 3103 1111111
1175 3063 1226 3104 ad
1255 3063 1575 3104 convivendum:
1650 3062 1778 3103 sciens
1808 3061 2002 3115 quoniam
2030 3075 2190 3102 mecum

547 3124 867 3165 communicabit
899 3123 947 3163 de
980 3122 1105 3165 bonis.
1194 3129 1234 3163 et
1265 3122 1340 3163 erit
1373 3121 1562 3163 allocutio
1596 3121 1853 3175 cogitationis
1885 3126 1927 3161 et
1957 3120 2067 3161 taedii
2099 3120 2188 3161 mei.

288 3184 321 3205 ¹¹¹
342 3182 509 3223 Habebo
534 3188 698 3236 propter
727 3183 829 3223 banc
852 3181 1079 3222 claritatem
1103 3181 1154 3222 ad
1178 3182 1330 3226 turbas,
1408 3187 1448 3221 et
1469 3181 1663 3221 honorem
1687 3180 1797 3233 apud
1819 3179 1992 3221 seniores
2014 3179 2189 3220 iuvenis:

290 3243 315 3263 ¹¹
339 3248 379 3281 et
404 3250 546 3282 acutus
573 3242 755 3282 inveniar
779 3242 819 3282 in
848 3241 1007 3285 iudicio.
1087 3246 1126 3281 et
1152 3240 1191 3280 in
1217 3247 1436 3293 conspectu
1462 3240 1693 3293 potentium
1720 3238 1968 3280 admirabilis
1993 3251 2070 3281 ero.
2151 3243 2192 3278 et

548 3301 667 3341 facies
699 3302 925 3354 principum
956 3299 1215 3340 mirabuntur
1244 3313 1325 3340 me:

288 3360 318 3381 ¹²
339 3366 540 3399 tacentem
575 3373 636 3398 me
668 3361 939 3402 sustinebunt.
984 3366 1024 3399 et
1054 3358 1289 3411 loquentem
1321 3372 1384 3399 me
1419 3358 1644 3412 respicient,
1731 3362 1771 3398 et
1801 3356 2096 3397 sermocinante
2127 3368 2191 3396 me

546 3417 672 3471 plura.
705 3433 849 3460 manus
880 3419 936 3460 ori
966 3432 1037 3459 suo
1069 3418 1292 3471 imponent.

422 3534 462 3568 ‘36
487 3535 582 3568 aIlbr
611 3537 637 3574 1,
664 3536 693 3568 3.
