2356 3760
133 76 166 115 5,
191 75 310 115 19—6,
336 76 375 108 21
1010 76 1175 110 REGUM
1954 87 2029 128 317

134 168 166 208 si
199 168 421 210 adoravero
453 168 494 208 in
527 168 679 221 templo
713 168 927 213 Remmon,
962 168 1158 208 adorante
1191 181 1236 209 eo
1268 168 1308 208 in
1341 170 1481 210 eodem
1513 170 1611 219 loco,
1645 180 1692 214 ut
1723 175 1904 228 ignoscat
1935 178 2032 218 mihi

133 225 334 267 Dominus
361 240 476 268 servo
504 232 576 268 tuo
602 239 675 279 pro
702 225 778 266 hac
804 238 857 266 re.
914 228 947 250 ¹⁹
974 226 1052 274 Qui
1079 225 1184 266 dixit
1210 226 1262 266 ei:
1308 227 1420 268 Vade
1446 227 1487 268 in
1514 242 1624 281 pace.
1653 232 1766 273 Abiit
1792 248 1882 287 ergo
1910 237 1960 277 ab
1988 250 2033 278 00

134 284 260 325 electo
290 290 408 326 terrae
436 291 630 338 tempore.

240 345 276 368 2⁰
304 344 501 396 Dixitque
532 343 642 384 Giezi
671 355 771 395 puer
800 342 875 382 viri
906 343 999 383 Dei:
1031 343 1217 396 Pepercit
1247 343 1434 384 dominus
1465 358 1577 385 meus
1609 347 1795 389 Naaman
1825 350 1924 402 Syro
1955 352 2033 397 isti,

134 407 181 443 ut
206 415 287 443 non
313 402 513 456 acciperet
537 402 588 442 ab
614 415 659 442 eo
686 414 776 454 quae
801 401 960 442 attulit:
987 401 1092 442 vivit
1116 401 1329 447 Dominus,
1358 402 1453 455 quia
1477 417 1635 445 curram
1660 412 1753 459 post
1779 421 1882 453 eum,
1910 414 1950 449 et
1975 423 2036 449 as·-

134 460 282 514 cipiam
311 462 362 502 ab
392 474 437 502 eo
466 460 632 514 aliquid.
689 462 720 484 2¹
749 460 806 501 Et
833 465 994 501 secutus
1024 465 1085 501 est
1113 460 1223 501 Giezi
1251 466 1344 513 post
1372 467 1531 514 tergum
1561 463 1765 505 Naaman:
1797 479 1915 519 quem
1946 481 2036 507 cum

134 519 302 560 vidisset
327 520 393 560 ille
420 524 648 560 currentem
676 519 727 559 ad
754 532 806 567 se,
836 518 986 559 desiliit
1012 519 1061 559 de
1088 531 1207 559 curru
1234 519 1275 559 in
1302 532 1512 560 occursum
1541 521 1635 569 eius,
1665 528 1705 563 et
1732 524 1807 564 ait:
1838 525 1963 565 Recte
1990 539 2038 566 ne

134 583 231 619 sunt
258 578 418 619 omnia?
474 580 506 602 22
534 578 589 618 Et
616 577 681 618 1110
710 577 785 618 ait:
817 578 954 618 Recte.
985 577 1173 618 dominus
1201 590 1314 618 meus
1342 578 1453 619 misit
1481 592 1544 620 me
1573 581 1624 620 ad
1652 586 1703 627 te,
1735 582 1887 623 dicens:
1917 584 2038 624 Modo

134 643 335 678 venerunt
365 638 417 679 ad
446 650 510 678 me
540 637 621 677 duo
652 636 927 677 adolescentes
958 636 1007 676 de
1036 641 1176 677 monte
1206 635 1415 690 Ephraim,
1449 650 1497 677 ex
1526 637 1616 678 filiis
1646 640 1955 693 prophetarum:
1988 643 2040 682 da

134 695 189 736 eis
215 695 419 738 talentum
445 695 614 749 argenti,
642 700 684 736 et
708 700 841 736 vestes
867 695 1112 736 mutatorias
1139 694 1331 749 duplices.
1386 697 1417 719 ²³
1442 696 1639 749 Dixitque
1667 698 1870 739 Naaman:
1898 700 2038 740 Melius

135 761 197 795 est
217 760 264 796 ut
284 755 457 809 accipias
473 755 553 796 duo
574 753 743 795 talenta.
768 754 823 795 Et
843 754 975 807 coegit
995 767 1099 803 eum,
1117 754 1343 807 ligavitque
1364 753 1444 795 duo
1467 754 1623 796 talenta
1644 757 1799 809 argenti
1820 757 1860 797 in
1882 759 2039 799 duobus

135 814 271 863 330013,
300 819 341 855 et
366 813 544 867 duplicia
569 813 828 861 vestimenta,
857 818 898 853 et
922 812 1118 866 imposuit
1144 813 1303 854 duobus
1328 812 1462 865 pueris
1489 813 1582 862 suis,
1612 814 1681 867 qui
1706 820 1747 856 et
1772 822 2041 868 portaverunt

136 886 270 915 coram
299 887 357 915 eo.
413 874 445 897 2⁴
472 872 655 925 Cumque
682 872 860 912 venisset
886 871 967 912 iam
996 872 1164 925 vesperi,
1195 871 1291 913 tulit
1318 872 1368 912 de
1394 884 1518 912 manu
1547 885 1697 919 00111111,
1728 878 1768 914 et
1794 875 1974 927 reposuit
2001 875 2040 915 in

136 932 269 976 domo,
295 931 530 984 dimisitque
554 931 672 976 171103,
699 936 739 972 et
763 931 962 972 abierunt.
1014 932 1046 955 2⁵
1069 931 1153 984 ipse
1177 936 1316 972 autem
1339 930 1552 984 ingressus,
1578 932 1694 972 stetit
1717 946 1853 974 coram
1877 933 2040 974 domino

136 1004 219 1032 suo.
280 992 335 1032 Et
366 991 470 1032 dixit
503 990 678 1031 Eliseus:
714 989 832 1031 Unde
864 990 976 1030 venis
1009 989 1143 1031 Giezi?
1177 990 1255 1038 Qui
1286 989 1512 1043 respondit:
1548 990 1638 1031 Non
1670 990 1746 1031 ivit
1776 1005 1915 1032 servus
1946 997 2041 1033 tuus

137 1063 356 1104 quoquam.
411 1052 446 1074 2⁶
471 1050 527 1091 At
552 1049 616 1090 ille
643 1049 717 1090 ait:
748 1049 892 1090 Nonne
919 1062 987 1090 cor
1014 1062 1150 1089 meum
1175 1049 1217 1089 in
1242 1049 1430 1102 praesenti
1457 1054 1554 1097 erat,
1584 1050 1747 1102 quando
1772 1063 1955 1091 reversus
1982 1056 2043 1091 est

136 1110 257 1151 homo
285 1110 333 1150 de
359 1122 478 1150 curru
504 1122 575 1149 suo
602 1108 643 1148 in
670 1120 881 1149 occursum
906 1107 992 1148 tui?
1021 1108 1139 1148 Nunc
1165 1107 1288 1161 igitur
1313 1107 1504 1161 accepisti
1531 1113 1756 1161 argentum,
1785 1114 1826 1150 et
1851 1109 2042 1163 accepisti

137 1173 270 1210 vestes
296 1173 342 1209 ut
368 1181 477 1209 emas
503 1167 665 1215 oliveta,
693 1172 734 1208 et
758 1166 910 1216 vineas,
939 1172 979 1207 ct
1004 1180 1111 1215 oves,
1139 1172 1180 1208 et
1205 1167 1340 1215 boves,
1369 1172 1410 1207 et
1434 1179 1582 1213 servos,
1610 1173 1650 1206 et
1675 1167 1850 1209 ancillas
1905 1170 1938 1192 2⁷
1964 1168 2042 1209 Sed

137 1233 178 1269 et
199 1227 312 1281 lepra
335 1227 522 1267 Naaman
546 1225 769 1267 adhaerebit
792 1225 880 1273 tibi,
905 1231 946 1267 et
968 1225 1111 1266 semini
1132 1230 1217 1271 tuo,
1242 1239 1370 1278 usque
1392 1225 1433 1265 in
1457 1224 1760 1278 sempiternum.
1786 1226 1841 1267 Et
1864 1239 2041 1279 egressus

137 1292 199 1328 est
227 1287 278 1328 ab
307 1300 352 1327 eo
380 1285 561 1339 leprosus
592 1285 707 1338 quasi
734 1285 816 1325 nix,

242 1346 280 1389 6.
336 1347 349 1369 1
374 1345 579 1385 Dixerunt
604 1349 741 1384 autem
768 1343 837 1383 filii
862 1343 1155 1396 prophetarum
1181 1343 1233 1383 ad
1258 1342 1455 1383 Eliseum:
1483 1342 1587 1383 Ecce
1611 1342 1733 1387 locus,
1761 1342 1802 1383 in
1828 1356 1906 1396 quo
1932 1343 2044 1383 habi-

138 1411 274 1446 tamus
294 1417 429 1445 coram
450 1409 501 1451 te,
523 1408 719 1456 angustus
740 1407 801 1443 est
820 1402 947 1443 nobis.
996 1404 1010 1425 '2
1029 1402 1182 1442 Eamus
1202 1415 1330 1455 usque
1350 1402 1401 1442 ad
1423 1401 1650 1445 Iordanem,
1672 1406 1713 1441 et
1731 1401 1879 1442 tollant
1897 1401 2041 1455 singuli

138 1465 187 1505 de
220 1463 323 1504 silva
354 1462 545 1503 materias
579 1461 768 1515 singulas,
803 1466 850 1501 ut
882 1460 1125 1501 aedifiemnus
1158 1460 1274 1501 nobis
1308 1460 1360 1501 ibi
1395 1460 1528 1501 locum
1562 1460 1614 1500 ad
1646 1460 1930 1501 habitandum.
1966 1460 2043 1508 Qui

139 1522 261 1563 dixit:
288 1522 361 1563 lte.
413 1524 428 1545 ³
450 1521 506 1561 Et
529 1520 587 1561 ait
610 1534 713 1561 unus
738 1533 787 1560 ex
810 1519 904 1560 illis:
930 1520 1030 1560 Veni
1054 1532 1146 1573 ergo
1170 1525 1211 1560 et
1233 1524 1278 1559 tu
1303 1532 1395 1559 cum
1418 1519 1542 1559 servis
1566 1519 1659 1559 tuis.
1687 1519 1931 1572 Respondit:
1958 1519 2042 1573 Ego

139 1581 312 1622 veniam.
374 1583 388 1604 ⁴
422 1580 477 1621 Et
511 1579 610 1620 abiit
645 1593 736 1620 cum
771 1579 836 1620 eis.
873 1579 1055 1632 Cumque
1089 1578 1295 1619 venissent
1329 1578 1380 1618 ad
1416 1578 1642 1622 Iordanem,
1679 1578 1890 1619 credebant
1921 1578 2040 1628 ligna.

138 1643 153 1665 ⁵
186 1640 347 1681 Accidit
380 1644 531 1687 autem,
567 1644 615 1679 ut
648 1651 739 1679 cum
774 1651 877 1678 unus
911 1637 1125 1678 materiam
1160 1637 1406 1683 succidisset,
1443 1637 1605 1677 caderet
1637 1637 1788 1676 ferrum
1822 1630 1969 1677 securis
2003 1636 2043 1676 in

141 1713 309 1754 aquam:
338 1698 665 1751 exclamavitque
691 1697 767 1745 ille,
796 1702 837 1738 et
862 1697 937 1737 ait:
968 1697 1058 1737 Heu
1083 1696 1162 1737 heu
1187 1696 1266 1737 heu
1292 1695 1454 1737 domine
1480 1696 1546 1745 mi,
1575 1701 1615 1736 et
1640 1695 1715 1736 hoc
1740 1695 1873 1748 ipsum
1899 1700 2043 1736 mutuo

141 1771 387 1812 acceperam.
447 1759 462 1781 ⁶
489 1756 607 1797 Dixit
635 1761 773 1797 autem
802 1756 923 1797 homo
952 1756 1045 1796 Dei:
1077 1755 1157 1796 Ubi
1186 1755 1355 1796 cecidit?
1384 1755 1440 1795 At
1468 1754 1531 1795 ille
1560 1754 1807 1796 monstravit
1835 1754 1869 1795 ei
1895 1754 2040 1795 locum.

139 1817 324 1872 praecidit
342 1829 432 1870 ergo
450 1816 618 1869 lignum,
639 1821 680 1856 et
698 1815 809 1856 misit
826 1815 937 1856 illuc:
958 1814 1202 1868 natavitque
1220 1814 1383 1861 ferrum,
1434 1815 1447 1837 ⁷
1466 1819 1507 1854 et
1525 1813 1600 1854 ait:
1622 1812 1742 1854 Tolle.
1763 1812 1841 1861 Qui
1859 1812 2044 1853 extendit

141 1890 320 1925 manum,
352 1880 394 1917 et
421 1875 518 1916 tulit
546 1874 656 1915 illud.

649 1979 687 2019 4.
717 1978 892 2018 Eliseus
922 1978 1107 2018 oracula
1137 1977 1243 2028 edit,
1271 1978 1311 2028 6,
1329 1978 1449 2027 8—8,
1467 1976 1533 2016 15.

249 2052 264 2075 3
299 2051 387 2091 Rex
421 2055 560 2091 autem
593 2048 719 2102 Syriae
753 2047 965 2101 pugnabat
999 2053 1141 2089 contra
1176 2047 1310 2095 Israel,
1347 2047 1639 2100 consiliumque
1673 2046 1763 2087 iniit
1797 2059 1889 2087 cum
1923 2045 2046 2086 servis

142 2110 235 2159 suis,
260 2109 414 2151 dicens:
441 2109 488 2149 In
509 2108 596 2149 1000
619 2108 698 2156 1110,
724 2113 764 2148 et
785 2106 851 2148 illo
876 2120 1075 2160 ponamus
1097 2106 1275 2147 insidias.
1329 2108 1344 2130 ⁹
1366 2105 1477 2146 Misit
1499 2106 1637 2158 itaque
1660 2105 1721 2145 1711·
1742 2105 1818 2145 Dei
1841 2105 1892 2145 ad
1914 2117 2046 2158 regem

145 2169 279 2218 Israel,
298 2168 452 2210 dicens:
471 2168 578 2209 Cave
595 2181 644 2207 ne
660 2172 842 2207 transeas
859 2165 901 2206 in
916 2166 1050 2206 locum
1066 2165 1198 2206 illum:
1218 2165 1313 2218 quia
1329 2164 1383 2205 ibi
1399 2164 1490 2218 Syri
1506 2164 1547 2205 in
1563 2164 1717 2205 insidiis
1734 2168 1840 2205 sunt.
1887 2165 1922 2187 ¹⁰
1937 2163 2047 2204 Misit

142 2229 282 2282 itaque
301 2241 372 2269 rex
394 2226 517 2267 Israel
537 2227 589 2267 ad
607 2226 753 2273 locum,
778 2238 898 2278 quem
919 2225 1079 2265 dixerat
1099 2224 1133 2264 ei
1153 2224 1215 2264 vir
1234 2224 1322 2269 Dei,
1345 2229 1385 2264 et
1405 2223 1707 2277 praeoccupavit
1727 2236 1830 2269 011111,
1853 2228 1893 2263 et
1914 2223 2045 2263 obser-

143 2287 260 2328 vavit
284 2300 323 2327 se
348 2286 403 2327 ibi
427 2299 509 2327 non
533 2285 655 2326 semel
679 2298 809 2338 neque
835 2284 906 2325 bis
962 2286 991 2308 11
1016 2284 1399 2335 Conturbatumque
1424 2287 1485 2322 est
1509 2295 1576 2323 eor
1599 2282 1701 2335 regis
1726 2281 1851 2334 Syriae
1874 2294 1945 2334 pro
1971 2281 2046 2321 hac

144 2359 202 2387 re:
233 2352 273 2387 et
301 2344 535 2387 convocatis
564 2343 688 2385 servis
717 2343 810 2391 31113,
841 2343 917 2384 ait:
947 2343 1080 2391 Quare
1108 2355 1189 2383 non
1217 2341 1406 2382 indicatis
1434 2341 1533 2381 mihi
1562 2340 1650 2394 quis
1678 2340 1862 2393 proditor
1888 2339 1967 2380 mei
1995 2339 2047 2379 sit

146 2405 255 2459 apud
278 2417 412 2458 regem
438 2403 584 2444 Israel?
638 2405 668 2427 12
692 2402 889 2456 Dixitque
913 2415 1018 2442 unus
1042 2414 1251 2442 servorum
1275 2400 1376 2441 eius:
1404 2400 1674 2453 Nequaquam
1699 2398 1860 2439 domine
1884 2397 1939 2437 mi
1962 2410 2044 2446 rex,

145 2465 215 2505 sed
236 2463 392 2504 Eliseus
414 2462 627 2516 propheta,
653 2461 722 2515 qui
744 2467 805 2502 est
826 2461 867 2501 in
892 2460 1025 2507 Israel,
1050 2460 1205 2501 indicat
1226 2459 1308 2513 regi
1332 2458 1455 2499 Israel
1477 2458 1613 2499 omnia
1634 2458 1760 2499 verba
1782 2469 2047 2511 quaecumque

144 2523 304 2564 locutus
330 2521 452 2564 fueris
478 2521 519 2562 in
545 2520 727 2562 conclavi
752 2525 837 2561 tuo.
892 2522 924 2545 13
948 2519 1146 2573 Dixitque
1172 2518 1246 2560 eis:
1275 2519 1348 2565 Ite,
1377 2523 1418 2559 et
1443 2517 1578 2558 videte
1604 2516 1674 2557 ubi
1699 2516 1769 2557 sit:
1796 2521 1844 2556 ut
1868 2515 2044 2561 mittam,

146 2587 187 2624 et
216 2581 375 2635 capiam
405 2594 509 2622 011111.
539 2579 988 2633 Annunciaveruntque
1017 2578 1063 2627 01,
1095 2578 1293 2619 dicentes:
1324 2578 1428 2618 Ecce
1457 2576 1498 2616 in
1527 2576 1707 2617 Dothan.

252 2643 283 2665 11
303 2640 415 2681 Misit
435 2653 526 2693 ergo
546 2639 640 2680 illuc
661 2652 785 2692 equos
807 2644 847 2679 et
867 2651 1018 2683 01111113,
1042 2643 1082 2678 et
1102 2638 1226 2678 robur
1245 2636 1462 2677 exercitus:
1486 2635 1554 2689 qui
1575 2648 1667 2675 cum
1688 2634 1893 2674 venissent
1914 2637 2043 2680 nocte,

147 2700 501 2741 circumdederunt
518 2698 740 2739 civitatem.
787 2699 818 2722 ¹⁵
836 2698 1087 2750 Consurgens
1106 2701 1244 2737 autem
1262 2694 1438 2736 diluculo
1456 2693 1640 2734 minister
1656 2692 1731 2733 17111
1748 2691 1834 2739 Dei,
1855 2703 2045 2745 egressus,

147 2759 252 2800 vidit
280 2758 502 2799 exercitum
529 2757 571 2798 in
599 2756 769 2798 circuitu
798 2756 990 2805 civitatis,
1021 2761 1062 2796 et
1089 2768 1213 2809 equos
1242 2760 1282 2795 et
1310 2766 1466 2795 currus:
1497 2751 1788 2804 nunciavitque
1816 2750 1862 2798 01,
1893 2749 2046 2791 dicens:

149 2818 240 2858 Heu
263 2818 341 2858 heu
364 2817 443 2858 heu
467 2816 629 2858 domine
652 2815 720 2865 mi,
747 2815 845 2869 quid
867 2814 1087 2856 faciemus?
1139 2816 1174 2838 ¹⁶
1196 2814 1252 2854 At
1275 2813 1338 2854 ille
1362 2811 1588 2866 respondit:
1616 2809 1707 2851 Noli
1730 2809 1890 2850 timere:
1915 2808 2048 2862 plures

148 2876 254 2917 enim
285 2875 495 2917 nobiscum
526 2880 633 2923 sunt,
668 2888 791 2928 quam
821 2887 913 2915 cum
944 2873 1031 2915 illis.
1091 2875 1124 2897 ¹⁷
1155 2873 1338 2926 Cumque
1369 2876 1522 2913 orasset
1552 2869 1719 2917 Eliseus,
1752 2868 1828 2909 ait:
1859 2866 2046 2915 Domine,

148 2935 258 2989 aperi
285 2934 420 2976 oculos
448 2934 578 2983 huius,
607 2939 655 2975 ut
681 2933 831 2974 videat.
862 2933 917 2974 Et
944 2932 1104 2986 aperuit
1130 2931 1330 2973 Dominus
1358 2929 1493 2971 oculos
1520 2927 1644 2982 pueri,
1674 2932 1714 2968 et
1741 2926 1863 2967 vidit:
1893 2931 1933 2967 et
1960 2938 2048 2966 ecce

147 3007 263 3035 mons
292 2993 434 3047 plenus
464 3006 673 3046 equorum,
705 2998 746 3033 et
775 3005 966 3033 curruum
996 2991 1216 3045 igneorum,
1248 2990 1289 3030 in
1319 2988 1489 3030 circuitu
1519 2986 1651 3028 Elisei.
1711 2987 1745 3010 1⁸
1775 2986 1923 3026 Hostes
1954 2996 2048 3024 vero

149 3053 445 3094 descenderunt
466 3052 518 3092 ad
541 3065 651 3092 eum:
675 3064 793 3105 porro
817 3050 972 3091 Eliseus
996 3050 1129 3091 oravit
1151 3050 1203 3090 ad
1225 3048 1460 3096 Dominum,
1485 3046 1639 3087 dicens:
1663 3045 1845 3093 Percute,
1870 3044 2047 3089 obsecro,

147 3116 310 3165 gentem
348 3112 453 3152 hanc
491 3110 684 3151 caecitate.
725 3109 1009 3162 Percussitque
1047 3123 1112 3150 eos
1150 3107 1362 3154 Dominus,
1402 3119 1451 3146 ne
1489 3105 1685 3153 viderent,
1725 3103 1842 3144 iuxta
1878 3102 2049 3142 verbum

149 3170 282 3211 Elisei.
340 3172 374 3194 1⁹
402 3169 519 3210 Dixit
548 3174 686 3210 autem
716 3169 768 3210 ad
796 3182 862 3210 eos
891 3168 1066 3209 Eliseus:
1099 3168 1190 3209 Non
1219 3172 1280 3207 est
1307 3167 1392 3206 11ωο
1420 3164 1498 3211 via,
1529 3176 1660 3216 neque
1688 3162 1768 3203 ista
1796 3166 1857 3202 est
1885 3160 2047 3201 civitas:

149 3229 364 3282 sequimini
380 3242 455 3277 me,
474 3234 516 3269 et
531 3228 745 3269 ostendam
761 3227 877 3269 vobis
895 3227 1040 3276 virum,
1060 3240 1180 3280 quem
1199 3223 1389 3278 quaeritis.
1408 3222 1539 3264 Duxit
1556 3235 1646 3275 ergo
1664 3235 1729 3262 eos
1746 3220 1787 3261 in
1803 3219 2046 3261 Samariam:

149 3290 185 3312 2⁰
201 3301 375 3342 cumque
391 3287 558 3341 ingressi
574 3286 746 3327 fuissent
762 3286 804 3326 in
820 3286 1059 3335 Samariam,
1079 3285 1183 3326 dixit
1200 3283 1375 3325 Eliseus:
1394 3281 1568 3323 Domine
1586 3279 1695 3334 aperi
1712 3279 1846 3321 oculos
1863 3278 2044 3338 istorum,

150 3352 196 3387 ut
212 3346 391 3387 videant.
409 3345 663 3400 Aperuitque
678 3345 879 3386 Dominus
896 3344 1031 3386 oculos
1048 3357 1199 3392 00111111,
1217 3348 1259 3383 et
1274 3342 1466 3383 viderunt
1482 3354 1522 3382 se
1538 3353 1621 3382 esse
1638 3339 1679 3379 in
1694 3337 1827 3378 medio
1843 3336 2043 3376 Samarlae.

150 3407 181 3430 ²¹
215 3405 412 3459 Dixitque
444 3418 515 3446 rex
550 3403 673 3446 Israel
706 3404 758 3446 ad
791 3403 983 3453 Eliseum,
1019 3417 1111 3445 cum
1144 3401 1314 3443 vidisset
1346 3413 1431 3442 eos:
1467 3397 1677 3452 Numquid
1710 3393 1933 3449 percutiam
1966 3400 2043 3435 eos,

2101 356 2177 379 Giezi

2082 397 2196 415 servum

2101 425 2179 455 lepra

2090 460 2190 489 afficit,

2097 1349 2136 1372 fer
2141 1355 2202 1372 rum

2099 1385 2198 1408 natare

2107 1419 2188 1443 facit«.

2091 2043 2212 2067 Insidias

2083 2079 2220 2108 Syrorum

2096 2113 2206 2138 indicat

2070 2632 2099 2656 et
2124 2630 2232 2655 milites

2102 2673 2201 2691 eorum

2085 2703 2220 2730 exeaecat,
