2356 3760
114 152 168 191 26,
190 151 332 190 28—27,
359 150 399 182 15
968 143 1178 178 LEvrrlcr
1932 144 2007 185 105

116 259 187 286 1199
206 257 276 298 per
293 244 376 283 11999
396 240 601 283 audieritis
619 252 695 287 me,
716 238 785 279 sed
804 236 1109 278 ambulaveritis
1128 241 1268 276 contra
1287 248 1368 275 me:
1415 236 1449 258 23
1467 239 1508 275 91
1525 248 1595 288 ego
1615 235 1797 277 incedam
1816 237 2007 277 adversus

117 317 188 344 vos
218 303 260 344 111
291 303 423 343 furore
455 298 667 341 contrario,
702 302 743 337 et
773 296 986 349 corripiam
1018 308 1090 336 vos
1121 299 1277 347 septem
1308 292 1436 346 plagis
1467 297 1633 346 propter
1663 299 1830 346 peccata
1860 299 2006 338 vestra,

117 364 152 387 29
175 362 232 402 113
258 366 304 402 ut
328 357 549 401 comedatis
573 368 710 397 earnes
739 355 911 395 filiorum
936 358 1165 395 vestrorum
1188 357 1228 393 et
1255 351 1429 392 filiarum
1453 355 1692 392 vestrarum.
1745 353 1780 375 ²³⁰
1804 353 2009 393 destruam

119 420 274 461 excelsa
296 422 442 465 vestra,
467 420 508 457 et
529 414 772 455 simulachra
794 413 1056 466 confringam.
1082 411 1243 452 Cadetis
1266 411 1371 450 inter
1391 409 1527 450 ruinas
1549 408 1749 450 idolorum
1770 414 2008 453 vestrorum.

118 486 159 520 et
182 475 485 520 abominabitur
507 487 578 514 vos
603 473 739 513 anima
761 485 862 515 11193,
914 474 945 495 ³1
969 472 1009 511 in
1032 474 1196 511 tantum
1221 475 1267 510 ut
1290 469 1407 509 urbes
1431 472 1586 509 vestras
1609 469 1789 522 redigam
1810 468 1852 508 in
1875 468 2011 509 solitu-

120 538 265 584 dinem,
286 540 326 575 et
343 534 501 575 deserta
518 532 667 572 13913111
684 530 925 572 Sanctuaria
942 533 1088 572 vestra,
1110 542 1180 569 nec
1198 528 1388 580 recipiam
1406 526 1511 567 ultra
1531 527 1694 567 odorem
1712 526 2010 567 suavissimum.

119 599 151 622 ³2
175 594 499 648 Disperdamque
524 595 673 631 terram
699 594 889 632 vestram,
917 592 957 629 et
982 588 1206 640 stupebunt
1232 599 1352 639 snper
1376 599 1422 626 ea
1446 585 1596 626 inimici
1621 585 1757 633 vestri,
1785 598 1877 626 eum
1901 584 2013 625 habi-

121 660 271 696 tatores
300 651 404 693 illius
433 649 594 691 fuerint.
652 651 684 672 ²³3
712 661 783 688 vos
814 653 952 687 autem
981 647 1209 699 dispergam
1238 645 1278 685 in
1307 644 1468 689 Gentes,
1500 650 1541 684 et
1569 644 1792 698 evaginabo
1822 648 1916 697 post
1943 656 2014 683 vos

119 712 310 766 gladium,
332 710 488 763 eritque
507 713 615 748 terra
633 712 767 747 vestra
789 707 958 754 deserta,
981 710 1021 746 et
1041 705 1227 745 civitates
1248 708 1392 744 vestrae
1411 703 1566 744 dirutae.
1614 705 1646 727 ²³⁴
1666 702 1778 743 Tunc
1796 702 2017 755 placebunt

121 776 236 812 terrae
257 770 430 810 sabbata
452 780 525 808 sua
546 766 701 807 cunctis
724 765 864 806 diebus
887 763 1114 805 solitudinis
1137 776 1235 803 suae:
1261 762 1423 815 quando
1445 761 1601 802 fueritis
1622 762 1656 786 35
1676 761 1717 801 in
1739 766 1845 801 terra
1866 759 2015 801 hostili.

120 827 406 875 sabbatizabit,
441 830 482 866 91
512 825 736 878 requiescet
767 824 808 863 in
840 823 1021 864 sabbatis
1055 821 1282 863 solitudinis
1315 834 1408 867 31119,
1443 834 1488 861 90
1522 820 1631 873 quod
1663 832 1744 860 non
1776 819 2017 872 requieverit

121 889 161 929 in
182 886 364 928 sabbatis
386 885 529 926 vestris
553 883 716 937 quando
736 881 989 923 habitabatis
1011 881 1051 921 111
1073 894 1130 922 ea.
1180 882 1216 905 3⁶
1237 880 1291 920 Et
1314 879 1381 933 qui
1403 879 1452 919 de
1475 879 1589 919 vobis
1610 878 1888 925 remanserint,
1913 877 2018 917 dabo

121 958 315 1001 pavorem
334 945 375 985 in
395 943 581 985 cordibus
601 955 738 983 90111111
759 941 799 982 in
818 941 1046 994 regionibus
1066 939 1257 986 hostium,
1280 938 1447 979 terrebit
1466 951 1531 978 eos
1551 937 1706 978 sonitus
1726 936 1811 977 folii
1829 935 2017 977 volantis.

122 1010 164 1046 et
194 1005 253 1045 ita
282 1004 439 1057 fugient
472 1001 586 1055 quasi
616 1001 814 1054 gladium:
849 1000 1007 1042 cadent.
1042 998 1149 1038 nullo
1182 1001 1460 1051 persequente,
1520 998 1554 1020 3⁷
1586 1001 1627 1037 et
1658 1000 1846 1037 corruent
1876 994 2021 1048 singuli

123 1076 243 1118 super
268 1063 412 1103 fratres
441 1074 533 1101 suos
562 1059 676 1113 quasi
704 1058 809 1099 bella·
835 1058 1046 1112 fugientes,
1077 1070 1194 1098 nemo
1223 1061 1405 1097 vestrum
1432 1055 1602 1096 inimicis
1631 1054 1799 1096 audebit
1825 1053 2018 1094 resistere.

123 1124 158 1148 ³⁸
179 1121 362 1176 peribitis
385 1121 491 1160 inter
513 1119 675 1163 Gentes,
701 1123 741 1158 et
764 1117 919 1158 hostilis
943 1130 1014 1157 vos
1038 1121 1146 1157 terra
1168 1120 1390 1156 consumet.
1441 1116 1476 1139 3⁹
1500 1114 1617 1163 Quod
1640 1114 1672 1154 si
1694 1118 1735 1154 et
1757 1113 1806 1154 de
1829 1113 1875 1153 iis
1899 1111 2021 1165 aliqui

124 1180 402 1227 remanserint,
426 1179 637 1219 tabescent
655 1177 695 1217 in
716 1176 1001 1229 iniquitatibus
1022 1175 1115 1218 suis.
1137 1175 1178 1215 in
1198 1180 1303 1215 terra
1324 1173 1579 1214 inimicorum
1599 1185 1775 1216 suorum,
1798 1177 1839 1212 et
1858 1175 2023 1224 propter

126 1244 294 1294 peccata
322 1243 487 1292 patrum
517 1249 682 1277 3110111111
712 1241 752 1276 91
780 1248 854 1276 333
883 1234 1134 1285 affligentur:

229 1300 266 1323 ⁴⁰
286 1298 413 1339 donec
435 1296 710 1337 confiteantur
730 1293 967 1347 iniquitates
989 1307 1092 1336 suas,
1117 1297 1158 1333 et
1178 1292 1376 1332 maiorum
1400 1303 1576 1339 suorum,
1601 1290 1746 1344 quibus
1769 1287 2022 1343 praevaricati
2036 1288 2219 1354 ‘³01¹‘gffissssv

126 1363 221 1399 sunt
246 1358 287 1398 in
313 1370 388 1400 me,
417 1362 455 1396 et
483 1354 797 1395 ambulaverunt
824 1366 872 1393 ex
899 1353 1067 1392 adverso
1094 1351 1203 1391 1111111.
1257 1353 1287 1374 ⁴¹
1315 1349 1545 1390 Ambulabo
1571 1349 1694 1402 igitur
1719 1352 1759 1389 91
1785 1361 1855 1401 ego
1883 1351 2022 1387 contra
2055 1331 2204 1391 prpaedicm:

127 1431 205 1461 903,
228 1422 268 1457 91
287 1415 480 1456 inducam
498 1412 586 1454 illos
605 1413 647 1453 in
666 1418 816 1453 terram
836 1411 1036 1453 hostilem.
1059 1410 1186 1450 (101199
1207 1410 1416 1450 erubeseat
1438 1408 1717 1448 incircumcisa
1735 1419 1847 1447 mens
1869 1418 2024 1447 eorum:

127 1481 226 1517 tunc
257 1475 433 1516 orabunt
463 1485 535 1525 pro
566 1470 846 1524 impietatibus
879 1470 970 1510 suis.
1031 1470 1062 1493 ⁴²
1094 1469 1148 1509 Et
1179 1468 1420 1509 recordabor
1450 1467 1612 1507 stederis
1644 1465 1721 1507 mei
1754 1464 1863 1518 quod
1893 1464 2026 1518 pepigi

128 1548 221 1575 91113
247 1532 381 1581 Iacob,
409 1537 449 1572 91
476 1531 601 1573 Isaac.
629 1535 668 1571 91
695 1529 914 1570 Abraham.
943 1529 1072 1569 Terra]
1099 1541 1259 1581 quoque
1285 1540 1439 1567 memor
1464 1539 1547 1567 ero:
1600 1527 1633 1549 ⁴3
1659 1538 1748 1579 quae
1772 1537 1865 1565 cum
1889 1523 2027 1563 relicta

127 1592 250 1634 fuerit
278 1592 329 1632 ab
357 1591 424 1634 eis.
455 1589 724 1643 complacebit
752 1588 827 1629 sibi
856 1587 895 1627 iu
924 1587 1106 1627 sabbatis
1135 1587 1227 1628 suis.
1258 1585 1417 1639 patiens
1446 1584 1705 1625 solitudinem
1733 1588 1900 1637 propter
1927 1581 2025 1622 illos.

131 1652 213 1706 Ipsi
235 1663 329 1691 vero
352 1650 556 1703 rogabunt
577 1661 649 1702 pro
672 1647 848 1701 peccatis
872 1647 964 1689 suis.
990 1660 1035 1687 90
1060 1646 1169 1699 quod
1192 1645 1410 1685 abiecerint
1434 1643 1581 1684 iudicia.
1603 1656 1704 1685 mea.
1729 1647 1770 1683 et
1790 1642 1894 1695 leges
1918 1653 2027 1681 meas

129 1709 397 1764 despexerint.
456 1710 488 1732 44
518 1707 573 1748 Et
603 1712 740 1748 tamen
772 1706 895 1746 etiam
927 1719 1018 1745 911111
1049 1710 1181 1745 essent
1213 1705 1251 1744 in
1282 1709 1387 1744 terra
1419 1702 1566 1747 hostili,
1601 1715 1680 1743 non
1710 1701 1871 1755 penitus
1903 1699 2028 1740 abieci

130 1783 207 1815 903,
238 1781 368 1822 neque
396 1767 450 1807 sic
479 1766 643 1820 despexi
672 1772 718 1806 ut
746 1769 1089 1805 consumerentur.
1121 1769 1162 1804 et
1190 1763 1346 1803 irritum
1376 1762 1548 1802 13991931
1578 1766 1745 1814 pactum
1773 1772 1909 1800 meum
1937 1770 2028 1798 cum

130 1829 196 1870 eis.
226 1828 312 1881 Ego
341 1826 448 1868 enim
477 1839 565 1866 sum
593 1825 793 1866 Dominus
821 1824 931 1864 Deus
960 1836 1110 1866 eorum.
1167 1824 1198 1846 ⁴5
1226 1828 1265 1862 et
1294 1821 1535 1862 recordabor
1562 1819 1723 1861 foederis
1751 1818 1830 1859 mei
1857 1817 2028 1871 pristini.

132 1887 295 1942 quando
322 1885 443 1927 eduxi
469 1898 535 1926 eos
561 1884 609 1925 de
635 1884 755 1925 Terra
783 1882 947 1936 Egypti
975 1882 1014 1922 in
1041 1886 1259 1934 conspectu
1285 1880 1490 1922 Gentium,
1520 1884 1564 1919 ut
1591 1892 1716 1919 essem
1741 1878 1851 1918 Deus
1878 1888 2027 1917 eorum.

130 1960 201 2000 ego
230 1945 442 1987 Dominus.

236 2005 333 2046 Haec
365 2007 461 2043 sunt
490 2002 638 2042 iudicia
670 2006 792 2054 atque
824 2004 1024 2054 przecepta
1058 2004 1099 2039 et
1128 1998 1244 2051 leges.
1279 2011 1378 2051 quas
1410 1997 1524 2038 dedit
1553 1996 1752 2038 Dominus
1783 1995 1889 2036 inter
1919 2007 1959 2035 se
1990 1997 2031 2034 et
2059 1993 2210 2020 0000111*ῑο-

134 2063 234 2104 filios
266 2061 388 2103 Israel
416 2061 455 2101 in
484 2066 622 2101 monte
649 2060 758 2101 Sinai
787 2072 857 2112 per
885 2071 1051 2099 manum
1079 2057 1221 2110 Moysi.

914 2185 1245 2251 AppendiX.

696 2272 760 2313 De
790 2272 909 2313 votis
939 2283 990 2312 ac
1018 2270 1215 2321 tributis,
1242 2270 1466 2321 27‚1—34.

236 2339 300 2382 27.
356 2341 369 2363 1
400 2339 659 2391 Locutusque
690 2342 749 2378 est
779 2337 979 2378 Dominus
1011 2337 1062 2377 ad
1091 2336 1271 2390 Moysen,
1304 2335 1457 2375 dicens:
1515 2336 1529 2357 2
1559 2333 1740 2387 Loquere
1774 2332 1863 2373 filiis
1895 2331 2028 2372 Israel.
2046 2330 2086 2355 De
2108 2329 2227 2355 ¹¹0¹¹¹i1¹i‘

133 2403 174 2440 et
199 2398 305 2439 dices
332 2398 384 2439 ad
410 2411 493 2439 eos:
523 2397 656 2437 Homo
685 2396 752 2449 qui
779 2401 923 2437 votum
948 2395 1099 2441 1999111,
1128 2400 1169 2435 91
1194 2393 1458 2448 spoponderit
1482 2393 1569 2434 Deo
1596 2392 1775 2432 animam
1800 2404 1927 2440 suam,
1957 2391 2031 2431 sub
2058 2365 2110 2390 bu*
2130 2366 2214 2394 von*

133 2457 401 2499 aestimatione
427 2456 544 2497 dabit
568 2455 755 2509 pretium.
810 2458 825 2479 ³
849 2455 889 2496 Si
914 2455 1037 2495 1119111
1062 2453 1264 2494 masculus
1290 2466 1314 2493 a
1338 2452 1531 2506 vigesimo
1558 2464 1662 2492 anno
1689 2463 1816 2504 usque
1842 2450 1894 2490 ad
1918 2462 2030 2490 sexa-

132 2516 330 2571 gesimum
371 2528 535 2561 annum,
577 2514 694 2555 dabit
734 2514 1032 2567 quinquaginta
1070 2513 1184 2554 siclos
1226 2511 1381 2562 argenti
1421 2511 1473 2551 ad
1512 2522 1743 2551 mensuram
1783 2508 2029 2550 Sanctuarii:

133 2578 148 2600 ‘¹
171 2575 203 2617 si
225 2574 378 2619 mulier.
404 2573 582 2628 triginta.
634 2575 648 2597 ⁵
672 2573 707 2613 A
731 2573 873 2626 quinto
897 2578 1035 2613 autem
1059 2585 1164 2613 anno
1187 2585 1314 2625 usque
1338 2571 1390 2611 ad
1413 2569 1664 2623 vigesimum,
1689 2567 1891 2609 masculus
1915 2567 2030 2608 dabit

134 2634 278 2688 viginti
310 2633 442 2674 siclos:
475 2633 627 2674 19311113
659 2632 808 2673 decem.
872 2633 886 2655 ⁶
918 2631 980 2672 Ab
1013 2644 1093 2672 uno
1126 2644 1261 2671 mense
1293 2643 1420 2682 usque
1453 2629 1505 2669 ad
1536 2641 1689 2669 annum
1722 2627 1923 2681 quintum,
1958 2639 2029 2679 pro

134 2692 312 2734 masculo
332 2692 542 2733 dabuntur
561 2691 738 2745 quinque
758 2690 858 2731 sicli:
879 2703 951 2744 pro
971 2690 1133 2732 19111133,
1155 2694 1247 2730 1193.
1298 2690 1312 2712 ⁷
1331 2687 1623 2741 Sexagenarius
1643 2691 1684 2727 et
1702 2686 1809 2727 ultra
1827 2685 2028 2726 masculus

134 2751 250 2793 dabit
271 2751 501 2805 quindecim
521 2750 653 2791 siclos:
675 2749 827 2790 femina
847 2749 996 2790 decem.
1049 2750 1063 2773 8
1083 2749 1123 2790 Si
1143 2760 1298 2802 pauper
1316 2747 1450 2790 1119111,
1472 2751 1513 2787 91
1533 2745 1845 2787 {estimationem
1863 2744 2029 2785 reddere

134 2824 215 2852 non
241 2809 406 2859 valebit,
435 2809 563 2850 stabit
589 2821 725 2849 coram
751 2809 976 2849 sacerdote:
1007 2812 1047 2849 et
1074 2812 1275 2861 quantum
1302 2805 1365 2847 ille
1392 2805 1666 2853 aestimaverit,
1696 2809 1737 2844 et
1763 2803 1911 2844 viderit
1936 2815 2029 2843 eum

134 2883 249 2923 posse
276 2869 454 2913 reddere,
486 2873 649 2909 tantum
679 2867 805 2908 dabit.

240 2930 255 2952 ⁹
277 2926 441 2968 Animal
463 2931 612 2975 autem,
639 2927 749 2980 quod
770 2925 970 2967 immolari
993 2930 1130 2979 potest
1151 2925 1340 2968 Domino,
1366 2924 1397 2964 si
1422 2924 1510 2977 quis
1533 2922 1703 2971 voverit,
1729 2926 1917 2962 sanctum
1941 2921 2026 2963 erit.
2053 2931 2086 2969 ‘15³
2107 2930 2213 2974 amma-

134 2988 169 3011 10
187 2991 229 3028 et
246 2986 396 3028 mutari
414 2999 496 3027 non
514 2985 676 3039 poterit,
698 2985 739 3026 id
758 2989 830 3035 est,
851 2997 924 3026 nec
943 2984 1083 3025 melius
1102 2983 1222 3033 malo,
1242 2996 1316 3024 399
1334 2983 1446 3037 peius
1466 2982 1584 3023 bono.
1608 2980 1717 3034 quod
1735 2980 1767 3021 si
1786 2979 2026 3021 mutaverit:
2062 2965 2204 3030 ¹¹¹³¹ssf³gf⁰⁶

133 3051 175 3087 et
189 3045 323 3099 ipsum
340 3046 450 3099 quod
465 3049 674 3085 mutatum
690 3048 762 3093 est,
781 3048 822 3085 91
836 3043 935 3084 illud
951 3057 1023 3097 pro
1041 3056 1120 3097 quo
1136 3047 1346 3083 mutatum
1362 3046 1433 3091 est,
1453 3044 1732 3082 consecratum
1749 3039 1825 3080 erit
1837 3038 2026 3079 Domino.

134 3106 164 3129 ¹¹
182 3103 346 3145 Animal
361 3103 631 3151 immundum,
653 3102 763 3156 quod
779 3102 979 3143 immolari
996 3102 1172 3143 Domino
1190 3114 1272 3143 non
1289 3105 1437 3155 potest,
1457 3100 1489 3140 si
1508 3099 1596 3153 quis
1614 3098 1784 3145 voverit,
1806 3098 2031 3138 adducetur

134 3168 229 3204 ante
257 3162 520 3204 sacerdotem.
578 3164 609 3186 12
639 3161 708 3215 qui
735 3161 917 3202 iudicans
947 3165 1085 3202 utrum
1115 3161 1268 3202 bonurn
1297 3173 1349 3200 an
1378 3158 1532 3199 malum
1560 3158 1623 3205 sit,
1655 3161 1812 3198 statuet
1839 3156 2027 3210 pretium.

135 3223 165 3246 ¹³
190 3222 300 3275 quod
323 3221 355 3262 si
379 3221 474 3262 dare
498 3220 672 3262 voluerit
694 3220 738 3269 is,
767 3220 835 3273 qui
859 3220 988 3269 011911,
1016 3220 1141 3261 addet
1163 3231 1286 3273 supra
1309 3217 1621 3259 aestimationem
1646 3216 1833 3270 quintam
1856 3220 2027 3268 partem.

238 3283 269 3305 ¹4
305 3280 439 3321 Homo
475 3279 507 3320 si
542 3279 701 3320 voverit
735 3279 903 3320 domum
938 3292 1065 3327 suam,
1104 3282 1145 3319 et
1180 3276 1498 3318 sanctificaverit
1531 3275 1720 3323 Domino,
1759 3273 2030 3315 considerabit
2045 3271 2222 3331 dessffiss'ffi

134 3352 223 3380 eam
250 3338 434 3380 sacerdos
462 3342 601 3379 utrum
628 3338 736 3378 bona
764 3350 815 3378 an
841 3337 950 3378 mala
977 3337 1040 3385 sit,
1071 3341 1112 3378 et
1137 3337 1255 3377 iuxta
1281 3336 1468 3390 pretium,
1500 3334 1610 3388 quod
1637 3334 1688 3374 ab
1717 3346 1762 3374 eo
1789 3332 1912 3373 fuerit
1939 3344 2029 3372 con-
2154 3325 2175 3336 *²

133 3398 338 3447 stitutum,
372 3397 693 3438 venundabitur:
753 3398 784 3420 1⁵
814 3396 874 3437 sin
906 3400 1045 3436 autern
1074 3394 1150 3444 ille,
1185 3395 1253 3448 qui
1283 3399 1466 3439 voverat,
1499 3392 1673 3434 voluerit
1703 3392 1896 3432 redimere
1927 3402 2026 3430 eam.

133 3456 249 3497 dabit
277 3456 463 3510 quintam
489 3459 649 3509 partem
676 3454 955 3496 aestimationis
982 3467 1116 3508 supra,
1147 3458 1188 3494 et
1213 3453 1383 3494 habebit
1409 3453 1588 3494 domum.
