2356 3760
316 90 366 130 32
1206 84 1354 119 LIBER
1985 88 2040 128 36,
2066 89 2186 129 9—37‚
2211 90 2232 122 5

153 196 272 223 nepotes
427 184 441 206 ⁹
472 182 544 222 Hae
571 186 709 222 autem
736 186 833 221 sunt
858 181 1137 231 generationes
1166 180 1275 220 Esau
1303 180 1430 233 patris
1459 180 1591 222 Edom
1628 181 1667 220 in
1695 186 1833 221 monte
1860 180 1956 225 Scir.
2014 184 2048 206 ¹⁰
2074 189 2114 223 et
2148 183 2230 223 haec

169 228 255 254 Em'
319 241 483 282 nomina
503 240 677 281 filiorum
692 240 794 280 eius:
816 239 1006 292 =¹Eliphaz
1024 239 1127 279 filius
1144 239 1233 279 Ada
1249 239 1385 279 uxoris
1398 239 1525 280 Esau:
1542 238 1874 293 Rahuelquoque
1889 239 1993 280 filius
2007 241 2231 282 Basemath

319 300 454 340 uxoris
485 300 579 340 eius.
640 301 671 324 ¹¹
703 299 735 338 F
739 304 967 351 ueruntque
999 298 1169 351 Eliphaz
1202 298 1289 338 filii:
1322 298 1516 342 Theman.
1549 299 1686 340 Omawr.
1718 298 1863 351 Sepho,
1896 304 1937 340 et
1965 299 2157 344 Gatham.
2190 306 2231 341 et

318 358 457 399 Cenez.
502 360 533 383 ¹²
551 359 649 398 Erat
665 362 803 397 autem
820 357 1017 399 Thamna,
1035 357 1263 397 concubina
1278 356 1449 410 Eliphaz
1466 357 1536 397 filii
1554 357 1681 397 Esau:
1699 370 1788 410 quae
1802 358 1961 410 peperit
1974 358 2007 398 ei
2021 358 2227 400 Amalech.

317 417 357 458 hi
383 425 477 458 sunt
507 417 574 457 filii
603 417 689 456 Ada
717 416 852 456 uxoris
880 416 1000 456 Esau.
1057 418 1086 439 ¹³
1110 415 1203 456 Filii
1228 421 1367 456 autem
1395 416 1570 456 Rahuel:
1600 416 1767 456 Nahath
1791 421 1833 456 et
1858 416 1970 465 Zara,
1997 418 2166 459 Samma
2189 424 2229 458 et

318 477 442 518 Moza.
477 477 516 516 hi
542 475 611 515 filii
639 475 857 514 Basemath
882 474 1017 515 uxoris
1041 474 1162 515 Esau.
1210 477 1240 499 ¹⁴
1264 475 1336 515 Isti
1361 488 1521 528 quoque
1545 480 1661 515 erant
1686 474 1756 514 filii
1779 474 1995 516 Oolibama
2018 476 2109 517 filiae
2132 477 2230 517 Anae

320 535 409 576 filiae
432 536 600 578 Sebeon,
628 534 763 573 uxoris
788 533 910 577 Esau,
938 546 1038 586 quos
1061 534 1201 584 genuit
1225 534 1260 574 ei
1286 534 1405 574 lehus
1430 540 1470 574 et
1498 533 1636 574 lhelon
1661 538 1701 573 et
1724 533 1835 574 Core.

147 598 252 657 sil-“0²³
422 596 451 618 ¹⁵
480 594 531 633 Hi
556 593 676 633 duces
704 592 879 633 filiorum
905 592 1032 632 Esau:
1062 592 1150 632 Filii
1177 592 1347 646 Eliphaz
1374 592 1631 645 primogeniti
1657 592 1785 632 Esau:
1812 592 1897 633 dux
1922 592 2116 639 Theman.
2143 595 2228 635 dux

156 640 271 693 Ῑέζᾞῗιῖιι
316 654 451 695 Omar.
483 653 567 693 (lux
595 651 740 704 Sepho.
771 651 855 691 dux
884 653 1023 692 (senez.
1076 652 1110 675 111
1137 652 1222 691 dux
1250 651 1360 695 Core.
1391 651 1475 692 dux
1504 651 1696 695 Gatham.
1727 651 1812 691 dux
1840 651 2046 693 Amalech.
2086 653 2126 693 hi
2157 653 2228 694 filii

316 712 486 765 Eliphaz
512 712 552 751 in
579 716 684 751 terra
712 710 857 752 Edoni,
885 716 925 750 et
951 710 991 750 hi
1021 710 1089 750 filii
1116 710 1217 751 Ada.
1276 712 1306 733 ¹7
1336 710 1388 750 Hi
1416 724 1577 763 quoque
1607 709 1678 750 filii
1706 710 1864 750 Rahuel
1892 709 1963 750 filii
1988 710 2117 751 Esau:
2144 711 2228 752 dux

317 771 493 814 Nabath.
519 770 602 810 dux
626 769 737 812 Zara.
763 769 847 809 dux
869 770 1046 813 Samma,
1072 769 1156 809 dux
1178 769 1302 810 Meza.
1333 769 1373 809 hi
1395 775 1533 810 autem
1556 769 1678 809 duces
1703 768 1861 809 Rahuel
1884 769 1924 809 in
1950 774 2058 809 terra
2074 770 2227 810 Edom:

313 830 379 870 isti
403 829 470 869 filii
495 829 714 869 Basemath
736 829 872 869 uxoris
894 828 1015 869 Esau.
1064 829 1098 852 ¹⁸
1120 828 1172 868 Hi
1193 834 1331 869 autem
1354 828 1424 868 filii
1444 828 1659 869 Oolibama
1679 828 1816 868 uxoris
1838 828 1966 868 Esau:
1988 829 2072 869 dux
2093 829 2225 874 Iehus.

313 889 397 929 dux
428 888 575 931 lhelon.
603 888 686 928 dux
711 888 820 928 (sore.
848 887 888 927 hi
913 888 1033 928 duces
1059 887 1273 928 Oolibama
1302 887 1393 927 filia>
1417 888 1515 927 Ante
1540 887 1676 927 uxoris
1701 886 1822 927 Esau.
1878 889 1911 911 ¹⁹
1938 887 2010 927 [sti
2034 893 2130 928 sunt
2157 887 2227 928 filii

316 948 437 991 Esau.
469 953 509 988 et
539 947 579 988 hi
609 947 730 987 duces
761 960 918 987 eorum:
951 947 1034 1000 ipse
1064 951 1125 987 est
1156 946 1300 987 Edom.

832 1051 872 1090 2.
903 1050 1078 1091 Posteri
1110 1050 1209 1092 Seir
1240 1051 1428 1100 Horraei‚
1457 1050 1524 1101 36,
1544 1051 1716 1091 20-30.

128 1118 189 1144 11111
218 1120 285 1144 seir.
420 1118 456 1139 2⁰
487 1116 580 1156 blsti
607 1122 702 1156 sunt
733 1115 802 1156 filii
830 1116 915 1156 Seir
944 1116 1110 1160 Horraei,
1140 1117 1392 1157 habitatores
1421 1122 1554 1156 terrae:
1585 1116 1729 1161 Lotan.
1759 1120 1799 1157 et
1826 1115 1960 1161 Sobal.
1990 1122 2031 1156 et
2056 1116 2226 1158 Sebeon.

313 1180 353 1215 et
379 1175 480 1217 Ana.
527 1177 559 1198 '³¹
584 1182 623 1215 et
651 1175 790 1218 Dison.
818 1183 859 1216 et
883 1175 994 1222 Eser,
1021 1181 1062 1216 et
1086 1175 1226 1216 Disan.
1255 1175 1296 1215 hi
1322 1175 1442 1215 duces
1471 1175 1638 1219 Horraei.
1668 1174 1739 1216 filii
1764 1175 1850 1216 Seii·
1873 1175 1915 1216 in
1933 1175 2055 1215 Terra
2080 1175 2226 1216 Edom.

149 1251 268 1277 wenta
421 1235 453 1258 2²
486 1234 600 1274 Facti
632 1241 727 1274 sunt
760 1239 898 1274 autem
933 1234 1003 1274 filii
1035 1235 1186 1275 Lotan:
1230 1234 1330 1275 Hori
1361 1238 1402 1274 et
1435 1233 1607 1275 Hema-n.
1649 1240 1737 1274 erat
1768 1240 1907 1275 autem
1938 1247 2050 1275 soror
2081 1234 2226 1276 Lotan.

173 1289 240 1308 Μ’*
315 1293 512 1333 Thamna.
571 1295 602 1317 ²3
632 1293 685 1333 Et
714 1293 781 1333 isti
814 1293 884 1333 filii
912 1293 1053 1334 Sobal:
1084 1293 1219 1334 Alvan
1248 1299 1289 1334 et
1317 1292 1518 1333 Manahat
1547 1297 1587 1333 et
1617 1292 1733 1336 Ebal,
1779 1298 1819 1334 et
1848 1293 1981 1347 Sepho
2011 1299 2052 1334 et
2081 1293 2226 1334 Onam.

310 1354 341 1376 ²⁴
361 1352 416 1392 Et
434 1352 474 1392 hi
495 1352 564 1392 filii
584 1353 759 1393 Sebeon:
780 1352 857 1392 Aia
875 1359 915 1393 et
934 1353 1036 1393 Ana.
1061 1353 1142 1393 Iste
1161 1360 1223 1393 est
1242 1353 1333 1393 Ana
1355 1352 1424 1405 qui
1442 1351 1601 1392 invenit
1621 1365 1748 1405 aquas
1767 1351 1918 1392 calidas
1936 1352 1978 1392 in
1996 1351 2226 1395 solitudine.

311 1424 405 1451 011111
429 1419 612 1464 pasceret
637 1411 769 1452 asinos
796 1411 953 1452 Sebeon
978 1412 1105 1465 patris
1131 1412 1210 1452 sui:
1264 1413 1296 1436 2⁵
1321 1411 1549 1464 habuitque
1579 1410 1707 1451 filium
1732 1411 1874 1455 Dison.
1903 1415 1944 1451 et
1970 1410 2097 1451 filiam
2121 1410 2229 1451 0011-

312 1470 443 1511 bama.
500 1472 535 1494 ’111
562 1471 615 1511 Et
642 1470 709 1511 isti
739 1470 809 1510 filii
834 1471 982 1511 Dison:
1013 1471 1219 1514 Hamdan.
1249 1477 1288 1511 et
1317 1471 1491 1513 Eseban.
1520 1476 1559 1511 et
1593 1470 1785 1515 [ethram.
1816 1476 1857 1511 et
1883 1470 2057 1511 Charan.
2113 1471 2146 1493 '2⁷
2176 1469 2229 1510 Hi

311 1543 472 1583 quoque
499 1529 569 1570 filii
593 1529 709 1570 Eser:
737 1529 904 1573 Balaan.
930 1537 970 1570 et
995 1530 1145 1573 Zavan.
1172 1538 1213 1571 et
1236 1530 1361 1571 Aean.
1414 1530 1449 1553 2⁸
1474 1529 1634 1570 Habuit
1657 1535 1799 1570 autem
1826 1529 1928 1570 filios
1951 1529 2098 1569 Disan:
2126 1528 2226 1573 Hus,

316 1596 355 1629 et
386 1589 521 1629 Aram.

120 1665 206 1689 «ium
228 1666 298 1689 nm.
422 1650 457 1672 29
479 1648 532 1688 Hi
553 1648 674 1689 duces
698 1648 976 1688 Horrzeorum:
999 1649 1084 1689 dux
1104 1649 1249 1693 Lotan.
1273 1648 1358 1689 dux
1377 1647 1512 1693 Sobal,
1535 1648 1620 1688 dux
1640 1647 1810 1692 Sebeon.
1833 1647 1919 1688 dux
1938 1647 2040 1694 Ana,
2089 1648 2126 1671 3⁰
2145 1646 2229 1687 dux

144 1707 271 1725 f‘*‘¹³¹s'¹¹¹¹·
315 1707 453 1750 Dison.
479 1707 563 1747 dux
585 1707 695 1749 Eser.
720 1707 805 1748 dux
826 1707 973 1747 Disan:
997 1708 1063 1748 isti
1087 1708 1207 1748 duces
1229 1707 1489 1748 Horraeorum
1512 1707 1581 1760 qui
1603 1707 1909 1760 imperaverunt
1930 1706 1971 1746 in
1989 1705 2113 1747 Terra
2129 1705 2226 1746 Seir.

723 1812 760 1852 3.
792 1812 943 1862 Reges
975 1812 1017 1852 et
1048 1812 1187 1852 duces
1219 1811 1544 1861 Edomitarum‚
1572 1810 1638 1861 36,
1658 1810 1830 1851 31—43.

159 1901 248 1926 κρῖ-,1,
421 1880 450 1901 ³²¹
487 1878 616 1931 Reges
650 1885 789 1918 autem
823 1878 892 1930 qui
924 1884 1197 1931 regnaverunt
1231 1878 1272 1918 in
1297 1877 1419 1917 Terra
1443 1877 1577 1917 Edom
1609 1881 1833 1930 antequam
1866 1875 2064 1916 haberent
2095 1888 2229 1929 regem

125 1940 192 1960 ‘'¹¹¹“
215 1936 292 1964 *²¹¹¹¹¹
321 1935 390 1976 filii
412 1936 545 1980 Israel.
565 1937 732 1977 fuerunt
750 1937 808 1977 hi:
854 1938 886 1960 3²
906 1936 1004 1977 Bela
1024 1936 1127 1977 filius
1148 1937 1263 1981 Beor,
1283 1949 1513 1989 nomenque
1533 1936 1642 1976 urbis
1661 1936 1744 1976 eius
1763 1935 1946 1975 Denaba.
1992 1937 2026 1959 3³
2043 1935 2229 1975 Mortuus·

315 2004 375 2036 est
397 2001 536 2036 autem
559 1995 666 2039 Bela,
690 2002 731 2035 et
750 1996 938 2045 regnavit
957 2009 1029 2048 pro
1050 2009 1095 2036 eo
1119 1996 1247 2037 Iobab
1271 1995 1375 2036 filius
1398 1995 1508 2035 Zarae
1527 1995 1577 2035 de
1598 1995 1737 2035 Bosra.
1786 1995 1819 2018 ³³4
1838 1993 2023 2047 Cumque
2043 1999 2229 2034 mortuus

315 2061 419 2095 esset
442 2054 582 2097 Iobab.
604 2055 789 2107 regnavit
811 2067 881 2107 pro
902 2068 947 2095 eo
969 2054 1128 2095 Husam
1147 2055 1196 2095 de
1216 2061 1322 2095 terra
1343 2054 1658 2094 Themanorum.
1706 2055 1738 2077 35
1760 2052 1847 2093 Hoc
1868 2066 2030 2106 quoque
2050 2057 2226 2094 mortuo.

316 2114 502 2167 regnavit
522 2126 592 2167 pro
614 2127 658 2154 eo
679 2113 799 2154 Adad
820 2113 924 2154 filius
947 2114 1102 2156 Badad.
1126 2114 1194 2167 qui
1214 2113 1412 2167 percussit
1431 2113 1598 2153 Madian
1617 2112 1658 2152 in
1676 2111 1837 2165 regione
1856 2111 1998 2152 Moab:
2020 2117 2060 2152 et
2079 2124 2229 2152 nomen

318 2173 426 2213 urbis
445 2172 527 2213 eius
545 2173 685 2213 Avith.
731 2174 766 2196 3⁶
782 2173 966 2226 Cumque
983 2179 1168 2213 mortuus
1187 2179 1290 2213 esset
1307 2172 1438 2216 Adad.
1458 2171 1644 2225 regnavit
1662 2184 1733 2224 pro
1752 2184 1797 2211 eo
1816 2169 1951 2211 Semla
1968 2170 2016 2211 de
2034 2170 2226 2210 Masreca.

315 2233 348 2255 ³³¹
380 2232 467 2273 Hoc
497 2245 658 2285 quoque
686 2239 847 2272 mortuo
876 2232 1062 2285 regnavit
1090 2245 1161 2286 pro
1190 2245 1235 2272 90
1264 2231 1360 2272 Saul
1387 2231 1436 2272 de
1467 2230 1592 2271 fluvio
1621 2229 1856 2271 Rohoboth.
1913 2231 1948 2254 3⁸
1975 2229 2159 2283 Cumque
2187 2234 2227 2269 et

318 2291 379 2331 1110
408 2291 584 2335 obiisset.
614 2291 807 2331 successit
833 2291 874 2331 in
900 2304 1069 2345 regnum
1099 2290 1283 2332 Balanan
1313 2290 1416 2330 filius
1443 2290 1644 2330 Achobor.
1700 2291 1735 2313 ³⁹
1764 2288 1847 2329 Isto
1877 2302 2039 2342 quoque
2066 2293 2228 2328 mortuo

316 2350 503 2403 regnavit
518 2363 589 2404 pro
607 2363 652 2390 90
668 2350 790 2392 Adar.
810 2363 1039 2404 nomenque
1057 2350 1165 2391 urbis
1183 2350 1266 2391 eius
1283 2350 1417 2390 Phau:
1435 2355 1475 2389 et
1492 2348 1778 2402 appellabatur
1793 2360 1895 2388 uxor
1911 2347 1994 2388 eius
2010 2346 2223 2388 Meetabel.

321 2409 400 2450 filia
431 2409 591 2450 Matred
623 2409 713 2450 filiae
742 2409 922 2451 Mezaab.

126 2480 213 2504 «1119»-
228 2483 296 2519 ¹vost
423 2470 459 2493 ⁴⁰
483 2468 579 2509 Haec
604 2482 695 2522 ergo
720 2469 886 2509 nomina
910 2469 1061 2509 ducum
1085 2469 1195 2509 Esau
1219 2468 1260 2508 in
1283 2467 1605 2521 cognationibus.
1632 2472 1671 2507 et
1695 2465 1804 2513 10013,
1830 2472 1871 2506 et
1895 2465 2103 2506 vocabulis
2127 2465 2229 2505 suis:

162 2516 264 2540 ΟΜΝ·
319 2528 403 2568 dux
433 2528 630 2570 Thamna.
664 2527 748 2568 dux
777 2527 893 2571 Alva,
926 2528 1010 2568 dux
1043 2528 1216 2571 Ietheth.
1275 2529 1306 2551 11
1336 2527 1421 2567 dux
1450 2525 1676 2571 Oolibama.
1709 2525 1794 2565 dux
1823 2525 1910 2569 Ela.
1942 2525 2027 2565 dux
2055 2524 2227 2566 Phinon.

319 2589 350 2611 ⁴²
379 2587 463 2627 dux
491 2587 630 2629 (senez,
661 2587 745 2627 dux
774 2587 969 2630 Theman.
1000 2587 1085 2627 dux
1112 2587 1287 2631 Mabsar.
1344 2588 1376 2610 ⁴3
1404 2586 1489 2626 dux
1515 2584 1702 2639 Magdiel.
1733 2584 1819 2624 dux
1849 2584 2010 2624 Hiram:
2040 2583 2081 2624 hi
2110 2583 2231 2624 duces

318 2646 452 2686 Edom
476 2645 711 2686 habitantes
736 2645 776 2685 in
801 2652 906 2686 terra
932 2646 1088 2699 imperii
1112 2646 1185 2689 sui.
1212 2645 1296 2699 ipse
1320 2651 1380 2686 est
1406 2645 1515 2685 Esau
1541 2650 1657 2698 pater
1684 2643 1970 2684 ldumaeorum.

678 2761 740 2813 V.
775 2762 1195 2814 Generationes
1235 2763 1419 2824 Iacob,
1458 2760 1877 2823 37.1-50‚25.

772 2855 810 2894 1.
841 2854 1023 2894 Fratres
1054 2854 1297 2907 losephum
1328 2852 1512 2903 vexant,
1543 2853 1609 2903 37,
1628 2851 1781 2892 1—36.

425 2919 488 2963 37.
547 2922 555 2944 ¹
582 2920 798 2961 Habitavit
819 2926 958 2960 autem
982 2920 1102 2960 [acob
1122 2920 1162 2960 in
1183 2926 1289 2960 terra
1308 2919 1515 2962 Chanaan.
1539 2918 1578 2959 in
1599 2931 1680 2972 qua-
1698 2923 1816 2972 pater
1834 2930 1930 2957 suus
1951 2915 2228 2970 peregrinatus

320 2986 391 3020 est.
450 2982 465 3003 '³
494 2980 550 3020 Et
578 2979 639 3020 hae
669 2985 764 3020 sunt
792 2978 1071 3031 generationes
1102 2979 1203 3019 eius:

134 3058 207 3082 uum
231 3058 296 3082 „aa
430 3039 574 3092 loseph
596 3052 689 3079 cum
709 3032 883 3079 sedecim
905 3044 1009 3079 esset
1031 3051 1243 3081 annorum,
1270 3038 1462 3091 pascebat
1482 3049 1644 3090 gregem
1665 3049 1758 3076 cum
1779 3035 1973 3076 fratribus
1994 3034 2075 3075 suis
2098 3032 2233 3073 adhuc

157 3094 273 3118 ’¹²¹'’''¹¹'·
325 3111 437 3150 puer:
468 3104 510 3138 et
538 3103 626 3138 erat
655 3111 747 3137 cum
781 3097 868 3137 111113
900 3097 1009 3138 Balae
1038 3102 1077 3137 et
1108 3096 1267 3149 Zelphre
1298 3109 1470 3137 uxorum
1498 3095 1627 3149 patris
1656 3095 1734 3135 sui:
1767 3093 2056 3146 accusavitque
2084 3091 2231 3132 fratres

321 3170 412 3197 suos
440 3157 551 3210 apud
577 3163 736 3210 patrem
762 3157 926 3197 crimine
954 3156 1140 3209 pessimo.
1194 3158 1209 3179 ³
1238 3155 1360 3195 lsrael
1386 3162 1525 3195 autem
1551 3154 1747 3207 diligebat
1776 3153 1922 3206 loseph
1947 3164 2067 3205 super
2093 3163 2233 3192 omnes

326 3215 424 3255 filios
455 3229 560 3260 suos.
592 3229 637 3256 eo
669 3215 779 3269 quod
809 3215 847 3255 in
877 3220 1086 3256 senectute
1114 3214 1317 3269 genuisset
1348 3227 1458 3254 eum:
1491 3213 1666 3265 fecitque
1696 3212 1731 3253 ei
1760 3212 1943 3253 tunicam
1970 3209 2228 3264 polymitam.

323 3276 336 3298 ⁴
368 3274 560 3314 Videntes
593 3281 731 3315 autem
762 3275 905 3314 fratres
938 3275 1019 3314 eius
1053 3274 1162 3327 quod
1193 3288 1214 3313 a
1247 3278 1361 3326 patre
1395 3272 1481 3325 plus
1513 3271 1668 3312 cunctis
1703 3271 1793 3312 filiis
1825 3275 2042 3317 amaretur.
2063 3269 2234 3310 oderant

323 3346 426 3375 eum.
450 3346 521 3373 nec
542 3340 732 3386 poterant
753 3333 785 3373 ei
807 3333 1031 3386 quidquam
1054 3333 1221 3387 pacifice
1242 3332 1362 3385 loqui.
1411 3334 1425 3355 ⁷¹
1448 3331 1604 3371 Accidit
1625 3343 1786 3384 quoque
1807 3334 1851 3369 ut
1873 3329 2006 3369 visum
2025 3328 2227 3369 somnium

460 3404 562 3459 Ιῦᾞ
590 3425 655 3458 Par
679 3427 709 3466 1,
734 3426 784 3459 35.
814 3446 854 3449 -
879 3426 920 3458 20
945 3426 982 3457 bi
1011 3426 1075 3459 Par
1099 3428 1128 3465 1,
1153 3426 1206 3459 33.
