2356 3760
116 179 169 217 22,
193 179 335 218 32—22,
359 178 402 211 54
977 179 1142 212 REGUM
1936 189 2009 229 311

115 272 209 313 bitis
244 277 386 313 contra
419 272 628 319 minorem,
664 276 706 313 et
738 271 932 312 maiorem
967 271 1212 324 quempiam,
1249 272 1324 312 nisi
1358 277 1500 313 contra
1533 286 1664 326 regem
1700 277 1833 325 Israel,
1868 279 2009 321 solum.

113 333 146 355 3²
172 330 273 372 Cum
300 344 392 384 ergo
419 331 617 372 vidissent
642 329 843 383 principes
870 342 1061 370 curruum
1090 329 1296 382 Iosaphat,
1325 330 1519 383 suspicati
1545 338 1640 372 sunt
1667 336 1775 385 quod
1801 336 1883 388 ipse
1909 344 2013 379 esset

114 402 185 429 rex
204 389 338 437 Israel,
359 394 400 430 et
416 389 573 442 impetu
590 388 699 429 facto
717 388 960 441 pugnabant
977 392 1120 428 contra
1137 401 1247 428 eum:
1268 393 1308 428 et
1325 388 1571 430 exclamavit
1590 390 1796 444 Iosaphat.
1841 396 1873 418 33
1892 395 2012 436 Intel-

114 447 382 501 lexeruntque
410 447 610 501 principes
641 459 832 487 curruum
863 446 973 499 quod
1002 459 1084 486 non
1114 451 1218 486 esset
1246 459 1316 487 rex
1348 447 1482 496 Israel,
1515 453 1555 489 et
1584 456 1845 491 cessaverunt
1874 453 1923 491 ab
1954 468 2010 494 eo.

113 508 147 531 34
163 506 235 546 Vir
251 511 389 547 autem
407 505 575 558 quidam
591 505 770 546 tetendit
787 518 938 553 arcum,
957 504 998 544 in
1015 504 1215 545 incertum
1233 518 1249 544 ε
1280 505 1426 545 σίῖῖᾶῐη
1445 505 1630 559 dirigens,
1650 513 1691 548 et
1707 521 1802 549 casu
1818 511 2015 562 percussit

113 579 248 619 regem
269 564 393 605 Israel
412 564 519 605 inter
536 563 772 618 pulmonem
793 568 834 604 θῖ
853 563 1123 604 stomachum.
1145 563 1202 603 At
1220 562 1285 603 ille
1305 563 1409 604 dixit
1429 564 1577 617 aurigae
1596 578 1685 606 suo:
1707 566 1828 607 Verte
1848 580 2013 608 manum

114 629 242 670 tuam,
272 628 313 664 et
340 623 435 663 eiice
462 636 527 663 me
554 623 603 664 de
630 622 822 675 exercitu,
853 622 949 676 quia
974 621 1153 675 graviter
1180 621 1416 662 vulneratus
1444 636 1545 663 sum.
1601 625 1632 648 3⁵
1660 624 1927 666 Commissum
1955 631 2016 667 est

114 695 205 736 ergo
233 682 417 736 praelium
444 681 486 722 in
513 681 577 722 die
603 681 683 730 illa,
713 686 755 722 et
781 694 851 722 rex
880 680 1004 721 Israel
1031 680 1172 721 stabat
1197 680 1239 720 in
1267 693 1385 720 curru
1413 694 1484 722 suo
1513 686 1656 722 contra
1681 684 1814 732 Svros,
1845 689 1885 725 et
1912 698 2015 725 mor-

113 746 208 782 tuus
227 746 289 782 est
306 753 490 794 vespere:
512 740 668 781 fluebat
686 745 825 781 autem
843 738 1005 793 sanguis
1024 738 1153 793 plagae
1170 739 1211 778 in
1229 738 1361 779 sinum
1381 752 1531 785 currus,
1578 742 1614 764 ³⁶
1631 746 1671 781 et
1689 729 1818 794 praeco
1837 742 2016 784 insonuit

112 804 153 844 in
187 801 375 843 universo
409 800 588 842 exercitu
622 805 846 853 antequam
878 798 936 839 sol
971 798 1241 846 occumberet,
1277 797 1430 838 dicens:
1467 798 1755 852 Unusquisque
1788 806 2017 842 revertatur

113 863 153 902 in
178 862 401 906 civitatem,
428 864 469 900 et
491 859 532 899 in
555 864 706 899 terram
730 871 858 899 suam.
911 858 945 881 ³⁷
969 857 1155 898 Mortuus
1179 861 1241 897 est
1264 862 1401 897 autem
1426 869 1507 903 reX,
1534 863 1575 898 et
1597 858 1776 910 perlatus
1801 864 1861 900 est
1884 860 1924 899 in
1947 861 2015 901 Sa-

114 920 303 962 mariam:
329 918 655 972 sepelieruntque
678 929 812 970 regem
835 916 877 956 in
900 916 1096 965 Samaria,
1147 917 1183 940 3⁸
1207 919 1248 956 et
1275 914 1484 956 ¹³*laverunt
1507 928 1668 956 currum
1693 917 1775 957 eius
1800 917 1840 957 in
1863 918 2017 971 piscina

112 978 317 1026 Samariae,
348 983 389 1018 θῖ
416 977 625 1017 linxerunt
652 988 770 1016 canes
800 974 1038 1028 sanguinem
1067 974 1163 1023 eius,
1194 979 1236 1015 et
1263 974 1442 1014 habenas
1471 973 1672 1023 laverunt,
1704 975 1820 1016 iuxta
1848 977 2017 1017 verbum

112 1037 278 1079 Domini
309 1036 419 1090 quod
446 1035 607 1077 locutus
637 1035 782 1075 fuerat.

217 1097 253 1121 ³⁹
278 1094 451 1149 Reliqua
474 1099 612 1135 autem
636 1106 868 1134 sermonum
893 1093 1047 1138 Achab,
1073 1097 1114 1133 et
1137 1092 1326 1132 universa
1351 1105 1440 1145 quae
1462 1091 1569 1139 fecit,
1596 1097 1637 1133 et
1659 1093 1803 1134 domus
1828 1089 2151 1152 eburiiea„{f³gtflg¹¹.³
2175 1093 2202 1117 1¹¹

114 1169 237 1210 quam
269 1153 499 1201 aedificavit,
534 1157 856 1205 cunctarumque
890 1151 1063 1198 urbium,
1099 1164 1198 1205 quas
1231 1150 1425 1197 extruxit,
1460 1163 1593 1191 nonne
1625 1151 1708 1192 haec
1740 1152 1892 1206 scripta
1923 1158 2017 1193 sunt
2033 1134 2211 1194 similia-2³¹·-

112 1215 153 1255 in
178 1214 300 1255 Libro
326 1225 559 1254 sermonum
585 1211 741 1252 dierum
767 1224 906 1265 regum
935 1209 1082 1251 Israel?
1135 1211 1172 1234 ⁴¹⁰
1196 1209 1403 1251 Dormivit
1428 1221 1520 1262 ergo
1547 1209 1688 1250 Achab
1715 1224 1806 1250 cum
1832 1211 2017 1265 patribus

112 1273 205 1323 suis,
237 1276 279 1313 et
305 1271 493 1326 regnavit
522 1270 718 1311 Ochozias
749 1269 851 1310 filius
882 1269 964 1309 eius
994 1282 1066 1322 pro
1096 1282 1154 1310 eo.

345 1388 438 1440 IV.
477 1387 753 1453 Iosaphat
793 1387 850 1437 et
889 1385 1181 1445 OelioziaS‚
1220 1384 1305 1437 22.
1334 1384 1505 1434 41—2
1532 1384 1622 1450 Rg
1650 1385 1688 1445 1,
1715 1384 1794 1436 18.

647 1478 686 1517 1.
717 1475 932 1528 iosaphat
963 1486 1045 1516 rex
1076 1474 1198 1523 luda,
1228 1475 1294 1525 22,
1314 1474 1485 1515 41—51.

217 1553 249 1576 41
277 1549 473 1603 Iosaphat
498 1561 593 1590 vero
620 1548 723 1588 filius
750 1547 833 1587 Asa
857 1559 1023 1600 regnare
1049 1551 1230 1599 coeperat
1255 1558 1375 1599 super
1402 1546 1547 1587 Iudam
1574 1558 1679 1586 anno
1707 1550 1853 1599 quarto
1878 1546 2021 1587 Achab
2064 1552 2188 1592 ,Tempus

111 1610 213 1664 regis
242 1609 377 1650 Israel.
432 1610 465 1633 ⁴¹2
492 1607 677 1661 Triginta
703 1606 883 1660 quinque
910 1618 1110 1646 annorum
1138 1610 1225 1646 erat
1251 1618 1343 1645 cum
1370 1617 1536 1658 regnare
1563 1604 1763 1657 coepisset,
1792 1610 1833 1645 et
1859 1605 2021 1658 viginti·
2065 1594 2186 1618 ¹¹¹¹per¹¹'

113 1669 293 1723 quinque
319 1667 436 1709 annis
462 1666 649 1720 regnavit
676 1665 716 1706 in
746 1664 982 1706 Ierusalem:
1012 1677 1160 1705 nomen
1186 1663 1328 1704 matris
1357 1663 1439 1704 eius
1466 1664 1611 1704 Azuba
1636 1663 1717 1704 filia
1743 1663 1862 1705 Salai.

216 1730 250 1752 43
274 1727 330 1768 Εῖ
355 1725 585 1767 ambulavit
609 1725 650 1765 in
676 1724 786 1766 omni
811 1724 879 1764 via
902 1724 985 1764 Asa
1008 1722 1137 1777 patris
1162 1723 1235 1769 sui,
1263 1728 1304 1764 et
1328 1736 1409 1764 non
1435 1722 1655 1763 declinavit
1680 1736 1729 1763 ex
1754 1735 1818 1763 ea:
1844 1723 2021 1776 fecitque
2081 1727 2173 1772 [fieres

114 1787 224 1841 quod
256 1790 413 1827 rectum
447 1790 535 1825 erat
566 1784 607 1824 in
641 1788 862 1836 conspectu
895 1782 1073 1824 Domini.
1134 1783 1168 1807 44
1201 1782 1493 1823 Verumtamen
1527 1781 1684 1822 excelsa
1716 1794 1797 1822 non
1831 1781 2019 1822 abstulit:
2086 1768 2166 1792 ¹⁶³¹&

113 1846 247 1887 adhuc
274 1845 381 1886 enim
408 1843 584 1898 populus
611 1842 879 1889 sacrificabat,
909 1847 950 1882 et
978 1841 1170 1882 adolebat
1196 1841 1405 1881 incensum
1433 1840 1474 1880 in
1502 1839 1677 1881 excelsis.
1734 1842 1766 1864 45
1792 1840 2021 1893 Pacemque

113 1905 259 1946 habuit
289 1903 486 1957 Iosaphat
515 1916 607 1944 cum
636 1915 727 1955 rege
759 1901 893 1942 Israel.

217 1965 253 1988 ⁴⁶
286 1962 460 2016 Reliqua
491 1966 629 2002 autem
662 1961 879 2001 verborum
914 1959 1121 2012 Iosaphat,
1155 1963 1196 1999 et
1228 1971 1350 2011 opera
1381 1958 1476 2005 eius,
1512 1970 1602 2010 quae
1631 1957 1765 2011 gessit,
1799 1962 1840 1998 et
1870 1957 2018 2010 praelia,
2045 1957 2205 2017 f‘fflJJJff

113 2036 247 2064 nonne
267 2022 352 2062 haec
373 2021 525 2074 scripta
545 2024 642 2060 sunt
661 2019 703 2059 in
723 2019 844 2059 Libro
866 2018 1083 2059 verborum
1105 2017 1261 2058 dierum
1281 2029 1421 2070 regum
1444 2016 1570 2057 Iuda?
1618 2018 1652 2040 ‘¹⁷
1673 2016 1753 2057 Sed
1773 2020 1814 2056 et
1832 2015 2020 2069 reliquias
2034 2000 2224 2059 regumOIiida.

113 2081 454 2128 effeminatorum,
486 2079 555 2132 qui
582 2082 863 2119 remanserant
890 2077 930 2117 in
959 2077 1100 2117 diebus
1128 2076 1212 2117 Asa
1238 2075 1366 2129 patris
1395 2074 1490 2123 eius,
1521 2074 1692 2115 abstulit
1719 2075 1768 2115 de
1795 2079 1915 2115 terra.

217 2141 253 2164 ⁴⁸
274 2140 357 2180 Nec
376 2144 464 2179 erat
481 2142 582 2178 tunc
600 2150 671 2177 rex
690 2136 940 2177 constitutus
960 2135 1000 2175 in
1020 2135 1165 2175 Edom.
1212 2136 1249 2158 49
1269 2134 1359 2174 Rex
1377 2146 1472 2174 vero
1494 2133 1691 2186 losaphat
1708 2133 1860 2174 fecerat
1879 2132 2022 2174 classes
2046 2132 2199 2193 0033?ngae

112 2200 154 2240 in
177 2198 292 2247 mari,
320 2210 410 2251 quae
433 2196 676 2249 navigarent
700 2194 741 2235 in
765 2195 895 2248 Ophir
917 2199 1085 2248 propter
1109 2206 1272 2234 aurum:
1299 2198 1340 2233 et
1363 2192 1419 2233 ire
1444 2205 1525 2233 non
1548 2196 1784 2245 potuerunt,
1812 2191 1908 2245 quia
1931 2204 2022 2232 con·
2202 2187 2208 2197 ’

112 2259 254 2299 fractae
273 2262 369 2298 sunt
392 2256 433 2296 in
452 2255 715 2309 Asiongaber.
765 2256 803 2278 ⁵⁰
823 2254 936 2295 Tunc
958 2253 1016 2294 ait
1037 2252 1234 2293 Ochozias
1256 2251 1360 2292 filius
1382 2250 1524 2292 Achab
1547 2251 1599 2291 ad
1622 2250 1835 2304 Iosaphat:
1858 2250 2024 2291 Vadant

113 2317 218 2358 servi
247 2315 327 2357 mei
357 2328 450 2356 cum
480 2313 605 2355 servis
636 2313 717 2354 tuis
749 2312 790 2353 in
821 2312 1007 2353 navibus.
1040 2311 1096 2352 Et
1126 2310 1258 2352 noluit
1290 2310 1497 2363 Iosaphat.

217 2377 250 2400 ⁵1
271 2373 560 2427 Dormivitque
584 2371 781 2425 Iosaphat
802 2385 895 2413 cum
916 2371 1103 2425 patribus
1125 2369 1219 2418 suis,
1243 2374 1285 2410 θῖ
1305 2368 1488 2422 sepultus
1511 2374 1572 2409 θεῖ
1593 2381 1686 2409 cum
1707 2367 1762 2409 eis
1784 2368 1825 2408 in
1846 2367 2023 2408 Civitate
2042 2371 2117 2390 ¹¹¹⁰f⁵
2134 2366 2214 2396 “³8¹³-

113 2434 251 2476 David
279 2433 408 2487 patris
437 2432 517 2473 sui:
547 2430 816 2485 regnavitque
848 2430 981 2471 Ioram
1012 2429 1116 2470 filius
1146 2428 1229 2469 eius
1259 2441 1331 2481 pro
1362 2441 1419 2468 eo.

534 2536 574 2575 2.
605 2534 831 2575 Ochozias
861 2545 944 2574 rex
974 2533 1127 2583 lsrael,
1156 2534 1222 2583 22,
1242 2532 1380 2572 52—2
1401 2531 1472 2582 Rg
1492 2532 1531 2581 1,
1550 2531 1616 2570 18.

2066 2596 2190 2626 Tempus

218 2610 251 2633 52
273 2606 471 2649 Ochozias
495 2611 634 2647 autem
657 2605 760 2646 filius
784 2605 926 2645 Achab
949 2616 1116 2657 regnare
1140 2608 1321 2656 coeperat
1343 2614 1464 2655 super
1488 2600 1611 2641 Israel
1632 2600 1674 2640 in
1696 2599 1891 2648 Samaria,
1917 2612 2023 2640 anno
2067 2631 2176 2661 imper„

114 2666 448 2722 septimodecimo
478 2665 676 2718 Iosaphat
701 2664 804 2718 regis
834 2663 949 2711 Iuda,
979 2662 1248 2716 regnavitque
1276 2674 1396 2714 super
1425 2659 1549 2701 Israel
1576 2660 1734 2701 duobus
1763 2658 1890 2699 annis.
2183 2651 2187 2659 '

218 2728 252 2751 ⁵³
270 2725 327 2766 Et
344 2724 442 2765 fecit
460 2723 615 2765 malum
634 2723 676 2764 in
695 2727 916 2776 conspectu
935 2721 1115 2767 Domini,
1137 2725 1179 2761 et
1198 2719 1429 2761 ambulavit
1448 2718 1488 2759 in
1508 2718 1576 2759 via
1594 2717 1721 2771 patris
1741 2716 1802 2757 sui
1822 2722 1863 2758 et
1882 2716 2023 2757 matris
2073 2711 2184 2778 ᾞζὲζζῑῗ

114 2799 208 2831 suae,
238 2789 279 2826 et
306 2784 347 2824 in
374 2783 442 2824 via
470 2783 684 2824 Ieroboam
712 2781 782 2822 filii
811 2781 961 2829 Nabat,
993 2780 1062 2834 qui
1088 2792 1255 2833 peccare
1282 2778 1379 2820 fecit
1408 2777 1542 2819 Israel.
1598 2778 1630 2801 54
1657 2776 1834 2817 Servivit
1862 2788 2023 2828 quoque

116 2843 229 2892 Baal,
252 2848 294 2884 et
314 2841 504 2884 adoravit
523 2854 629 2890 eum,
651 2846 693 2882 et
712 2840 891 2881 irritavit
911 2839 1135 2881 Dominum
1156 2838 1291 2879 Deum
1314 2837 1448 2885 Israel,
1471 2836 1587 2877 iuxta
1607 2834 1743 2876 omnia
1764 2847 1854 2887 quae
1872 2834 2025 2874 fecerat

114 2908 232 2957 pater
260 2902 356 2943 eius.

247 3006 289 3040 38
314 3005 403 3049 aSup
427 3005 482 3047 21,
505 3004 559 3040 19.
