2356 3760
300 166 377 207 580
1181 164 1329 198 LIBER
1944 168 1996 208 19,
2023 167 2164 208 28—21,
2189 168 2209 202 9

301 259 336 282 '2⁸
355 258 484 299 Testis
513 258 675 313 iniquus
705 258 860 299 deridet
891 258 1104 299 iudicium:
1188 264 1229 299 et
1258 272 1301 300 os
1330 259 1546 312 impiorum
1578 259 1750 301 devorat
1778 260 2052 314 iniquitatem.

302 319 336 341 ²⁹
354 317 506 358 Parata
532 324 628 358 sunt
655 317 898 358 derisoribus
926 316 1092 357 iudicia:
1179 323 1218 358 et
1248 317 1380 358 mallei
1408 319 1681 372 percutientes
1709 319 1929 360 stultorum
1956 321 2205 373 corporibus.

115 428 278 489 A¹i>¹2t¹13ii⁵¹¹¹i
303 422 367 465 2⁰.
424 425 435 447 1
462 423 687 463 Luxuriosa
712 434 785 464 res.
814 420 966 465 vinum,
995 426 1034 461 et
1060 421 1316 463 tumultuosa
1340 423 1531 464 ebrietas:
1612 423 1858 477 quicumque
1882 424 1943 465 his
1969 424 2206 469 delectatur.

232 484 236 487 ”
566 494 647 521 11011
677 479 750 519 erit
781 479 952 533 sapiens.

324 543 339 565 2
357 541 464 581 Sicut
498 539 653 592 rugitus
679 538 816 582 leonis.
846 538 906 579 ita
931 546 972 579 et
999 545 1128 579 terror
1154 540 1273 589 regis:
1347 540 1414 594 qui
1442 547 1639 594 provocat
1659 554 1762 590 eum,
1793 547 1933 595 peccat
1962 542 2001 583 in
2029 542 2207 584 animam

563 611 690 639 suam.

321 660 337 683 ³
357 658 497 698 l-lonor
511 663 572 697 est
588 656 754 701 homini.
773 657 839 710 qui
854 662 1017 709 separat
1034 670 1074 697 se
1092 670 1116 698 a
1132 658 1482 699 contentionibus:
1541 672 1680 700 omnes
1699 665 1837 700 autem
1854 659 1970 700 stulti
1987 659 2209 701 miscentur

564 715 831 757 contumeliis.

320 777 335 800 ⁴¹
352 775 525 829 Propter
550 775 674 828 frigus
702 775 812 828 piger
839 788 951 815 arare
979 775 1126 815 noluit:
1194 776 1445 817 mendicabit
1471 789 1562 829 ergo
1590 782 1743 821 aestate,
1773 784 1814 818 et
1840 791 1920 818 non
1948 778 2114 819 dabitur
2138 778 2205 819 illi.

320 836 335 859 ⁵
352 834 467 875 Sicut
480 847 588 888 aqua
600 834 815 888 profunda,
831 834 886 874 sic
901 833 1112 875 consilium
1130 835 1169 874 in
1186 835 1305 876 corde
1318 835 1412 875 viri:
1471 836 1541 876 sed
1555 835 1677 877 homo
1693 836 1852 889 sapiens
1867 836 2079 878 exhauriet
2094 836 2205 878 illud.

322 893 474 934 “Multi
509 893 691 934 homines
727 893 1002 934 misericordes
1039 899 1256 934 vocantur:
1338 894 1469 935 virum
1506 899 1645 935 autem
1681 894 1839 935 fidelem
1876 895 1965 949 quis
2000 895 2206 937 inveniet?

322 954 336 976 ⁷
357 953 506 1002 iustus,
537 953 605 1006 qui
632 952 816 993 ambulat
843 952 882 992 111
911 952 1172 1005 simplicitate
1198 966 1282 997 sua.
1365 954 1506 995 beatos
1533 958 1627 1007 post
1653 968 1693 994 se
1721 953 1821 995 filios
1848 954 2113 1008 derelinquet.

322 1012 338 1036 ⁸
357 1012 456 1056 Rex,
491 1012 557 1065 qui
589 1012 702 1052 sedet
730 1011 770 1051 111
801 1011 898 1052 50110
928 1011 1076 1059 iudicii,
1162 1012 1334 1066 dissipat
1363 1026 1481 1053 omne
1512 1012 1665 1053 malum
1696 1013 1848 1053 intuitu
1878 1027 1962 1055 suo.

320 1071 470 1119 ⁹³Quis
500 1076 637 1123 potest
666 1070 815 1111 dicere:
846 1070 1044 1111 Mundum
1077 1076 1137 1111 est
1167 1084 1235 1112 cor
1263 1084 1411 1117 meum,
1496 1084 1621 1125 purus
1651 1085 1739 1112 sum
1770 1085 1794 1112 a
1822 1073 2014 1125 peceato?

300 1132 335 1154 ¹⁰
352 1130 517 1170 Pondus
535 1134 575 1170 et
592 1130 763 1182 pondus,
783 1142 973 1170 mensura
990 1135 1031 1170 et
1047 1143 1254 1171 mensura:
1322 1136 1543 1184 utrumque
1561 1131 1834 1172 abominabile
1851 1137 1911 1171 est
1930 1132 2040 1185 apud
2057 1132 2203 1173 Deum.

300 1191 329 1214 11
354 1189 416 1229 Ex
446 1188 590 1229 studiis
620 1188 701 1229 suis
730 1187 970 1239 intelligitur
999 1202 1109 1242 puer.
1195 1190 1227 1230 si
1256 1190 1412 1231 munda
1440 1196 1481 1231 et
1509 1195 1620 1231 recta
1650 1190 1732 1231 sint
1761 1204 1884 1243 opera
1913 1190 2008 1232 eius.

301 1250 331 1272 ¹2
352 1248 502 1288 Aurem
534 1247 780 1290 audientem.
813 1255 852 1288 et
883 1247 1044 1288 oculum
1076 1248 1296 1293 videntem,
1381 1249 1582 1290 Dominus
1612 1249 1708 1290 fecit
1738 1255 1971 1303 utrumque.

301 1310 332 1332 ¹³
354 1307 446 1348 Noli
473 1306 634 1359 diligere
661 1320 862 1356 somnum,
891 1320 940 1347 ne
967 1313 1007 1348 te
1034 1313 1190 1361 egestas
1217 1308 1443 1361 opprimat:
1524 1308 1634 1361 aperi
1660 1308 1796 1349 oeulos
1824 1313 1928 1353 tuos,
1958 1314 1999 1349 et
2024 1315 2207 1349 saturare

564 1366 749 1419 panibus

301 1427 332 1450 11
353 1425 506 1466 Malum
533 1431 604 1474 est,
625 1425 779 1466 malum
805 1431 876 1471 est,
905 1425 1003 1466 dicit
1028 1426 1158 1466 omnis
1183 1432 1361 1480 emptor:
1420 1432 1459 1468 et
1485 1440 1577 1467 cuin
1595 1426 1813 1470 recesserit.
1838 1432 1936 1467 tunc
1954 1426 2205 1480 gloriabitur.

302 1486 332 1510 ¹⁵
353 1485 427 1525 Est
458 1498 614 1533 aurum,
645 1490 687 1525 et
714 1484 937 1525 multitudo
966 1498 1239 1538 gemmarum:
1322 1495 1363 1526 et
1392 1499 1464 1526 vas
1492 1486 1715 1539 pretiosum
1744 1485 1853 1526 labia
1881 1485 2069 1526 scientiae.

300 1546 335 1568 1⁶
352 1543 482 1585 bTolle
511 1543 804 1585 vestimentum
834 1544 928 1585 eius.
972 1544 1039 1597 qui
1068 1544 1279 1585 fideiussor
1307 1545 1446 1585 extitit
1475 1545 1605 1590 alieni,
1690 1550 1731 1586 et
1758 1558 1830 1598 pro
1860 1544 2064 1585 extraneis
2094 1544 2208 1585 aufer

563 1603 708 1657 pignus
739 1603 790 1643 ab
821 1616 878 1644 eo.

303 1664 336 1687 ¹⁷
357 1663 503 1704 Suavis
532 1668 592 1703 est
619 1662 774 1704 homini
801 1662 918 1715 panis
946 1662 1165 1703 mendacii:
1248 1668 1289 1703 et
1316 1668 1460 1716 postea
1486 1662 1723 1716 implebitur
1750 1676 1793 1703 os
1821 1662 1905 1703 eius
1934 1662 2100 1704 calculo.

301 1724 336 1747 1⁸
355 1722 632 1775 Cogitationes
663 1721 837 1763 consiliis
867 1721 1131 1762 roborantur:
1216 1726 1258 1762 et
1286 1721 1569 1775 gubernaculis
1601 1722 1820 1762 tractanda
1850 1726 1946 1762 sunt
1977 1721 2093 1763 bella.

301 1783 336 1806 1⁹
355 1781 416 1824 Ei.
452 1781 520 1835 qui
551 1780 705 1822 revelat
736 1780 942 1834 mysteria,
977 1786 1017 1821 et
1049 1781 1235 1821 ambulat
1266 1780 1556 1830 fraudulenter,
1643 1786 1684 1821 et
1715 1780 1863 1821 dilatat
1901 1780 2012 1820 labia
2041 1793 2125 1825 sua,
2159 1793 2208 1821 ne

564 1853 871 1881 commiscearis.

299 1902 336 1925 2⁰
355 1900 450 1949 cQui
471 1899 677 1941 maledicit
698 1899 807 1953 patri
828 1913 912 1945 suo,
937 1904 978 1940 et
998 1899 1132 1945 matri,
1210 1899 1473 1953 extinguetur
1498 1900 1664 1940 lucerna
1684 1899 1768 1939 eius
1789 1899 1830 1939 in
1852 1898 1994 1939 mediis
2016 1898 2205 1940 tenebris,

299 1962 330 1984 21
354 1959 581 2007 Hereditas
607 1959 659 2000 ad
684 1972 807 2013 quam
830 1958 1050 1999 festinatur
1072 1959 1113 1999 111
1135 1958 1344 2013 principio,
1426 1958 1466 1998 in
1490 1958 1710 1999 novissimo
1734 1957 2016 1998 benedictione
2039 1957 2205 1998 carebit.

298 2021 330 2044 22
353 2019 436 2060 (1Νο
466 2019 593 2060 dicas:
627 2018 814 2059 Reddam
844 2018 1017 2059 malum:
1102 2023 1275 2071 expecta
1302 2018 1539 2067 Dominum,
1571 2023 1613 2058 et
1640 2016 1831 2058 liberabit
1860 2022 1912 2057 te.

299 2080 331 2103 ²³
352 2078 615 2119 Abominatio
635 2084 697 2118 est
715 2078 826 2131 apud
843 2077 1069 2118 Dominum
1088 2078 1248 2131 pondus
1267 2083 1308 2118 et
1326 2078 1505 2131 pondus:
1573 2082 1729 2118 statera
1747 2076 1887 2118 dolosa
1905 2089 1987 2117 non
2006 2081 2068 2116 est
2087 2076 2205 2117 bona.

298 2138 387 2179 2⁴A
419 2138 596 2179 Domino
631 2137 861 2191 diriguntur
902 2149 1059 2190 gressus
1095 2136 1186 2177 viri:
1276 2136 1364 2190 quis
1399 2142 1537 2177 autem
1571 2136 1784 2177 hominum
1818 2135 2039 2189 intelligere
2072 2139 2208 2188 potest

563 2197 671 2237 viam
702 2195 843 2236 suam?

298 2258 330 2281 2⁵
352 2256 487 2298 Ruina
517 2261 577 2297 est
606 2255 761 2296 homini
791 2255 985 2296 devorare
1015 2261 1188 2298 sanctos.
1274 2262 1315 2295 et
1344 2261 1438 2308 post
1466 2260 1566 2295 vota
1594 2260 1827 2295 retractare.

298 2317 334 2341 ²⁶
351 2315 534 2368 Dissipat
564 2314 709 2368 impios
739 2328 808 2355 rex
838 2314 1009 2367 sapiens,
1095 2319 1136 2354 et
1165 2314 1355 2355 incurvat
1384 2327 1505 2367 super
1533 2327 1600 2355 eos
1629 2313 1837 2354 fornicem.

298 2377 332 2399 2⁷
351 2376 536 2416 Lucerna
565 2374 729 2415 Domini
760 2373 1007 2427 spiraculum
1036 2373 1223 2417 hominis,
1310 2386 1400 2427 quae
1429 2372 1651 2426 investigat
1680 2372 1818 2413 omnia
1856 2376 2012 2412 secreta
2041 2371 2206 2411 ventris.

298 2436 333 2459 28
350 2433 636 2477 Misericordia.
660 2438 701 2474 et
723 2432 873 2473 veritas
895 2432 1134 2473 custodiunt
1155 2446 1300 2486 regem.
1378 2438 1419 2473 et
1443 2433 1661 2473 roboratur
1681 2431 1897 2472 clementia
1917 2430 2088 2471 thronus
2111 2430 2206 2471 eius.

299 2493 567 2535 29Ε1111Ιῖὶ1ῖ10
597 2493 804 2541 iuvenum,
837 2492 1037 2533 fortitudo
1069 2505 1227 2532 eorum:
1312 2497 1353 2532 et.
1382 2491 1559 2545 dignitas
1590 2504 1732 2531 senum
1762 2489 1943 2531 canities

300 2556 336 2578 ²³⁰
353 2553 476 2594 Livor
505 2552 681 2593 vulneris
712 2552 918 2604 absterget
948 2551 1074 2591 mala:
1160 2557 1201 2591 et
1229 2550 1360 2605 plagae
1388 2551 1429 2591 in
1459 2549 1742 2591 secretioribus
1772 2549 1938 2590 Ventris.

112 2660 273 2721 Apamam
300 2658 364 2702 21.
420 2661 434 2683 1
468 2658 582 2700 Sicut
616 2657 832 2699 divisiones
868 2670 1079 2710 aquarum,
1116 2657 1175 2698 ita
1207 2670 1276 2698 cor
1308 2656 1410 2710 regis
1444 2656 1485 2696 in
1518 2669 1643 2696 manu
1677 2654 1861 2696 Domini:
1952 2666 2209 2708 quocumque

175 2705 234 2722 Μ’
564 2717 748 2765 voluerit,
780 2716 993 2757 inclinabit
1022 2716 1133 2757 illud.

320 2779 334 2802 2
352 2777 494 2819 Omnis
525 2777 592 2817 via
621 2776 696 2817 viri
725 2781 838 2817 reeta
866 2775 941 2816 sibi
971 2776 1152 2816 videtur:
1237 2775 1435 2829 appendit
1465 2780 1603 2815 autem
1634 2774 1757 2815 corda
1784 2773 1997 2814 Dominus.

319 2840 335 2862 ³
352 2836 500 2877 Facere
529 2835 845 2877 misericordiam
874 2840 915 2875 et
943 2834 1149 2877 iudicium.
1233 2834 1361 2888 magis
1389 2834 1523 2887 placet
1550 2832 1739 2882 Domino,
1772 2845 1896 2886 quam
1924 2831 2112 2872 victimae.

319 2898 334 2920 ⁴³
353 2896 565 2937 Exaltatic
595 2895 803 2936 oculorum
833 2900 894 2935 est
923 2893 1110 2935 dilatatio
1140 2894 1289 2935 cordis:
1371 2893 1537 2934 lucerna
1564 2892 1782 2946 impiorum
1809 2896 2036 2945 peccatum.

320 2955 629 3008 5Cogitationes
663 2953 820 2995 robusti
855 2966 1013 3006 semper
1047 2953 1087 2993 in
1122 2953 1395 2994 abundantia:
1485 2951 1615 2993 omnis
1658 2957 1796 2991 autem
1832 2950 1944 3003 piger
1977 2962 2135 3003 semper
2167 2949 2208 2990 in

563 3019 742 3063 egestate
772 3020 844 3054 est.

322 3076 336 3097 ⁶
354 3074 430 3121 Qui
460 3079 677 3127 congregat
706 3073 918 3113 thesauros
946 3072 1084 3121 lingua
1111 3071 1322 3115 mendacii,
1354 3084 1484 3111 vanus
1512 3076 1553 3111 et
1580 3082 1720 3110 excors
1749 3075 1820 3114 est,
1894 3074 1935 3109 et
1961 3067 2210 3122 impingetur

564 3133 615 3173 ad
644 3132 810 3186 laqueos
840 3131 993 3172 mortis.

323 3192 336 3213 ⁷
374 3193 526 3244 {apinae
555 3191 770 3245 impiorum
803 3191 1020 3231 detrahent
1051 3204 1128 3233 eos.
1215 3190 1311 3243 quia
1338 3189 1556 3230 noluerunt
1585 3189 1718 3229 facere
1747 3187 1953 3228 iudicium.

322 3252 337 3272 ὅ
355 3250 546 3291 I'erversa
577 3251 641 3291 via
670 3250 756 3295 viri,
787 3250 919 3290 aliena
945 3255 1024 3290 est:
1107 3249 1173 3302 qui
1204 3254 1340 3289 autem
1370 3248 1546 3289 mundus
1574 3252 1646 3292 cst,
1676 3251 1833 3287 rectum
1860 3258 1962 3299 opus
1989 3245 2085 3286 eius.

324 3311 338 3332 ⁰
356 3308 496 3349 Melius
524 3318 580 3349 est
611 3310 746 3350 sedere
774 3310 811 3349 in
841 3308 987 3358 angulo
1015 3308 1203 3357 domatis,
1274 3321 1396 3361 quam
1424 3321 1515 3348 cum
1543 3306 1708 3347 muliere
1734 3305 1920 3358 litigiosa,
1950 3310 1989 3344 et
2017 3303 2057 3344 in
2085 3303 2206 3344 domo

566 3382 782 3409 eommum.

406 3446 416 3447 7
433 3471 486 3512 20,
511 3471 531 3503 9
557 3473 592 3504 ai
620 3471 673 3512 ΒΗ
697 3472 727 3508 s,
754 3474 810 3512 402
837 3474 856 3505 2
883 3474 948 3506 Par
972 3473 1002 3507 6.
1028 3474 1085 3513 ;-1()·;
1107 3474 1120 3505 1
1149 3472 1181 3504 [ω
1202 3474 1230 3511 1,
1249 3474 1278 3504 s.
1307 3492 1348 3495 ἡ
1373 3471 1508 3505 1651111
1526 3471 1579 3510 27,
1599 3470 1649 3503 13.
1671 3490 1711 3493 -
1730 3469 1772 3502 20
1793 3468 1863 3501 ccx
1881 3468 2010 3507 21,17;
2031 3466 2081 3499 Lv
2099 3465 2152 3506 20,
2171 3465 2207 3506 9;

301 3518 352 3553 Mt
377 3519 430 3559 15,
455 3519 483 3552 4.
512 3539 553 3542 —
578 3519 620 3551 ,⁴323
643 3519 751 3551 ‹ll-tom
780 3520 831 3560 12,
858 3521 913 3560 113
938 3522 952 3552 1
979 3520 1066 3553 Thes
1087 3521 1119 3560 ἶ),
1144 3520 1198 3560 153
1223 3521 1240 3552 1
1265 3518 1325 3552 Ptr
1346 3520 1377 3559 3,
1399 3519 1429 3551 9.
