2356 3760
135 103 166 139 3,
193 103 291 142 3-3,
318 103 359 136 19
979 104 1195 137 HABACUC
1959 109 2035 149 88)

147 197 162 219 ³
182 195 292 235 Deus
322 194 373 235 ab
403 195 554 236 Austro
584 195 732 243 veniet,
816 200 856 234 et
886 201 1050 236 sanctus
1081 197 1129 236 de
1159 203 1298 237 monte
1328 197 1509 237 Pharan:
2061 201 2220 259 adivgssggm

182 253 354 306 Operuit
383 253 498 294 caelos
527 253 654 306 gloria
682 252 784 292 eius:
868 258 909 293 et
936 253 1067 294 laudis
1099 254 1180 295 eius
1211 255 1331 308 plena
1360 260 1420 296 est
1450 261 1568 295 terra.
2069 242 2212 297 detsicrihits.

145 313 161 335 ⁴
181 311 381 364 Splendor
410 311 492 352 eius
523 317 570 352 ut
597 311 668 351 lux
697 310 790 351 erit:
875 324 1026 352 cornua
1055 313 1094 352 in
1125 313 1314 354 manibus
1344 313 1446 354 eius:

184 369 246 410 Ibi
276 370 517 411 abscondita
546 374 608 410 est
635 368 835 410 fortitudo
866 369 968 410 eius:

146 430 162 452 ⁵
183 434 278 469 ante
306 428 452 469 faciem
481 427 564 468 eius
593 427 670 467 ibit
696 440 816 467 mors.
901 428 957 469 Et
985 429 1214 481 egredietur
1241 430 1426 471 diabolus
1456 436 1551 471 ante
1580 431 1701 484 pedes
1731 431 1826 472 eius.

146 488 162 510 ⁶
181 487 320 536 Stetit,
352 492 393 527 et
421 498 582 527 mensus
612 490 674 526 est
702 490 865 527 terram.
950 486 1133 540 Aspexit,
1165 493 1206 529 et
1234 488 1421 530 dissolvit
1449 489 1618 530 Gentes:

182 550 224 586 et
253 545 420 585 contriti
450 549 547 585 sunt
575 548 735 584 montes
766 545 912 585 saeculi.
999 545 1210 587 Incurvati
1240 552 1337 587 sunt
1367 546 1484 587 colles
1516 548 1669 595 mundi,

182 603 233 643 ab
263 603 476 644 itineribus
506 602 747 643 aeternitatis
777 603 873 643 eius.

147 663 160 685 ⁷
181 661 260 702 Pro
299 661 518 714 iniquitate
557 660 641 700 vidi
681 662 859 702 tentoria
899 661 1127 716 AEthiopiae.
1174 720 1177 724 .
1222 663 1503 704 turbabuntur
1541 664 1662 716 pelles
1702 671 1818 705 terrae
1857 666 2033 706 Madian.

146 768 161 790 ⁸
183 765 393 819 Numquid
421 765 462 805 in
490 763 726 806 fluminibus
755 766 883 807 iratus
912 779 952 807 es
981 767 1180 808 Domine?
1263 772 1336 808 aut
1364 767 1404 808 in
1434 767 1667 808 fluminibus
1696 768 1808 809 furor
1836 769 1955 810 tuus?
2083 779 2199 832 3193831

181 824 246 865 vel
266 824 307 864 in
329 823 430 864 mari
452 823 679 877 indignatio
702 823 799 865 tua?
876 824 953 874 Qui
976 826 1167 867 ascendes
1189 839 1310 880 super
1331 839 1455 880 equos
1478 831 1589 867 tuos:
1665 831 1704 867 et
1728 827 1933 881 quadrigae
1954 834 2036 869 tuae
2069 814 2212 874 ῗηᾷῗιῗηῗῗ

390 881 576 923 salvatio.

145 944 160 966 ⁹
180 941 390 982 Suscitans
417 940 632 981 suscitabis
661 954 799 982 arcum
827 949 964 983 tuum:
1046 943 1276 984 iuramenta
1302 943 1490 984 tribubus
1519 956 1608 996 quae
1633 943 1792 984 locutus
1820 956 1878 985 es:

180 999 346 1041 Fluvios
376 999 531 1040 scindes
562 1004 696 1040 terrae:

130 1061 165 1083 ¹⁰
181 1058 373 1099 w’derunt
402 1063 454 1102 te,
487 1063 527 1098 et
557 1058 775 1099 doluerunt
803 1065 983 1101 montes:
1065 1074 1208 1115 gurges
1239 1074 1437 1115 aquarum
1468 1060 1642 1102 transiit.

179 1117 307 1157 Dedit
336 1116 506 1169 abyssus
537 1130 677 1158 vocem
708 1131 843 1159 suam:
927 1119 1103 1161 altitudo
1133 1133 1279 1161 manus
1308 1133 1400 1160 suas
1430 1119 1596 1161 levavit.

132 1178 159 1200 11
181 1175 260 1223 Sol,
292 1180 332 1216 et
360 1175 456 1215 luna
487 1180 691 1216 steterunt
721 1176 761 1217 in
791 1176 1026 1219 habitaculo
1055 1191 1140 1222 suo,
1224 1178 1265 1219 in
1293 1178 1381 1219 luce
1411 1178 1654 1231 sagittarum
1684 1183 1862 1228 tuarum,

180 1234 301 1275 ibunt
330 1234 370 1274 in
399 1234 612 1287 splendore
641 1234 886 1289 fulgurantis
916 1236 1044 1277 hastae
1073 1242 1166 1278 tuae.

130 1295 161 1318 ¹2
184 1293 230 1334 In
260 1293 425 1333 fremitu
456 1293 710 1334 conculcabis
742 1300 910 1335 terram:
994 1295 1033 1335 in
1064 1296 1198 1336 furore
1228 1294 1526 1349 obstupefacies
1556 1295 1718 1336 Gentes.

131 1400 161 1422 ¹³
181 1397 375 1450 Egressus
405 1410 445 1437 es
474 1397 515 1437 in
545 1396 719 1438 salutem
748 1398 889 1451 populi
918 1399 997 1439 tui:
1081 1399 1121 1439 in
1151 1398 1325 1439 salutem
1355 1411 1447 1439 cum
1477 1398 1636 1440 Christo
1666 1404 1757 1440 tuo:
2066 1399 2221 1424 D⁰¹¹¹i¹1¹¹ffl

2057 1435 2085 1459 in
2105 1434 2229 1460 salutem

180 1455 419 1496 Percussisti
448 1460 573 1509 caput
611 1455 660 1496 de
699 1456 819 1497 domo
860 1456 991 1510 impii:
1083 1458 1301 1499 denudasti
1338 1457 1655 1498 fundamentum
1694 1458 1777 1498 eius
1816 1471 1944 1512 usque
1982 1459 2034 1500 ad
2065 1470 2219 1500 popunsui

391 1513 550 1555 collum·
2049 1507 2244 1567 afflata,

130 1572 429 1614 1⁴Maledixisti
465 1572 634 1626 sceptris
671 1573 768 1620 eius,
807 1574 932 1627 capiti
969 1574 1212 1616 bellatorum
1250 1575 1345 1621 eius,
1452 1575 1710 1616 venientibus
1748 1580 1794 1616 ut
1831 1575 1951 1617 turbo
1988 1577 2040 1616 ad

391 1630 705 1685 dispergendum
735 1645 810 1673 me.

182 1690 396 1731 Exultatio
426 1703 565 1731 eorum
595 1690 700 1731 sicut
730 1691 825 1741 eius,
859 1691 928 1745 qui
957 1692 1129 1733 devorat
1158 1705 1377 1747 pauperem
1408 1692 1449 1733 in
1479 1692 1732 1734 abscondito.

130 1751 162 1774 ¹⁵
181 1749 300 1790 Viam
329 1748 460 1790 fecisti
491 1749 529 1789 in
560 1749 662 1789 mari
691 1750 804 1803 equis
834 1751 927 1795 tuis,
1012 1751 1052 1791 in
1081 1751 1168 1793 luto
1199 1764 1399 1805 aquarum
1428 1751 1664 1793 multarum.

130 1856 164 1879 ¹⁶
180 1853 344 1899 Audivi,
379 1859 421 1894 et
452 1854 722 1894 conturbatus
755 1860 816 1895 est
849 1860 993 1895 venter
1023 1868 1155 1896 meus:
1242 1869 1266 1896 a
1297 1869 1396 1897 voce
1429 1860 1763 1897 contremuerunt
1794 1855 1903 1896 labia
1933 1869 2034 1897 mea.
2052 1859 2246 1919 ξῐξῐῧέεξῇζζῗῇ

184 1913 441 1966 ingrediatur
468 1913 642 1966 putredo
671 1913 710 1953 in
741 1913 896 1954 ossibus
925 1914 1035 1958 meis.
1119 1919 1159 1955 et
1188 1914 1328 1955 subter
1355 1928 1419 1955 me
1447 1919 1616 1955 scateat.
2047 1929 2246 1954 suoexsultat.

184 1972 239 2012 Ut
255 1971 505 2024 requiescam
521 1971 562 2011 in
577 1971 641 2012 die
656 1971 951 2013 tribulationis:
1021 1978 1066 2014 ut
1083 1973 1299 2014 ascendam
1316 1974 1366 2013 ad
1381 1973 1579 2027 populum
1595 1973 1822 2014 accinctum
1838 1978 2036 2014 nostrum.

131 2032 164 2055 ¹⁷
182 2030 300 2070 Ficus
329 2029 435 2070 enim
463 2043 545 2071 non
573 2029 751 2071 florebit:
833 2037 874 2071 et
902 2045 983 2073 non
1011 2032 1088 2072 erit
1113 2045 1277 2085 germen
1305 2032 1345 2072 in
1373 2032 1513 2072 vineis.

181 2088 404 2129 Mentietur
433 2101 533 2142 opus
565 2088 699 2129 olivae:
782 2095 822 2130 et
853 2102 953 2131 arva
980 2103 1061 2131 non
1093 2090 1264 2131 afferent
1293 2090 1441 2132 cibum.

181 2147 457 2188 Abscindetur
486 2147 534 2188 de
564 2147 659 2188 ovili
689 2161 830 2200 pecus:
914 2154 954 2189 et
983 2162 1065 2190 non
1095 2149 1169 2189 erit
1200 2154 1431 2190 armentum
1461 2149 1501 2189 in
1531 2148 1790 2202 praesepibus.

131 2208 165 2231 1⁸
182 2206 269 2260 Ego
299 2211 438 2247 autern
467 2205 508 2246 in
537 2206 714 2247 Domino
743 2207 949 2260 gaudebo:
1033 2213 1073 2249 et
1104 2207 1297 2249 exultabo
1327 2208 1367 2248 in
1397 2208 1484 2249 Deo
1516 2207 1607 2248 Iesu
1636 2220 1738 2249 meo.

131 2267 165 2290 ¹⁹
181 2264 292 2306 Deus
321 2264 522 2306 Dominus
552 2265 752 2307 fortitudo
781 2279 891 2306 mea:

182 2328 224 2365 et
251 2328 378 2378 ponet
406 2324 528 2377 pedes
558 2336 668 2365 meos
710 2325 824 2378 quasi
864 2337 1088 2367 cervorum.
1183 2325 1239 2366 Et
1278 2339 1399 2379 super
1437 2325 1594 2366 excelsa
1633 2338 1724 2365 mea
1762 2325 1937 2365 deducet
1976 2337 2040 2365 me

758 2429 890 2470 victor
917 2429 958 2469 in
988 2429 1153 2482 psalmis
1184 2435 1412 2471 canentem.
