2356 3760
136 1065 175 1089 De
196 1072 239 1090 ar-

134 1103 239 1128 mento,

107 1770 142 1797 de
166 1771 270 1802 pecori-

159 1808 220 1836 inus,

132 2189 167 2213 de
188 2196 247 2213 avi-

161 2225 220 2249 bus.

113 2713 150 2737 De
171 2711 273 2736 simila.

116 3071 151 3096 (le
173 3075 263 3099 0110141,

606 381 1039 468 LIBER
1101 383 1902 494 LEVITICUS‚

862 510 1274 564 HEBRAICE
1315 510 1641 564 VAICRA.

969 677 1188 732 PARS
1229 678 1531 732 PRIMA.

535 766 883 832 Praecepta
923 766 1004 819 de
1044 767 1181 820 Deo
1221 766 1522 831 colendo,
1561 767 1604 831 1,
1632 765 1832 830 1—10‚
1859 765 1965 818 20.

1205 858 1303 872 00000

800 905 842 955 I.
883 906 965 956 De
1007 906 1328 967 sacrifieiis,
1368 906 1594 968 1,1-—7,
1621 905 1707 957 38.

774 996 813 1035 1.
844 994 1077 1046 Praecepta
1106 995 1162 1035 de
1192 994 1490 1046 holocaustis,
1518 996 1557 1046 1,
1576 996 1720 1035 1---17.

397 1062 434 1104 1.
491 1064 503 1085 1
531 1060 703 1101 Vocavit
730 1068 867 1100 autem
894 1060 1074 1113 Moysen,
1103 1066 1143 1101 et
1168 1059 1327 1101 locutus
1354 1065 1415 1101 est
1440 1061 1474 1101 ei
1503 1061 1699 1102 Dominus
1726 1061 1775 1102 de
1802 1061 2064 1103 tabernaculo
2091 1063 2204 1103 testi-

296 1121 431 1164 monii.
455 1120 609 1161 dicens:
658 1121 673 1143 ²
694 1119 875 1172 Loquere
900 1118 990 1159 filiis
1014 1118 1147 1164 Israel,
1171 1124 1212 1160 et
1233 1119 1338 1160 dices
1361 1120 1412 1160 ad
1433 1133 1518 1161 eos:
1543 1120 1689 1165 Homo,
1714 1120 1782 1174 qui
1803 1119 1998 1161 obtulerit
2019 1134 2068 1162 ex
2088 1121 2203 1162 vobis

294 1180 471 1220 hostiam
496 1179 673 1220 Domino
700 1178 748 1219 de
775 1178 997 1231 pecoribus,
1026 1178 1066 1219 id
1092 1184 1163 1222 est,
1192 1178 1241 1219 de
1268 1179 1396 1219 bobus
1423 1183 1464 1219 et
1489 1179 1633 1220 ovibus
1659 1179 1829 1220 offerens
1855 1179 2055 1225 victimas,
2110 1183 2126 1205 3
2154 1181 2203 1220 asi

295 1238 579 1279 holocaustum
609 1237 732 1278 fuerit
762 1237 845 1278 eius
876 1236 1041 1283 oblatio,
1074 1251 1120 1278 ac
1150 1237 1199 1278 de
1230 1242 1434 1285 01·11101110;
1466 1237 1692 1278 masculum
1722 1238 2031 1279 immaculatum
2064 1239 2205 1280 offeret

297 1298 349 1338 ad
368 1298 516 1338 ostium
536 1296 788 1338 tabernaculi
806 1297 1042 1339 testimonii.
1063 1297 1115 1337 ad
1133 1296 1379 1349 placandum
1398 1297 1473 1337 sibi
1492 1297 1734 1338 Dominum:
1780 1300 1794 1322 1
1812 1302 2018 1351 ponetque
2036 1311 2204 1339 manum

297 1370 417 1410 ¹<uper
451 1361 576 1409 caput
611 1355 764 1400 hostiae,
802 1360 843 1396 et
878 1355 1137 1408 acceptabilis
1173 1356 1259 1401 erit,
1298 1360 1421 1409 atque
1456 1356 1497 1396 in
1532 1356 1807 1409 expiationem
1851 1356 1933 1397 eius
1977 1357 2203 1409 proficiens.

296 1418 310 1440 ⁵
330 1414 640 1469 immolabitque
660 1414 835 1455 vitulum
857 1427 992 1455 eoram
1011 1414 1200 1459 Domino,
1222 1420 1264 1455 et
1283 1415 1454 1455 offerent
1475 1414 1544 1455 filii
1564 1415 1700 1456 Aaron
1719 1416 1948 1456 sacerdotes
1968 1416 2204 1470 sanguinem

297 1475 393 1519 eius.
415 1475 632 1515 fundentes
654 1487 724 1527 per
744 1473 883 1514 altaris
904 1473 1131 1521 circuitum,
1156 1474 1265 1526 quod
1286 1479 1346 1514 est
1367 1479 1462 1514 ante
1483 1474 1632 1514 ostium
1654 1473 1916 1515 tabernaculi.
1969 1476 1984 1498 ‘³
2003 1475 2206 1516 detracta-

299 1548 376 1588 que
402 1533 503 1587 pelle
530 1533 684 1577 llostiae.
714 1538 825 1573 artus
853 1533 892 1573 in
918 1533 1048 1573 frusta
1077 1532 1302 1576 concident,
1361 1534 1374 1556 ⁷
1402 1538 1442 1573 et
1469 1533 1684 1574 subiicient
1710 1533 1749 1573 in
1777 1532 1895 1574 altari
1921 1534 2066 1587 ignem,
2096 1540 2205 1575 strue

296 1593 497 1647 lignorum
522 1598 616 1633 ante
640 1592 884 1645 composita:
939 1593 954 1615 ¹³
976 1596 1017 1632 et
1039 1591 1223 1632 membra
1247 1605 1336 1646 quae
1359 1597 1453 1632 sunt
1478 1605 1590 1641 caesa,
1616 1592 1788 1645 desuper
1810 1592 2056 1637 ordinantes,
2082 1600 2206 1646 caput

299 1652 497 1695 videlicet,
524 1657 563 1692 et
587 1655 733 1692 cuncta
759 1664 848 1704 quae
871 1651 1079 1692 adhaerent
1102 1650 1232 1699 iecori,
1287 1653 1302 1675 ⁹
1324 1651 1527 1691 intestinis
1551 1655 1591 1692 et
1612 1651 1784 1705 pedibus
1807 1651 1899 1692 lotis
1923 1665 2048 1706 aqua:
2073 1652 2206 1693 adole-

297 1712 436 1765 bitque
465 1724 510 1751 ea
538 1711 722 1751 sacerdos
750 1723 870 1763 super
897 1710 1023 1750 altare
1051 1710 1091 1750 in
1119 1709 1403 1750 holocaustum
1431 1715 1471 1750 et
1498 1723 1665 1751 suavem
1693 1711 1858 1751 odorem
1884 1711 2074 1752 Domino.

402 1773 436 1794 ¹⁰
467 1770 585 1818 Quod
617 1770 646 1810 si
680 1770 728 1809 de
760 1769 970 1822 pecoribus
1003 1769 1155 1809 oblatio
1188 1774 1260 1814 031,
1295 1769 1342 1809 (10
1375 1769 1519 1809 ovibus
1551 1769 1634 1810 sive
1666 1770 1715 1810 de
1746 1769 1876 1823 capris
1907 1769 2203 1812 holocaustum.

298 1829 521 1871 masculum
549 1829 701 1882 absque
728 1828 884 1868 macula
911 1828 1072 1869 offeret:
1127 1830 1157 1852 ¹¹
1183 1827 1494 1881 immolabitque
1520 1828 1571 1869 ad
1596 1828 1703 1869 latus
1730 1828 1880 1874 altaris,
1910 1829 2019 1882 quod
2043 1829 2206 1883 respicit

297 1889 347 1930 ad
381 1888 637 1942 Aquilonem,
674 1900 809 1928 coram
843 1887 1038 1927 Domino:
1075 1887 1312 1940 sanguinem
1346 1900 1440 1927 vero
1475 1887 1579 1928 illius
1613 1887 1786 1928 fundent
1821 1901 1941 1941 super
1974 1887 2100 1929 altare
2137 1887 2204 1928 filii

297 1949 432 1989 Aaron
466 1960 536 2001 per
569 1947 801 1987 circuitum:
864 1948 895 1970 ¹2
929 1946 1195 1999 dividentque
1229 1946 1423 1991 membra,
1460 1951 1595 2000 caput,
1632 1952 1671 1987 et
1706 1947 1841 1987 omnia
1876 1960 1965 2000 quae
1998 1947 2206 1988 adhaerent

297 2007 433 2048 iecori:
465 2012 504 2047 et
533 2011 686 2059 ponent
716 2018 836 2058 super
863 2005 982 2058 ligna,
1015 2005 1162 2058 quibus
1191 2005 1463 2046 subiiciendus
1493 2010 1554 2046 est
1581 2006 1701 2059 ignis:
1760 2008 1791 2030 ¹3
1820 2006 2014 2047 intestina
2041 2019 2136 2047 vero
2166 2012 2206 2047 et

298 2067 418 2120 pedes
436 2065 637 2106 lavabunt
657 2077 774 2118 aqua.
796 2064 850 2104 Et
869 2064 1008 2104 oblata
1025 2064 1161 2104 onmia
1180 2063 1360 2104 adolebit
1377 2064 1561 2105 sacerdos
1580 2077 1700 2118 super
1718 2064 1844 2105 altare
1864 2065 1903 2105 in
1921 2064 2205 2106 holocaustum

297 2132 336 2166 et
367 2126 530 2166 odorem
562 2123 850 2165 suavissimum
880 2123 1077 2163 Domino.-

402 2187 432 2209 11
462 2184 502 2225 Si
533 2188 670 2223 autem
702 2183 750 2223 de
782 2182 936 2226 avibus.
970 2182 1195 2223 holocausti
1226 2181 1378 2223 oblatio
1408 2182 1531 2222 fuerit
1560 2182 1749 2228 Domino,
1782 2183 1831 2223 de
1862 2183 2101 2231 turturibus,
2134 2188 2207 2224 aut

296 2243 414 2297 pullis
446 2243 654 2284 columban
715 2243 745 2266 ¹⁵
777 2242 918 2282 offeret
948 2254 1038 2282 eam
1068 2241 1252 2282 sacerdos
1285 2241 1336 2281 ad
1367 2240 1511 2282 altare:
1545 2246 1584 2282 et
1614 2247 1767 2282 retorto
1799 2242 1851 2282 ad
1881 2241 2028 2282 001111111
2059 2242 2203 2296 capite.

297 2317 341 2343 ae
361 2308 483 2356 rupto
503 2301 680 2342 vulneris
699 2301 798 2345 loco.
820 2301 1028 2341 decurrere
1047 2299 1169 2341 faciet
1188 2300 1425 2353 sanguinem
1445 2314 1564 2353 super
1582 2301 1829 2354 crepidinem
1848 2300 2005 2341 altaris:
2052 2303 2087 2325 ¹⁶
2105 2302 2206 2342 vesi-

297 2362 428 2402 culam
461 2374 555 2402 vero
587 2360 776 2414 gutturis.
812 2365 851 2400 et
884 2359 1042 2413 plumas
1074 2359 1258 2412 proiiciet
1289 2372 1413 2413 prope
1447 2359 1573 2400 altare
1605 2360 1657 2400 ad
1689 2359 1926 2401 orientalem
1957 2360 2132 2414 plagam,
2166 2361 2205 2401 in

298 2421 381 2461 1000
410 2421 450 2461 111
480 2433 559 2474 quo
588 2420 737 2460 cineres
767 2419 918 2459 effundi
947 2418 1088 2462 solent.
1146 2420 1179 2442 ¹⁷
1208 2418 1515 2472 confringetque
1543 2418 1707 2459 ascellas
1735 2419 1830 2463 01113,
1861 2424 1902 2459 01
1929 2432 2011 2460 non
2038 2419 2203 2461 secabit.

298 2494 425 2534 neque
444 2480 547 2520 ferro
567 2479 722 2519 dividet
742 2491 843 2521 00111,
864 2483 905 2519 01
923 2477 1103 2518 adolebit
1121 2491 1241 2530 super
1259 2477 1397 2521 011010,
1418 2477 1534 2531 lignis
1553 2478 1643 2531 igne
1662 2478 1885 2532 supposito.
1909 2478 2205 2519 Holocaustum

298 2546 357 2579 031
388 2546 426 2579 01
458 2537 610 2579 oblatio
641 2537 870 2577 suavissimi
901 2537 1032 2578 odoris
1062 2537 1251 2577 Domino.

855 2643 893 2681 2.
923 2641 1156 2694 Praecepta
1186 2642 1241 2682 de
1272 2641 1414 2692 fertis,
1443 2641 1646 2692 2,1—16.

402 2709 438 2751 2.
496 2711 506 2732 ¹
526 2708 673 2749 Anima
693 2721 785 2748 cum
804 2707 997 2748 obtulerit
1016 2707 1263 2748 oblationem
1283 2707 1468 2748 sacrificii
1485 2707 1674 2751 Domino.
1695 2706 1825 2747 simila
1844 2707 1918 2748 erit
1936 2707 2019 2747 01113
2038 2707 2202 2748 oblatio.

298 2768 521 2821 fundetque
541 2780 660 2820 super
678 2780 767 2808 eam
787 2766 931 2813 oleum,
953 2771 993 2807 et
1012 2772 1135 2820 ponet
1155 2767 1261 2809 thus.
1310 2768 1323 2790 2
1343 2780 1388 2807 ac
1408 2766 1561 2807 deferet
1588 2766 1640 2806 ad
1673 2765 1773 2807 filios
1792 2766 1929 2807 Aaron
1955 2766 2202 2807 sacerdotes:

298 2840 467 2879 quorum
497 2840 599 2866 unus
627 2826 742 2867 tollet
769 2825 966 2879 pugillum
994 2825 1158 2878 plenum
1185 2824 1325 2866 similae
1352 2830 1393 2866 et
1419 2824 1505 2871 olei,
1535 2838 1580 2865 ac
1608 2830 1743 2866 totum
1770 2825 1876 2868 thus.
1906 2830 1946 2866 et
1974 2830 2097 2878 ponet
2124 2838 2204 2865 me-

298 2885 460 2925 moriale
491 2898 610 2938 super
639 2885 765 2926 altare
796 2886 834 2925 in
867 2885 1030 2925 odorem
1062 2884 1348 2925 suavissimum
1378 2884 1567 2925 Domino.
1625 2886 1641 2908 ³
1674 2884 1804 2937 bquod
1835 2888 1973 2924 autem
2003 2883 2203 2937 reliquum

296 2944 417 2984 fuerit
440 2944 488 2984 de
511 2944 718 2986 sacrificio,
744 2944 818 2985 erit
841 2944 976 2984 Aaron
1000 2948 1039 2983 et
1066 2943 1237 2984 filiorum
1261 2944 1355 2985 eius.
1380 2944 1576 2984 Sanctum
1599 2949 1833 2983 sanctorum
1857 2943 1905 2983 de
1927 2942 2202 2984 oblationibus

301 3003 474 3043 Domini.

401 3065 415 3086 1
439 3064 537 3102 (sum
565 3067 702 3101 01110111
728 3062 919 3102 obtuleris
944 3061 1186 3102 sacrificium
1212 3067 1372 3101 coctum
1399 3062 1434 3101 in
1462 3061 1638 3101 elibano:
1665 3061 1713 3102 de
1737 3061 1878 3106 simila,
1908 3074 2029 3114 panes
2053 3060 2198 3101 scilicet

298 3122 450 3174 absque
472 3122 682 3164 fermento,
707 3134 939 3173 conspersos
961 3120 1058 3167 oleo,
1083 3127 1123 3161 et
1144 3120 1285 3173 lagana
1311 3134 1454 3174 azyma
1476 3120 1561 3160 oleo
1584 3120 1666 3161 lita.
1716 3122 1731 3143 5
1752 3119 1791 3160 Si
1814 3119 1966 3160 oblatio
1989 3124 2058 3160 tua
2081 3119 2201 3160 fuerit

298 3180 346 3219 de
369 3180 582 3228 3011001110,
607 3179 746 3219 simila
769 3193 991 3232 conspersa}
1014 3179 1098 3219 oleo
1122 3184 1161 3219 et
1185 3180 1336 3232 absque
1359 3180 1570 3222 fermento,
1624 3180 1639 3201 ‘⁵
1661 3178 1816 3219 divides
1839 3191 1927 3219 eam
1951 3178 2199 3220 minutatim.

297 3245 336 3279 et
370 3239 512 3279 fundes
546 3251 664 3291 super
696 3252 783 3277 00111
817 3238 959 3279 oleum.
1024 3240 1036 3261 ⁷
1069 3238 1139 3279 Sin
1172 3243 1309 3278 autem
1342 3238 1390 3278 (10
1422 3237 1612 3278 craticula
1648 3237 1768 3278 fuerit
1801 3237 2054 3283 sacrificium,
2089 3251 2202 3291 aeque

297 3297 426 3337 simila
461 3297 545 3338 oleo
580 3304 883 3349 eo11sperssetur:
948 3300 962 3319 ⁸
996 3311 1116 3350 quam
1153 3297 1321 3337 offerens
1356 3296 1542 3339 Domino.
1582 3297 1714 3336 trades
1749 3296 1934 3337 manibus
1968 3296 2198 3336 sacerdotis.

430 3404 459 3444 1,
535 3402 602 3435 anx
627 3403 679 3442 29,
706 3404 755 3435 1⁴).
783 3422 823 3425 m
848 3402 879 3443 2,
949 3402 1020 3435 *sir
1045 3403 1073 3438 ῑ,
1099 3403 1149 3435 34.
