2356 3760
532 458 994 544 LIBER
1077 457 2055 549 PSALMORUM.

875 683 1295 736 PROOEMIUM
1338 684 1701 736 PSALTERH.

757 773 798 813 1.
828 772 989 813 Sortes
1019 772 1252 813 hominum
1283 772 1463 824 piorum
1497 772 1541 813 et
1569 773 1826 825 impiorum.

1132 850 1379 891 PSALMUS
1412 850 1441 892 Ι.

165 919 289 986 Ρίξξιζῗη.
336 921 344 944 ¹
372 920 525 960 Beatus
555 919 627 965 vir.
661 920 728 973 qui
759 934 839 960 non
871 920 972 960 abiit
1000 920 1041 960 in
1071 920 1235 962 consilio
1266 920 1496 973 impiorum,

370 985 409 1019 et
438 979 477 1019 in
506 978 574 1020 via
600 984 861 1032 peccatorum
891 992 971 1019 non
999 979 1127 1023 stetit.
1210 984 1252 1020 et
1278 979 1319 1020 in
1347 980 1544 1020 cathedra
1571 979 1813 1033 pestilentia>
1840 993 1921 1021 non
1949 980 2072 1021 sedit:

332 1040 346 1061 ‘²
375 1038 472 1079 aSed
502 1038 541 1079 in
570 1038 654 1091 lege
684 1038 849 1078 Domini
878 1037 1071 1078 voluntas
1097 1038 1193 1084 eius,
1279 1044 1319 1079 et
1348 1038 1389 1079 in
1417 1038 1503 1092 lege
1532 1038 1616 1079 eius
1644 1038 1914 1079 meditabitur
1941 1039 2004 1079 die
2034 1052 2080 1080 ac
2108 1047 2239 1080 nocte.

332 1099 347 1121 3
375 1097 451 1138 bEt
480 1097 554 1137 erit
586 1103 801 1150 tamquam
831 1096 998 1150 lignum,
1033 1098 1141 1151 quod
1173 1097 1410 1151 plantatum
1440 1103 1502 1138 est
1532 1111 1645 1138 secus
1677 1098 1868 1138 decursus
1900 1110 2112 1151 aquarum,

370 1156 479 1209 quod
508 1156 687 1196 fructum
718 1169 837 1197 suum
867 1156 983 1197 dabit
1012 1156 1052 1197 in
1082 1162 1265 1210 tempore
1294 1170 1386 1197 suo:
1470 1157 1526 1197 Et.
1553 1156 1696 1198 folium
1726 1157 1810 1197 eius
1839 1170 1920 1198 non
1949 1157 2122 1198 defluet:

369 1221 411 1255 et
439 1215 574 1256 onmia
607 1228 873 1269 quaecumque
903 1215 1037 1260 faciet.
1069 1216 1431 1269 prosperabuntur.

144 1308 310 1339 ¹¹¹¹P¹0¹²¹¹¹¹
334 1311 348 1333 ⁴¹
374 1309 464 1349 Non
485 1308 540 1349 sic
561 1308 686 1361 impii,
710 1322 789 1349 non
811 1309 884 1349 sic:
960 1309 1030 1350 sed
1055 1314 1268 1363 tamquam
1289 1310 1435 1364 pulvis,
1456 1323 1576 1363 quem
1597 1310 1758 1363 proiicit
1776 1316 1924 1350 ventus
1946 1323 1970 1350 a
1989 1310 2090 1351 facie
2111 1316 2238 1352 terrae.

332 1370 347 1392 ⁵
373 1368 467 1408 Ideo
500 1380 581 1408 non
612 1373 822 1421 resurgent
859 1368 973 1422 impii
1004 1368 1044 1409 in
1076 1369 1242 1410 iudicio:
1329 1382 1460 1423 neque
1491 1374 1724 1423 peccatores
1756 1369 1796 1409 in
1826 1368 1993 1410 concilio
2025 1369 2238 1410 iustorum.

334 1428 350 1451 ⁶
371 1427 573 1476 Quoniam
601 1427 716 1468 novit
749 1427 945 1468 Dominus
975 1428 1083 1468 viam
1113 1428 1332 1469 iustorum:
1416 1432 1455 1469 et
1485 1428 1561 1469 iter
1588 1428 1806 1482 impiorum
1834 1427 1995 1481 peribit.

1015 1542 1236 1597 PARS
1276 1542 1560 1598 PRIOR.

595 1631 1040 1686 Collectiones
1078 1632 1504 1685 Psalmorum
1544 1633 1979 1699 antiquiorem,

928 1700 1130 1754 2—88
1170 1701 1365 1766 (hebr
1403 1700 1651 1767 2—89).

521 1847 564 1900 Ι.
601 1847 823 1899 Psalmi
860 1848 1075 1899 Davidi
1115 1848 1376 1914 ascripti,
1415 1848 1600 1900 2—40
1638 1848 1802 1909 (hebr
1839 1848 2049 1909 2—41).

941 1941 980 1980 2.
1010 1939 1208 1980 Victoria
1238 1938 1409 1982 Christi
1440 1940 1633 1982 Domini.

1116 2011 1365 2053 PSALMUS
1397 2012 1450 2054 ΙΙ.

145 2082 304 2143 Gessssfssff
354 2086 363 2106 ¹
389 2087 522 2130 Quare
560 2083 831 2122 ctremuerunt
861 2082 1024 2131 Gentes,
1110 2088 1152 2123 et
1181 2082 1321 2136 populi
1352 2083 1541 2124 meditati
1572 2087 1669 2123 sunt
1699 2081 1861 2122 inania?

125 2157 205 2177 mmo
217 2126 314 2179 *mtu-
351 2145 365 2165 ”-’
391 2141 623 2181 Astiterunt
641 2154 752 2194 reges
772 2146 899 2188 terrae,
959 2147 999 2182 et
1018 2141 1219 2195 principes
1239 2148 1519 2183 convenerunt
1541 2142 1582 2182 in
1604 2155 1731 2182 unum
1788 2141 1982 2182 adversus
2000 2139 2237 2188 Dominum,

179 2189 271 2214 ¹³⁵¹¹‘'‘'⁵
594 2205 633 2240 et
665 2200 858 2240 adversus
888 2200 1094 2241 Christum
1125 2201 1220 2242 eius.

350 2263 366 2284 3
389 2260 682 2313 Dirumpamus
710 2259 873 2300 vincula
900 2272 1057 2301 eorum:
1139 2265 1179 2300 et
1207 2260 1465 2313 proiiciamus
1494 2273 1518 2301 a
1544 2259 1660 2301 nobis
1687 2259 1826 2313 iugum
1854 2259 2046 2312 ipsorum.

142 2353 305 2413 ¹sffliffi¹gt¹gss
349 2357 364 2378 4
388 2353 466 2402 Qui
494 2352 657 2393 habitat
684 2352 725 2392 in
754 2352 857 2393 caelis
885 2353 1070 2394 irridebit
1097 2367 1182 2394 eos:
1265 2358 1306 2394 et
1333 2353 1534 2395 Dominus
1563 2352 1833 2394 subsannabit
1862 2365 1940 2393 eos.

389 2413 502 2453 Tunc
529 2412 721 2465 loquetur
748 2411 800 2452 ad
828 2425 894 2453 eos
924 2412 965 2453 in
993 2412 1054 2453 ira
1080 2425 1164 2458 sua.
1249 2418 1289 2454 et
1319 2413 1359 2453 in
1387 2413 1522 2454 furore
1553 2426 1625 2453 suo
1654 2411 1921 2453 conturbabit
1948 2424 2026 2452 eos.

349 2475 364 2496 ὃ
388 2472 473 2525 Ego
496 2476 633 2512 autem
655 2470 904 2512 constitutus
925 2484 1014 2512 sum
1035 2484 1106 2512 rex
1126 2472 1178 2512 ab
1199 2485 1244 2513 eo
1306 2485 1427 2526 super
1445 2471 1543 2513 Sion
1563 2477 1747 2513 montem
1767 2475 1955 2512 sanctum
1977 2470 2073 2519 eius,
2141 2482 2236 2523 prae-

593 2530 731 2571 dicans
760 2535 1009 2584 praeceptum
1040 2531 1136 2572 eius.

125 2630 311 2689 diffissffiii
350 2626 362 2647 ⁷
388 2624 587 2666 Dominus
615 2624 720 2664 dixit
747 2624 799 2664 ad
826 2637 908 2665 me:
940 2624 1086 2666 dFilius
1114 2638 1227 2666 meus
1255 2638 1295 2666 es
1323 2630 1381 2673 tu,
1464 2638 1536 2679 ego
1564 2624 1685 2666 hodie
1710 2623 1831 2678 genui
1858 2628 1910 2664 te.

125 2683 309 2731 affigatur,
350 2689 364 2705 ‘⁸
389 2683 557 2725 Postula
586 2697 609 2723 a
636 2696 712 2731 me,
739 2688 779 2723 et
808 2683 913 2725 dabo
945 2683 1019 2724 tibi
1043 2684 1194 2725 Gentes
1223 2684 1494 2725 hereditatem
1523 2689 1652 2733 tuam,
1730 2688 1770 2724 et
1799 2682 2092 2736 possessionem
2121 2687 2234 2723 tuam

592 2742 785 2783 terminos
816 2748 943 2784 terrae.

350 2804 366 2825 ⁹
396 2802 543 2854 elzeges
572 2815 638 2843 eos
666 2801 706 2841 in
736 2801 850 2854 virga
876 2802 1017 2846 ferrea.
1102 2808 1143 2844 et
1171 2807 1387 2857 tamquam
1415 2815 1488 2843 vas
1517 2801 1628 2856 figuli
1656 2801 1882 2854 confringes
1911 2813 1990 2842 eos

146 2898 199 2957 ¹³{22}
213 2905 307 2957 3123·
336 2898 368 2919 '⁰
391 2896 444 2936 Et
473 2909 581 2936 nun(-
610 2909 721 2948 reges
750 2895 980 2945 intelligite:
1065 2896 1279 2937 erudimini
1309 2896 1378 2950 qui
1407 2895 1596 2937 iudicatis
1626 2901 1786 2936 terram.

150 2952 308 2993 sumaim.
333 2956 358 2978 ¹¹
390 2955 546 2995 Servite
576 2955 752 2996 Domino
784 2955 825 2995 in
854 2955 1019 2996 timore:
1104 2960 1142 2996 et
1175 2955 1358 2996 exultate
1389 2955 1424 2996 ei
1454 2968 1547 2996 cum
1577 2959 1763 2995 tremore.

329 3015 359 3038 ¹²
386 3014 690 3067 Apprehendite
709 3013 963 3067 disciplinam
982 3015 1199 3068 nequando
1218 3015 1417 3055 irascatur
1434 3014 1647 3061 Dominus,
1713 3018 1753 3054 et
1771 3012 1945 3066 pereatis
1963 3012 2013 3053 de
2030 3012 2099 3053 via
2115 3011 2234 3053 iusta.

328 3075 360 3097 ¹³
386 3072 485 3112 (fum
514 3073 709 3114 exarserit
734 3073 774 3113 in
801 3073 913 3113 brevi
940 3073 999 3113 ira
1024 3073 1119 3117 eius,
1201 3074 1310 3115 beati
1337 3087 1487 3118 omnes,
1518 3073 1586 3126 qui
1613 3072 1826 3114 confidunt
1850 3071 1892 3112 in
1917 3084 1976 3113 eo.

910 3178 948 3217 3.
980 3177 1141 3217 Preces
1172 3176 1406 3217 matutinae
1436 3176 1669 3217 tribulati.v

433 3251 445 3273 ¹
471 3249 655 3289 l'sahnus
680 3250 827 3294 David,
855 3249 956 3289 t'um
981 3250 1138 3300 fugeret
1163 3262 1184 3289 a
1210 3249 1311 3290 facie
1336 3249 1531 3289 Absaloin
1556 3249 1625 3289 filii
1650 3248 1723 3290 sui.
1777 3247 1818 3300 (2
1842 3248 1931 3301 Req.
1957 3246 2021 3295 15,
2048 3247 2129 3295 14.)
2158 3247 2233 3288 III.

161 3344 289 3368 ¹¹¹¹¹¹¹¹‘'¹⁵
351 3346 365 3366 ‘-’
390 3343 562 3382 homine
582 3342 677 3395 quid
700 3342 959 3395 multiplicati
980 3348 1073 3384 sunt
1095 3343 1163 3396 qui
1185 3343 1385 3384 tribulant
1404 3343 1492 3384 me?
1551 3342 1669 3383 multi
1690 3342 1904 3395 insurgunt
1921 3341 2137 3382 adversum
2157 3353 2233 3382 me.

121 3380 317 3404 circumdatus

351 3404 366 3424 ³
390 3400 506 3441 Multi
538 3402 681 3442 dicunt
712 3401 856 3441 anima*
887 3416 1002 3443 meze:
1092 3402 1180 3443 Non
1212 3408 1267 3443 est
1302 3402 1410 3442 salus
1441 3402 1516 3455 ipsi
1546 3402 1586 3442 in
1618 3402 1704 3442 Deo
1735 3401 1831 3441 eius.

463 3494 491 3534 ι,
508 3474 543 3525 ’ξε
562 3474 641 3526 1210>
670 3496 697 3528 1.
723 3497 752 3526 3
847 3496 866 3524 .·;
892 3495 945 3527 bn·
971 3495 1021 3533 Π,
1047 3497 1076 3528 s.
1105 3515 1144 3518 ψ
1170 3495 1201 3536 2,
1230 3495 1245 3527 1
1275 3495 1358 3528 citet
1382 3495 1412 3535 4,
1438 3495 1490 3528 20
1518 3515 1558 3518 ψ
1584 3494 1709 3527 7‹1A‹·t
1730 3493 1782 3533 13,
1802 3492 1859 3532 33
1883 3492 1958 3526 Hm-
1978 3495 2008 3533 1,
2028 3493 2064 3534 5η
2085 3492 2117 3533 5,
2137 3492 2166 3526 5.
2195 3512 2235 3516 —

324 3542 346 3574 9
370 3542 459 3585 ⁰.ch
480 3542 510 3581 2,
532 3541 589 3576 27:
613 3542 665 3580 19,
688 3541 737 3573 123.
