2356 3760
114 896 302 922 Sacerdotum

131 932 302 963 partitiones

113 1662 201 1692 atque
216 1662 305 1689 vices:

129 2196 298 2236 levitarum

136 2238 290 2263 principes.

145 2967 286 2992 Numerus

323 152 399 194 362
1172 149 1318 183 LIBER
1344 149 1371 183 I.
1970 152 2023 194 23,
2049 153 2190 195 29—25‚
2215 155 2235 187 4

323 250 365 287 et
393 246 434 285 in
463 244 632 288 exedris,
665 249 705 285 et
736 243 776 285 in
805 243 891 285 loco
922 242 1227 296 purificationis,
1260 248 1301 284 et
1329 244 1370 284 in
1400 244 1644 293 sanctuario,
1677 248 1718 286 et
1746 244 1787 285 in
1817 245 2014 288 universis
2044 247 2233 300 operibus

323 304 535 345 ministerii
573 303 716 356 templi
753 301 930 344 Domini.
997 303 1032 326 ²⁹
1068 302 1306 343 Sacerdotes
1345 308 1495 353 autem,
1535 316 1656 356 super
1691 316 1816 357 panes
1853 305 2152 358 propositionis,
2192 311 2233 347 et

323 363 375 404 ad
407 363 547 404 similae
577 362 830 406 sacrificium,
865 366 905 401 et
937 360 987 401 ad
1019 360 1167 413 lagana
1197 374 1354 414 azyma,
1388 367 1428 403 et
1459 363 1718 415 sartaginem,
1753 368 1794 404 et
1825 363 1877 404 ad
1907 365 2158 411 torrendum,
2192 370 2233 405 et

323 435 444 475 super
460 435 578 463 omne
596 421 755 474 pondus
773 425 898 473 atque
916 432 1160 461 mensuram.
1207 421 1243 445 ³⁰
1259 420 1413 462 Levitae
1430 434 1524 462 vero
1544 427 1590 462 ut
1606 426 1716 463 stent
1734 435 1853 463 mane
1870 422 1923 463 ad
1939 422 2230 472 confitendum,

323 487 364 522 et
383 481 610 522 canendum
630 479 827 521 Domino:
848 478 1113 532 similiterque
1132 479 1183 520 ad
1203 492 1413 533 vesperam
1459 482 1490 504 3¹
1510 486 1595 521 tam
1617 480 1656 520 in
1676 480 1882 522 oblatione
1901 481 2231 522 holocaustorum

323 540 500 585 Domini,
530 551 652 592 quain
680 538 719 579 in
747 537 930 579 sabbatis
957 543 998 578 et
1023 537 1209 579 Calendis
1236 544 1276 580 et
1302 539 1646 580 sollemnitatibus
1672 539 1835 593 reliquis
1861 541 1978 581 iuxta
2003 553 2230 587 numerum,

323 604 363 639 et
391 598 638 639 ceremonias
667 597 984 650 uniuscuiusque
1012 597 1079 645 rei,
1109 597 1256 651 iugiter
1283 610 1418 638 eoram
1449 598 1636 640 Domino.
1692 600 1725 623 32
1752 598 1808 639 Et
1836 599 2072 641 custodiant
2099 599 2232 641 obser-

324 657 508 698 vationes
532 656 785 697 tabernaculi
809 656 983 698 foederis,
1010 661 1051 697 et
1074 657 1197 697 ritum
1222 656 1455 703 sanctuarii,
1482 663 1522 698 et
1546 658 1873 699 observationem
1898 658 2071 699 filiorum
2095 658 2232 699 Aaron

322 716 496 756 fratrum
527 729 705 758 suorum,
738 720 784 756 ut
812 715 1046 756 ministrent
1074 716 1114 756 in
1145 716 1266 756 domo
1296 715 1474 757 Domini.

571 822 609 861 3.
641 820 942 862 Sacerdotum
973 821 1096 860 vices
1127 821 1170 860 et
1201 820 1459 862 Levitarum
1488 821 1734 873 principes,
1763 823 1829 873 24,
1848 823 1993 863 1—31.

425 891 490 934 24.
548 894 559 915 ¹
587 892 712 933 Porro
742 891 830 933 filiis
859 892 995 932 Aaron
1025 891 1086 931 hae
1113 891 1355 944 partitiones
1383 899 1517 933 erant:
1548 891 1638 932 Filii
1665 891 1821 933 Aaron:
1852 893 2011 938 Nadab.
2042 899 2083 935 et
2109 894 2230 939 Abiu,

321 960 361 991 et
386 950 566 995 Eleazar,
593 956 632 992 et
660 951 854 992 ithamar.
908 953 922 974 '-'
951 950 1120 991 aMortui
1144 955 1241 991 sunt
1265 957 1403 992 autem
1428 950 1587 997 Nadab,
1615 956 1655 991 et
1678 951 1786 992 Abiu
1810 957 1906 992 ante
1929 958 2089 1006 patrem
2113 966 2232 994 suum

321 1010 474 1063 absque
506 1010 657 1051 liberis:
691 1010 999 1063 sacerdotioque
1030 1009 1196 1050 functus
1228 1015 1288 1050 est
1319 1010 1500 1059 Eleazar,
1534 1014 1575 1051 et
1607 1010 1804 1052 Ithamar.
1863 1012 1879 1035 3
1909 1011 1965 1052 Et
1995 1012 2134 1053 divisit
2166 1025 2232 1054 eos

321 1069 469 1114 David,
501 1069 541 1109 id
571 1076 631 1109 est
661 1069 792 1110 Sadoc
821 1069 870 1109 de
900 1068 989 1108 filiis
1019 1068 1214 1113 Eleazari,
1246 1074 1287 1109 et
1315 1069 1551 1110 Ahimelech
1581 1069 1630 1110 de
1659 1068 1749 1110 filiis
1780 1069 1977 1119 Ithamar,
2008 1072 2233 1112 secundum

322 1128 427 1169 vices
457 1141 550 1168 suas
580 1134 620 1168 et
649 1127 931 1168 ministerium.
990 1130 1005 1151 1
1035 1127 1281 1181 Inventique
1310 1133 1407 1170 sunt
1434 1128 1566 1170 multo
1595 1128 1730 1182 plures
1759 1128 1828 1170 filii
1857 1128 2028 1170 Eleazar
2055 1130 2097 1170 in
2124 1131 2234 1184 prin—

321 1187 477 1239 cipibus
503 1187 609 1228 viris.
638 1200 761 1240 quam
787 1187 856 1227 filii
882 1186 1078 1228 Ithamar.
1105 1187 1258 1228 Divisit
1282 1192 1421 1228 autem
1445 1188 1512 1233 eis,
1539 1187 1615 1229 hoc
1639 1193 1700 1229 est
1724 1187 1815 1228 filiis
1838 1187 2009 1229 Eleazar
2031 1189 2232 1243 principes

320 1259 391 1299 per
417 1245 592 1287 familias
620 1247 813 1287 sedecim:
843 1252 883 1287 et
912 1245 1000 1286 filiis
1031 1245 1217 1287 Ithamar
1243 1259 1315 1300 per
1340 1246 1516 1287 familias
1544 1252 1585 1288 et
1612 1247 1754 1288 domos
1783 1260 1876 1288 suas
1904 1253 2007 1289 octo.
2065 1250 2080 1273 5
2106 1248 2232 1290 Porro

321 1305 460 1346 divisit
484 1310 677 1359 utrasque
700 1306 806 1347 inter
828 1319 868 1346 se
890 1305 1065 1346 familias
1088 1305 1284 1347 sortibus:
1309 1310 1427 1347 erant
1449 1306 1556 1347 enim
1578 1306 1779 1359 principes
1803 1307 2036 1355 sanctuarii,
2062 1312 2103 1348 et
2124 1307 2232 1360 prin-

321 1365 428 1417 cipes
446 1364 534 1409 Dei.
556 1370 641 1405 tam
663 1365 711 1406 de
729 1364 820 1405 filiis
839 1364 1020 1409 Eleazar,
1042 1377 1166 1418 quam
1185 1365 1234 1405 de
1254 1364 1343 1406 filiis
1364 1365 1560 1406 Ithamar.
1612 1366 1627 1389 ⁶
1644 1365 1951 1419 Descripsitque
1970 1379 2037 1407 eos
2054 1365 2234 1407 Semeias

321 1423 424 1464 filius
454 1423 686 1464 Nathanael
713 1424 845 1464 scriba
871 1423 1045 1473 Levites,
1076 1436 1211 1464 coram
1238 1437 1329 1477 rege
1357 1429 1398 1465 et
1424 1424 1686 1478 principibus,
1716 1430 1757 1465 et
1783 1424 1915 1466 Sadoc
1941 1425 2162 1473 sacerdote,
2191 1430 2233 1466 et

319 1482 555 1524 Ahirnelech
583 1482 662 1524 filio
690 1483 903 1529 Abiathar,
932 1483 1183 1536 principibus
1210 1496 1373 1537 quoque
1399 1483 1647 1524 familiarum
1673 1483 1987 1525 sacerdotalium
2015 1489 2056 1525 et
2081 1484 2233 1525 Leviti-

319 1555 477 1583 carum:
515 1556 638 1583 unam
675 1542 855 1588 domuin,
894 1554 983 1595 quae
1018 1542 1160 1582 ceteris
1194 1548 1379 1595 praeerat.
1417 1542 1604 1583 Eleazar:
1642 1548 1683 1584 et
1717 1542 1888 1584 alteram
1923 1543 2105 1593 domum,
2143 1556 2233 1597 quae

318 1601 394 1642 sub
424 1615 465 1643 se
494 1602 675 1642 habebat
705 1606 870 1649 ceteros,
905 1600 1100 1642 Ithamar.

429 1663 442 1684 ⁷
475 1661 618 1701 Exivit
649 1666 788 1702 autem
821 1673 906 1702 sors
937 1660 1070 1713 prima
1101 1659 1262 1706 Ioiarib,
1297 1661 1476 1701 secunda
1508 1660 1628 1709 Iedei,
1692 1662 1707 1685 Β
1738 1661 1861 1702 tertia
1893 1661 2049 1711 Harim‚
2085 1666 2234 1716 quarta

318 1720 486 1764 Seoriin.
538 1722 553 1744 ⁹
574 1720 721 1773 quinta
738 1719 923 1764 Melchia,
946 1724 1064 1760 sexta
1082 1719 1275 1765 Maiman,
1326 1720 1362 1744 ¹⁰
1380 1719 1556 1773 septima
1574 1719 1715 1769 Accos,
1738 1725 1888 1761 octava
1906 1720 2023 1770 Abia,
2074 1723 2104 1745 11
2124 1733 2234 1762 nona

320 1779 450 1824 Iesua,
481 1780 639 1820 decima
665 1779 872 1825 Sechenia,
930 1780 960 1803 ¹2
988 1778 1205 1819 undecima
1230 1778 1397 1827 Eliasib,
1427 1779 1670 1820 duodecima
1697 1778 1836 1827 Iacim,
1892 1781 1924 1804 ¹³
1949 1779 2234 1821 tertiadecima

320 1838 511 1892 Hoppha,
554 1839 864 1892 decimaquarta
906 1838 1066 1887 isbaab,
1136 1839 1167 1862 ¹⁴
1208 1838 1516 1892 decimaquinta
1555 1837 1691 1892 Belga,
1734 1838 2013 1879 deeimasexta
2051 1838 2230 1888 Emmer,

320 1900 350 1922 ¹⁵
377 1898 714 1951 decimaseptima
742 1898 874 1943 Hezir,
905 1897 1216 1938 decimaoctava
1241 1897 1411 1950 Aphses,
1468 1899 1503 1921 ¹⁶
1530 1897 1800 1938 decimanona.
1826 1896 2007 1946 Pheteia.‚
2038 1897 2234 1952 vigesima

321 1957 545 2001 Hezechiel,
606 1959 639 1981 ¹⁷
672 1957 1002 2011 vigesimaprima
1033 1956 1186 2005 lachin,
1219 1956 1597 2010 vigesimasecunda
1626 1955 1787 2005 Gamul,
1847 1957 1882 1980 ¹⁸
1912 1956 2234 2010 vigesimatertia

318 2016 504 2066 Dalaiau,
530 2017 877 2071 vigesimaquarta
896 2015 1094 2057 Maaziau.
1146 2017 1180 2039 ¹⁹
1202 2015 1277 2056 Hae
1298 2015 1405 2056 vices
1426 2028 1566 2057 eorum
1587 2016 1812 2057 secundum
1832 2015 2058 2056 ministeria
2078 2029 2162 2061 sua,
2186 2021 2233 2057 ut

317 2076 598 2129 ingrediantur
620 2076 789 2117 domum
812 2076 991 2121 Domini,
1017 2080 1058 2116 et
1080 2075 1199 2116 iuxta
1220 2075 1346 2115 ritum
1369 2087 1489 2116 suum
1512 2075 1588 2116 sub
1611 2087 1737 2116 manu
1760 2074 1898 2116 Aaron
1920 2074 2050 2128 patris
2072 2088 2231 2117 eorum:

316 2135 421 2176 sicut
450 2140 700 2189 praeeeperat
727 2135 928 2176 Dominus
956 2134 1069 2175 Deus
1099 2133 1234 2175 Israel.

424 2196 460 2219 '³⁰
482 2195 608 2236 Porro
633 2194 807 2236 filiorum
833 2194 944 2241 Levi,
972 2193 1041 2247 qui
1065 2192 1208 2246 reliqui
1232 2193 1408 2241 fuerant,
1435 2193 1485 2234 de
1509 2192 1599 2234 filiis
1624 2193 1793 2233 Amram
1818 2198 1907 2234 erat
1930 2193 2091 2242 Subael,
2118 2198 2159 2235 et
2183 2194 2233 2235 de

318 2253 409 2294 filiis
431 2253 592 2298 Subael,
620 2253 819 2294 Iehedeia.
872 2255 903 2277 2¹
926 2253 988 2293 De
1010 2252 1100 2293 filiis
1125 2265 1288 2306 quoque
1313 2252 1509 2293 Rohobiae
1531 2252 1718 2306 princeps
1744 2252 1878 2293 Iesias.
1930 2254 1963 2276 22
1987 2252 2114 2294 Isaari
2137 2265 2232 2294 vero

316 2313 422 2354 filius
442 2313 664 2357 Salemoth,
687 2313 874 2366 filiusque
892 2311 1104 2353 Salemoth
1126 2311 1294 2352 Iahath:
1343 2313 1375 2336 2³
1394 2311 1580 2365 filiusque
1600 2311 1684 2352 eius
1706 2311 1837 2352 Ieriau
1857 2310 2023 2365 primus,
2045 2311 2233 2353 Aman'as

316 2373 530 2417 secundus,
562 2372 737 2413 Iahaziel
763 2372 921 2419 tertius,
952 2371 1143 2412 Iecmaan
1171 2375 1353 2424 quartus.
1410 2373 1442 2395 2⁴
1467 2370 1593 2411 Filius
1620 2370 1742 2419 OzieL
1771 2369 1923 2411 Micha:
1952 2370 2057 2411 filius
2082 2370 2229 2418 Micha,

316 2432 460 2473 Samir.
515 2434 547 2456 2⁵
571 2432 717 2472 Frater
740 2431 886 2477 Micha,
916 2430 1038 2471 Iesia:
1065 2429 1252 2484 filiusque
1280 2429 1402 2475 Iesiae,
1431 2429 1658 2471 Zacharias.
1713 2431 1749 2454 2⁶
1773 2428 1862 2470 Filii
1888 2429 2053 2470 Merari:
2079 2429 2232 2471 Moholi

316 2496 358 2532 et
381 2491 498 2533 Musi.
525 2491 651 2532 Filius
676 2491 822 2532 Oziau:
851 2490 1004 2531 Benno.
1057 2491 1091 2514 ²⁷
1116 2489 1242 2530 Filius
1267 2502 1430 2543 quoque
1453 2489 1619 2530 Merari:
1645 2488 1773 2530 Oziau
1797 2493 1839 2529 et
1862 2488 1984 2530 Soam
2009 2493 2051 2530 et
2074 2488 2233 2530 Zachur

317 2556 358 2591 et
383 2550 520 2591 Hebri.
574 2552 608 2574 2⁸
631 2550 756 2592 Porro
781 2549 933 2591 Moholi
957 2548 1080 2590 filius:
1105 2548 1287 2592 Eleazar,
1315 2548 1383 2602 qui
1408 2561 1489 2590 non
1513 2548 1695 2589 habebat
1717 2547 1875 2590 liberos,
1928 2549 1963 2572 ²⁹
1986 2547 2111 2589 Filius
2135 2560 2230 2589 vero

317 2610 392 2655 Cis,
426 2609 630 2651 Ierameel.
688 2611 725 2634 ³⁰
752 2609 843 2650 Filii
871 2609 994 2650 Musi:
1025 2608 1189 2653 Moholi,
1221 2608 1341 2654 Eder,
1373 2613 1413 2648 et
1444 2607 1652 2649 Ierimoth.
1682 2607 1751 2648 isti
1779 2606 1849 2647 filii
1877 2606 1977 2647 Levi
2006 2607 2230 2648 secundum

317 2670 460 2710 domos
484 2669 732 2709 familiarum
758 2681 936 2710 suarum.
989 2670 1022 2693 ³¹
1047 2667 1327 2720 Miseruntque
1353 2672 1393 2708 et
1417 2667 1495 2720 ipsi
1519 2672 1646 2708 sortes
1672 2670 1816 2708 eontra
1839 2666 1986 2707 fratres
2010 2679 2103 2708 suos
2129 2665 2231 2708 filios

316 2729 453 2770 Aaron
476 2741 611 2769 coram
634 2728 771 2769 David
793 2741 895 2781 rege,
920 2732 961 2768 et
983 2727 1126 2773 Sadoc,
1151 2732 1191 2767 et
1213 2726 1462 2775 Ahimelech,
1487 2731 1528 2767 et
1549 2725 1800 2779 principibus
1822 2724 2071 2766 familiarum
2093 2725 2231 2766 Sacer·

316 2787 517 2829 dotalium
532 2792 573 2829 et
587 2788 875 2830 Leviticarum,
890 2792 977 2827 tam
991 2787 1176 2829 maiores,
1192 2799 1316 2839 quam
1328 2786 1515 2826 minores
1531 2798 1670 2826 omnes
1682 2797 1766 2826 sors
1778 2783 1990 2838 aequaliter
2003 2784 2229 2825 dividebat.

740 2892 777 2932 4.
809 2890 1059 2931 Cantorum
1091 2901 1312 2931 numerus
1343 2891 1387 2931 et
1416 2890 1554 2940 vices,
1583 2889 1650 2940 25,
1669 2890 1815 2929 1—31.

423 2964 487 3006 25.
545 2966 555 2988 ¹
592 2964 722 3017 Igitur
753 2963 902 3007 David.
937 2968 977 3003 et
1010 2963 1274 3015 magistratus
1308 2961 1508 3003 exercitus
1541 2964 1856 3015 segregaverunt
1886 2959 1928 3000 in
1959 2959 2230 3000 ministerium

316 3023 417 3064 filios
445 3023 596 3076 Asaph.
627 3028 667 3063 et
695 3023 869 3067 Heman,
899 3028 941 3062 et
969 3021 1156 3062 Idithun:
1188 3021 1255 3075 qui
1283 3020 1578 3074 prophetarent
1604 3020 1644 3060 in
1672 3019 1849 3067 citharis,
1880 3023 1920 3060 et
1947 3017 2159 3072 psalteriis,
2189 3022 2230 3059 et

317 3081 514 3135 cymbalis
548 3082 770 3122 secundum
804 3094 1019 3122 numerum
1052 3094 1171 3121 suum
1205 3080 1393 3121 dedicato
1428 3079 1503 3120 sibi
1536 3078 1669 3120 officio
1703 3078 1936 3120 servientes.
1998 3079 2013 3102 ²
2044 3077 2106 3118 De
2139 3076 2230 3118 filiis

315 3141 474 3194 Asaph:
502 3141 692 3184 Zacchur,
720 3147 761 3181 et
788 3140 946 3193 Ioseph,
974 3146 1015 3180 et
1042 3139 1260 3184 Nathania,
1288 3145 1329 3180 et
1354 3138 1531 3183 Asarela,
1559 3138 1629 3179 filii
1654 3137 1813 3191 Asaph:
1839 3137 1915 3178 sub
1939 3149 2064 3177 manu
2089 3136 2229 3189 Asaph

318 3200 602 3252 prophetantis
629 3200 747 3240 iuxta
773 3213 917 3253 regem.
975 3201 990 3223 ³
1018 3199 1142 3239 Porro
1173 3198 1361 3239 idithun:
1391 3197 1460 3238 filii
1491 3197 1672 3243 idithun,
1702 3196 1906 3243 Godolias,
1937 3195 2036 3243 Sori,
2067 3194 2227 3244 Ieseias,

319 3264 358 3299 et
386 3258 598 3302 Hasabias,
627 3265 668 3299 et
693 3258 957 3300 Mathathias.
985 3271 1067 3302 sex,
1095 3258 1169 3298 sub
1195 3270 1321 3298 manu
1346 3257 1474 3311 patris
1499 3256 1561 3297 sui
1588 3256 1769 3301 Idithun,
1798 3255 1867 3309 qui
1891 3255 1932 3296 in
1957 3254 2115 3295 eithara
2139 3267 2229 3307 pro-

318 3317 518 3370 phetabat
542 3331 662 3371 super
684 3318 924 3359 confitentes
947 3323 988 3358 et
1009 3316 1225 3358 laudantes
1246 3317 1483 3357 Dominum.
1533 3317 1549 3340 4
1572 3315 1733 3356 Heinan
1757 3327 1936 3368 quoque:
1960 3312 2029 3354 filii
2053 3313 2226 3361 Heman,

319 3376 507 3425 Bocciau,
551 3377 803 3419 Mallianiau.
845 3376 968 3425 Oziel‚
1009 3376 1174 3425 Subuel,
1230 3381 1271 3417 et
1312 3374 1520 3423 Ierimoth,
1564 3374 1786 3422 Hananias,
1830 3372 2007 3417 Hanani,
2049 3371 2226 3421 Eliatha‚

452 3503 504 3539 24.
527 3503 546 3536 2
567 3503 636 3536 gbLv
658 3504 711 3543 10,
738 3506 771 3543 1;
798 3503 866 3537 Nm
891 3504 922 3544 3,
946 3505 975 3537 4.
