2356 3760
91 490 105 506 ει
112 483 164 506 uda
171 483 242 506 viam

90 518 249 542 luelmorurn

140 554 198 577 Deo

83 588 251 612 ‹mundemi-

81 630 128 647 :1111
148 627 254 651 mistat.

136 1429 199 1445 runi

101 1458 238 1482 liethsuru

92 1493 245 1523 paciscitur

109 1838 136 1861 et
160 1843 225 1860 cuin

82 1872 153 1896 Iuda
173 1872 254 1901 duce,

86 2127 246 2151 revertitur.

88 2594 198 2618 liemon
208 2594 248 2617 iu<

108 2629 222 2653 &leus-i.

82 2767 119 2791 ab
142 2767 250 2791 Alwimo

103 2802 234 2831 pontium·

104 2838 234 2867 deposito

99 2874 239 2901 irritatus,

281 215 356 254 948
1123 210 1265 244 Lissfflz
1291 211 1336 244 11.
1922 212 1973 251 13,
2000 212 2119 251 8—14,
2146 214 2185 245 11

276 305 630 359 praevaricatorem
658 304 753 357 legis
781 303 953 355 contigit
980 303 1092 346 mori,
1122 316 1193 344 nec
1223 309 1338 344 terrze
1364 303 1449 344 dari
1478 302 1718 344 Menelaum.
1776 305 1791 327 ⁸
1817 303 1873 344 Et
1899 304 2063 357 quidem
2090 305 2188 346 satis

275 364 398 405 iuste:
428 377 523 404 nam
553 363 647 417 quia
677 363 805 403 multa
835 375 926 410 erga
956 374 1068 402 aram
1096 362 1171 402 Dei
1201 361 1348 403 delicta
1377 361 1592 407 commisit,
1623 361 1735 402 cuius
1764 362 1877 415 ignis,
1908 367 1949 403 et
1976 363 2073 403 cinis
2102 369 2189 404 erat

273 428 457 463 sanetus:
490 423 573 476 ipse
604 423 643 462 in
674 421 816 461 cineris
847 425 976 460 morte
1007 420 1228 461 damnatus
1259 426 1330 462 est.

382 484 397 505 ⁹
415 482 493 522 Sed
515 495 583 521 rex
603 485 739 520 mente
759 479 980 519 effrenatus
1001 479 1204 524 veniebat,
1228 479 1462 532 nequiorem
1482 492 1523 519 se
1545 485 1659 532 patre
1679 492 1750 519 suo
1774 479 1918 520 Iudaeis
1939 484 2186 522 ostensurus.

276 542 310 563 ¹⁰
338 540 493 589 Quibus
530 539 647 579 ludas
677 537 860 587 cognitis,
891 537 1082 590 przecepit
1113 537 1262 590 populo
1294 544 1337 578 ut
1367 538 1430 578 die
1460 551 1505 577 ac
1534 542 1653 578 nocte
1682 538 1906 578 Dominum
1936 538 2186 584 invocarent,

276 612 367 652 quo,
393 599 496 638 sicut
520 609 689 649 semper.
715 601 754 636 et
778 609 886 636 nunc
910 595 1126 636 adiuvaret
1149 610 1233 637 eos:
1287 599 1315 620 ¹¹
1341 596 1491 649 quippe
1516 596 1582 648 qui
1607 595 1703 649 lege,
1729 601 1769 636 et
1793 596 1939 649 patria,
1964 602 2189 651 sanctoque

277 657 427 710 templo
453 655 602 709 privari
627 659 881 695 vererentur:
907 668 952 695 ac
976 655 1186 708 populum,
1214 655 1281 708 qui
1307 667 1435 707 nuper
1460 654 1669 707 paululum
1694 655 1941 708 respirasset,
1967 669 2016 696 ne
2040 656 2189 697 sineret

275 714 520 767 blasphemis
551 727 687 754 rursus
718 713 953 754 nationibus
984 714 1115 755 subdi.
1177 715 1206 737 ¹²
1237 713 1438 754 Omnibus
1471 713 1608 766 itaque
1638 713 1758 753 simul
1789 713 1829 753 id
1859 713 2116 762 facientibus,
2149 719 2190 755 et

275 774 508 827 petentibus
534 787 554 813 a
585 772 758 813 Domino
784 772 1101 813 misericordiam
1127 786 1219 813 cum
1244 772 1355 817 fletu,
1383 776 1424 812 et
1449 771 1617 815 ieiuniis,
1646 785 1716 825 per
1741 772 1922 812 triduum
1948 773 2190 814 continuum

276 832 500 885 prostratis,
529 832 717 873 hortatus
743 836 803 871 est
829 844 895 872 eos
924 831 1045 871 Iudas
1072 836 1117 871 ut
1142 844 1182 871 se
1209 835 1497 884 praepararent.
1553 832 1583 854 ¹³
1611 830 1700 883 lpse
1726 844 1821 871 vero
1847 844 1939 871 cum
1965 831 2189 873 senioribus

273 891 470 941 cogitavit
495 890 604 944 prius
629 904 751 943 quam
775 903 845 930 rex
868 890 1105 930 admoveret
1129 889 1353 930 exercitum
1377 890 1429 930 ad
1454 889 1647 937 Iudaeam,
1673 894 1713 929 et
1736 889 1941 931 obtineret
1963 890 2187 939 civitatem,

273 950 393 992 exire,
415 955 454 990 et
479 949 640 990 Domini
662 948 808 989 iudicio
828 948 1084 989 committere
1104 948 1261 989 exitum
1280 948 1346 989 rei.
1397 950 1427 972 11
1446 948 1559 988 Dans
1579 948 1718 1001 itaque
1738 953 1987 1001 potestatem
2008 949 2189 990 omnium

276 1009 360 1049 Deo
384 1009 524 1049 mundi
547 1008 731 1051 creatori.
756 1013 796 1048 et
818 1007 1060 1048 exhortatus
1083 1020 1175 1047 suos
1198 1012 1244 1047 ut
1266 1007 1428 1048 fortiter
1449 1006 1703 1049 dimicarent,
1728 1012 1768 1047 et
1791 1021 1918 1060 usque
1941 1008 1992 1048 ad
2014 1013 2189 1049 mortem

275 1080 344 1120 pro
379 1067 544 1121 legibus,
582 1066 747 1119 templo.
784 1065 964 1111 civitate,
1001 1066 1146 1119 patria,
1183 1071 1222 1105 et
1257 1065 1413 1106 civibus
1447 1070 1616 1109 starent,
1654 1065 1759 1106 circa
1791 1066 1932 1107 Modin
1966 1066 2190 1107 exereitum

273 1126 500 1166 constituit.
558 1127 587 1149 ¹⁴³
615 1125 668 1165 Et
696 1125 793 1165 dato
821 1124 934 1177 signo
961 1125 1042 1165 suis
1070 1124 1144 1165 Dei
1172 1124 1364 1169 victorire,
1393 1124 1609 1164 iuvenibus
1636 1124 1866 1165 fortissimis
1893 1124 2042 1171 electis,
2071 1130 2190 1166 nocte

273 1197 481 1233 aggressus
513 1183 648 1224 aulam
680 1183 842 1236 regiam,
876 1183 915 1223 in
947 1183 1088 1223 castris
1119 1183 1324 1223 interfecit
1356 1183 1461 1223 viros
1494 1188 1692 1236 quattuor
1721 1183 1859 1228 millia,
1893 1189 1934 1223 et
1963 1183 2189 1224 maximum

272 1237 585 1295 elephantorum
617 1256 708 1283 cum
741 1242 812 1287 his,
847 1242 915 1295 qui
946 1242 1191 1295 superpositi
1221 1242 1403 1282 fuerant:
1463 1243 1497 1265 ¹⁶
1527 1255 1768 1295 summoque
1799 1247 1924 1289 metu,
1957 1256 2002 1283 ac
2034 1248 2191 1296 pertur-

276 1302 440 1342 batione
470 1301 648 1342 hostium
677 1306 812 1341 castra
840 1300 1052 1354 replentes,
1083 1301 1202 1342 rebus
1230 1314 1420 1354 prospere
1447 1300 1582 1354 gestis,
1613 1300 1813 1341 abierunt.
1873 1303 1904 1324 ¹⁷
1935 1301 2023 1342 Hoc
2051 1306 2190 1342 autern

274 1362 430 1401 factum
460 1366 520 1401 est
550 1360 612 1401 die
643 1359 912 1404 illucescente,
944 1360 1168 1400 adiuvante
1198 1373 1290 1400 eum
1318 1359 1484 1400 Domini
1514 1359 1780 1413 protectione.

380 1421 414 1443 ¹⁸
451 1420 530 1460 Sed
567 1432 648 1462 rex.
690 1424 857 1472 accepto
894 1424 1016 1469 gustu
1055 1419 1236 1460 audacia}
1276 1419 1518 1463 Iudaeorum,
1559 1423 1645 1459 arte
1683 1417 1971 1459 difficultatem
2009 1418 2189 1460 locorum

276 1479 486 1519 tentabat:
546 1480 580 1502 ¹⁹
611 1483 651 1519 et
684 1478 906 1523 Bethsurae,
941 1491 1030 1531 (lure
1060 1482 1148 1518 erat
1180 1477 1410 1518 Iudaeorum
1443 1477 1674 1530 praesidium
1706 1477 1924 1525 munitum,
1957 1483 2092 1518 castra
2122 1478 2191 1519 ad-

273 1538 485 1578 movebat:
511 1538 580 1578 sed
604 1537 837 1590 fugabatur.
863 1537 1128 1590 impingebat.
1154 1536 1449 1577 minorabatur.
1501 1538 1537 1560 2⁰
1560 1536 1633 1576 His
1657 1541 1808 1584 autem,
1835 1536 1904 1589 qui
1926 1535 2037 1577 intus
2060 1542 2188 1583 erant,

275 1597 395 1637 ludas
434 1596 659 1636 necessaria
697 1595 904 1636 mittebat.
972 1597 1002 1619 2¹
1042 1595 1293 1635 Enunciavit
1331 1600 1469 1635 autem
1509 1594 1705 1648 mysteria
1743 1595 1928 1636 hostibus
1969 1595 2188 1636 Rhodocus

271 1655 437 1709 quidam
455 1655 503 1695 de
521 1654 687 1695 Iuda-ico
704 1654 895 1701 exercitu,
915 1654 983 1707 qui
999 1653 1217 1707 requisitus
1233 1653 1548 1706 comprehensus
1564 1658 1636 1699 est,
1655 1658 1695 1694 et
1711 1652 1934 1694 conclusus.
1979 1656 2011 1678 22
2029 1654 2183 1695 Iterum

271 1727 339 1754 rex
362 1727 589 1754 sermonem
612 1713 758 1753 habuit
781 1713 832 1753 ad
854 1726 932 1759 eos
959 1712 1027 1766 qui
1049 1717 1165 1753 erant
1187 1712 1227 1752 in
1251 1712 1481 1753 Bethsuris:
1505 1713 1694 1753 dextram
1717 1712 1849 1753 dedit:
1873 1712 2049 1766 accepit:
2073 1713 2186 1754 abiit.

272 1774 304 1796 ‘²²³
333 1772 537 1813 commisit
566 1785 657 1812 cum
690 1771 803 1817 Iuda,
835 1777 1050 1824 superatus
1079 1776 1152 1812 est.

380 1831 437 1872 Ut
470 1836 609 1871 autem
642 1830 835 1880 cognovit
866 1830 1079 1871 rebellasse
1112 1829 1347 1883 Philippum
1380 1829 1620 1875 Antiochiae,
1657 1829 1724 1883 qui
1757 1829 1919 1870 relictus
1952 1835 2040 1871 erat
2070 1843 2191 1884 super

275 1890 450 1939 negotia,
479 1896 616 1930 mente
642 1894 928 1930 consternatus
956 1889 1113 1930 Iudaeos
1140 1889 1373 1942 deprecans,
1394 1888 1665 1941 subditusque
1691 1888 1745 1928 eis
1765 1888 1887 1936 ,iurat
1912 1889 1961 1929 de
1987 1889 2188 1934 omnibus,

274 1949 420 2002 quibus
446 1948 599 1989 iustum
626 1948 758 1989 visum
786 1953 864 1989 est:
893 1953 934 1988 et
958 1947 1242 1989 reconciliatus
1269 1947 1420 1989 obtulit
1446 1947 1700 1995 sacrificium,
1728 1947 1949 1988 honoravit
1973 1947 2187 2001 templum,

272 2014 311 2048 et
346 2021 513 2048 munera
548 2007 703 2060 posuit:
765 2009 797 2031 2¹
831 2007 1113 2048 Machabaeum
1148 2006 1407 2060 amplexatus
1441 2012 1514 2053 est,
1550 2011 1591 2047 et
1624 2005 1719 2046 fecit
1753 2019 1846 2046 eum
1880 2020 1904 2047 a
1936 2006 2190 2048 Ptolemaide

273 2080 398 2119 usque
429 2067 481 2107 ad
511 2067 709 2107 Gerrenos
740 2066 885 2107 ducem
915 2071 956 2106 et
985 2066 1222 2119 principem.

377 2127 408 2150 2⁵
450 2125 506 2166 Ut
547 2130 686 2166 auten]
727 2125 841 2165 venit
880 2124 1194 2169 Ptolemaidam,
1235 2124 1416 2178 graviter
1455 2124 1643 2165 ferebant
1683 2123 1960 2165 Ptolemenses
2001 2123 2191 2165 amicitiae

271 2184 598 2228 conventionem,
629 2184 888 2234 indignantes
917 2197 966 2224 ne
994 2184 1099 2224 forte
1127 2184 1261 2224 foedus
1290 2183 1572 2236 irrumperent.
1630 2184 1665 2207 2⁶
1694 2182 1806 2223 Tunc
1835 2182 2019 2224 ascendit
2047 2183 2188 2236 Lysias

270 2242 462 2287 tribunal,
492 2248 531 2283 et
558 2242 748 2296 exposuit
774 2242 987 2287 rationem,
1016 2248 1057 2282 et
1083 2242 1281 2295 populum
1308 2242 1480 2285 sedavit,
1508 2254 1792 2294 regressusque
1819 2248 1879 2283 est
1905 2241 2188 2283 Antiochia-m:

270 2307 310 2342 et
340 2302 414 2342 hoc
443 2302 564 2342 modo
593 2302 694 2350 regis
724 2301 934 2354 profectio,
966 2306 1006 2341 et
1034 2301 1188 2342 reditus
1217 2300 1423 2354 processit.

463 2419 561 2468 ΙΙΙ.
605 2418 898 2469 Demetrio
940 2418 980 2467 Ι.
1022 2416 1224 2467 Sotere
1263 2418 1566 2482 regnante,
1607 2417 1687 2471 14,
1715 2417 1893 2479 1-15‚
1921 2416 2004 2468 37.

708 2516 747 2554 1.
778 2516 1012 2556 Nicanoris
1044 2514 1087 2555 et
1117 2514 1238 2554 ludae
1269 2514 1493 2565 amicitiae,
1523 2515 1588 2565 14,
1609 2513 1754 2554 1—25.

381 2591 442 2633 14.
499 2592 511 2614 ¹
529 2591 607 2631 Sed
627 2595 718 2643 post
737 2590 899 2630 triennii
918 2596 1079 2643 tempus
1098 2590 1291 2644 cognovit
1311 2591 1445 2635 Iudas,
1466 2595 1506 2631 et
1525 2590 1593 2643 qui
1612 2603 1703 2630 cum
1722 2603 1767 2630 eo
1785 2594 1913 2632 erant.
1932 2589 2189 2630 Demetrium

271 2649 424 2691 Seleuci
459 2662 551 2689 cum
586 2649 850 2689 multitudine
885 2649 1033 2692 valida,
1070 2654 1111 2689 et
1144 2649 1331 2694 navibus,
1367 2662 1438 2702 per
1472 2654 1636 2702 portum
1672 2647 1842 2701 Tripolis
1877 2648 2104 2689 ascendisse
2137 2649 2189 2689 ad

274 2709 359 2749 loca
382 2713 626 2761 opportuna.
676 2710 690 2731 ‘-'
712 2713 751 2748 et
774 2708 950 2749 tenuisse
971 2707 1151 2760 regiones
1174 2709 1368 2749 adversus
1391 2708 1652 2753 Antiochum,
1677 2712 1716 2748 et
1738 2707 1882 2748 ducem
1904 2707 1987 2747 eius
2010 2707 2186 2761 Lysiam.

378 2770 393 2792 ³
423 2766 603 2807 Alcimus
634 2772 772 2807 autem
804 2767 983 2820 quidam,
1017 2767 1085 2820 qui
1115 2780 1297 2807 summus
1328 2767 1514 2807 sacerdos
1544 2767 1690 2810 fuerat,
1722 2767 1792 2807 sed
1822 2765 2052 2807 voluntarie
2082 2765 2190 2807 coin—

278 2826 470 2879 quinatus
499 2831 559 2866 est
588 2825 841 2879 temporibus
870 2825 1176 2870 commistionis,
1207 2825 1466 2867 considerans
1495 2825 1604 2866 nullo
1634 2825 1755 2865 modo
1784 2824 1859 2865 sibi
1888 2838 1971 2865 esse
1999 2824 2186 2868 salutem.

278 2898 407 2938 neque
430 2898 635 2925 accessum
660 2885 711 2925 ad
735 2884 873 2929 altare,
925 2886 939 2908 ⁴
963 2884 1075 2925 venit
1098 2885 1149 2925 ad
1174 2898 1305 2938 regem
1328 2884 1583 2925 Demetrium
1607 2883 1827 2924 centesimo
1852 2882 2188 2936 quinquagesimo

278 2957 396 2986 aimo,
429 2944 600 2983 offerens
630 2943 664 2983 ei
695 2957 885 2984 coronam
917 2956 1094 2985 auream.
1127 2948 1167 2983 et
1198 2943 1388 2996 palmam,
1421 2956 1541 2996 super
1570 2943 1653 2983 haec
1684 2947 1723 2983 et
1755 2941 1914 2990 thallos,
1948 2941 2015 2995 qui
2047 2941 2189 2995 templi

274 3015 357 3041 esse
379 3001 637 3043 videbantur.
662 3002 715 3042 Et
736 3002 824 3055 ipsa
844 3002 1007 3055 quidem
1029 3002 1092 3042 die
1112 3001 1234 3043 siluit.
1282 3004 1297 3026 ⁵
1318 3002 1494 3055 Tempus
1515 3007 1653 3042 autem
1674 3006 1952 3054 opportunum
1973 3000 2189 3041 dementia*

274 3074 355 3100 sure
389 3065 544 3102 nactus.
581 3066 831 3101 convocatus
865 3074 886 3101 a
920 3060 1129 3101 Demetrio
1163 3061 1214 3101 ad
1248 3061 1472 3104 consilium,
1508 3066 1549 3101 et
1583 3060 1854 3112 interrogatus
1889 3059 2036 3113 quibus
2069 3059 2187 3099 rebus

273 3124 314 3159 et
342 3118 514 3158 consiliis
552 3120 670 3160 ludaei
700 3120 939 3162 niterentur,
999 3121 1013 3143 ⁶
1041 3119 1269 3172 respondit:
1302 3119 1394 3172 Ipsi,
1427 3119 1494 3173 qui
1523 3118 1716 3160 dicuntur
1742 3118 1911 3159 Assidaei
1942 3118 2184 3162 Iudaeorum,

276 3177 422 3230 quibus
444 3184 582 3230 prawst
616 3178 732 3218 ludas
753 3178 1024 3225 Machabaeus,
1041 3177 1143 3219 bella
1164 3178 1364 3223 nutriunt,
1382 3182 1423 3218 et
1440 3177 1658 3218 seditiones
1679 3182 1860 3225 movent,
1882 3190 1953 3217 nec
1973 3176 2189 3229 patiuntur

276 3249 442 3287 regnum
475 3249 558 3275 esse
592 3237 788 3289 quietum.
852 3239 865 3260 ⁷
900 3250 992 3277 nam
1025 3241 1065 3277 et
1097 3250 1169 3287 ego
1202 3237 1469 3277 defraudatus
1505 3241 1719 3289 parentum
1751 3235 1878 3289 gloria
1909 3235 2015 3285 (dico
2048 3240 2185 3275 autem

275 3308 433 3335 summo
467 3295 708 3344 sacerdotio)
743 3295 821 3336 huc
854 3295 965 3335 veni:
1028 3297 1043 3317 '³
1077 3295 1205 3348 primo
1239 3295 1400 3348 quidem
1437 3295 1685 3335 utilitatibus
1718 3294 1819 3347 regis
1852 3294 1973 3334 fidem
2006 3305 2184 3336 servans,

275 3353 452 3393 secundo
480 3360 617 3393 autem
645 3354 769 3393 etiam
796 3354 952 3394 civibus
979 3353 1210 3395 consulens:
1250 3367 1342 3394 nam
1373 3353 1531 3394 illorum
1559 3353 1764 3407 pravitate
1793 3352 2027 3393 universum
2062 3364 2188 3405 genus

278 3417 460 3451 nostrum
494 3424 573 3451 non
607 3412 771 3451 minime
802 3418 987 3454 vexatur.
1049 3414 1064 3435 ⁹
1093 3413 1171 3453 Sed
1203 3425 1270 3453 oro
1303 3412 1360 3452 his
1392 3412 1556 3465 singulis
1587 3426 1609 3453 o
1640 3425 1709 3452 rex
1739 3411 1921 3461 cognitis,
1954 3414 1995 3450 et
2024 3409 2187 3463 regioni.

278 3475 315 3509 et
347 3469 480 3520 generi
511 3470 733 3510 secundum
766 3471 1066 3511 immanitatem
1099 3476 1211 3511 tuam
1245 3471 1527 3524 pervulgatam
1559 3470 1746 3511 omnibus
1778 3469 1970 3523 prospice.
2023 3470 2058 3492 ¹⁰
2081 3481 2187 3510 nam.

279 3528 475 3581 (pla-mdiu
507 3534 688 3581 superest
727 3529 855 3571 ludas,
890 3529 1135 3583 impossibile
1165 3536 1237 3572 est,
1273 3542 1409 3582 pacem
1442 3543 1525 3569 esse
1558 3529 1737 3582 negotiis.
1797 3530 1827 3552 ¹¹
1857 3527 2021 3568 Talibus
2051 3531 2190 3567 autem
