2356 3760
119 608 291 632 Mardoi-hae-

129 650 160 667 us
182 644 278 667 coniu-

134 681 174 702 rat
182 680 274 702 ionem

117 714 293 743 patoraviens

165 970 241 992 iussu

152 1004 256 1028 Xerxis

125 1692 162 1715 ab
187 1692 277 1716 Aman

121 1727 281 1751 ciri-unidu-

160 1764 243 1791 nitur,

113 1880 146 1904 de
163 1880 278 1904 inimico

121 1915 281 1944 triumpha-

155 1953 246 1975 turus

127 2295 158 2318 Iu
181 2303 201 2317 ε’(
209 2295 277 2318 11]ῗί-

123 2331 169 2353 vio
191 2330 281 2354 altero

127 2424 218 2447 Anian
241 2424 278 2447 ab

153 2459 199 2482 Est
206 2459 254 2482 her

126 2497 278 2518 accusatur

115 3028 140 3050 et
160 3035 174 3050 :¹
195 3027 288 3051 „xi-rx<-

115 3062 151 3086 ad
176 3063 287 3091 patibu-

99 3096 158 3121 lum
174 3098 291 3122 damnu-

173 3135 228 3158 tur,

311 160 388 200 450
1196 157 1343 192 LIBER
2005 160 2038 200 5,
2065 160 2185 200 14—7‚
2209 160 2229 193 9

312 252 452 305 regias.
499 254 531 276 1⁴
551 251 950 304 Responderuntque
969 250 1003 291 ei
1022 251 1141 291 Zares
1160 264 1262 292 uxor
1280 251 1376 299 eius,
1397 256 1438 292 et
1456 252 1578 293 ceteri
1597 252 1735 293 amici:
1758 252 1858 293 Iube
1876 252 2010 305 parari
2028 252 2230 294 excelsam

313 311 484 355 trabem.
507 311 728 352 habentem
750 309 980 350 altitudinis
1003 309 1304 363 quinquaginta
1323 310 1495 357 cubitos,
1518 316 1560 351 et
1579 311 1642 352 dic
1663 324 1782 351 mane
1801 310 1884 363 regi
1903 315 1951 351 ut
1971 311 2231 364 appendatur

313 382 432 422 super
459 383 547 410 eam
575 368 868 413 Mardoehaeus,
899 373 940 408 et
966 368 1021 408 sic
1048 368 1123 409 ibis
1151 382 1243 409 cum
1270 381 1361 421 rege
1388 369 1504 410 laetus
1532 370 1584 410 ad
1611 370 1859 411 convivium.
1888 368 2050 410 Placuit
2076 370 2111 410 ei
2137 383 2230 411 con-

313 428 458 471 silium.
492 434 532 469 et
562 428 676 468 iussit
707 427 907 467 excelsam
939 427 1072 480 parari
1103 440 1275 468 crucem.

699 533 737 572 3.
768 531 1089 572 Mardochaeus
1121 543 1147 571 a
1179 543 1290 584 rege
1321 532 1593 583 honoratur,
1624 533 1664 583 6,
1684 533 1836 574 1—13.

415 604 452 646 6.
510 605 521 627 ¹
560 603 732 643 Noctem
769 602 878 642 illam
914 603 1031 643 duxit
1069 616 1137 643 rex
1172 603 1412 649 insomnem,
1451 603 1648 656 iussitque
1683 603 1759 644 sibi
1794 603 1927 644 afferri
1963 602 2152 643 historias
2188 608 2229 643 et

312 661 476 702 annales
504 662 684 715 priorum
714 668 957 714 temporum.
988 662 1087 710 Quae
1114 675 1205 702 cum
1233 661 1299 702 illo
1327 667 1525 715 praesente
1552 662 1791 713 legerentur,
1848 665 1862 686 2
1890 667 2060 703 ventum
2088 667 2150 702 est
2177 662 2229 702 ad

312 720 422 761 illum
445 721 576 761 locum
598 721 667 761 ubi
687 720 883 773 scriptum
906 726 993 761 erat
1013 735 1092 774 quo
1114 721 1234 762 modo
1256 721 1490 762 nunciasset
1509 721 1789 762 Mardochaeus
1808 721 1975 762 insidias
1996 721 2226 773 Bagathan,

311 785 350 820 et
371 780 521 820 'l'hares
541 780 833 824 eunuchorum,
856 792 988 829 regem
1008 780 1229 820 Assuerum
1250 780 1431 831 iugulare
1451 780 1716 833 cupientium.
1764 783 1779 805 ³
1798 780 1918 829 Quod
1936 793 2029 820 cum
2049 780 2229 820 audisset

313 851 392 881 rex.
428 839 503 879 ait:
538 839 644 887 Quid
676 851 747 892 pro
781 838 855 879 hac
889 839 966 879 fide
999 839 1160 879 honoris
1193 852 1238 879 ac
1270 839 1424 892 praemii
1456 839 1736 880 Mardoehaeus
1768 844 2009 885 consecutus
2042 838 2127 878 est?
2158 838 2229 879 Di—

311 904 458 937 xerunt
489 898 524 938 ei
554 897 658 939 servi
689 897 793 938 illius
825 911 869 938 ac
901 898 1093 938 ministri:
1128 898 1236 938 Nihil
1267 899 1432 939 omnino
1464 899 1658 938 mercedis
1689 899 1857 951 aceepit.

415 970 429 991 ⁴
449 968 682 1021 Statimque
702 981 782 1011 rex,
806 968 903 1016 Quis
924 974 995 1014 est,
1018 969 1163 1021 inquit,
1186 969 1225 1008 in
1246 968 1375 1010 atrio?
1396 969 1530 1009 Aman
1552 969 1702 1022 quippe
1722 969 1889 1009 interius
1910 969 2061 1009 atrium
2081 969 2228 1009 domus

313 1027 427 1080 regiae
454 1027 692 1070 intraverat,
722 1032 768 1067 ut
794 1033 1025 1080 suggereret
1050 1028 1143 1077 regi,
1172 1033 1212 1068 et
1238 1028 1396 1068 iuberet
1422 1028 1725 1068 Mardochaeum
1753 1028 1863 1077 affigi
1889 1028 2088 1081 patibulo,
2118 1028 2228 1081 quod

310 1086 344 1126 ei
370 1086 506 1126 fuerat
532 1091 821 1139 praeparatum.
877 1088 892 1110 5
922 1087 1237 1139 Responderunt
1264 1087 1396 1140 pueri:
1424 1087 1559 1127 Ainan
1586 1092 1672 1128 stat
1698 1087 1738 1127 in
1766 1087 1882 1128 atrio.
1911 1087 2110 1140 Dixitque
2136 1100 2225 1127 rex:

314 1145 581 1196 Ingrediatur.
643 1147 658 1169 ὅ
686 1146 870 1198 Cumque
901 1151 1003 1185 esset
1035 1145 1246 1198 ingressus,
1280 1145 1338 1186 ait
1366 1146 1439 1186 illi:
1472 1146 1579 1195 Quid
1609 1147 1730 1187 debet
1760 1146 1845 1187 fieri
1874 1146 1973 1193 viro,
2007 1159 2127 1199 quem
2157 1158 2227 1186 rex

310 1204 508 1245 honorare
533 1204 762 1245 desiderat?
788 1204 980 1256 Cogitans
1006 1210 1144 1245 autem
1171 1205 1210 1245 in
1236 1205 1354 1246 corde
1379 1218 1451 1246 suo
1476 1206 1622 1250 Ama-n,
1650 1211 1691 1246 et
1715 1210 1910 1259 reputans
1936 1205 2046 1258 quod
2071 1204 2227 1245 nullum

309 1263 432 1304 alium
460 1277 540 1308 rex,
569 1264 644 1304 nisi
669 1277 720 1306 se.
749 1263 871 1304 vellet
896 1263 1105 1311 honorare,
1163 1266 1176 1287 ⁷
1201 1264 1430 1317 respondit:
1459 1264 1605 1308 Homo,
1634 1278 1755 1318 quem
1780 1277 1850 1305 rex
1876 1264 2074 1305 honorare
2099 1263 2224 1317 cupit,

312 1323 327 1346 ⁸
343 1323 467 1363 debet
484 1323 597 1363 indui
614 1323 797 1363 vestibus
814 1323 943 1376 regiis,
963 1328 1004 1363 et
1020 1323 1175 1376 imponi
1193 1336 1313 1377 super
1329 1337 1493 1377 equum,
1514 1323 1583 1377 qui
1599 1324 1648 1364 de
1665 1323 1763 1364 sella
1778 1323 1879 1376 regis
1897 1328 1969 1367 est.
1989 1328 2030 1364 et
2047 1323 2227 1376 accipere

309 1382 464 1431 regium
490 1382 680 1422 diadema
704 1395 824 1435 super
848 1387 974 1435 caput
997 1396 1128 1431 suum,
1184 1384 1200 1407 ⁹
1223 1388 1263 1423 et
1288 1383 1442 1435 primus
1467 1383 1516 1423 de
1540 1383 1656 1432 regiis
1680 1383 1943 1436 principibus
1971 1395 2017 1423 ac
2040 1382 2227 1435 tyrannis

310 1446 449 1481 teneat
474 1454 625 1494 equum
651 1441 746 1485 eius,
774 1447 814 1481 et
839 1454 909 1494 per
933 1441 1112 1494 plateam
1139 1441 1319 1482 civitatis
1344 1442 1533 1482 incedens
1558 1441 1718 1488 clamet,
1747 1447 1787 1482 et
1812 1441 1941 1482 dicat:
1967 1441 2031 1482 Sic
2056 1441 2227 1482 honora-

310 1499 431 1545 bitur,
460 1513 759 1553 quemcumque
784 1500 959 1541 voluerit
982 1513 1051 1540 rex
1076 1501 1285 1542 honorare.
1340 1502 1375 1525 ¹⁰
1397 1501 1596 1554 Dixitque
1620 1501 1654 1541 ei
1677 1514 1766 1541 rex:
1792 1501 1970 1545 Festina,
1998 1505 2038 1541 et
2061 1505 2230 1553 sumpta

309 1558 415 1599 stola
442 1564 483 1599 et
510 1572 626 1612 equo,
656 1559 732 1605 fac,
763 1564 810 1599 ut
837 1558 997 1599 locutus
1025 1572 1077 1607 es,
1108 1560 1364 1601 Mardochaeo
1395 1560 1544 1605 Iudaeo,
1576 1560 1644 1613 qui
1673 1560 1787 1600 sedet
1814 1565 1910 1600 ante
1937 1560 2042 1600 fores
2070 1558 2225 1613 palatii.

309 1618 417 1658 Cave
448 1631 497 1658 ne
529 1618 754 1671 quidquam
786 1618 835 1659 de
865 1618 938 1663 his,
973 1631 1063 1672 quae
1091 1618 1253 1660 locutus
1284 1632 1335 1667 es,
1368 1619 1672 1672 praetermittas.

415 1690 445 1711 ¹¹
475 1688 584 1729 Tulit
614 1689 752 1742 itaque
782 1689 915 1729 Aman
944 1688 1092 1730 stolam
1122 1694 1163 1729 et
1191 1702 1354 1743 equum,
1385 1689 1660 1743 indutumque
1688 1689 1993 1731 Mardochaeum
2020 1689 2062 1730 in
2090 1689 2229 1743 platea

309 1747 500 1791 civitatis,
531 1754 572 1788 et
598 1748 837 1801 impositum
866 1761 969 1801 equo
998 1749 1267 1801 praecedebat,
1298 1753 1423 1802 atque
1451 1748 1677 1789 clamabat:
1708 1748 1797 1789 Hoc
1823 1748 1976 1790 honore
2003 1748 2228 1802 condignus

309 1812 381 1850 est.
415 1820 715 1861 quemeumque
744 1820 814 1847 rex
845 1807 1020 1848 voluerit
1049 1808 1259 1849 honorare.

414 1881 445 1903 ¹2
480 1879 764 1931 Reversusque
797 1883 858 1918 est
890 1878 1171 1919 Mardochaeus
1205 1879 1257 1919 ad
1289 1878 1455 1919 ianuam
1488 1878 1650 1932 palatii:
1685 1884 1726 1919 et
1758 1879 1892 1919 Aman
1925 1879 2140 1919 festinavit
2171 1879 2228 1920 ire

308 1937 348 1978 in
368 1938 536 1979 domum
558 1950 686 1985 suam,
708 1936 848 1991 lugens
869 1943 910 1978 et
930 1944 1071 1990 operto
1093 1938 1245 1991 capite:
1295 1940 1326 1962 ¹³
1346 1937 1613 1991 narravitque
1633 1937 1752 1978 Zares
1773 1938 1890 1979 uxori
1910 1951 2003 1984 suae,
2026 1943 2067 1978 et
2088 1938 2227 1979 amicis

308 1997 446 2038 onmia
473 2011 563 2051 quae
590 1996 820 2037 evenissent
848 1996 934 2037 sibi.
965 1996 1038 2037 Cui
1065 1997 1365 2050 responderunt
1392 1996 1608 2050 sapientes,
1640 2010 1741 2050 quos
1768 1997 1951 2037 habebat
1977 1997 2019 2038 in
2046 1997 2224 2046 consilio,

309 2061 350 2096 et
375 2070 477 2097 uxor
501 2056 603 2097 eius:
630 2056 671 2097 Si
696 2056 746 2096 de
771 2056 922 2096 semine
950 2055 1180 2097 Iudaeorum
1206 2061 1268 2097 est
1292 2056 1584 2104 Mardochaeus,
1613 2060 1710 2096 ante
1736 2069 1857 2110 quem
1883 2056 2026 2097 cadere
2052 2056 2225 2109 coepisti,

309 2129 389 2157 non
420 2116 571 2169 poteris
602 2115 635 2155 ei
666 2115 861 2157 resistere.
895 2115 964 2155 sed
995 2115 1114 2156 cades
1144 2115 1185 2155 in
1216 2120 1437 2168 conspectu
1468 2115 1564 2155 eius.

457 2221 495 2260 4.
526 2220 668 2259 Aman
700 2219 1001 2272 suspenditur
1031 2219 1075 2259 et
1104 2219 1427 2260 Mardochaeus
1456 2219 1771 2271 promovetur,
1800 2220 1840 2271 6,
1861 2220 2014 2272 14——8,
2033 2222 2073 2261 2.

414 2292 445 2314 ¹⁴
468 2291 615 2331 Adhuc
639 2290 714 2331 illis
738 2290 1013 2343 loquentibus,
1042 2295 1243 2331 venerunt
1267 2289 1442 2330 eunuchi
1466 2291 1580 2343 regis,
1608 2296 1647 2331 et
1673 2291 1753 2332 cito
1779 2305 1871 2332 eum
1897 2291 1949 2332 ad
1974 2292 2223 2341 convivium,

310 2350 419 2403 quod
448 2350 585 2403 regina
612 2355 842 2403 paraverat,
873 2362 1038 2403 pergere
1066 2349 1364 2402 compulerunt.

415 2424 450 2466 7.
506 2426 519 2447 ¹
554 2423 733 2464 Intravit
763 2423 903 2476 itaque
934 2436 1003 2463 rex
1035 2428 1076 2463 et
1106 2422 1253 2469 Aman,
1286 2428 1334 2464 ut
1365 2423 1552 2464 biberent
1583 2436 1675 2464 cum
1706 2421 1856 2475 regina.
1917 2423 1931 2445 2
1961 2421 2161 2475 Dixitque
2192 2422 2227 2463 ei

309 2496 378 2522 rex
406 2483 529 2523 etiam
559 2482 737 2523 secunda
764 2483 838 2525 die,
869 2487 1090 2535 postquam
1119 2482 1214 2523 vino
1242 2482 1486 2523 incaluerat:
1516 2482 1616 2531 Quae
1642 2487 1704 2523 est
1730 2480 1875 2534 petitio
1904 2485 1978 2521 tua
2004 2481 2154 2522 Esther
2179 2486 2228 2522 ut

310 2542 430 2582 detur
446 2541 546 2582 tibi?
566 2548 607 2582 et.
626 2542 723 2595 quid
741 2541 801 2581 vis
820 2541 928 2582 fieri?
948 2541 1073 2582 etiam
1091 2541 1122 2581 si
1140 2541 1353 2582 dimidiam
1370 2546 1531 2595 partem
1550 2541 1661 2595 regni
1678 2540 1757 2581 mei
1774 2539 1950 2593 petieris,
1971 2540 2223 2593 impetrabis.

308 2603 323 2624 ³
347 2601 412 2641 Ad
440 2614 559 2654 quem
587 2600 654 2641 illa
680 2601 907 2654 respondit:
935 2600 975 2641 Si
1002 2600 1138 2640 inveni
1163 2600 1339 2654 gratiam
1365 2601 1406 2641 in
1433 2600 1557 2642 oculis
1584 2601 1664 2641 tuis
1691 2614 1712 2641 0
1739 2612 1821 2647 reX,
1850 2604 1891 2640 et
1916 2598 1948 2640 si
1974 2599 2050 2640 tibi
2075 2599 2223 2652 placet,

308 2660 417 2700 dona
432 2660 530 2700 mihi
547 2660 727 2700 animam
743 2673 877 2700 meam
894 2673 964 2713 pro
982 2673 1064 2713 qua
1078 2672 1186 2713 rogo,
1205 2665 1245 2700 et
1260 2659 1459 2713 populum
1474 2673 1612 2700 meum
1627 2673 1699 2713 pro
1717 2672 1797 2713 quo
1814 2658 1991 2700 obsecro.
2036 2660 2051 2683 ‘¹
2068 2658 2225 2699 Traditi

308 2719 415 2760 enim
441 2732 580 2760 sumus
607 2732 678 2772 ego
705 2724 744 2759 et
771 2719 945 2772 populus
972 2732 1096 2762 meus,
1126 2724 1172 2759 ut
1198 2724 1469 2764 conteramur,
1498 2719 1738 2772 iugulemur,
1767 2723 1808 2758 et
1833 2730 2059 2771 pereamus.
2087 2717 2226 2771 Atque

308 2778 467 2818 utinam
486 2778 527 2818 in
544 2791 681 2819 servos
698 2783 739 2818 et
755 2778 929 2819 famulas
947 2778 1233 2818 venderemur:
1253 2783 1358 2819 esset
1374 2777 1584 2819 tolerabile
1601 2777 1768 2827 malum,
1788 2782 1829 2818 et
1844 2789 2008 2830 gemens
2025 2781 2223 2817 tacerem:

310 2850 416 2877 nunc
436 2843 574 2878 autem
593 2837 721 2878 hostis
741 2843 879 2878 noster
897 2842 969 2884 est,
992 2837 1104 2877 cuius
1124 2836 1342 2878 crudelitas
1361 2837 1567 2878 redundat
1586 2837 1626 2877 in
1645 2850 1791 2890 regem.
1839 2837 1854 2860 ⁵
1874 2835 2226 2889 Respondensque

309 2909 378 2936 rex
399 2897 596 2937 Assuerus
616 2897 691 2937 ait:
714 2897 811 2945 Quis
832 2902 893 2937 est
912 2897 998 2944 iste,
1021 2901 1062 2936 et
1081 2896 1194 2936 cuius
1215 2896 1420 2949 potentiae,
1443 2902 1490 2937 ut
1509 2896 1593 2937 haec
1614 2896 1765 2937 audeat
1784 2894 1940 2935 facere?
1991 2896 2006 2917 ⁶
2025 2894 2225 2947 Dixitque

310 2954 475 2995 Esther:
508 2956 648 2997 Hostis
678 2962 718 2996 et
746 2956 932 2996 inimicus
962 2960 1099 2996 noster
1128 2955 1325 3008 pessimus
1353 2955 1429 2996 iste
1458 2960 1519 2996 est
1547 2955 1694 2996 Aman.

415 3026 533 3073 Quod
556 3025 619 3065 ille
642 3026 821 3071 audiens,
847 3026 950 3067 illico
974 3026 1201 3078 obstupuit,
1228 3025 1390 3066 vultum
1412 3026 1514 3079 regis
1538 3039 1583 3066 ac
1605 3026 1753 3075 reginae
1774 3026 1877 3065 ferre
1900 3037 1981 3065 non
2004 3024 2220 3065 sustinens

312 3085 324 3106 ⁷
350 3084 438 3124 Rex
464 3090 601 3124 autem
628 3085 754 3125 iratus
779 3085 964 3130 surrexit,
992 3090 1033 3126 et
1057 3085 1105 3125 de
1129 3084 1215 3125 loco
1241 3085 1418 3126 convivii
1442 3085 1613 3125 intravit
1638 3085 1677 3125 in
1703 3085 1869 3125 hortum
1894 3083 2106 3124 arboribus
2131 3096 2224 3123 con-

309 3143 445 3184 situm.
472 3144 605 3184 Aman
632 3157 793 3196 quoque
818 3145 993 3185 surrexit
1017 3149 1064 3184 ut
1087 3149 1249 3194 rogaret
1273 3144 1422 3184 Esther
1445 3144 1626 3193 reginam
1650 3156 1723 3197 pro
1749 3143 1887 3184 anima
1910 3155 1994 3191 sua,
2022 3141 2225 3182 intellexit

309 3202 413 3241 enim
444 3216 465 3242 a
494 3216 582 3252 rege
610 3203 683 3243 sibi
712 3209 903 3255 paratum
932 3203 1098 3244 malum.
1157 3206 1172 3225 ⁸
1199 3203 1276 3251 Qui
1304 3216 1396 3243 cum
1424 3216 1607 3243 reversus
1635 3207 1740 3243 esset
1767 3202 1816 3242 de
1842 3202 1961 3243 horto
1990 3200 2223 3241 nemoribus

310 3261 477 3305 consito,
514 3268 554 3302 et
588 3262 779 3302 intrasset
814 3262 989 3303 convivii
1023 3261 1170 3309 locum,
1207 3261 1355 3315 reperit
1387 3262 1522 3302 Aman
1557 3274 1677 3314 super
1709 3260 1905 3301 lectulum
1939 3259 2146 3308 corruisse,
2182 3259 2223 3299 in

310 3333 388 3371 quo
416 3320 575 3361 iacebat
600 3321 759 3368 Esther,
788 3327 828 3361 et
853 3321 928 3361 ait:
957 3321 1094 3361 Etiam
1120 3321 1300 3371 reginarii
1327 3320 1417 3361 vult
1442 3320 1680 3373 opprimere,
1708 3333 1773 3360 me.
1797 3324 2007 3373 praesente,
2034 3318 2075 3358 in
2101 3319 2222 3359 domo

311 3391 410 3418 mea.
432 3379 613 3419 Necdum
634 3380 802 3420 verbum
820 3380 869 3420 de
886 3393 952 3421 ore
968 3380 1070 3431 regis
1087 3379 1252 3424 exierat,
1271 3384 1312 3420 et
1328 3379 1470 3420 statim
1487 3384 1736 3432 operuerunt
1750 3378 1895 3419 faciem
1912 3378 2008 3419 eius.
2056 3379 2071 3401 ⁹
2086 3377 2223 3417 Dixit-

310 3450 387 3490 que
417 3437 621 3481 Harbona.
650 3452 752 3479 unus
777 3439 825 3479 de
850 3439 1056 3483 eunuchis,
1085 3438 1153 3492 qui
1178 3439 1345 3479 stabant
1371 3439 1411 3478 in
1435 3438 1658 3479 ministerio
1683 3438 1803 3491 regis:
1830 3437 1894 3477 En
1917 3436 2084 3489 lignum,
2112 3436 2222 3490 quod

310 3503 525 3548 paraverat
554 3497 820 3545 Mardoehaeo,
851 3498 918 3551 qui
945 3498 1105 3539 loeutus
1131 3502 1193 3538 est
1218 3510 1290 3550 pro
1320 3510 1419 3551 rege,
1448 3502 1533 3538 stat
1559 3498 1599 3538 in
1626 3497 1746 3538 domo
1773 3497 1920 3545 Aman,
1948 3495 2103 3536 habens
2129 3494 2222 3535 alti-
