2356 3760
743 488 1428 577 EPISTOLA

251 609 674 696 BEATI
741 609 1169 699 PAULI
1232 609 1917 698 APOSTOLI

457 742 566 794 AD
605 742 1405 796 THESSALONICENSES
1442 742 1711 795 PRIMA.

1030 846 1183 854 *xa-sssxx

835 920 1096 972 Exordium,
1124 922 1164 973 1,
1184 921 1336 961 1—10.

238 991 275 1034 1.
330 993 345 1016 1
372 990 536 1039 Paulus,
569 996 610 1032 et
639 991 840 1039 Silvanus,
873 997 914 1033 et
944 992 1181 1034 Timotheus
1211 991 1400 1032 Ecclesiae
1430 989 1847 1032 Thessalonicensium
1875 989 1918 1031 in
1946 990 2034 1031 Deo
2066 994 2210 1054 Salutffifrio

133 1049 267 1100 Patre,
299 1055 340 1090 et
367 1049 546 1091 Domino
577 1050 667 1090 Iesu
697 1050 867 1091 Christo.
952 1053 966 1075 2
995 1051 1138 1092 Gratia
1168 1050 1294 1100 vobis,
1327 1056 1367 1091 et
1395 1063 1488 1104 pax,
2053 1036 2124 1059 apos
2169 1036 2221 1058 ¹⁰³⁵

238 1107 400 1149 Gratias
433 1108 588 1161 agimus
620 1109 707 1150 Deo
740 1122 897 1162 semper
927 1123 1000 1162 pro
1033 1109 1220 1151 omnibus
1253 1108 1380 1157 vobis,
1414 1108 1652 1150 memoriam
1684 1107 1809 1149 vestri
1840 1107 2034 1148 facientes
2059 1111 2218 1170 sssssssiafflm

132 1167 174 1207 in
198 1167 448 1208 orationibus
470 1166 618 1207 nostris
641 1167 724 1208 sine
746 1167 1055 1217 intermissione,
1105 1170 1120 1192 3
1141 1181 1338 1209 memores
1362 1166 1491 1221 operis
1514 1166 1607 1207 fidei
1628 1172 1785 1216 vestm,
1810 1172 1851 1207 et
1870 1165 2031 1215 laboris,
2064 1152 2214 1219 ῗῗεὲῗῑέιῖἓ

134 1231 176 1267 01
198 1225 420 1274 charitatis,
447 1231 487 1266 et
510 1225 763 1267 sustinentiae
785 1226 869 1279 spei
892 1226 1057 1268 Domini
1079 1226 1208 1267 nostri
1233 1226 1324 1267 Iesu
1347 1225 1506 1275 Christi,
1532 1230 1627 1266 ante
1649 1225 1783 1265 Deum
1807 1229 1848 1266 et
1868 1224 2034 1265 Patrem
2049 1216 2228 1280 Tffijffissff'

133 1290 337 1325 nostrum:
395 1286 410 1308 1
440 1283 610 1325 scientes
640 1284 796 1334 fratres,
829 1284 965 1326 dilecti
995 1298 1019 1326 a
1046 1285 1145 1335 Deo,
1178 1284 1415 1325 electionem
1445 1289 1642 1324 vestram:

237 1344 252 1367 5
284 1343 379 1396 quia
408 1342 678 1396 Evangelium
708 1349 893 1385 nostrum
924 1357 1005 1385 non
1036 1343 1115 1384 fuit
1145 1343 1198 1384 ad
1228 1356 1300 1384 vos
1330 1342 1371 1382 in
1401 1355 1583 1383 sermone
1615 1347 1791 1391 tantum,
1824 1342 1894 1382 sed
1924 1346 1964 1382 et
1994 1341 2034 1381 in
2093 1344 2213 1403 ,fflilar

134 1401 299 1450 virtute,
328 1407 369 1442 et
394 1401 434 1441 111
461 1401 615 1455 Spiritu
642 1407 796 1451 sancto,
826 1407 867 1442 et
892 1402 932 1442 in
959 1401 1212 1455 plenitudine
1237 1401 1380 1449 multa,
1409 1400 1513 1441 sicut
1539 1400 1649 1441 scitis
1677 1400 1814 1454 quales
1841 1399 2034 1440 fuerimus
2065 1385 2173 1453 exgdgi

133 1459 174 1500 in
197 1459 312 1501 vobis
335 1466 502 1513 propter
524 1474 606 1501 vos
661 1462 676 1483 ⁶
698 1460 754 1500 Et
775 1473 848 1500 vos
870 1459 1097 1500 imitatores
1119 1459 1249 1500 nostri
1271 1459 1369 1499 facti
1392 1459 1499 1508 estis,
1525 1464 1566 1499 et
1587 1458 1765 1508 Domini,
1790 1458 2034 1511 excipientes
2074 1451 2205 1509 ξξζᾞξζξζζ

135 1518 304 1559 verbum
323 1518 365 1558 in
385 1517 649 1559 tribulatione
668 1517 810 1567 multa,
833 1532 925 1558 cum
944 1517 1093 1571 gaudio
1112 1517 1286 1571 Spiritus
1306 1517 1454 1558 sancti:
1505 1519 1519 1540 ⁷
1538 1517 1597 1558 ita
1616 1522 1663 1557 ut
1681 1517 1779 1557 facti
1799 1516 1885 1557 sitis
1905 1517 2037 1557 forma
2056 1520 2127 1544 facti
2146 1522 2222 1544 S‘Jnt-

135 1576 322 1617 omnibus
348 1575 605 1617 credentibus
632 1576 673 1616 in
698 1576 949 1626 Macedonia,
979 1582 1019 1617 et
1044 1576 1085 1616 in
1111 1576 1277 1617 Achaia.
1335 1577 1350 1599 ⁸
1375 1576 1411 1617 A
1437 1575 1552 1616 vobis
1579 1575 1686 1616 enim
1713 1575 1950 1616 diffamatus
1975 1580 2037 1615 est

134 1649 264 1677 sermo
291 1634 468 1684 Domini,
499 1647 581 1676 non
609 1634 740 1676 solum
767 1635 809 1675 in
837 1635 1087 1685 Macedonia,
1118 1640 1159 1676 et
1185 1635 1226 1675 in
1253 1634 1421 1683 Achaia,
1452 1634 1521 1675 sed
1549 1639 1590 1675 et
1616 1633 1657 1674 in
1687 1633 1796 1675 omni
1821 1633 1909 1674 loco
1937 1633 2035 1674 fides

134 1698 281 1743 vestra,
305 1707 395 1747 quae
414 1699 475 1734 est
495 1693 547 1734 ad
565 1694 711 1742 Deum,
734 1693 918 1747 profecta
937 1699 1009 1743 est,
1031 1693 1091 1734 ita
1110 1699 1157 1734 ut
1175 1707 1258 1734 non
1278 1693 1330 1734 sit
1350 1692 1466 1734 nobis
1486 1706 1645 1734 necesse
1666 1692 1890 1746 quidquam
1909 1691 2032 1745 loqui.

135 1754 151 1777 ⁹
173 1752 255 1805 Ipsi
276 1752 382 1793 enirn
404 1753 452 1793 de
472 1751 589 1793 nobis
611 1752 864 1793 annunciant
885 1752 1046 1806 qualem
1066 1752 1282 1793 introitum
1302 1751 1563 1793 habuerimus
1584 1751 1635 1792 ad
1656 1764 1746 1792 Vos:
1769 1756 1810 1792 et
1831 1750 2035 1804 quomodo

134 1810 316 1852 conversi
345 1810 440 1851 estis
469 1811 522 1851 ad
548 1811 681 1851 Deum
711 1824 735 1851 a
762 1810 997 1860 simulacris,
1029 1811 1176 1852 servire
1204 1811 1291 1852 Deo
1320 1811 1427 1857 Vivo,
1458 1815 1499 1851 et
1527 1823 1633 1859 vero,
1690 1812 1726 1834 ¹0
1753 1814 1795 1850 et
1822 1815 2034 1863 expectare

134 1869 281 1910 Filium
311 1869 395 1910 eius
424 1869 473 1910 de
502 1869 606 1910 caelis
636 1871 773 1922 (quem
803 1869 1018 1911 suscitavit
1047 1883 1096 1910 ex
1124 1870 1313 1923 mortuis)
1344 1870 1490 1919 Iesum,
1522 1868 1591 1922 qui
1620 1868 1768 1921 eripuit
1794 1881 1868 1910 nos
1896 1868 1948 1909 ab
1976 1867 2036 1908 ira

134 1932 319 1969 ventura.

816 2007 1035 2061 PARS
1075 2006 1357 2061 PRIOR.

527 2095 868 2149 Tractatio
906 2096 1248 2160 historica,
1286 2094 1346 2159 2,
1374 2093 1530 2158 1—3,
1555 2092 1642 2145 13.

485 2232 525 2271 1.
555 2230 668 2282 Quae
698 2232 741 2271 in
772 2232 1019 2283 praesentia
1049 2231 1173 2271 Pauli
1203 2230 1451 2279 evenerint,
1479 2231 1519 2281 2,
1537 2230 1683 2270 1ffl16.

237 2301 274 2345 2.
330 2304 344 2326 1
374 2302 479 2342 Nam
502 2302 579 2355 ipsi
602 2302 723 2351 scitis,
748 2302 905 2351 fratres,
930 2302 1146 2343 introitum
1168 2307 1355 2342 nostrum
1378 2301 1430 2341 ad
1453 2314 1536 2349 vos,
1563 2300 1659 2353 quia
1679 2313 1762 2340 non
1783 2299 1914 2340 inanis
1936 2300 2032 2341 fuit:
2052 2298 2239 2358 Pfflgjig‘ss'n

133 2363 148 2386 ²
168 2361 238 2402 sed
257 2366 352 2402 ante
370 2361 490 2414 passi,
513 2366 555 2401 et
578 2360 852 2402 acontumeliis
873 2361 1008 2402 affecti
1029 2360 1151 2412 (sicut
1169 2359 1296 2413 scitis)
1316 2359 1356 2399 in
1376 2358 1585 2412 Philippis,
1607 2357 1798 2398 fiduciam
1817 2358 2034 2399 habuimus
2148 2356 2154 2358 ’
2190 2354 2195 2363 ’

133 2419 175 2460 111
201 2419 289 2460 Deo
315 2425 455 2460 nostro
481 2419 593 2472 loqui
620 2420 672 2460 ad
699 2433 771 2461 vos
798 2419 1068 2473 Evangelium
1095 2418 1171 2459 Dei
1197 2419 1239 2459 in
1265 2418 1398 2459 multa
1424 2417 1691 2458 solicitudine.
1746 2418 1761 2441 3
1788 2416 2034 2458 Exhortatio

134 2477 241 2519 enim
260 2484 402 2519 nostra
419 2491 501 2519 non
521 2478 569 2518 de
589 2491 731 2528 errore,
752 2491 884 2532 neque
904 2479 953 2519 de
971 2477 1244 2525 immunditia,
1266 2490 1396 2529 neque
1414 2476 1456 2516 in
1476 2475 1580 2525 dolo,
1627 2478 1643 2499 1
1662 2475 1732 2516 3οᾶ
1750 2474 1855 2516 310111
1873 2475 2035 2528 probati

133 2550 272 2578 sumus
299 2550 323 2577 a
347 2536 436 2579 Deo
460 2542 507 2577 ut
532 2537 762 2578 crederetur
785 2537 903 2579 nobis
928 2536 1217 2590 Evangelium:
1244 2536 1304 2577 ita
1327 2535 1531 2588 loquimur
1556 2547 1637 2575 non
1664 2533 1779 2587 quasi
1804 2533 2035 2574 hominibus

133 2595 351 2649 placentes,
378 2596 449 2636 sed
474 2596 574 2645 Deo,
600 2596 668 2650 qui
694 2596 844 2649 probat
871 2596 994 2637 corda
1013 2601 1164 2637 nostra.
1220 2597 1235 2619 ⁵
1265 2594 1405 2647 Neque
1433 2593 1540 2634 enim
1568 2592 1787 2646 aliquando
1815 2592 1965 2632 fuimus
1991 2591 2032 2631 in
2048 2598 2226 2651 agsssffiffim

133 2667 316 2696 sermone
350 2654 608 2704 adulationis,
644 2654 750 2695 sicut
782 2654 910 2696 scitis:
946 2668 1076 2708 neque
1109 2654 1151 2694 in
1185 2652 1393 2695 occasione
1427 2651 1627 2693 avaritiae:
1661 2651 1771 2691 Deus
1806 2650 1919 2691 testis
1954 2655 2031 2690 est:

136 2715 152 2738 ⁶
173 2726 246 2754 nec
270 2718 494 2766 quaerentes
518 2713 568 2753 ab
592 2713 824 2754 hominibus
846 2713 1028 2767 gloriam,
1053 2726 1184 2766 neque
1207 2725 1231 2752 a
1252 2711 1381 2760 vobis,
1407 2724 1536 2764 neque
1559 2711 1609 2750 ab
1634 2709 1731 2750 aliis.
1785 2710 1800 2732 ⁷
1823 2708 1923 2749 Cum
1946 2722 2035 2761 pos-

134 2785 267 2813 semus
284 2771 399 2812 Vobis
418 2771 528 2813 oneri
545 2785 628 2812 esse
645 2778 692 2813 ut
709 2771 857 2813 Christi
872 2771 1078 2826 Apostoli:
1098 2771 1167 2812 sed
1183 2770 1282 2811 facti
1299 2783 1438 2810 sumus
1455 2768 1615 2822 parvuli
1630 2768 1672 2808 in
1687 2767 1821 2808 medio
1839 2772 2033 2815 vestrum,

135 2836 348 2884 tamquam
378 2830 410 2871 si
437 2830 577 2871 nutrix
604 2831 746 2872 foveat
772 2830 876 2872 filios
905 2844 1009 2872 suos.
1069 2832 1084 2854 ⁸
1114 2830 1181 2870 Ita
1208 2829 1483 2870 desiderantes
1512 2840 1595 2875 vos,
1627 2826 1770 2879 cupide
1799 2825 2036 2866 volebamus

134 2889 292 2930 tradere
325 2888 441 2930 vobis
473 2902 556 2930 non
590 2889 721 2930 solum
754 2888 1024 2942 Evangelium
1057 2888 1145 2937 Dei,
1181 2888 1251 2929 sed
1284 2887 1407 2928 etiam
1441 2885 1597 2927 animas
1629 2890 1806 2925 nostras:
1843 2883 2035 2938 quoniam

134 2946 357 2988 charissimi
380 2947 497 2989 nobis
522 2947 621 2988 facti
645 2947 753 2989 estis.
808 2950 824 2973 ⁹
847 2948 1044 2989 Memores
1069 2947 1177 2988 enim
1201 2946 1296 2987 estis
1320 2946 1464 2986 fratres
1488 2943 1637 2984 laboris
1661 2941 1800 2991 nostri,
1827 2947 1869 2983 et
1890 2942 2035 2995 fatiga-

134 3005 274 3047 tionis:
309 3011 448 3047 bnocte
478 3020 525 3047 ac
555 3006 618 3047 die
649 3012 875 3061 operantes,
906 3020 957 3047 ne
988 3020 1108 3060 quem
1139 3009 1321 3046 vestrum
1350 3016 1623 3056 gravaremus,
1655 3000 1964 3054 praedicavimus
1993 3000 2034 3039 in

134 3064 250 3106 vobis
273 3063 543 3118 Evangelium
565 3064 653 3106 Dei.
705 3067 741 3090 ¹⁰
762 3065 844 3107 Vos
868 3070 991 3106 testes
1015 3064 1122 3114 estis,
1148 3069 1190 3105 et
1210 3064 1333 3111 Deus,
1360 3074 1484 3115 quam
1506 3065 1656 3110 sancte,
1683 3064 1724 3100 et
1745 3059 1862 3108 iuste,
1887 3064 1928 3099 01
1950 3058 2034 3098 31110
2094 3058 2183 3086 ’1111119

2056 3091 2219 3116 innocentia

135 3122 308 3177 querela,
346 3123 474 3173 Vobis,
513 3123 583 3177 qui
617 3123 856 3173 credidistis,
893 3123 1062 3165 fuimus:
1127 3124 1158 3146 11
1194 3121 1298 3162 sicut
1333 3119 1455 3167 scitis,
1494 3118 1668 3172 qualiter
1702 3129 2034 3180 unumquemque
2047 3126 2228 3191 gjggffiiffl

134 3187 316 3223 vestrum
352 3181 473 3233 (sicut
506 3186 624 3235 pater
656 3182 759 3223 filios
793 3183 904 3236 suos)
964 3184 996 3206 ¹2
1030 3182 1293 3234 deprecantes
1328 3191 1412 3227 vos,
1448 3183 1490 3218 et
1523 3176 1790 3223 consolantes,
1828 3174 2034 3216 testificati

135 3254 286 3289 sumus,
318 3245 365 3281 ut
393 3239 656 3281 ambularetis
686 3240 805 3294 digne
832 3241 933 3290 Deo,
965 3240 1034 3294 qui
1063 3238 1228 3280 vocavit
1256 3250 1329 3278 Vos
1357 3236 1398 3276 in
1427 3249 1545 3276 suum
1573 3249 1753 3289 regnum,
1785 3239 1826 3275 et
1853 3233 2033 3286 gloriam.

239 3301 270 3324 1³
292 3298 389 3340 ldeo
408 3303 450 3339 et
467 3311 541 3339 nos
559 3299 710 3352 gratias
730 3299 887 3353 agimus
905 3299 994 3340 Deo
1013 3298 1097 3339 sine
1116 3294 1431 3338 intermissione:
1454 3294 1648 3348 quoniam
1668 3306 1759 3334 cuni
1779 3290 2032 3344 accepissetis
2048 3292 2225 3317 Thessalfflss·

2048 3333 2144 3352 CPHSGS
2166 3333 2225 3350 Ver·

135 3370 160 3397 a
182 3357 298 3398 nobis
324 3357 495 3398 verbum
519 3357 684 3398 auditus
708 3357 796 3407 Dei,
823 3356 1035 3411 accepistis
1058 3356 1170 3400 illud,
1197 3366 1279 3395 non
1304 3358 1351 3394 ut
1374 3353 1545 3393 verbum
1570 3351 1792 3400 hominum,
1819 3350 1889 3392 sed
1913 3349 2032 3399 (sicut
2047 3363 2115 3386 bum
2133 3361 2185 3385 Dei
2201 3361 2228 3384 in

135 3420 197 3456 est
216 3416 327 3470 vere)
347 3416 518 3457 verbum
538 3415 626 3465 Dei,
650 3415 719 3469 qui
739 3421 931 3470 operatur
949 3415 991 3455 in
1011 3414 1138 3459 vobis,
1163 3412 1232 3467 qui
1252 3410 1488 3453 credidistis.
1538 3413 1569 3435 ¹⁴
1590 3423 1661 3451 vos
1682 3409 1788 3449 enim
1808 3408 2033 3448 imitatores
2074 3403 2202 3456 {ffiffiffg

2056 3467 2223 3491 constante<

267 3505 297 3547 2,
323 3487 343 3539 23
367 3487 481 3540 {ff
478 3507 529 3542 16.
556 3508 606 3541 19.
635 3528 673 3531 —
698 3508 718 3541 9
742 3509 829 3541 bAct
855 3507 908 3545 20,
938 3507 995 3540 34:
1022 3508 1038 3538 1
1066 3506 1130 3539 eor
1157 3505 1187 3543 4,
1217 3504 1274 3541 122
1304 3504 1323 3536 ‘2
1348 3503 1435 3536 Thes
1463 3503 1494 3541 3,
1523 3502 1554 3536 8.
2050 3501 2239 3526 retinuerunt-
