2356 3760
137 117 190 155 47,
216 115 356 154 leg-48,
384 116 424 148 19
913 111 1255 145 ECCLESIASTICI
1952 118 2027 158 (565

140 211 174 234 ¹⁹
191 213 232 249 et
261 209 302 249 in
332 208 495 249 nomine
524 205 691 247 Domini
720 203 807 247 Dei,
893 204 957 244 cui
987 210 1047 244 est
1078 217 1311 257 cognomen,
1343 205 1453 245 Deus
1486 205 1619 246 Israel.

139 270 175 292 ²⁰
196 267 418 320 aCollegisti
452 265 567 319 quasi
601 262 876 304 aurichalcum
910 275 1066 309 aurum,
1154 268 1193 303 et
1228 268 1273 303 ut
1316 263 1529 316 plumbum
1564 263 1773 316 complesti
1806 273 2015 315 argentum

139 329 171 350 2¹
191 331 233 367 et
261 325 465 367 inclinasti
492 324 648 364 femora
675 326 750 361 tua
778 320 1031 360 mulieribus:
1115 326 1362 374 potestatem
1391 321 1570 362 habuisti
1599 322 1639 362 in
1669 335 1832 376 corpore
1851 310 1942 366 tuo.
2021 302 2097 352 'wi
2120 331 2216 358 vostea

140 387 171 409 ²²
192 384 341 426 dedisti
370 381 574 424 maculam
604 380 646 420 in
675 379 803 433 gloria
832 384 916 422 tua.
1003 385 1042 419 et
1074 379 1299 432 profanasti
1330 393 1465 420 semen
1496 385 1614 420 tuum
2085 364 2181 390 *mm*

192 444 382 485 inducere
411 439 666 482 iracundiam
697 438 749 478 ad
778 437 924 478 liberos
954 442 1058 485 tuos,
1144 444 1183 477 et
1214 438 1373 478 incitari
1403 438 1621 479 stultitiam
1653 445 1779 485 tuam,

141 505 173 527 23
190 507 238 543 ut
262 502 414 542 faceres
440 497 655 552 imperium
682 496 938 549 bipartitum,
1024 500 1085 536 bet
1112 509 1161 536 ex
1187 496 1383 549 Ephraim
1409 497 1606 550 imperare
1635 497 1846 551 imperium
1875 499 2032 539 durum.

141 563 173 586 2⁴
192 561 302 602 Deus
339 563 478 599 autem
512 569 594 598 non
629 554 883 607 derelinquet
928 554 1243 595 misericordiam
1279 567 1406 600 suam,
1496 560 1536 595 et
1570 569 1651 596 non
1686 562 1927 610 corrumpet,
1965 570 2037 597 nec

401 615 554 658 delebit
582 627 705 667 opera
733 627 818 657 sua.

192 690 323 731 neque
352 676 495 730 perdet
525 687 549 714 a
577 673 702 726 stirpe
726 676 896 725 nepotes
921 672 1036 712 electi
1061 671 1139 712 sui:
1212 678 1253 712 et
1279 684 1415 712 semen
1439 671 1534 714 eius,
1558 672 1626 724 qui
1650 672 1777 726 diligit
1800 674 2034 721 Dominum,

401 747 483 775 non
513 736 757 785 corrumpet.

140 797 172 819 ²5
191 794 318 836 Dedit
345 797 484 834 autem
510 790 712 844 reliquum
742 790 876 836 Iacob,
959 795 1000 830 et
1025 788 1163 830 David
1190 789 1239 830 de
1265 788 1355 842 ipsa
1381 788 1517 841 stirpe.

319 909 358 949 6.
389 907 547 948 Gloria
576 906 655 947 Dei
686 906 730 945 in
760 904 969 957 patribus
999 915 1146 955 usque
1177 904 1235 944 ad
1265 904 1490 954 exsilium,
1520 904 1583 955 47,
1605 904 1776 955 26—49‚
1797 905 1861 944 12.

141 984 176 1006 ²⁶
193 982 249 1023 Et
264 982 386 1022 finem
401 979 549 1020 habuit
559 977 751 1019 Salomon
767 990 860 1017 cum
874 976 1060 1030 patribus
1075 976 1167 1017 suis.
1213 977 1246 1000 ²⁷
1262 976 1317 1016 Et
1333 974 1547 1028 dereliquit
1560 979 1653 1028 post
1668 988 1707 1015 se
1724 975 1772 1015 de
1787 975 1936 1016 semine
1952 989 2035 1023 suo,
2104 975 2180 999 Inter

193 1040 325 1095 gentis
350 1038 583 1084 stultitiam,
625 1038 660 1061 ²³
685 1042 725 1077 et
750 1035 1014 1076 imminutum
1034 1048 1058 1076 a
1077 1034 1305 1088 prudentia,
1380 1034 1577 1081 Roboam,
1607 1033 1675 1086 qui
1707 1034 1855 1074 avertit
1876 1040 2037 1087 gentem
2065 1012 2220 1069 sffiiffissffis

406 1097 570 1139 consilio
601 1110 692 1137 suo:

142 1160 177 1183 2⁹
202 1164 260 1199 cet
288 1158 503 1199 Ieroboam
530 1155 658 1196 filium
688 1154 837 1197 Nabat,
869 1153 938 1207 qui
967 1165 1132 1207 peccare
1159 1152 1256 1193 fecit
1285 1151 1419 1197 Israel,
1502 1156 1542 1191 et
1569 1150 1681 1191 dedit
1709 1151 1817 1190 viam
1845 1150 2039 1204 peccandi

404 1214 614 1269 Ephraim,

195 1282 237 1317 et
275 1275 451 1330 plurima
491 1272 827 1314 redundaverunt
879 1275 1049 1324 peccata
1092 1270 1284 1323 ipsorum.
1381 1270 1417 1292 30
1446 1267 1573 1308 Valde
1614 1273 1851 1307 averterunt
1892 1267 1977 1308 illos
2017 1281 2041 1307 a

406 1339 516 1374 terra
544 1345 629 1372 sua.

142 1397 175 1420 ³¹
196 1394 251 1435 Et
277 1391 466 1447 quaesivit
491 1403 629 1432 omnes
655 1388 858 1442 nequitias
937 1400 1064 1440 usque
1090 1386 1188 1427 dum
1213 1385 1441 1439 perveniret
1468 1385 1520 1425 ad
1544 1383 1630 1425 illos
1656 1384 1845 1428 defensio,
1926 1390 1964 1424 et
1991 1384 2041 1424 ab

405 1449 593 1491 omnibus
624 1447 800 1501 peccatis
829 1445 1019 1486 liberavit
1048 1458 1126 1486 eos.

142 1557 207 1600 48.
264 1559 276 1580 1
294 1556 350 1597 Et
381 1554 577 1595 dsurrexit
607 1552 716 1594 Elias
745 1551 958 1605 propheta,
1001 1549 1116 1604 quasi
1144 1549 1257 1604 ignis,
1334 1555 1375 1589 et
1404 1548 1574 1589 verbum
1613 1547 1737 1601 ipsius
1766 1547 1880 1601 quasi
1909 1546 2043 1588 facula
2086 1545 2113 1569 ³¹¹
2135 1544 2205 1573 ΕΜ

406 1613 590 1654 ardebat.

165 1678 179 1700 2
197 1674 275 1724 Qui
293 1672 458 1714 induxit
474 1672 516 1712 in
534 1670 622 1712 illos
640 1670 804 1714 famem,
862 1674 901 1709 et
920 1668 1126 1708 irritantes
1145 1667 1258 1707 illum
1282 1666 1437 1707 invidia
1454 1679 1528 1706 sua
1544 1665 1663 1718 pauci
1681 1665 1779 1706 facti
1797 1670 1904 1706 sunt.
1962 1677 2043 1705 non

407 1731 514 1772 enim
544 1734 737 1783 poterant
766 1727 964 1768 sustinere
993 1731 1198 1780 praeeepta
1225 1725 1402 1766 Domini.

164 1796 180 1818 ³
204 1792 354 1833 eVerbo
381 1789 548 1831 Domini
577 1787 781 1830 continuit
808 1786 962 1833 caelum,
1045 1790 1086 1826 et
1113 1784 1258 1826 deiecit
1286 1784 1334 1825 de
1363 1783 1456 1824 caelo
1485 1783 1618 1836 ignem
1646 1787 1718 1823 ter.

165 1851 253 1892 ⁴sic
289 1849 563 1904 amplificatus
599 1852 661 1887 est
695 1846 806 1887 Elias
842 1845 882 1885 in
918 1844 1170 1885 mirabilibus
1206 1843 1299 1884 suis.
1386 1842 1442 1883 Et
1478 1842 1565 1895 quis
1602 1845 1738 1895 potest
1773 1840 1954 1881 similiter
1989 1839 2043 1880 sic

408 1907 569 1962 gloriari
599 1905 698 1946 tibi?

165 1972 181 1994 ⁵
208 1968 301 2018 fQui
326 1966 527 2008 sustulisti
552 1970 763 2006 mortuum
790 1964 841 2004 ab
868 1963 1003 2003 inferis
1083 1962 1132 2002 de
1158 1967 1265 2002 sorte
1290 1959 1432 2001 mortis
1458 1959 1499 1999 in
1526 1959 1649 2000 verbo
1676 1957 1841 1999 Domini
1866 1957 1952 1998 Dei.

167 2031 181 2052 ⁶
199 2027 277 2077 Qui
303 2025 483 2067 deiecisti
507 2037 618 2077 reges
645 2023 697 2064 ad
721 2022 951 2075 perniciem,
1025 2026 1066 2061 et
1091 2019 1323 2072 confregisti
1347 2017 1463 2059 facile
1487 2017 1717 2071 potentiam
1741 2016 1932 2069 ipsorum,
2004 2019 2046 2055 et

407 2083 601 2138 gloriosos
631 2082 679 2123 de
708 2081 813 2121 lecto
843 2094 928 2121 suo.

166 2147 180 2169 ⁷
199 2145 278 2194 Qui
309 2143 424 2185 audis
455 2143 496 2183 in
526 2142 625 2183 Sina
653 2140 861 2188 iudicium,
947 2144 987 2179 et
1018 2138 1059 2178 in
1092 2137 1228 2178 Horeb
1260 2136 1409 2177 iudicia
1438 2134 1692 2175 defensionis.

167 2203 278 2253 11Ωηί
307 2203 423 2256 ungis
452 2214 563 2255 reges
593 2200 646 2241 ad
673 2197 974 2253 poenitentiam,
1059 2201 1099 2237 et
1128 2195 1349 2249 prophetas
1377 2194 1476 2234 facis
1505 2205 1750 2234 successores
1780 2196 1871 2246 post
1901 2196 1952 2232 te.

166 2266 181 2288 ⁹
203 2263 301 2312 gQui
329 2265 516 2315 receptus
546 2273 586 2301 es
614 2258 657 2299 in
686 2258 849 2299 turbine
877 2256 991 2310 ignis,
1075 2255 1116 2295 in
1146 2267 1264 2295 curru
1294 2266 1490 2306 equorum
1519 2252 1740 2305 igneorum.

147 2325 182 2347 ¹⁰
199 2322 278 2371 Qui
308 2320 482 2374 scriptus
513 2332 553 2360 es
584 2318 625 2359 in
655 2317 812 2358 iudiciis
843 2322 1075 2369 temporum
1157 2313 1280 2354 lenire
1310 2311 1562 2352 iracundiam
1592 2309 1776 2351 Domini:

201 2379 435 2422 hconciliare
467 2390 534 2420 cor
563 2376 692 2431 patris
724 2376 777 2416 ad
807 2374 946 2423 filium,
1033 2378 1072 2413 et
1105 2372 1315 2413 restituere
1347 2370 1476 2411 tribus
1509 2369 1643 2410 Iacob.

149 2443 180 2465 11
203 2439 322 2481 Beati
350 2442 458 2485 sunt,
490 2436 560 2490 qui
587 2441 628 2476 te
656 2435 860 2479 viderunt,
944 2438 986 2474 et
1012 2433 1054 2472 in
1083 2430 1263 2472 amicitia
1290 2435 1364 2470 tua
1391 2428 1570 2470 decorati
1599 2432 1705 2468 sunt.

149 2502 180 2524 12
199 2512 296 2540 nam
312 2511 386 2539 nos
402 2496 491 2537 vita
506 2495 684 2536 vivimus
705 2498 883 2541 tantum,
942 2496 1035 2545 post
1051 2496 1225 2531 mortem
1243 2494 1381 2530 autem
1398 2501 1479 2529 non
1496 2486 1571 2528 erit
1587 2485 1668 2527 tale
1684 2498 1831 2527 nomen
1848 2488 2043 2525 nostrum.

150 2607 180 2629 ¹³
204 2603 326 2645 iElias
354 2602 518 2656 quidem
544 2600 585 2640 in
610 2599 774 2640 turbine
800 2601 932 2639 tectus
964 2601 1037 2641 est,
1122 2600 1164 2635 et
1188 2595 1229 2635 in
1254 2593 1388 2635 Eliseo
1415 2591 1640 2645 completus
1666 2595 1727 2631 est
1752 2589 1915 2643 spiritus
1942 2588 2042 2628 eius:
2072 2588 2099 2611 111
2122 2586 2223 2616 13118130,

200 2663 242 2703 in
272 2662 415 2703 diebus
445 2660 526 2701 suis
556 2672 639 2700 non
669 2657 882 2712 pertimuit
912 2655 1147 2710 principem,
1232 2658 1274 2694 et
1303 2651 1490 2706 potentia
1519 2663 1636 2690 nemo
1668 2648 1766 2689 vicit
1794 2647 1919 2688 illum.

149 2724 181 2747 14
199 2735 274 2763 nec
304 2719 515 2775 superavit
544 2717 659 2759 illum
690 2717 861 2757 Verbum
894 2714 1059 2768 aliquod
1143 2717 1207 2753 ket
1236 2716 1446 2753 mortuum
1482 2707 1745 2763 prophetavit
1776 2719 1918 2759 corpus
1950 2705 2045 2745 eius.

150 2783 181 2805 1⁵
202 2780 251 2821 In
280 2780 370 2820 vita
397 2791 472 2819 sua
498 2776 596 2818 fecit
624 2780 819 2823 monstra,
904 2779 944 2814 et
972 2773 1014 2813 in
1043 2777 1173 2813 morte
1203 2769 1404 2811 mirabilia
1433 2772 1622 2822 operatus
1651 2771 1723 2806 est.

150 2841 185 2863 1⁶
206 2839 255 2879 In
287 2837 476 2880 omnibus
507 2836 594 2878 istis
625 2848 708 2877 non
738 2833 936 2888 poenituit
966 2830 1152 2886 populus,
1239 2835 1280 2870 et
1311 2842 1392 2869 non
1423 2830 1672 2867 recesserunt
1704 2838 1727 2864 a
1758 2823 1934 2877 peccatis
1966 2822 2047 2862 suis

202 2910 331 2951 usque
361 2897 460 2938 dum
491 2894 607 2936 eiecti
637 2898 735 2935 sunt
764 2894 813 2934 de
844 2898 951 2933 terra
982 2904 1066 2939 sua,
1152 2894 1193 2930 et
1223 2887 1389 2942 dispersi
1420 2890 1516 2926 sunt
1545 2884 1584 2924 in
1616 2896 1777 2925 omnem
1807 2887 1976 2923 terram:

150 2959 183 2981 1⁷
205 2961 247 2998 et
274 2955 416 2997 relicta
444 2960 506 2995 est
533 2967 630 3008 gens
660 2965 876 3007 perpauca,
960 2954 1002 2991 et
1030 2949 1216 3003 princeps
1244 2947 1285 2987 in
1315 2947 1436 2987 domo
1465 2943 1613 2984 David.

150 3017 186 3040 ¹⁸
202 3015 380 3065 Quidam
405 3014 586 3068 ipsorum
611 3012 795 3053 fecerunt
822 3010 932 3064 quod
958 3008 1135 3063 placeret
1159 3007 1265 3048 Deo:
1347 3003 1412 3045 alii
1439 3007 1576 3043 autem
1601 3000 1734 3042 multa
1759 2999 2048 3042 commiserunt

412 3076 593 3126 peccata.

151 3181 185 3204 1⁹
203 3179 398 3220 Ezechias
426 3176 605 3218 munivit
633 3175 845 3217 civitatem
873 3186 1002 3221 suam,
1085 3176 1126 3211 et
1154 3168 1316 3211 induxit
1344 3167 1384 3207 in
1413 3165 1592 3206 medium
1620 3164 1745 3218 ipsius
1775 3176 1936 3217 aquam,
2066 3163 2094 3187 in
2115 3159 2231 3187 Ezecbiss

203 3243 245 3279 et
270 3237 377 3279 fodit
403 3236 507 3277 ferro
535 3248 691 3289 rupem,
774 3238 816 3274 et
843 3230 1061 3273 aedificavit
1090 3230 1141 3270 ad
1170 3240 1319 3281 aquam
1347 3230 1531 3279 puteum.

283 3358 325 3391 20
347 3359 384 3390 ai
409 3357 462 3401 Rg
487 3357 539 3397 10,
565 3357 616 3390 27.
637 3377 679 3380 -
697 3355 740 3389 23
764 3356 802 3387 bi
829 3353 883 3397 Rg
907 3352 1028 3392 12,16.
1050 3373 1091 3375 -
1109 3351 1150 3384 29
1171 3352 1204 3383 ci
1224 3349 1276 3393 Rg
1293 3348 1344 3387 12,
1362 3347 1413 3380 28.
1434 3367 1476 3370 —
1495 3346 1582 3387 48,1
1600 3346 1638 3377 di
1659 3344 1710 3388 Rg
1727 3344 1824 3382 17,1.
1846 3362 1886 3365 μ
1904 3341 1924 3372 3
1941 3341 1974 3371 ei
1994 3337 2046 3379 Rg

151 3406 208 3443 18:
234 3406 254 3438 2
281 3405 333 3449 Rg
357 3406 386 3438 1.
420 3425 462 3427 —
494 3405 514 3437 5
545 3405 576 3437 q
598 3403 651 3448 Rg
676 3403 729 3442 17,
754 3402 805 3434 22.
841 3421 882 3424 κ
914 3400 934 3433 9
959 3399 998 3432 82
1024 3399 1077 3443 Rg
1101 3399 1208 3437 2,11.
1242 3416 1283 3419 —
1317 3392 1569 3433 1011Ma14‚6.
1604 3413 1644 3415 -
1677 3390 1774 3424 1312
1796 3389 1847 3431 Rg
1870 3387 1969 3423 211.
2003 3402 2042 3405 -

152 3453 195 3487 14
218 3453 258 3485 k2
284 3451 338 3497 Rg
362 3451 415 3492 13,
441 3452 493 3485 21.
