2356 3760
136 118 187 151 14.
214 118 331 157 14—1,
358 117 399 150 13
806 119 1080 154 PROPHETIA
1105 120 1360 154 MALACHIAE
1959 129 2037 169 399

136 209 209 257 sui,
235 214 276 249 et
298 212 532 250 conseretur
552 222 698 250 manus
721 210 804 250 01113
827 223 947 263 super
968 224 1136 251 manum
1159 211 1334 264 proximi
1356 212 1428 254 sui.
1480 215 1512 237 ¹⁴
1532 213 1612 254 Sed
1634 220 1674 255 et
1698 215 1818 257 Iudas
1841 219 2041 270 pugnabit

135 267 329 308 adversus
372 266 608 308 Ierusalem:
651 274 692 308 01
731 269 1088 321 congregabuntur
1127 269 1280 311 divitiae
1321 271 1502 312 omnium
1542 272 1736 313 Gentium
1776 275 1815 315 in
1857 270 2038 320 circuitu,

135 338 292 372 aurum,
322 331 363 366 et
389 330 615 379 argentum,
644 330 685 366 et
711 332 844 366 vestes
869 327 1010 367 multae
1036 328 1146 368 satis.
1202 330 1233 352 ¹⁵
1259 329 1314 369 Et
1340 330 1394 370 sic
1421 329 1496 370 erit
1521 330 1639 371 ruina
1665 332 1768 384 equi,
1798 338 1836 373 et
1863 335 1972 378 1111111,
2002 342 2040 376 01

135 383 288 429 cameli,
311 390 351 425 et
371 384 483 427 asini.
506 390 546 424 et
565 383 747 425 omnium
766 384 1055 428 iumentorum.
1079 399 1168 439 quae
1186 387 1337 428 fuerint
1355 388 1397 428 in
1416 389 1557 429 castris
1576 388 1663 435 11113,
1686 390 1790 431 310111
1809 392 1925 432 ruina
1943 393 2037 434 hzec.

239 444 273 466 1⁶
301 442 356 483 Et
384 455 534 487 omnes,
567 442 635 495 qui
662 441 805 495 reliqui
832 443 984 484 fuerint
1011 444 1060 484 de
1089 444 1284 485 universis
1313 446 1524 495 Gentibus,
1556 460 1645 501 quae
1672 456 1871 489 venerunt
1899 458 2039 491 contra
2071 457 2097 477 “t
2119 456 2216 484 (ΜΝΞ

136 500 366 549 Ierusalem,
390 500 611 541 ascendent
631 500 682 540 ab
704 513 811 542 anno
832 501 872 542 in
894 515 1059 548 annum,
1083 508 1129 543 ut
1150 504 1321 544 adorent
1343 504 1506 558 Regem,
1529 506 1752 547 Dominum
1773 508 2036 552 exercituum,
2069 496 2218 548 omiissfisas

134 565 175 600 et
215 559 419 600 celebrent
458 558 727 599 festivitatem
771 560 1140 602 tabernaculorum.
1214 563 1246 585 ¹⁷
1280 561 1334 603 Et
1367 563 1460 603 erit:
1502 563 1580 612 Qui
1612 578 1693 605 non
1726 566 1952 607 ascenderit
1992 567 2039 607 de
2089 560 2198 588 mmm*

132 617 296 658 familiis
331 624 448 658 terrae
481 617 534 657 ad
569 616 800 662 Ierusalem.
836 624 883 659 ut
917 619 1060 660 adoret
1095 619 1259 673 Regem,
1295 621 1518 662 Dominum
1553 624 1816 667 exercituum.
1852 638 1934 665 non
1968 625 2043 665 erit

133 688 254 729 super
275 689 341 717 eos
363 676 504 717 imber.
555 676 589 698 ¹⁸
612 675 732 723 Quod
754 682 794 717 et
816 677 848 717 si
869 677 1025 718 familia
1048 677 1217 732 AEgypti
1238 692 1320 720 non
1343 680 1580 725 ascenderit,
1606 687 1645 721 et
1667 695 1749 722 non
1772 683 1945 723 venerit:
1970 696 2043 724 nec

133 747 254 787 super
285 747 351 775 eos
384 734 470 782 erit,
505 733 575 774 sed
607 734 683 774 erit
714 735 843 782 ruina,
894 749 975 790 qua
1006 737 1208 790 percutiet
1239 737 1439 779 Dominus
1473 752 1611 779 01111103
1643 739 1805 782 Gentes.
1842 754 1930 794 quae
1961 755 2042 782 non

133 793 390 833 ascenderint
418 792 471 832 ad
499 791 784 834 celebrandam
813 794 1084 836 festivitatem
1114 795 1483 837 tabernaculorum.
1542 799 1576 821 ¹⁹
1607 797 1695 839 Hoc
1724 799 1799 839 erit
1828 806 2042 851 peccatum

133 851 313 905 AEgypti,
340 856 382 892 et
403 850 479 892 1100
503 856 719 903 peccatum
744 852 925 894 omnium
950 853 1157 900 Gentium,
1186 868 1275 908 quae
1298 868 1379 896 non
1404 856 1659 896 ascenderint
1683 857 1736 897 ad
1759 857 2040 898 celebrandam

132 909 403 950 festivitatem
433 909 804 952 tabernaculorum.

237 970 273 993 ‘2⁰
293 968 339 1008 In
358 967 422 1009 die
440 967 508 1008 illa
527 968 602 1009 erit
621 969 731 1022 quod
749 983 870 1023 super
886 970 1046 1011 frenum
1065 971 1158 1025 equi
1177 977 1248 1014 est.
1270 977 1458 1013 sanctum
1476 972 1672 1014 Domino:
1694 979 1734 1014 et
1752 979 1871 1014 erunt
1888 974 2039 1014 lebetes
2086 982 2201 1034 {agifg'txffi

132 1027 173 1068 in
200 1027 321 1068 domo
347 1026 514 1068 Domini
542 1027 657 1080 quasi
683 1028 829 1081 phialae
857 1042 992 1070 coram
1019 1029 1150 1071 altari.
1206 1032 1235 1054 2¹
1264 1030 1319 1071 Et
1346 1030 1421 1071 erit
1448 1031 1577 1072 01111113
1603 1031 1711 1072 lebes
1737 1032 1778 1072 in
1807 1032 2037 1080 Ierusalem,
2086 1028 2096 1034 ”
2113 1030 2199 1070 ems

132 1090 173 1126 et
205 1086 247 1126 in
282 1085 386 1126 Iuda
418 1086 697 1126 sanctificatus
731 1087 908 1129 Domino
943 1089 1212 1129 exercituum:
1249 1094 1290 1129 et
1324 1089 1488 1130 venient
1522 1103 1660 1131 omnes
1693 1089 1963 1137 immolantes,
2000 1096 2041 1131 et

132 1150 296 1185 sument
317 1157 366 1184 ex
386 1143 453 1190 013,
477 1150 517 1185 01
538 1151 717 1199 coquent
735 1145 777 1186 in
798 1146 871 1187 eis:
894 1152 935 1187 et
955 1160 1036 1188 non
1057 1148 1133 1188 erit
1153 1154 1356 1189 mercator
1376 1147 1484 1189 ultra
1503 1148 1544 1189 in
1565 1149 1686 1190 domo
1706 1149 1873 1190 Domini
1893 1149 2042 1190 exerci-

132 1208 251 1244 tuum
279 1203 321 1244 in
350 1202 414 1244 die
443 1202 522 1244 illo.

290 1352 1063 1441 PROPHETIA
1125 1355 1882 1444 MALACHIAE.

856 1579 1117 1629 Exordium,
1146 1581 1186 1629 1,
1208 1580 1328 1620 1-5.

236 1646 274 1689 1.
329 1647 344 1670 ¹
374 1645 487 1688 Onus
518 1645 631 1688 verbi
660 1647 828 1689 Domini
858 1648 910 1689 ad
942 1648 1065 1689 Israel
1094 1649 1135 1690 in
1165 1662 1290 1690 manu
1320 1648 1541 1691 Malachiae.
2090 1655 2201 1715 Tliifflffss

237 1740 252 1763 2
272 1739 407 1780 Dilexi
427 1753 511 1783 vos.
535 1740 635 1781 dicit
654 1740 868 1789 Dominus,
892 1747 931 1781 et
953 1741 1130 1782 dixistis:
1156 1742 1202 1782 In
1225 1755 1304 1795 quo
1326 1742 1503 1783 dilexisti
1523 1741 1620 1783 nos?
1645 1742 1788 1782 Nonne
1808 1741 1935 1782 frater
1954 1746 2041 1782 erat
2103 1748 2189 1797 1³50?

133 1798 243 1839 Esau
270 1798 405 1845 Iacob,
434 1798 533 1840 dicit
556 1799 770 1848 Dominus,
799 1805 840 1841 et
870 1799 1010 1841 adilexi
1038 1800 1172 1849 Iacob,
1226 1802 1241 1825 ³
1266 1800 1376 1841 Esau
1402 1806 1540 1842 autem
1566 1800 1658 1842 odio
1684 1800 1833 1841 habui?
1860 1806 1901 1840 et
1925 1800 2040 1854 posui
2086 1791 2205 1843 aliti-²12⁵

132 1862 291 1898 montes
323 1857 406 1898 eius
437 1857 477 1898 in
508 1857 782 1903 solitudinem,
816 1865 856 1899 et
887 1859 1156 1900 hereditatem
1188 1859 1271 1900 eius
1302 1860 1342 1900 in
1374 1860 1566 1900 dracones
1598 1859 1757 1900 deserti.
1816 1861 1831 1883 ‘¹
1861 1859 1980 1907 Quod
2010 1859 2041 1899 si
2054 1854 2235 1920 qauss'lffflfissssss·

133 1916 282 1957 dixerit
318 1916 517 1958 Idumaea:
555 1917 766 1958 Destructi
801 1931 952 1966 sumus,
991 1919 1061 1960 sed
1095 1924 1346 1960 revertentes
1382 1918 1672 1959 aedificabimus
1709 1931 1798 1971 quae
1833 1918 2046 1958 destructa

132 1980 247 2016 sunt:
274 1974 373 2015 Haec
396 1975 495 2016 dicit
519 1975 720 2017 Dominus
745 1977 1016 2017 exercituum:
1046 1977 1119 2018 Isti
1143 1977 1417 2026 aedificabunt,
1445 1982 1485 2018 et
1509 1990 1581 2030 ego
1606 1977 1832 2017 destruam:
1859 1981 1899 2016 et
1924 1988 2043 2016 voca-

133 2033 288 2074 buntur
313 2034 476 2075 termini
502 2034 738 2088 impietatis,
768 2041 809 2076 et
834 2035 1021 2089 populus,
1051 2036 1115 2076 cui
1141 2036 1269 2077 iratus
1296 2041 1357 2077 est
1382 2035 1583 2077 Dominus
1610 2048 1737 2089 usque
1763 2035 1803 2075 111
1831 2040 2041 2076 aeternum.

132 2094 147 2117 ⁵
173 2092 230 2133 Et
255 2091 360 2134 oculi
387 2093 511 2133 vestri
538 2093 757 2135 videbunt:
786 2099 828 2136 01
853 2107 926 2136 vos
952 2094 1113 2135 dicetis:
1141 2095 1426 2148 Magnificetur
1450 2094 1651 2136 Dominus
1678 2106 1797 2148 super
1822 2093 2042 2135 terminum

135 2150 271 2193 Israel.

494 2228 535 2279 I.
575 2229 821 2280 Peccata
861 2230 1064 2295 populi
1105 2230 1307 2291 Israel,
1346 2231 1386 2290 1,
1416 2229 1678 2290 6-2,16.

658 2319 697 2359 1.
734 2319 923 2360 Peccata
953 2318 1259 2369 sacerdotum,
1287 2320 1328 2369 1,
1349 2319 1469 2369 6-2,
1489 2319 1528 2359 9.

240 2389 255 2411 ⁶
284 2387 409 2428 Filius
439 2387 615 2430 honorat
644 2393 816 2441 patrem,
849 2393 889 2428 et
919 2400 1058 2428 servus
1088 2387 1300 2429 dominum
1330 2400 1466 2428 suum:
1499 2387 1531 2428 si
1560 2399 1653 2440 ergo
1682 2386 1806 2427 Pater
1834 2399 1905 2439 ego
1936 2399 2037 2435 sum,
2068 2389 2223 2449 Icffiffiffssa

133 2446 203 2487 ubi
231 2451 293 2487 031
319 2446 449 2488 1101101
474 2459 607 2487 meus:
637 2450 678 2487 et
705 2446 737 2486 si
763 2446 965 2489 Dominus
993 2460 1065 2500 ego
1093 2459 1194 2494 sum,
1225 2446 1295 2487 ubi
1323 2451 1384 2487 est
1411 2446 1534 2487 timor
1559 2458 1685 2494 meus,
1715 2444 1814 2486 dicit
1840 2445 2040 2486 Dominus
2206 2443 2211 2453 ’

133 2504 411 2546 exercituum?
438 2505 490 2546 ad
515 2518 599 2553 vos,
627 2518 649 2546 0
675 2505 916 2553 sacerdotes,
946 2505 1014 2559 qui
1039 2505 1244 2558 despicitis
1269 2518 1418 2546 nomen
1442 2518 1590 2553 meum,
1618 2509 1659 2544 et
1683 2503 1859 2544 dixistis:
1888 2503 1934 2544 111
1961 2516 2041 2556 quo

133 2563 392 2617 despeximus
411 2577 560 2605 nomen
578 2563 722 2604 tuum?
771 2565 785 2587 ⁷
804 2563 970 2605 Offertis
989 2577 1110 2617 super
1127 2563 1255 2604 altare
1272 2577 1409 2604 meum
1427 2576 1575 2617 panem
1594 2561 1809 2616 pollutum,
1831 2567 1870 2602 01
1889 2562 2040 2603 dicitis:

135 2622 182 2662 111
205 2635 285 2676 quo
306 2621 525 2676 polluimus
547 2621 612 2663 te?
637 2622 684 2663 In
706 2635 751 2664 eo
775 2623 884 2676 quod
905 2622 1056 2663 dicitis:
1080 2622 1221 2663 Mensa
1240 2622 1407 2663 Domini
1428 2622 1620 2675 despecta
1641 2627 1712 2662 est.
1765 2622 1779 2644 ⁸
1800 2620 1841 2661 Si
1863 2620 2041 2661 offeratis

134 2694 285 2722 caecum
310 2681 362 2721 ad
386 2680 695 2727 immolandum,
722 2694 857 2722 nonne
880 2681 1035 2722 malum
1060 2680 1145 2722 est?
1171 2686 1211 2722 et
1236 2681 1267 2721 si
1292 2680 1470 2722 offeratis
1496 2679 1698 2727 claudum,
1726 2684 1766 2719 et
1789 2678 2039 2732 languidum.

133 2752 268 2780 nonne
287 2739 442 2780 malum
462 2739 548 2780 est?
570 2739 669 2781 offer
687 2739 788 2781 illud
807 2740 900 2781 duci
919 2745 1004 2788 tuo,
1026 2740 1058 2780 si
1077 2739 1276 2793 placuerit
1296 2739 1341 2786 ei,
1365 2744 1437 2780 aut
1456 2739 1487 2779 si
1507 2738 1727 2791 susceperit
1746 2737 1890 2778 faciem
1911 2742 2039 2785 tuam,

134 2798 234 2839 dicit
265 2798 467 2839 Dominus
502 2798 766 2840 exercituum.
832 2800 847 2822 ⁹
881 2798 936 2839 Et
969 2812 1078 2839 nunc
1112 2798 1385 2852 deprecamini
1419 2797 1580 2838 vultum
1613 2795 1690 2836 Dei
1723 2801 1770 2836 ut
1802 2795 2042 2836 misereatur

133 2856 259 2897 vestri
285 2857 351 2907 (de
376 2869 502 2898 manu
528 2857 634 2897 enim
661 2862 799 2898 vestra
823 2857 980 2898 facturn
1007 2862 1068 2898 est
1092 2857 1184 2907 hoc)
1212 2857 1244 2898 si
1271 2856 1475 2911 quomodo
1502 2854 1696 2908 suscipiat
1720 2853 1843 2895 facies
1869 2859 2038 2901 vestras,

134 2914 234 2955 dicit
261 2914 463 2956 Dominus
492 2915 757 2957 exercituum.

240 2974 275 2997 ¹⁰
297 2973 395 3021 Quis
418 2978 479 3014 est
500 2973 542 3014 in
564 2974 693 3023 vobis,
720 2974 788 3028 qui
811 2974 978 3016 claudat
1000 2974 1115 3017 ostia.
1142 2980 1182 3015 et
1204 2974 1397 3014 incendat
1420 2972 1547 3014 altare
1569 2984 1705 3012 meum
1727 2970 1933 3025 gratuito?
1958 2984 2038 3011 non
2076 2974 2215 2999 Dominus

2112 3016 2178 3034 ΥΘΓΟ

135 3036 197 3072 031
218 3031 318 3072 1111111
341 3030 532 3072 voluntas
554 3032 595 3073 in
618 3033 746 3081 vobis,
772 3033 871 3074 dicit
893 3033 1094 3074 Dominus
1117 3032 1387 3073 exercituum:
1412 3036 1454 3072 et
1475 3043 1623 3071 munus
1645 3042 1727 3071 non
1750 3029 1967 3083 suscipiam
1990 3029 2039 3070 de
2056 3044 2231 3104 ‘'fflffiffi'ssin

134 3102 260 3131 manu
280 3095 429 3130 vestra.
479 3092 509 3114 11
535 3090 618 3131 bAb
639 3097 732 3133 ortu
753 3092 859 3132 enim
881 3091 973 3133 solis
995 3104 1123 3145 usque
1144 3092 1196 3132 ad
1217 3103 1416 3139 occasum,
1438 3102 1633 3143 magnum
1655 3093 1715 3129 031
1735 3100 1883 3129 nomen
1904 3100 2039 3128 meum
2107 3115 2181 3141 vult:

134 3148 176 3189 in
202 3148 415 3197 Gentibus,
446 3153 487 3189 et
512 3149 553 3189 in
581 3150 692 3190 omni
717 3149 805 3191 loco
833 3150 1094 3197 sacrificatur,
1125 3155 1166 3190 et
1193 3149 1362 3190 offertur
1388 3147 1542 3190 nomini
1568 3159 1658 3189 meo
1686 3145 1839 3188 oblatio
1866 3146 2038 3187 munda:

137 3206 232 3260 quia
259 3220 455 3261 magnum
486 3212 547 3248 est
575 3220 724 3248 nomen
752 3222 890 3250 meum
919 3209 960 3250 in
989 3209 1202 3256 Gentibus,
1235 3207 1334 3248 dicit
1361 3206 1563 3248 Dominus
1592 3205 1856 3247 exercituum.

240 3267 272 3289 ¹2
297 3265 353 3306 Et
378 3278 451 3307 vos
476 3264 677 3318 polluistis
702 3266 803 3308 illud
827 3267 869 3308 in
895 3280 953 3315 eo,
982 3268 1092 3322 quod
1118 3266 1268 3308 dicitis:
1295 3266 1437 3306 Mensa
1460 3264 1628 3306 Domini
1653 3263 1935 3306 contaminata
1960 3267 2037 3302 est:
2077 3267 2210 3291 ¹¹¹³g¹¹1¹¹¹¹

2092 3303 2127 3320 no
2131 3302 2194 3319 ΠῙΘΠ

136 3328 177 3364 01-
197 3324 308 3377 quod
326 3324 627 3378 superponitur,
650 3325 958 3379 contemptibile
978 3332 1039 3367 est
1059 3339 1151 3367 cum
1171 3325 1272 3379 igne,
1297 3323 1365 3378 qui
1383 3323 1484 3364 illud
1503 3323 1675 3365 devorat
1736 3323 1767 3346 13
1786 3321 1842 3361 Et
1862 3320 2036 3362 dixistis:
2088 3330 2199 3354 Domini

2072 3365 2211 3395 polluunt.

271 3438 302 3479 1,
327 3438 348 3471 2
372 3438 481 3473 aRom
505 3440 536 3479 9,
563 3441 614 3474 13.
640 3461 682 3465 -
706 3442 745 3475 11
772 3442 835 3475 st
860 3442 934 3481 112,
959 3443 989 3476 3.
1741 3494 1757 3517 Γ
1804 3494 1824 3515 *

1739 3508 1785 3534 O(
