2356 3760
342 178 418 219 414
1220 177 1366 211 LIBER
2006 184 2036 221 4,
2064 184 2182 223 144,
2210 185 2251 219 16

343 271 555 312 circuitum
588 271 782 325 populum
817 271 856 310 in
889 271 1069 311 ordinem
1103 284 1194 312 cum
1226 272 1369 326 gladiis
1401 272 1493 317 suis,
1527 277 1569 313 et
1600 271 1759 314 lanceis.
1809 278 1849 313 et
1880 277 2066 319 arcubus.
2129 280 2162 302 ¹⁴
2193 278 2249 319 Et

341 330 526 383 perspexi
551 336 674 384 atque
697 329 870 370 surrexi:
895 335 935 369 ct
958 330 1020 370 aio
1045 330 1095 370 ad
1119 331 1339 384 optimates
1362 336 1403 372 et
1425 331 1701 383 magistratus,
1727 336 1767 371 et
1791 332 1842 372 ad
1865 332 2063 387 reliquam
2086 341 2247 389 partem

342 389 470 441 vulgi:
492 390 625 431 Nolite
644 389 783 429 timere
801 402 823 428 a
840 388 942 428 facie
959 401 1109 430 eorum.
1129 390 1294 431 Domini
1312 390 1448 441 magni
1465 396 1505 431 et
1522 390 1711 430 terribilis
1728 397 1989 441 mementote,
2011 399 2052 434 et
2067 401 2248 448 pugnate

342 461 413 501 pro
434 449 628 488 fratribus
649 447 806 490 vestris.
831 447 918 487 tiliis
940 448 1096 492 vestris,
1120 455 1159 489 et
1182 448 1339 488 filiabus
1360 449 1516 492 vestris,
1540 454 1580 489 et
1602 449 1794 490 uxoribus
1815 451 1972 497 vestris,
1996 458 2037 492 et
2059 453 2246 495 domibus

342 508 497 548 vestris.

146 565 325 630 323¹¹g¹ffgl¹jffi
447 568 476 590 ¹⁵
512 566 684 606 Factum
720 570 781 605 est
816 570 965 609 autem,
1004 579 1094 606 cum
1131 567 1339 607 audissent
1374 567 1524 607 inimici
1560 567 1687 607 nostri
1722 568 1962 609 nunciatum
1998 583 2082 610 esse
2117 571 2245 615 nobis.

135 636 228 666 iurati
246 637 323 660 sunt.
341 625 554 677 dissipavit
581 625 690 665 Deus
716 624 927 665 consilium
954 637 1104 666 eorum.
1134 625 1186 665 Et
1213 626 1360 666 reversi
1386 639 1525 666 sumus
1550 638 1689 666 omnes
1715 626 1766 666 ad
1792 639 1940 677 muros,
1968 630 2247 684 unusquisque

340 684 390 723 ad
419 697 519 737 opus
547 697 677 725 suum.
736 685 769 707 ¹⁶
797 683 850 724 Et
878 684 1032 724 factum
1063 690 1121 725 est
1151 698 1174 724 a
1200 684 1264 725 die
1293 684 1369 728 illa,
1400 685 1534 725 media
1560 697 1652 737 pars
1680 684 1873 725 iuvenum
1902 699 2040 728 eorum
2068 689 2248 730 faciebat

340 756 452 795 opus,
482 748 523 783 et
549 743 683 784 media
708 748 855 795 parata
881 748 968 783 erat
995 743 1045 783 ad
1074 743 1235 789 bellum,
1264 749 1304 784 et
1331 743 1490 788 lancem,
1520 749 1559 783 et
1586 748 1714 791 scuta,
1743 750 1784 785 et
1810 757 1937 791 arcus,
1967 751 2008 787 et
2033 747 2176 793 loricae,
2206 754 2246 789 et

339 802 538 855 principes
570 808 661 854 post
691 815 756 842 eos
786 802 826 841 in
857 802 966 842 omni
996 802 1116 843 domo
1153 803 1252 843 luda
1308 804 1340 827 ¹⁷
1370 803 1660 843 aedificantium
1692 802 1731 843 in
1761 816 1888 852 muro,
1921 810 1961 845 et
1990 808 2245 858 portantium

339 873 472 904 onera.
503 866 543 901 et
570 860 887 914 imponentium:
918 874 1000 901 una
1027 875 1149 902 manu
1178 875 1252 902 sua
1278 862 1450 903 faciebat
1483 875 1595 915 opus,
1626 867 1667 903 et
1695 861 1823 903 altera
1850 864 2019 905 tenebat
2044 865 2244 917 gladium:

340 921 374 943 ¹⁸
400 920 690 960 aedificantium
719 920 824 960 enim
854 920 1131 974 unusquisque
1158 920 1291 971 gladio
1319 927 1405 962 erat
1434 922 1640 962 accinctus
1667 934 1791 962 renes,
1822 922 1877 962 Et
1904 923 2175 974 aedificabant,
2205 931 2244 966 et

339 978 581 1029 clangebant
611 979 782 1019 buccina
809 979 925 1020 iuxta
952 992 1025 1020 me.
1083 982 1115 1003 ¹⁹
1142 980 1195 1020 Et
1224 980 1306 1020 dixi
1335 981 1384 1020 ad
1413 980 1644 1033 optimates,
1674 985 1715 1021 et
1741 981 1793 1021 ad
1819 981 2095 1031 magistratus,
2126 990 2166 1025 et
2193 984 2246 1025 ad

339 1037 534 1091 reliquam
561 1043 719 1091 partem
746 1038 874 1091 vulgi:
901 1038 1015 1091 Opus
1038 1039 1190 1089 grande
1215 1044 1276 1079 est
1301 1045 1341 1080 et
1365 1039 1508 1085 latum,
1536 1046 1574 1080 et
1601 1052 1673 1080 nos
1697 1039 1880 1094 separati
1899 1053 2039 1081 sumus
2063 1042 2104 1083 in
2128 1056 2244 1084 muro

340 1097 477 1150 procul
512 1097 614 1137 alter
646 1097 697 1137 ab
731 1097 876 1138 altero:
938 1099 975 1122 2⁰
1006 1098 1045 1138 in
1078 1098 1165 1139 loco
1200 1111 1457 1152 quocumque
1491 1098 1699 1139 audieritis
1732 1098 1961 1149 clangorem
1995 1101 2116 1147 tubae,
2151 1102 2245 1143 illuc

340 1156 566 1197 concurrite
592 1156 643 1197 ad
670 1169 759 1197 nos:
786 1156 896 1197 Deus
922 1162 1059 1197 noster
1083 1157 1284 1210 pugnabit
1309 1170 1380 1210 pro
1406 1158 1533 1199 nobis.
1588 1159 1619 1182 ²¹
1644 1157 1699 1198 Et
1725 1158 1875 1211 nosipsi
1900 1158 2097 1200 faciamus
2123 1174 2243 1214 opus:

339 1220 379 1255 et
404 1216 538 1256 media
562 1228 653 1268 pars
679 1220 863 1256 nostrum
890 1222 1029 1257 teneat
1053 1216 1212 1257 lanceas
1238 1217 1289 1257 ab
1315 1229 1481 1257 ascensu
1507 1229 1662 1258 aurorae
1685 1217 1813 1257 donec
1837 1217 2098 1271 egrediantur
2121 1225 2242 1261 astra.

339 1276 370 1298 ²2
403 1274 449 1315 In
481 1280 664 1328 tempore
696 1288 858 1328 quoque
889 1275 954 1316 illo
987 1275 1070 1316 dixi
1101 1275 1270 1329 populo:
1304 1275 1594 1329 Unusquisque
1625 1289 1717 1316 cum
1748 1289 1872 1329 puero
1904 1289 1976 1317 suo
2007 1285 2174 1319 maneat
2204 1279 2244 1320 in

340 1333 471 1375 medio
500 1333 728 1379 Ierusalem,
757 1340 797 1374 et
822 1334 903 1375 sint
927 1334 1043 1375 nobis
1068 1334 1175 1375 vices
1199 1347 1270 1388 per
1294 1340 1467 1381 noctem,
1495 1341 1534 1375 et
1560 1335 1679 1381 diem,
1707 1335 1758 1375 ad
1783 1336 2047 1388 operandum.
2101 1339 2133 1362 2³
2157 1338 2244 1391 Ego

339 1398 476 1433 autem
496 1399 535 1433 et
555 1394 700 1434 fratres
718 1393 807 1437 mei.
829 1400 869 1434 et
888 1393 1000 1447 pueri
1019 1394 1109 1443 mei,
1130 1398 1170 1434 et
1189 1395 1388 1440 custodes,
1411 1394 1479 1447 qui
1498 1400 1615 1435 erant
1632 1398 1724 1446 post
1744 1406 1818 1438 me,
1840 1407 1921 1435 non
1940 1394 2244 1447 deponebamus

339 1452 586 1493 vestimenta
613 1457 769 1493 nostra:
800 1453 1078 1506 unusquisqne
1106 1457 1271 1494 tantum
1300 1454 1537 1494 nudabatur
1563 1453 1615 1493 ad
1643 1452 1907 1505 baptismum.

567 1557 606 1597 3.
636 1556 838 1596 Avaritia
869 1556 1141 1607 optimatum
1173 1556 1217 1596 et
1245 1556 1522 1597 abstinentia
1551 1555 1792 1607 Nehemiae‚
1820 1557 1860 1607 5,
1878 1557 2024 1597 1—19.

157 1630 311 1654 N‹‘¹¹0¹¹‘¹²¹⁵
441 1627 480 1670 5.
536 1629 549 1651 ¹
580 1627 635 1668 Et
664 1627 798 1667 factus
829 1632 890 1667 est
920 1626 1072 1668 clamor
1101 1626 1252 1680 populi,
1285 1632 1326 1668 et
1356 1639 1530 1668 uxorum
1561 1627 1645 1668 eius
1674 1640 1845 1680 magnus
1876 1627 2070 1668 adversus
2099 1629 2245 1670 fratres

129 1667 324 1729 effsslsssssslffffi-
339 1699 430 1727 suos
453 1686 621 1727 Iudaeos.
671 1688 685 1710 2
704 1686 759 1726 Et
780 1691 897 1727 erant
917 1686 985 1740 qui
1005 1686 1202 1726 dicerent:
1224 1685 1314 1726 Filii
1334 1686 1473 1732 nostri,
1495 1691 1535 1727 et
1556 1686 1646 1727 filiae
1665 1691 1814 1727 nost-rae
1832 1686 1972 1727 multae
1991 1694 2085 1728 sunt
2106 1688 2243 1729 nimis:

148 1738 318 1803 ῗζζῗςξζζῗξξῗ
339 1745 586 1798 accipiamus
611 1759 682 1799 pro
709 1745 839 1799 pretio
866 1758 1004 1787 eorum
1029 1746 1294 1791 frumentum,
1323 1750 1363 1786 et
1389 1746 1662 1791 comedamus,
1690 1750 1730 1786 et
1756 1745 1955 1787 vivamus.
2009 1748 2025 1770 ³
2049 1746 2104 1787 Et
2129 1754 2244 1788 erant

340 1804 408 1858 qui
430 1804 628 1845 dicerent:
652 1804 780 1855 Agros
803 1810 974 1852 nostros,
998 1810 1039 1845 et
1060 1805 1212 1852 vineas,
1237 1809 1278 1845 et
1299 1805 1442 1845 domos
1463 1810 1624 1846 nostras
1645 1817 1912 1857 opponamus,
1937 1810 1979 1845 et
2000 1805 2245 1858 accipiamus

337 1864 590 1904 frumentum
612 1864 653 1904 in
674 1865 793 1905 fame.
843 1866 860 1888 ‘²
880 1864 935 1905 Et
957 1863 1023 1904 alii
1045 1864 1255 1904 dicebant:
1277 1864 1423 1905 Mutuo
1445 1876 1653 1904 sumamus
1675 1863 1867 1917 pecunias
1888 1863 1929 1904 in
1951 1864 2109 1905 tributa
2128 1865 2242 1918 regis,

338 1923 561 1976 demusque
594 1936 709 1976 agros
742 1928 902 1964 nostros
934 1928 975 1964 et
1006 1923 1164 1963 vineas:
1224 1925 1239 1947 5
1271 1929 1312 1963 et
1344 1936 1451 1963 nunc
1483 1923 1588 1964 sicut
1620 1935 1759 1963 carnes
1791 1923 1965 1963 fratrum
1997 1929 2242 1972 nostrorum,

339 1983 393 2023 sic
417 1995 556 2023 carnes
579 1988 728 2024 nostrae
750 1988 864 2023 sunt:
889 1987 929 2023 et
952 1983 1055 2023 sicut
1080 1982 1148 2022 filii
1171 1995 1322 2026 eorum,
1347 1983 1407 2023 ita
1428 1988 1469 2023 et
1491 1982 1560 2022 filii
1583 1982 1722 2023 nostri.
1775 1995 1864 2022 ecce
1886 1995 1958 2022 nos
1982 1983 2246 2035 subiugamus

338 2041 440 2082 filios
462 2047 634 2086 nostros,
659 2047 700 2082 et
722 2041 823 2082 filias
846 2047 1005 2083 nostras
1027 2042 1068 2082 in
1091 2042 1344 2086 servitutem,
1369 2047 1410 2082 et
1432 2042 1480 2082 de
1502 2040 1664 2082 filiabus
1686 2040 1832 2082 nostris
1855 2046 1952 2081 sunt
1973 2041 2148 2088 famulae,
2174 2055 2245 2083 nec

338 2100 536 2141 habemus
567 2101 674 2142 unde
705 2101 863 2154 possint
892 2101 1047 2149 redimi,
1081 2106 1122 2141 et
1153 2114 1269 2153 agros
1299 2107 1458 2142 nostros
1491 2107 1531 2142 et
1562 2101 1700 2141 vineas
1732 2106 1891 2141 nostras
1924 2100 1989 2140 alii
2020 2100 2242 2153 possident.

342 2162 357 2184 ⁶
376 2160 431 2200 Et.
448 2160 577 2201 iratus
595 2173 684 2201 sum
704 2160 822 2200 nimis
842 2173 934 2201 cum
954 2160 1156 2201 audissem
1176 2159 1392 2200 clamorem
1412 2172 1550 2200 eorum
1570 2160 1793 2201 secundum
1811 2159 1939 2199 verba
1954 2159 2058 2200 haec:
2108 2161 2121 2183 ⁷
2141 2160 2245 2213 cogi-

340 2220 527 2272 tavitque
560 2232 627 2260 cor
657 2233 794 2260 meum
826 2233 1004 2260 mecum:
1038 2225 1079 2260 et
1110 2219 1316 2272 increpavi
1348 2219 1568 2272 optimates
1600 2224 1641 2259 et
1672 2219 1948 2272 magistratus,
1983 2225 2022 2259 et
2055 2219 2138 2259 dixi
2170 2219 2242 2259 eis:

340 2278 544 2319 Usurasne
564 2279 708 2332 singuli
728 2292 752 2319 a
768 2278 964 2319 fratribus
984 2278 1128 2319 vestris
1148 2278 1331 2331 exigitis?
1353 2278 1408 2319 Et
1427 2278 1668 2331 congregavi
1688 2278 1904 2318 adversum
1924 2291 1991 2318 eos
2010 2278 2242 2319 concionem

339 2351 542 2391 magnam,
593 2341 608 2361 ὅ
626 2343 666 2379 et
684 2337 768 2379 dixi
786 2338 859 2378 eis:
881 2338 975 2383 Nos,
997 2343 1043 2378 ut
1061 2337 1182 2383 scitis,
1203 2337 1448 2377 redemimus
1465 2337 1611 2378 fratres
1630 2342 1789 2378 nostros
1810 2336 1978 2382 Iudaeos,
2001 2337 2069 2390 qui
2088 2337 2244 2378 venditi

338 2397 502 2437 fuerant
527 2397 718 2450 gentibus
746 2397 968 2438 secundum
996 2396 1310 2451 possibilitatem
1338 2402 1539 2437 nostram:
1569 2402 1609 2437 et
1637 2409 1709 2437 vos
1736 2396 1860 2449 igitur
1887 2395 2072 2436 vendetis
2099 2396 2245 2437 fratres

340 2462 507 2503 vestros,
530 2461 571 2497 et
589 2456 834 2497 redimemus
854 2456 944 2497 eos?
966 2456 1021 2497 Et
1041 2456 1249 2501 siluerunt,
1271 2468 1344 2496 nec
1362 2456 1608 2496 invenerunt
1628 2455 1726 2508 quid
1744 2455 2046 2508 responderent.
2098 2457 2112 2479 ⁹
2131 2454 2244 2495 Dixi-

340 2529 417 2568 que
434 2516 485 2556 ad
502 2529 586 2556 eos:
606 2516 698 2557 Non
714 2521 775 2556 est
792 2516 900 2556 bona
915 2528 988 2564 res,
1008 2528 1131 2569 quam
1147 2515 1299 2556 facitis:
1319 2528 1443 2568 quare
1459 2528 1540 2556 non
1556 2515 1597 2555 in
1614 2515 1759 2556 timore
1775 2513 1851 2554 Dei
1867 2513 1994 2554 nostri
2011 2514 2242 2559 ambulatis,

339 2588 388 2614 ne
419 2575 687 2628 exprobretur
716 2575 832 2616 nobis
864 2588 887 2615 a
916 2575 1106 2628 gentibus
1135 2574 1307 2615 inimicis
1338 2574 1510 2616 nostris?
1569 2575 1605 2598 ¹⁰
1634 2574 1689 2615 Et
1719 2587 1803 2627 ego,
1837 2578 1877 2614 et
1906 2573 2053 2614 fratres
2081 2573 2172 2621 mei,
2205 2579 2245 2614 et

338 2634 452 2687 pueri
485 2633 563 2674 mei
597 2634 948 2675 commodavimus
980 2634 1165 2688 plurimis
1198 2634 1412 2687 pecuniam
1447 2639 1487 2674 et
1520 2633 1790 2674 frumentum:
1826 2645 1907 2673 non
1939 2637 2172 2685 repetamus
2203 2632 2245 2672 in

339 2706 553 2733 commune
574 2693 696 2741 istud,
719 2707 772 2734 aes
794 2693 969 2734 alienum
991 2693 1272 2738 concedamus,
1298 2693 1407 2747 quod
1428 2692 1600 2733 debetur
1620 2692 1747 2733 nobis.
1799 2694 1829 2716 ¹¹
1853 2691 2027 2732 Reddite
2049 2691 2104 2732 eis
2125 2691 2244 2732 hodic

339 2765 455 2801 agros
476 2765 579 2797 suos,
602 2757 644 2793 et
663 2752 802 2793 vineas
823 2766 926 2795 suas,
949 2757 990 2793 et
1010 2752 1162 2793 oliveta
1181 2766 1264 2797 sua,
1287 2758 1328 2793 et
1348 2753 1490 2793 domos
1510 2765 1621 2792 suas:
1644 2752 1742 2805 quin
1764 2751 1899 2805 potius
1921 2756 1961 2791 et
1981 2750 2243 2791 centesimam

338 2812 530 2864 pecuniae,
559 2812 766 2856 frumenti,
796 2812 880 2852 vini
908 2817 947 2852 et
975 2811 1061 2859 olei,
1092 2824 1215 2865 quam
1243 2811 1399 2865 exigere
1427 2811 1563 2852 soletis
1590 2811 1641 2852 ab
1669 2811 1735 2854 eis.
1765 2810 1862 2851 date
1888 2822 1960 2863 pro
1988 2809 2074 2850 illis.
2131 2811 2163 2834 ¹²
2189 2809 2243 2850 Et

339 2871 547 2911 dixerunt:
582 2871 826 2916 Reddemus,
860 2877 899 2911 et
931 2871 981 2911 ab
1012 2871 1066 2911 eis
1098 2870 1196 2911 nihil
1228 2883 1470 2924 quaeremus:
1503 2870 1639 2924 sicque
1668 2870 1864 2911 faciemus
1894 2874 1941 2910 ut
1968 2868 2156 2921 loqueris.
2189 2868 2245 2910 Et

339 2930 483 2970 vocavi
513 2930 762 2978 Sacerdotes,
795 2936 835 2971 et
865 2930 1049 2970 adiuravi
1079 2944 1156 2976 eos,
1189 2936 1236 2971 ut
1263 2931 1443 2971 facerent
1473 2930 1591 2970 iuxta
1620 2929 1729 2983 quod
1758 2929 1953 2970 dixeram.
2012 2929 2044 2952 ¹³
2075 2928 2245 2981 Insuper

339 2989 494 3029 excussi
515 2989 647 3029 sinum
668 3002 816 3035 meum,
839 2994 880 3030 et
899 2989 1000 3029 dixi:
1023 2989 1086 3030 Sic
1106 2989 1289 3030 excutiat
1308 2989 1418 3029 Deus
1438 3002 1600 3030 omnem
1621 2988 1765 3033 virum,
1790 2988 1858 3041 qui
1878 3000 1959 3028 non
1979 2986 2244 3040 compleverit

339 3048 508 3088 verbum
538 3048 659 3093 istud,
691 3049 740 3088 de
769 3049 889 3089 domo
919 3061 1003 3093 sua,
1035 3053 1076 3089 et
1104 3049 1153 3089 de
1181 3048 1387 3089 laboribus
1417 3048 1515 3089 suis:
1546 3047 1601 3088 sic
1629 3047 1873 3093 excutiatur,
1905 3052 1945 3087 et
1975 3059 2127 3086 vacuus
2157 3046 2241 3088 fiat.

339 3107 392 3147 Et
425 3107 527 3147 dixit
560 3107 750 3147 universa
780 3107 1021 3148 multitudo:
1054 3107 1197 3148 Amen.
1231 3108 1285 3148 Et
1316 3107 1589 3148 laudaverunt
1622 3107 1766 3148 Deum.
1800 3105 1915 3147 Fecit
1946 3118 2037 3158 ergo
2069 3104 2243 3158 populus

339 3166 443 3206 sit-ut
471 3172 559 3207 erat
588 3166 755 3207 dictum.

131 3228 326 3289 5¹.¹‘-²‡,¹,¹¹*.¹,¹¹³¹'
446 3227 476 3249 ¹⁴
501 3226 535 3265 A
561 3226 624 3265 die
651 3232 787 3266 autem
814 3226 892 3271 illa,
921 3239 1002 3279 qua
1026 3231 1272 3279 prfet·‹¹pera.t
1296 3239 1367 3266 rex
1391 3226 1490 3266 mihi
1516 3231 1561 3266 ut
1587 3238 1713 3266 essem
1739 3226 1823 3266 dux
1849 3225 1888 3265 in
1915 3229 2023 3264 terra
2048 3223 2162 3267 Iuda,
2192 3225 2243 3264 ab

147 3272 185 3289 ¹³¹
209 3272 261 3325 22!ssss
280 3272 446 3323 ¹¹manno
474 3284 665 3332 vigesimo
693 3298 819 3338 usque
846 3286 897 3325 ad
924 3298 1076 3325 annum
1103 3285 1353 3334 trigesimum
1380 3285 1602 3325 secundum
1629 3284 1868 3325 Artaxerxis
1892 3282 1994 3335 regis
2019 3295 2089 3335 per
2115 3295 2242 3324 annos

339 3343 563 3386 duodecim,
594 3357 665 3393 ego
693 3350 733 3384 et
759 3344 905 3384 fratres
932 3344 1009 3384 mei
1037 3357 1230 3387 annonas.
1261 3357 1351 3398 quae
1377 3344 1547 3385 ducibus
1574 3344 1840 3389 debebantur,
1871 3354 1951 3384 non
1978 3341 2239 3382 comedimus.

340 3403 370 3425 ¹⁵
397 3401 529 3441 Duces
557 3409 694 3442 autem
722 3403 851 3456 primi,
882 3403 949 3456 qui
976 3404 1140 3443 fuerant
1166 3409 1261 3443 ante
1287 3417 1362 3447 me,
1390 3408 1667 3456 gravaverunt
1692 3402 1901 3456 populum,
1930 3406 1970 3442 et
1997 3407 2241 3453 acceperunt

340 3461 391 3500 ab
411 3460 466 3500 eis
484 3461 523 3500 in
543 3474 659 3513 pane.
681 3467 720 3501 et
739 3462 847 3506 vino,
870 3468 909 3502 et
928 3462 1101 3514 pecunia
1120 3462 1300 3515 quotidie
1319 3462 1434 3503 siclos
1454 3462 1744 3515 quadraginta:
1764 3462 1833 3501 sed
1852 3466 1892 3501 et
1912 3459 2084 3500 ministri
2103 3473 2241 3501 eorum

340 3519 623 3573 depresserunt
658 3520 865 3573 populum.
903 3521 987 3569 Ego
1022 3527 1159 3561 autem
1194 3534 1273 3561 non
1308 3521 1382 3561 feci
1415 3521 1471 3561 ita
1506 3527 1670 3574 propter
1703 3521 1889 3561 timorem
1922 3519 2015 3560 Dei:
2078 3521 2111 3543 ¹⁶
2145 3519 2241 3573 quin
