2356 3760
116 132 167 165 66.
194 131 336 165 *20*66.
363 131 404 163 24
1004 129 1139 162 ISAIAE
1933 137 2006 176 725

117 225 285 266 eiabunt
308 224 477 278 gloriam
502 236 635 264 meam
659 220 871 265 Gentibus,
924 223 960 246 2⁰
983 226 1023 262 et
1048 223 1251 263 adducent
1277 236 1413 263 omnes
1438 223 1581 264 fratres
1606 232 1758 266 vestros
1784 228 1831 267 de
1856 228 2009 268 eunetis

116 283 316 324 Gentibus
341 284 495 325 donum
518 281 694 322 Domino
719 280 760 320 in
785 280 909 333 equis.
937 285 977 320 et
1000 280 1041 320 in
1067 281 1282 334 quadrigis,
1309 286 1348 321 et
1373 281 1413 321 in
1436 281 1598 329 lecticis,
1626 288 1664 322 et
1688 283 1729 323 in
1752 285 1880 326 mulis.
1907 293 1945 325 et
1970 286 2009 325 in

117 342 302 390 carrucis,
325 343 375 383 ad
396 346 579 382 montem
598 344 786 379 sanetum
806 351 942 378 meum
964 338 1192 385 Ierusalem,
1215 339 1313 379 dicit
1332 340 1542 387 Dominus,
1566 342 1767 393 quomodo
1788 342 1818 381 si
1837 343 2009 383 inferant

118 400 187 441 filii
210 400 333 441 Israel
351 412 499 440 munus
518 398 559 438 in
579 410 675 437 vase
694 396 847 437 mundo
867 395 907 436 in
928 396 1094 437 domum
1114 397 1290 438 Domini.
1338 399 1368 421 ⁴2¹
1389 397 1444 438 Et
1464 411 1667 438 assumam
1687 412 1736 439 ex
1755 399 1808 439 eis
1828 399 1867 439 in
1888 413 2012 440 saeer-

117 459 245 504 dotes,
272 464 312 499 et
336 459 493 503 levitas,
520 455 618 497 dicit
642 455 860 496 Dominus:
913 456 944 478 '2²
973 455 1098 503 aQuia
1121 455 1223 496 siout
1249 455 1332 496 caeli
1356 456 1462 501 novi,
1489 462 1529 496 et
1553 462 1660 497 terra
1683 470 1800 499 nova.
1829 470 1918 510 quae
1943 471 2012 510 ego

117 517 221 558 facio
244 523 351 558 stare
373 529 509 557 eoram
530 528 606 561 me,
631 513 729 554 dicit
750 513 969 555 Dominus:
993 513 1048 554 sio
1069 514 1195 554 stabit
1217 526 1353 554 semen
1374 520 1566 559 vestrum,
1591 521 1630 555 et
1652 528 1798 556 nomen
1820 521 2011 555 vestrum.

222 623 255 645 ‘³3
284 621 339 661 Et
369 621 444 661 erit
472 618 619 660 mensis
649 631 700 658 ex
728 631 875 664 mense,
908 623 948 659 et
977 618 1197 658 sabbatum
1227 630 1276 657 ex
1305 618 1495 659 sabbato:
1526 618 1661 658 veniet
1691 619 1818 659 omnis
1848 632 1938 659 earo
1969 624 2013 658 ut
2042 616 2192 679 iffigffffiigss

119 681 260 721 adoret
287 692 423 721 eoram
448 678 549 719 faeie
576 690 677 720 mea,
706 676 805 718 dicit
830 676 1041 718 Dominus.
1096 678 1128 700 ‘2⁴
1154 676 1209 716 Et
1235 676 1500 729 egredientur,
1528 682 1569 716 et
1595 676 1793 716 videbunt
1818 677 2015 716 cadavera
2058 680 2173 710 ‘aeterna-

119 738 310 783 virorum,
338 738 407 791 qui
430 735 686 790 praevaricati
709 741 805 776 sunt
828 736 869 776 in
893 748 974 776 me:
1004 735 1170 775 bvermis
1195 747 1334 776 eorum
1358 747 1438 775 non
1462 734 1666 778 morietur,
1693 740 1733 775 et
1755 735 1854 787 ignis
1879 748 2014 775 eorum

119 810 200 838 non
227 797 505 850 extinguetur:
534 801 574 836 et
600 800 718 835 erunt
745 807 872 848 usque
898 794 950 835 ad
976 793 1210 834 satietatem
1236 793 1400 834 visionis
1427 793 1536 834 omni
1561 792 1682 834 carni.

253 922 295 956 22
320 923 410 966 aApe
436 922 489 962 21,
515 922 545 956 1.
571 941 613 945 —
636 921 679 954 24
703 921 775 954 ch
800 921 831 961 9,
856 920 909 957 45.
