2356 3760
298 153 374 193 252
1166 151 1312 186 LIBER
1339 152 1367 186 1.
1945 156 1997 197 28,
2023 157 2165 198 16—-30‚
2189 158 2210 192 5

297 260 361 286 me
381 245 512 287 noluit
532 259 663 300 neque
684 245 724 287 in
744 259 868 287 manu
889 245 1196 299 prophetarum.
1219 259 1349 299 neque
1370 259 1441 300 per
1458 247 1634 288 somnia:
1657 248 1802 290 vocavi
1822 261 1914 303 ergo
1935 255 1986 293 te.
2009 258 2055 292 ut
2075 258 2209 293 osten-

297 306 409 345 deres
441 304 540 345 mihi
573 304 670 359 quid
702 305 862 346 faciam.
925 306 957 327 ¹⁶
988 304 1043 345 Et
1075 304 1133 344 ait.
1163 304 1345 346 Samuel:
1379 305 1485 354 Quid
1517 306 1741 360 interrogas
1774 321 1849 350 me.
1883 321 1975 349 611111
2006 310 2208 352 Dominus

296 363 503 404 recesserit
528 378 549 404 a
574 372 625 407 te.
651 370 690 404 et
715 363 922 404 transierit
945 364 997 404 ad
1020 362 1212 404 {emulum
1237 365 1379 404 tuum?
1432 366 1464 388 ¹⁷
1488 365 1626 406 Faciet
1650 365 1757 407 enim
1780 366 1856 407 tibi
1880 367 2080 410 Dominus
2103 369 2209 411 sicut

296 421 455 464 locutus
486 432 545 462 est
576 422 615 462 in
645 435 768 462 manu
798 435 900 465 mea.
932 429 971 463 et
1001 422 1158 462 scindet
1187 436 1356 466 1661111111
1385 429 1502 464 11111111
1533 424 1582 465 de
1612 438 1736 466 manu
1765 431 1848 470 tua.
1896 434 1935 466 et
1964 426 2082 468 dabit.
2108 427 2208 470 illud

296 481 482 535 proximo
509 489 579 522 tuo
607 481 760 521 David:
816 483 849 505 ¹⁸
875 481 968 534 quia
996 494 1075 521 non
1101 481 1277 522 obedisti
1304 481 1392 522 voci
1416 482 1595 526 Domini,
1623 496 1753 536 neque
1777 484 1908 525 fecisti
1936 485 2036 526 iram
2059 486 2208 528 furoris

296 541 379 581 61113
400 540 439 580 111
458 539 635 580 Amalec.
657 539 805 581 idcirco
826 540 936 593 quod
954 540 1118 593 pateris.
1137 540 1235 581 fecit
1254 540 1327 581 tibi
1348 541 1548 582 Dominus
1567 542 1697 583 hodie.
1748 544 1780 565 ¹³⁹
1799 542 1852 583 Et
1872 543 1989 585 dabit
2007 545 2208 586 Dominus

296 599 418 639 etiam
453 598 571 638 lsrael
597 607 731 640 tecum
760 599 798 639 in
826 612 970 639 manus
996 598 1264 640 Philisthiim:
1292 613 1379 640 cras
1406 608 1543 641 autem
1571 606 1616 641 tu
1643 607 1681 642 et
1710 600 1778 641 lilii
1805 601 1865 642 tui
1890 615 2049 644 1116611111
2076 604 2206 645 eritis:

295 659 365 698 sed
391 665 430 698 et
458 665 592 698 castra
621 658 741 698 lsrael
770 659 905 698 tradet
931 658 1131 699 Dominus
1158 658 1199 698 in
1226 672 1369 699 manus
1398 658 1657 700 Philisthiim.

127 725 250 780 afhffi
401 718 437 739 ²⁰
453 716 686 770 Statimque
704 716 799 757 Saul
819 717 964 758 cecidit
984 725 1190 770 porrectus
1210 717 1249 757 in
1270 726 1438 758 terram:
1459 718 1705 759 extimuerat
1725 718 1832 759 enim
1851 720 1977 760 verba.
1994 721 2206 764 Samuelis.

101 792 277 822 expavescit.
296 784 334 816 et
362 776 485 816 robur
508 789 589 816 non
616 784 701 815 erat
728 775 767 815 in
794 790 851 819 eo.
881 776 974 829 quia
1001 789 1081 816 non
1108 777 1340 817 comederat
1367 790 1512 830 panem
1541 784 1631 818 tota
1655 777 1718 818 die
1744 777 1823 819 illa.
1878 780 1906 802 ²¹
1941 778 2123 832 Ingressa
2147 787 2208 822 est

295 835 433 888 itaque
461 834 604 875 mulier
631 834 696 875 illa
725 835 775 875 ad
802 834 910 878 Saul.
940 835 1228 880 <conturbatus
1257 835 1362 876 enim
1391 845 1477 876 erat
1505 834 1642 889 valde)
1669 836 1855 890 dixitque
1884 838 1935 878 ad
1963 852 2073 879 eum:
2103 839 2207 880 Ecce

293 893 475 935 obedivit
507 893 653 934 ancilla
685 901 757 934 tua
787 894 876 935 voci
909 901 1000 935 tuan
1034 903 1073 934 et
1104 894 1221 947 posui
1253 894 1431 935 animam
1464 908 1596 936 meam
1629 895 1669 935 in
1699 909 1824 937 manu
1855 909 1963 937 mea:
1997 904 2037 938 et
2067 897 2207 938 audivi

292 966 495 993 sermones
526 958 629 995 tuos.
662 967 760 1005 quos
790 952 949 994 locutus
978 967 1016 993 es
1047 954 1098 993 ad
1126 967 1200 994 me.
1258 955 1290 978 ‘²²
1319 954 1437 995 Nunc
1464 954 1589 1003 igitur
1616 954 1711 994 audi
1740 961 1778 995 et
1808 960 1853 996 tu
1882 969 2021 996 vocem
2053 956 2208 998 ancillae

292 1018 385 1053 11116,
415 1022 453 1052 et
482 1025 631 1065 ponam
658 1025 793 1053 coram
821 1020 860 1052 te
889 1011 1111 1053 buccellam
1138 1013 1266 1065 panis.
1296 1021 1341 1053 ut
1368 1014 1582 1054 comedens
1610 1012 1881 1063 convalescas,
1909 1020 1950 1056 et
1976 1015 2104 1068 possis
2131 1015 2208 1056 iter

291 1084 419 1124 agere.
460 1074 491 1095 ²³
510 1071 585 1120 Qui
605 1071 748 1113 renuit.
769 1078 809 1111 et
827 1071 902 1111 ait:
923 1072 957 1111 N
963 1085 1013 1112 011
1032 1072 1256 1113 comedam.
1277 1074 1503 1125 t'oegerunt
1521 1080 1660 1113 autem
1679 1086 1770 1113 611111
1788 1073 1894 1114 servi
1910 1073 1971 1114 sui
1989 1080 2029 1115 et
2046 1074 2203 1118 mulier.

291 1138 331 1170 et
360 1130 527 1170 tandem
554 1130 695 1170 audita
723 1143 820 1171 voce
848 1143 987 1171 eorum
1014 1131 1189 1171 surrexit
1216 1131 1264 1171 de
1292 1138 1411 1174 terra..
1441 1138 1481 1172 et
1507 1131 1611 1172 sedit
1638 1145 1759 1185 super
1784 1131 1947 1173 lectum.
2004 1134 2036 1157 ‘²²
2061 1132 2207 1175 Mulier

291 1197 429 1230 autem
465 1188 531 1229 illa
563 1189 744 1230 habebat
779 1188 955 1230 vitulum
989 1189 1223 1243 pascualem
1257 1189 1296 1230 in
1331 1190 1464 1232 domo.
1501 1197 1541 1231 et
1574 1190 1800 1234 festinavit.
1837 1197 1877 1232 et
1911 1191 2060 1233 occidit
2093 1205 2204 1233 eum:

290 1247 517 1302 tollensque
543 1248 732 1296 twinam,
762 1248 926 1289 miscuit
954 1262 1055 1290 eam.
1085 1255 1125 1290 et
1153 1249 1263 1290 coxit
1291 1263 1448 1303 azyma,
1505 1251 1536 1273 ²⁵
1564 1255 1604 1290 et
1631 1249 1769 1303 posuit.
1795 1256 1891 1291 ante
1918 1249 2016 1291 Saul
2043 1256 2083 1292 et
2110 1256 2206 1292 ante

289 1321 425 1349 servos
449 1307 545 1348 eius.
570 1308 647 1356 Qui
670 1321 763 1348 cum
784 1307 1068 1349 comedissent.
1093 1317 1368 1351 surrexerunt.
1393 1314 1433 1349 et
1455 1307 1773 1350 ambulaverunt
1794 1322 1866 1363 per
1887 1314 2021 1351 totam
2042 1315 2206 1352 noctem

289 1366 411 1408 illam.

672 1426 738 1465 17.
769 1424 914 1466 David
945 1436 972 1465 a
1000 1425 1159 1478 praelio
1190 1426 1469 1476 removetur,
1499 1426 1566 1476 29,
1585 1426 1738 1477 1—30‚
1759 1427 1824 1467 31.

120 1494 251 1555 ’ζῐξζίᾞξζ
395 1496 459 1539 29.
517 1499 529 1520 1
561 1498 815 1550 Congregata
847 1504 943 1537 sunt
976 1509 1067 1542 6160
1100 1496 1351 1538 Ρ11111311111111
1383 1497 1571 1538 universa
1604 1497 1769 1550 agmina.
1799 1497 1840 1538 in
1871 1498 2029 1551 Aphec:
2063 1499 2133 1539 sed
2165 1505 2205 1540 et

118 1567 252 1591 remissus
294 1555 416 1596 Israel
441 1563 757 1597 castrametatus
782 1562 844 1596 est
867 1569 988 1610 super
1010 1556 1180 1598 fontem.
1209 1556 1277 1610 qui
1301 1563 1386 1597 erat
1411 1556 1452 1596 in
1480 1556 1669 1597 lezrahel.
1722 1558 1736 1580 2
1761 1556 1815 1597 Et
1839 1563 2015 1611 satrapae
2039 1557 2204 1611 quidem

291 1614 538 1655 Philisthiim
564 1615 810 1656 inc-edebant
836 1614 876 1655 in
904 1615 1095 1656 centuriis
1123 1623 1162 1656 et
1189 1614 1385 1656 millibus:
1414 1615 1551 1656 David
1577 1622 1716 1657 autem
1742 1624 1783 1656 et
1809 1615 1886 1656 viri
1911 1616 1994 1657 eius
2021 1623 2137 1658 era-nt
2162 1616 2203 1657 in

290 1674 510 1715 novissimo
548 1674 707 1727 agmine
746 1688 837 1715 cum
874 1674 1008 1715 Aeliis.
1074 1677 1089 1699 3
1124 1674 1410 1728 Dixeruntque
1447 1674 1648 1728 principes
1685 1674 1935 1716 Philisthiim
1973 1676 2026 1717 ad
2059 1675 2202 1716 Aeliis:

290 1733 397 1782 Quid
419 1733 495 1773 sibi
517 1733 661 1775 volunt
685 1733 846 1774 Hebrzei
868 1733 959 1774 isti?
984 1734 1038 1774 Et
1061 1733 1118 1774 ait
1140 1733 1262 1774 Aeliis
1286 1734 1338 1774 ad
1359 1733 1560 1787 principes
1584 1733 1851 1774 Philisthiim:
1877 1734 1985 1775 Num
2007 1733 2203 1787 ignoratis

292 1792 439 1834 David.
470 1792 538 1846 qui
563 1793 641 1834 fuit
668 1806 806 1834 3611113
834 1792 930 1833 Saul
956 1792 1058 1847 regis
1088 1792 1222 1835 Israel.
1252 1800 1292 1834 et
1318 1800 1379 1834 est
1405 1793 1515 1847 apud
1540 1806 1605 1833 me
1630 1792 1771 1834 multis
1798 1793 1952 1835 diebus.
1981 1793 2046 1834 vel
2072 1793 2201 1840 annis,

289 1859 330 1892 et
354 1865 436 1893 non
461 1852 599 1892 inveni
622 1852 664 1892 in
689 1866 734 1893 eo
762 1851 987 1906 quidquam
1013 1866 1062 1892 ex
1086 1851 1150 1893 die
1177 1866 1257 1906 qua¹
1282 1851 1502 1905 transfugit
1529 1852 1580 1893 ad
1605 1865 1680 1896 me.
1708 1866 1835 1905 usque
1862 1853 1914 1894 ad
1939 1852 2046 1893 diem
2071 1853 2201 1893 hanc?

288 1913 304 1935 1
329 1911 451 1952 alrati
473 1919 569 1952 sunt
592 1919 730 1953 autem
753 1911 946 1952 adversus
971 1925 1062 1952 eum
1086 1910 1286 1965 principes
1309 1910 1572 1954 philisthiim.
1598 1917 1639 1952 et
1660 1910 1853 1952 dixerunt
1876 1911 1928 1952 ei:
1953 1912 2204 1953 Revertatur

288 1970 350 2010 vir
373 1970 461 2015 iste,
487 1979 527 2011 et
551 1972 690 2012 sedeat
713 1970 755 2011 in
777 1969 864 2011 loco
888 1984 973 2013 suo.
1000 1970 1041 2011 111
1066 1984 1144 2024 (1110
1169 1970 1421 2012 constituisti
1445 1984 1549 2013 eum.
1575 1976 1616 2011 et
1638 1984 1720 2011 non
1744 1971 1965 2012 descendat
1988 1970 2202 2012 nobiscum

287 2029 329 2069 in
363 2029 556 2082 prtelium.
592 2044 640 2070 ne
675 2030 746 2070 fiat
777 2029 894 2070 nobis
927 2029 1195 2073 adversarius,
1231 2043 1324 2070 611111
1356 2029 1529 2083 praeliari
1561 2029 1820 2083 coeperimus:
1856 2030 2061 2083 quomodo
2094 2029 2201 2071 enim

288 2088 406 2130 aliter
430 2089 582 2143 poterit
610 2088 768 2143 placare
796 2088 1008 2130 dominum
1036 2103 1166 2131 suum.
1197 2089 1272 2129 nisi
1299 2088 1340 2129 in
1367 2088 1569 2142 capitibus
1597 2088 1771 2129 nostris?
1825 2090 1840 2113 5
1868 2089 2012 2130 Nonne
2038 2088 2115 2130 iste
2142 2095 2202 2129 est

288 2148 438 2197 Damd,
465 2148 528 2189 6111
553 2149 779 2189 cantabant
803 2148 844 2188 in
869 2148 1012 2190 choris.
1040 2148 1238 2189 dicentes:
1263 2148 1468 2189 Percussit
1492 2147 1589 2188 Saul
1612 2148 1652 2188 in
1678 2147 1854 2188 millibus
1879 2148 1974 2190 suis.
2001 2153 2041 2189 61
2064 2147 2202 2189 David

287 2207 328 2248 in
359 2208 498 2248 decem
528 2207 704 2248 millibus
734 2207 840 2248 suis?
900 2209 915 2230 ⁶
944 2207 1117 2248 Vocavit
1148 2220 1239 2260 ergo
1269 2207 1391 2248 Aciris
1421 2207 1570 2250 David.
1602 2212 1642 2248 et
1671 2206 1730 2247 ait
1758 2206 1810 2248 ei:
1843 2206 1956 2247 Vivit
1984 2206 2200 2248 Dominus.

290 2266 384 2320 (111111
401 2273 534 2307 rectus
553 2280 591 2307 es
610 2274 668 2310 tu.
688 2273 728 2307 et
746 2267 875 2307 bonus
893 2266 934 2306 in
952 2272 1172 2320 conspectu
1190 2280 1298 2307 meo:
1318 2273 1359 2307 et
1375 2266 1508 2307 exitus
1527 2273 1634 2309 tuus.
1654 2271 1693 2307 et
1712 2265 1904 2307 introitus
1922 2272 2018 2307 tuus
2035 2279 2196 2307 1116611111

288 2333 349 2366 631
373 2326 414 2366 111
439 2326 599 2366 castris:
626 2332 666 2367 et
690 2339 771 2367 non
794 2325 932 2366 inveni
956 2325 996 2365 in
1020 2333 1060 2366 te
1086 2325 1312 2379 quidquam
1335 2325 1432 2366 mali
1456 2339 1505 2366 ex
1529 2325 1592 2366 die
1618 2338 1699 2378 qua
1722 2324 1871 2366 venisti
1896 2325 1948 2366 ad
1970 2338 2047 2374 me,
2073 2338 2202 2378 usque

287 2385 327 2425 in
354 2385 461 2426 diem
486 2385 610 2425 hanc:
636 2386 705 2426 sed
731 2384 904 2438 satrapis
931 2398 1011 2425 11011
1036 2383 1182 2438 places.
1239 2386 1252 2407 ⁷
1283 2385 1499 2425 Revertere
1525 2397 1629 2437 ergo.
1657 2390 1697 2424 et
1722 2384 1826 2425 vade
1851 2383 1893 2424 in
1916 2397 2028 2437 pace,
2055 2390 2096 2424 et
2120 2397 2202 2425 non

288 2445 470 2485 offendas
500 2444 635 2485 oculos
664 2451 923 2497 satraparum
952 2443 1212 2485 Philisthiim.
1273 2450 1287 2467 ³
1315 2443 1514 2497 Dixitque
1542 2443 1679 2484 David
1708 2444 1760 2484 ad
1786 2442 1928 2483 Aeliis:
1959 2442 2067 2491 Quid
2095 2442 2202 2483 enim

287 2503 375 2545 feci.
400 2512 439 2544 et
462 2504 559 2557 quid
580 2503 773 2544 invenisti
796 2503 836 2543 in
858 2517 921 2543 me
943 2515 1058 2543 servo
1081 2510 1152 2543 tuo
1175 2516 1198 2543 a
1218 2502 1281 2544 die
1304 2516 1384 2556 qua
1404 2502 1464 2543 fui
1484 2502 1525 2543 in
1547 2509 1767 2556 conspectu
1790 2510 1861 2543 tuo
1884 2515 2011 2555 usque
2031 2500 2073 2542 in
2095 2501 2203 2542 diem

288 2563 404 2604 hanc.
431 2571 476 2603 ut
499 2576 578 2603 non
604 2563 777 2605 veniam.
802 2568 842 2603 et
864 2576 1041 2615 pugnem
1065 2570 1208 2603 contra
1229 2561 1413 2603 inimicos
1437 2561 1592 2602 domini
1614 2561 1693 2602 mei
1715 2561 1842 2614 regis?
1895 2563 1910 2585 ⁹
1934 2560 2202 2614 Responde-ns

288 2628 427 2662 autem
443 2621 578 2664 Achis.
597 2621 755 2662 locutus
773 2628 833 2661 est
850 2622 901 2661 ad
918 2621 1072 2662 David:
1090 2621 1179 2662 Scio
1197 2621 1293 2675 quia.
1308 2622 1438 2662 bonus
1456 2634 1495 2661 es
1512 2620 1614 2660 tuin
1631 2620 1756 2661 oculis
1772 2619 1885 2667 111613,
1903 2619 2008 2660 316111
2022 2618 2201 2668 Angelus

288 2681 381 2721 Dei:
412 2681 482 2722 sed
511 2680 710 2734 principes
741 2680 1078 2721 Philisthinormn
1109 2680 1319 2721 dixerunt:
1352 2681 1442 2721 Non
1472 2680 1664 2720 ascendet
1692 2679 1904 2720 nobiscum
1934 2678 1975 2718 in
2003 2678 2200 2732 praelium.

289 2742 324 2764 ¹0
354 2740 483 2789 Igitur
510 2753 703 2789 consurge
731 2753 850 2780 mane
879 2747 936 2782 tu.
967 2746 1006 2780 et
1034 2739 1137 2779 servi
1167 2739 1322 2780 domini
1349 2739 1421 2781 tui.
1453 2738 1521 2792 qui
1548 2745 1751 2779 venerunt
1777 2744 1932 2779 tecum:
1963 2743 2005 2779 et
2031 2750 2124 2778 611111
2153 2738 2202 2779 de

290 2806 407 2840 noete
442 2799 707 2841 surrexeritis.
745 2793 785 2840 et
819 2798 989 2852 caeperit
1022 2797 1275 2841 dilucescere.
1312 2798 1479 2852 pergite.
1543 2800 1573 2822 ¹¹
1607 2797 1793 2839 Surrexit
1826 2796 1966 2850 itaque
2000 2796 2049 2837 de
2082 2802 2202 2837 110616

290 2858 426 2899 David
448 2858 532 2911 ipse
555 2864 594 2899 et
617 2858 693 2898 viri
715 2858 810 2901 eius.
835 2866 881 2898 ut
904 2857 1256 2911 proficiscerentur
1276 2871 1407 2899 mane.
1433 2862 1472 2897 et
1494 2863 1797 2897 reverterentur
1818 2856 1870 2896 ad
1892 2856 2057 2896 Terram
2079 2854 2203 2895 Phili-

289 2916 446 2957 sthiim:
479 2917 726 2958 Pliilisthiim
758 2923 896 2958 autem
927 2917 1197 2957 ascenderunt
1227 2917 1268 2957 in
1300 2915 1490 2957 Iezrahel.

83 2973 275 3035 ὦζῗζῇξξῑτζῖζ
396 2975 459 3018 30.
516 2979 525 3000 1
556 2978 738 3030 (“11111(1116
770 2976 996 3017 bvenissent
1024 2975 1161 3016 David
1188 2982 1228 3016 et
1255 2975 1331 3015 viri
1358 2975 1440 3015 61113
1468 2975 1509 3015 111
1535 2973 1688 3027 Sic-eleg
1714 2973 1776 3015 die
1804 2973 1938 3016 tertia.
1967 2972 2204 3013 Amalecitae

119 3030 273 3077 rimemus
291 3034 489 3087 impetum
519 3035 699 3076 fecerant
727 3049 775 3077 ex
802 3041 918 3089 parte
946 3034 1113 3075 australi
1142 3034 1181 3075 in
1209 3034 1372 3085 Sicelog.
1402 3040 1443 3075 et
1468 3038 1753 3088 percusserant
1778 3031 1942 3085 Sic-eleg.
1972 3037 2013 3073 et
2039 3044 2202 3072 succen-

291 3094 434 3134 derant
451 3107 538 3134 eam
556 3094 648 3137 irrui.
692 3097 706 3118 ²
722 3095 776 3135 Et
792 3094 977 3148 captivas
993 3094 1197 3134 duxerant
1213 3093 1397 3134 mulieres
1414 3107 1462 3133 ex
1477 3107 1536 3136 ea.
1554 3106 1577 3133 a
1591 3092 1761 3133 minimo
1776 3105 1904 3145 usque
1920 3091 1972 3132 ad
1986 3103 2200 3144 magnum:

290 3159 330 3193 et
362 3166 442 3193 non
476 3152 763 3195 interfecerant
797 3167 1058 3207 quemquam.
1092 3153 1161 3193 sed
1193 3166 1327 3193 36611111
1362 3153 1577 3195 duxerant.
1612 3159 1652 3192 et
1684 3151 1909 3204 pergebant
1940 3149 2083 3190 itinere
2115 3162 2200 3190 suo.

290 3214 305 3236 3
325 3211 425 3251 s'um
447 3224 538 3265 ergo
559 3213 765 3253 venissent
786 3213 923 3253 David
943 3220 983 3253 et
1004 3212 1079 3252 viri
1099 3211 1183 3252 eius
1205 3212 1255 3252 ad
1276 3211 1500 3254 civitatem.
1523 3217 1563 3251 et
1584 3210 1836 3251 invenissent
1856 3222 1945 3250 eam
1966 3221 2201 3249 succensam

292 3270 386 3319 igni.
409 3277 448 3311 et
470 3284 613 3311 uxores
634 3286 738 3315 suas.
761 3280 800 3313 et
823 3271 922 3313 filios
943 3285 1048 3318 suos,
1070 3277 1111 3312 et
1130 3270 1231 3311 filias
1252 3271 1397 3312 ductas
1417 3283 1501 3311 esse
1523 3270 1721 3323 captivas,
1770 3271 1786 3293 4
1804 3268 2047 3309 levaverunt
2064 3266 2203 3307 David

290 3337 330 3370 et
358 3328 531 3383 populus
562 3330 629 3383 qui
658 3338 744 3371 erat
773 3344 864 3372 cum
893 3344 938 3372 eo
968 3344 1085 3371 voces
1114 3343 1219 3371 suas.
1250 3336 1291 3370 et
1318 3328 1567 3383 planxerunt
1595 3329 1723 3369 donec
1750 3328 1969 3368 deficerent
1996 3326 2037 3367 in
2064 3326 2120 3367 eis
2147 3324 2203 3366 la·-

291 3401 450 3442 crvnne.
505 3390 520 3413 5
546 3388 754 3442 Siquidem
782 3397 821 3431 et
847 3391 938 3431 duze
965 3403 1109 3430 uxores
1135 3388 1272 3429 David
1299 3387 1474 3442 captivae
1500 3388 1635 3429 ductae
1659 3387 1835 3431 fuerant.
1862 3385 2091 3427 Achinoam
2119 3384 2202 3425 Iez-

423 3506 476 3545 29,
501 3506 521 3538 4
546 3506 582 3538 ³1
610 3504 675 3538 Par
700 3505 751 3545 12,
778 3505 828 3538 19.
857 3526 896 3529 —
922 3504 975 3547 30,
1000 3507 1017 3539 1
1044 3507 1082 3539 bl
1109 3504 1175 3538 Par
1199 3505 1252 3545 12,
1277 3504 1329 3538 20.
