2356 3760
126 144 179 184 10,
206 143 348 183 39—11,
373 144 415 176 39
833 143 1090 178 SECUNDUM
1116 142 1334 176 IOANNEM
1934 148 2033 189 1053

127 249 207 277 non
234 235 360 276 vultis
387 236 558 283 eredere,
588 235 776 288 operibus
803 234 966 282 credite,
996 240 1043 275 ut
1069 235 1333 289 cognoscatis,
1364 240 1405 276 et
1432 235 1606 276 credatis
1634 237 1730 289 quia
1756 238 1878 279 Pater
1904 239 1945 279 in
1972 253 2037 280 me

127 300 198 342 est,
231 299 271 335 et
301 308 372 347 ego
401 294 441 334 in
470 295 605 335 Patre.

229 354 264 377 33
293 353 540 401 Quaerebant
566 365 658 405 ergo
685 364 777 391 eum
805 351 1126 404 apprehendere:
1156 358 1196 393 et
1223 353 1352 393 exivit
1378 353 1427 393 de
1454 353 1643 394 manibus
1671 367 1822 396 eorum.
2081 360 2142 383 ⁰⁸st
2164 361 2198 385 <³⁰

2074 396 2207 420 manibus

2052 430 2061 453 1
2069 430 2226 455 udaeorum.

500 445 539 484 2.
570 444 695 483 lesus
726 453 827 482 cum
859 442 1095 495 discipulis
1125 445 1168 482 in
1200 443 1371 495 Peraea,
1400 445 1467 495 10,
1488 445 1662 485 40—42.

229 511 265 533 ⁴⁰
289 509 345 549 Et
370 508 472 548 abiit
495 508 643 548 iterum
669 511 782 547 trans
810 506 1025 548 Iordanem
1051 507 1091 547 in
1117 520 1209 548 eum
1234 508 1381 554 locum,
1410 509 1479 549 ubi
1504 514 1592 549 erat
1618 509 1791 550 loannes
1818 510 2031 563 baptizans
2072 516 2153 540 Multi
2178 517 2204 541 ³¹¹

124 567 319 620 primum:
346 572 387 607 et
410 566 562 607 mansit
584 565 680 606 illic:
732 566 763 589 ⁴²¹
789 570 829 606 et
852 565 972 605 multi
996 571 1198 606 Venerunt
1222 567 1273 606 ad
1298 580 1402 613 eum,
1429 573 1470 608 et
1494 567 1702 608 dicebant:
1730 568 1835 617 Quia
1860 568 2032 610 Ioannes
2072 558 2203 611 &Sillii

125 626 288 678 quidem
316 625 475 679 signum
501 624 598 665 feeit
622 623 791 664 nullum.
846 625 877 648 ⁴2
904 624 1054 664 Omnia
1079 629 1217 665 autem
1245 638 1512 678 quaecumque
1539 626 1643 667 dixit
1670 627 1843 668 Ioannes
1870 627 1919 667 de
1945 627 2032 676 hoc,

123 697 219 724 vera
248 689 375 725 erant.
408 684 464 724 Et
491 682 610 723 multi
640 682 899 723 crediderunt
928 683 968 723 in
999 696 1103 723 eum.

501 774 540 813 3.
571 773 875 815 Resuscitatio
907 774 1063 815 Lazari
1094 774 1401 826 quatriduani,
1431 775 1497 825 11,
1517 776 1663 816 1-46,

228 841 292 884 11.
347 842 360 864 ¹
391 839 493 880 Erat
520 843 659 878 autem
689 838 856 891 quidam
883 838 1079 892 languens
1107 839 1285 879 Lazarus
1314 852 1338 879 a
1366 839 1581 888 Bethania,
1612 839 1660 880 de
1689 839 1854 881 castello
1883 841 2031 888 Mariae,
2059 845 2203 886 ‚Iezffl‘uss

122 904 163 940 et
193 899 365 940 Marthae
396 896 541 939 sororis
573 897 668 938 eius.
729 899 743 921 2
776 897 922 948 (Maria
953 903 1091 938 autem
1124 903 1223 941 erat.
1261 911 1372 951 aquae
1403 897 1523 938 unxit
1553 898 1778 939 Dominum
1811 906 2031 952 unguento,
2058 881 2221 905 mmmmm

122 963 163 998 et
187 957 355 998 extersit
379 956 501 1010 pedes
525 954 609 996 eius
634 955 788 1009 capillis
813 955 912 996 suis:
939 956 1051 996 6111113
1076 956 1203 997 frater
1226 957 1403 997 Lazarus
1429 957 1746 1008 infirmabatur.)
1797 959 1812 981 3
1836 957 2036 997 Miserunt

122 1030 214 1070 ergo
236 1028 388 1058 sorores
410 1015 494 1055 eius
515 1014 567 1055 ad
588 1027 681 1055 eum
703 1014 901 1055 dicentes:
924 1015 1111 1064 Domine,
1136 1028 1226 1056 6666
1248 1029 1367 1068 (1116111
1390 1029 1503 1056 611163
1524 1015 1766 1056 11111111161111.
1817 1017 1832 1040 ⁴
1852 1016 2034 1056 Audiens

121 1080 260 1116 autem
290 1074 400 1115 163113
428 1073 534 1114 dixit
561 1072 633 1114 eis:
666 1072 887 1114 Infirmitas
914 1074 999 1114 haec
1026 1087 1107 1115 non
1135 1079 1197 1114 est
1223 1075 1276 1115 ad
1303 1079 1490 1119 1110116111,
1520 1074 1589 1114 36(1
1616 1087 1689 1127 pro
1716 1073 1843 1127 gloria
1868 1074 1956 1119 Dei,
1987 1079 2035 1115 ut

120 1133 367 1188 glorificetur
397 1132 523 1172 Filius
554 1132 630 1172 Dei
662 1144 733 1185 per
764 1145 865 1173 eam.
925 1134 940 1156 5
972 1132 1180 1186 Diligebat
1212 1138 1351 1173 autem
1386 1133 1496 1173 Iesus
1528 1132 1748 1180 Martham,
1783 1138 1824 1174 et
1855 1145 2033 1173 sororem

121 1192 205 1233 eius
238 1192 422 1240 Mariam,
458 1195 500 1231 et
532 1190 745 1231 Lazarum.
809 1192 825 1214 3
860 1190 917 1231 Ut
950 1204 1042 1244 ergo
1077 1191 1237 1232 audivit
1271 1191 1367 1244 quia
1400 1191 1697 1240 infirmabatur,
1734 1196 1834 1232 tunc
1868 1191 2032 1244 quidem

120 1250 272 1292 mansit
300 1250 341 1290 in
372 1249 513 1291 eodeni
542 1249 630 1291 1060
660 1249 820 1290 duobus
850 1249 1004 1290 diebus.

227 1311 240 1333 ⁷
268 1309 413 1350 deinde
438 1313 533 1362 post
556 1308 642 1349 haec
668 1308 773 1348 dixit
799 1308 1004 1361 discipulis
1031 1308 1130 1348 suis:
1158 1308 1312 1349 Eamus
1338 1308 1379 1348 in
1408 1308 1588 1349 Iudaeain
1614 1308 1775 1349 iterum.
1833 1310 1848 1332 3
1874 1308 2030 1349 Dicunt
2089 1317 2201 1362 atquo--

120 1368 154 1410 ei
188 1367 391 1421 discipuli:
429 1367 575 1413 Rabbi,
612 1380 719 1407 nunc
753 1367 992 1419 quaerebant
1025 1372 1065 1407 te
1101 1367 1226 1408 Iudaei
1259 1367 1451 1420 lapidare,
1489 1372 1529 1407 et
1562 1366 1710 1407 iterum
1744 1367 1861 1407 vadis
1910 1366 2027 1407 1111169
2067 1353 2202 1379 ¹¹¹⁰¹¹t¹¹¹‘

121 1429 138 1452 ⁹
166 1426 394 1480 Respondit
424 1426 553 1466 Iesus:
585 1426 729 1466 Nonne
757 1425 972 1465 duodecim
1000 1430 1097 1466 sunt
1123 1425 1232 1466 horae
1261 1425 1362 1466 diei?
1392 1425 1433 1466 Si
1463 1425 1552 1479 quis
1581 1425 1855 1466 ambulaverit
1883 1425 1923 1465 in
1952 1425 2028 1472 die,

118 1499 200 1527 non
229 1485 411 1531 offendit,
444 1484 539 1537 quia
566 1484 696 1524 lucem
725 1483 844 1524 huius
873 1483 1015 1524 mundi
1044 1484 1175 1524 videt:
1234 1486 1268 1507 ¹⁰
1296 1484 1327 1524 si
1356 1489 1495 1524 autem
1525 1483 1800 1525 ambulaverit
1826 1483 1867 1524 in
1896 1490 2027 1531 nocte,

119 1544 301 1589 offendit,
327 1543 423 1597 quia
443 1542 514 1583 lux
536 1556 617 1583 non
640 1548 701 1582 est
722 1542 762 1582 in
785 1556 843 1583 60.
895 1544 925 1566 11
952 1542 1048 1583 Haee
1070 1543 1140 1588 ait,
1165 1550 1206 1583 et
1228 1548 1321 1596 post
1342 1543 1426 1583 haee
1450 1543 1555 1583 dixit
1577 1542 1650 1582 eis:
1675 1543 1853 1583 Lazarus
1876 1542 2029 1583 amicus

118 1608 256 1644 noster
277 1602 445 1644 dormit:
470 1601 539 1642 sed
562 1601 668 1642 vado
691 1606 737 1642 ut
759 1614 783 1641 a
804 1614 945 1642 somno
969 1601 1142 1642 excitem
1166 1615 1270 1643 eum.
1322 1603 1352 1626 ¹²
1375 1602 1580 1642 Dixerunt
1602 1614 1694 1654 ergo
1716 1601 1903 1654 discipuli
1925 1601 2027 1641 eius:

117 1661 304 1705 Domine,
333 1661 365 1701 si
391 1660 554 1705 dormit,
582 1660 718 1700 salvus
745 1660 831 1700 erit.
888 1662 918 1684 13
944 1660 1117 1701 Dixerat
1142 1666 1280 1701 autem
1310 1660 1420 1700 Iesus
1447 1660 1496 1701 de
1522 1665 1653 1700 morte
1679 1660 1780 1701 eius:
1809 1659 1864 1699 illi
1890 1665 2028 1700 autem

118 1724 373 1774 putaverunt
390 1719 486 1772 quia
501 1719 549 1759 de
566 1718 811 1759 dormitione
828 1719 959 1759 somni
975 1719 1138 1760 diceret.
1184 1721 1214 1743 ¹⁴
1232 1719 1344 1759 Tunc
1362 1732 1454 1772 ergo
1473 1719 1584 1759 163113
1601 1718 1706 1759 dixit
1722 1719 1776 1758 eis
1793 1718 2027 1759 manifeste:

118 1779 295 1820 Lazarus
323 1783 509 1819 mortuus
538 1783 616 1817 est:
673 1779 703 1802 ¹⁵
733 1784 773 1817 et
800 1777 957 1827 gaudeo
986 1783 1152 1831 propter
1180 1791 1264 1823 vos,
1295 1784 1342 1818 ut
1370 1777 1556 1823 credatis,
1588 1777 1781 1830 quoniam
1811 1790 1890 1818 non
1920 1790 2029 1817 eram

117 1837 185 1879 ibi.
203 1837 273 1878 sed
289 1850 427 1878 eamus
444 1837 495 1877 ad
511 1849 615 1876 eum.
660 1838 694 1860 ¹⁶
710 1836 824 1876 Dixit
842 1849 934 1890 ergo
951 1836 1140 1881 Thomas,
1159 1836 1228 1889 qui
1244 1836 1394 1877 dicitur
1408 1836 1624 1889 Didymus
1643 1836 1695 1877 ad
1711 1835 2026 1889 condiscipulos:

117 1896 271 1937 Eamus
301 1900 341 1936 et
371 1908 455 1943 nos,
487 1900 534 1935 ut
562 1894 785 1936 moriamur
815 1908 906 1935 cum
937 1908 995 1936 eo.

224 1956 256 1978 ¹⁷
272 1953 395 1995 Venit
408 1953 547 2007 itaque
566 1953 693 1993 Iesus:
711 1959 752 1994 et
766 1953 923 1994 invenit
938 1967 1028 1994 eum
1046 1959 1245 2006 quattuor
1259 1953 1342 1995 dies
1358 1953 1437 1994 iam
1453 1953 1492 1993 in
1508 1959 1775 1994 monumento
1792 1953 2025 1994 habentem.
2061 1994 2076 2015 x
2093 1958 2173 2016 ¹53⁰?

117 2015 151 2037 13
182 2013 302 2064 (Erat
331 2018 469 2053 autem
501 2011 704 2052 Bethania
733 2011 850 2052 iuxta
882 2012 1173 2069 lerosolymam
1205 2012 1319 2066 quasi
1350 2011 1492 2053 stadiis
1524 2011 1786 2065 quindecim.)
1844 2013 1878 2035 13
1908 1994 2221 2058 111111111ιᾏ11ζ1111ῗ31,

117 2078 256 2113 61116111
271 2084 321 2112 ex
338 2070 484 2112 Iudaeis
500 2076 698 2111 venerant
712 2071 765 2111 ad
779 2071 998 2118 Martham,
1015 2076 1056 2111 et
1070 2071 1254 2119 Mariam,
1272 2077 1318 2111 ut
1333 2071 1642 2112 consolarentur
1656 2084 1722 2111 eas
1738 2071 1786 2111 de
1802 2070 1927 2110 fratre
1943 2083 2027 2112 suo.

116 2133 153 2155 20
170 2130 335 2171 Martha
355 2143 447 2183 ergo
468 2134 514 2170 ut
535 2129 695 2169 audivit
716 2129 812 2182 quia
834 2129 944 2170 163113
966 2129 1091 2177 venit,
1115 2129 1290 2170 occurrit
1310 2129 1383 2169 illi:
1406 2129 1535 2169 Maria
1555 2135 1693 2170 autem
1715 2129 1826 2169 domi
1847 2129 2027 2170 sedebat.

116 2191 147 2214 ²¹
177 2188 295 2229 Dixit
325 2201 418 2242 ergo
448 2187 610 2229 Martha
642 2188 694 2228 ad
728 2188 879 2228 lesum:
911 2188 1098 2233 Domine,
1131 2187 1162 2228 si
1193 2188 1335 2229 fuisses
1367 2188 1443 2235 hic,
1476 2188 1602 2228 frater
1631 2201 1745 2228 meus
1777 2200 1857 2228 non
1889 2187 2030 2227 fuisset

115 2253 320 2289 mortuus:
372 2249 403 2271 22
427 2247 505 2287 Sed
529 2252 570 2287 et
592 2259 700 2287 nunc
724 2246 805 2287 scio
830 2246 925 2299 quia
949 2260 1216 2299 quaecumque
1239 2246 1471 2300 poposceris
1496 2260 1519 2286 a
1542 2246 1641 2295 Deo,
1667 2246 1783 2287 dabit
1808 2245 1882 2287 tibi
1906 2246 2027 2287 Deus.

116 2308 148 2330 2³
178 2305 289 2347 Dicit
318 2305 373 2346 illi
406 2305 535 2346 Iesus:
569 2305 769 2358 Resurget
798 2305 925 2346 frater
954 2311 1061 2346 tuus.
1120 2307 1153 2329 2⁴¹
1182 2304 1293 2345 Dicit
1324 2305 1358 2345 61
1388 2305 1570 2346 Martha:
1603 2303 1692 2345 Scio
1725 2304 1821 2357 quia
1849 2310 2031 2357 resurget

121 2364 181 2404 bin
203 2364 495 2405 resurrectione
516 2364 558 2404 in
581 2363 802 2405 novissimo
825 2363 901 2404 die.
952 2365 984 2387 ‘25
1006 2363 1122 2404 Dixit
1146 2363 1181 2404 ei
1206 2364 1334 2404 Iesus:
1360 2364 1446 2416 Ego
1470 2377 1558 2403 sum
1582 2362 1834 2410 resurreetio,
1859 2368 1900 2403 et
1922 2362 2028 2403 vita:

124 2423 209 2477 cqui
234 2422 363 2463 credit
385 2422 425 2462 in
449 2435 526 2470 me,
552 2421 677 2462 etiam
701 2422 733 2463 si
756 2429 942 2463 mortuus
966 2422 1100 2467 fuerit,
1127 2422 1258 2463 vivet:
1310 2424 1345 2446 2⁶
1369 2428 1407 2463 et
1433 2421 1575 2469 omnis,
1603 2421 1671 2475 qui
1695 2421 1810 2466 vivit,
1837 2426 1877 2461 et
1901 2421 2030 2461 eredit

115 2482 157 2522 in
173 2495 249 2530 me,
269 2494 351 2523 non
368 2480 565 2522 morietur
580 2480 621 2520 in
638 2486 848 2522 aeternum.
868 2481 1004 2522 Credis
1021 2480 1121 2522 11069
1165 2482 1199 2504 ²⁷
1217 2480 1287 2521 Ait
1303 2480 1376 2520 illi:
1396 2479 1549 2533 Utique
1565 2479 1753 2527 Domine,
1772 2492 1844 2533 ego
1862 2479 2025 2526 credidi,

118 2540 213 2594 quia
239 2545 285 2581 tu
312 2553 352 2581 es
379 2538 563 2580 Christus
589 2538 693 2580 filius
719 2539 795 2580 Dei
822 2539 918 2585 vivi,
948 2539 1016 2593 qui
1042 2540 1083 2579 in
1110 2540 1217 2580 1111116
1244 2540 1443 2580 1111111(111111
1472 2538 1632 2579 venisti.

221 2600 256 2623 ²⁸
275 2598 331 2639 Et
350 2611 443 2639 cum
461 2598 547 2639 haec
566 2597 746 2646 dixisset,
769 2598 882 2643 abiit,
905 2604 946 2639 et
965 2598 1131 2639 vocavit
1149 2597 1321 2638 Mariam
1341 2611 1519 2639 sororem
1540 2610 1655 2638 suam
1675 2596 1847 2643 silentio,
1869 2596 2023 2637 dicens:
2071 2605 2194 2652 Mariam

115 2656 309 2711 Magister
327 2657 456 2705 adest,
477 2662 519 2698 et
537 2661 660 2698 vocat
679 2662 730 2698 te.
779 2659 814 2681 ²⁹
836 2656 909 2698 Illa
928 2662 974 2697 ut
993 2656 1165 2705 audivit,
1187 2656 1315 2710 surgit
1335 2656 1428 2701 cito,
1450 2662 1489 2696 61
1510 2655 1623 2696 venit
1643 2656 1695 2696 ad
1714 2668 1825 2696 eum:
1872 2656 1909 2678 ³0
1927 2668 2026 2696 non·
2052 2641 2215 2700 ''lssigss'ssssm

116 2716 214 2757 dum
242 2715 348 2756 enim
376 2720 545 2756 venerat
573 2715 684 2756 Iesus
710 2715 751 2755 in
779 2715 1009 2757 castellum:
1039 2716 1108 2756 sed
1134 2721 1222 2756 erat
1249 2715 1381 2756 adhuc
1408 2715 1449 2755 in
1476 2714 1542 2755 illo
1570 2714 1670 2759 loco,
1700 2713 1769 2754 ubi
1797 2719 2027 2754 occurrerat
2043 2711 2223 2740 ¹⁸⁰¹¹¹¹¹³¹¹¹¹'’

117 2774 152 2815 ei
175 2774 351 2815 Martha.
403 2776 435 2798 ³¹
463 2773 589 2815 Iudaei
614 2787 718 2827 ergo,
747 2773 816 2827 qui
840 2780 957 2815 erant
981 2787 1073 2815 oum
1099 2787 1145 2815 ea
1168 2773 1209 2814 in
1235 2774 1369 2818 domo,
1397 2778 1437 2814 et
1462 2772 1782 2814 consolabantur
1807 2785 1908 2819 eam,
1936 2785 2028 2812 cum

116 2832 314 2874 vidissent
336 2831 509 2873 Mariam
533 2832 629 2886 quia
653 2831 734 2873 cito
758 2833 944 2877 surrexit,
971 2838 1011 2873 et
1036 2832 1145 2878 exiit,
1173 2832 1301 2873 secuti
1325 2837 1420 2873 sunt
1444 2844 1533 2872 eam
1558 2831 1757 2871 dicentes:
1784 2830 1888 2878 Quia
1912 2830 2029 2870 vadit

116 2891 167 2932 ad
189 2897 515 2939 monumentum,
541 2896 587 2931 ut
608 2891 741 2944 ploret
762 2891 829 2933 ibi.
879 2894 912 2916 ³2
934 2890 1064 2932 Maria
1086 2904 1191 2944 ergo,
1217 2904 1309 2932 cum
1333 2890 1510 2931 venisset
1534 2889 1603 2930 ubi
1626 2894 1713 2930 erat
1738 2889 1859 2937 163113,
1885 2888 2027 2929 videns

116 2962 220 2997 eum,
250 2947 395 2990 cecidit
421 2950 473 2990 ad
499 2949 621 3002 pedes
649 2949 744 2998 eius,
774 2955 815 2990 et
841 2949 942 2991 dicit
968 2949 1020 2991 ei:
1049 2949 1237 2997 Domine,
1267 2949 1298 2990 si
1326 2949 1468 2989 fuisses
1496 2947 1571 2993 hic,
1600 2960 1682 2988 non
1710 2953 1814 2988 esset
1840 2953 2027 2988 mortuus

116 3008 243 3049 frater
266 3020 391 3048 meus.
443 3009 476 3032 33
502 3008 613 3049 163113
638 3021 743 3062 ergo,
771 3013 818 3049 ut
841 3008 947 3049 vidit
971 3021 1059 3049 eam
1084 3008 1327 3061 plorantem,
1355 3012 1395 3048 et
1423 3007 1592 3051 Iudaeos,
1621 3006 1688 3059 qui
1712 3011 1911 3047 venerant
1935 3019 2026 3046 611111

115 3079 173 3115 66,
206 3066 428 3119 plorantes,
461 3065 671 3108 infremuit
702 3066 859 3120 spiritu,
893 3072 933 3108 et
966 3066 1152 3108 turbavit
1183 3066 1372 3119 seipsum,
1432 3067 1465 3089 3⁴
1495 3070 1536 3105 et
1566 3064 1689 3106 dixit:
1723 3064 1803 3105 Ubi
1834 3063 2027 3118 posuistis

116 3124 233 3166 eum?
258 3124 414 3165 Dicunt
438 3123 490 3164 ei:
516 3124 703 3172 Domine,
731 3125 836 3173 veni,
863 3130 904 3166 et
928 3125 1032 3166 vide.
1085 3127 1118 3150 ³⁵
1142 3125 1198 3166 Et
1222 3125 1475 3177 lacrymatus
1500 3128 1561 3164 est
1587 3124 1710 3165 Iesus.
1763 3125 1798 3148 ³⁶
1822 3123 2028 3163 Dixerunt

116 3196 209 3237 ergo
242 3182 386 3224 Iudaei:
420 3182 524 3223 Ecce
557 3184 762 3236 quomodo
794 3184 962 3226 amabat
994 3197 1098 3225 eum.
1158 3185 1192 3207 3⁷
1226 3182 1402 3231 Quidam
1435 3187 1574 3222 61116111
1607 3195 1656 3222 ex
1686 3181 1783 3235 ipsis
1815 3181 2025 3222 dixerunt:

119 3241 232 3282 dNon
262 3246 426 3294 poterat
455 3241 532 3289 hic,
566 3241 635 3294 qui
666 3242 825 3295 aperuit
856 3242 992 3284 oculos
1023 3241 1115 3284 caeci
1146 3241 1245 3289 nati,
1279 3240 1409 3281 facere
1440 3246 1487 3280 ut
1517 3240 1581 3281 1116
1611 3254 1692 3282 11011
1724 3238 1973 3281 moreretur?

219 3301 255 3324 33
278 3300 389 3340 163113
410 3312 503 3352 ergo
524 3312 683 3340 rursum
705 3300 878 3341 fremens
900 3301 941 3341 in
963 3300 1192 3353 semetipso,
1217 3299 1331 3339 venit
1352 3299 1404 3339 ad
1425 3305 1753 3340 monumentum.
1777 3304 1864 3339 erat
1885 3302 2022 3338 autem
2045 3303 2186 3327 Lazarmss
2206 3308 2220 3325 ‘³

2042 3338 2233 3362 monumento

116 3358 326 3412 spelunca:
346 3362 387 3399 et
403 3358 505 3411 lapis
523 3358 802 3411 superpositus
819 3364 907 3400 erat
924 3358 971 3400 ei.
1016 3361 1052 3384 3⁹
1068 3359 1140 3399 Ait
1159 3359 1287 3398 Iesus:
1308 3357 1454 3399 Tollite
1472 3357 1661 3411 lapidem.
1680 3357 1792 3398 Dicit
1809 3357 1843 3397 ei
1860 3355 2025 3396 Martha
2081 3373 2178 3400 vocam

185 3424 524 3519 &dsibessiffbffl
553 3439 587 3479 73
614 3438 660 3472 Le
687 3438 718 3478 7,
745 3438 802 3478 372
833 3438 888 3471 inf
915 3440 967 3480 12,
995 3440 1024 3473 3.
1054 3461 1092 3463 ἡ
1117 3439 1159 3472 24
1184 3438 1250 3471 ch
1276 3439 1328 3478 14,
1355 3439 1411 3478 14;
1437 3438 1509 3482 Sup
1533 3438 1564 3477 5,
1590 3438 1641 3470 29.
1670 3457 1710 3459 —
1735 3436 1777 3469 25
1805 3436 1891 3479 csflp
1917 3437 1946 3474 6,
1972 3434 2022 3467 40.

116 3506 156 3509 --
182 3506 188 3515 v
261 3496 332 3528 ‚up
380 3512 388 3526 ‚
435 3513 442 3519 .
