2356 3760
143 207 167 228 21.
191 206 272 234 plana

117 240 287 269 -einiphum,

142 738 164 760 4.
189 737 270 766 plaga

119 779 291 798 musearum.

129 2093 152 2117 5.
177 2093 260 2124 plaga

150 2129 247 2158 pestis,

127 2752 150 2775 θ’).
176 2751 258 2783 plaga

124 2787 260 2813 ulcerum.

126 3215 150 3238 7.
175 3215 257 3244 plaga

113 3251 268 3277 maurinus.

313 113 363 153 52
1195 109 1341 143 LIBER
1975 112 2007 152 8,
2035 112 2156 152 16-9,
2182 113 2225 147 14

420 206 454 228 ¹⁶
481 205 678 257 Dixitque
702 204 902 245 Dominus
927 204 979 244 ad
1002 203 1188 255 Moysen:
1220 203 1401 255 Loquere
1430 203 1482 243 ad
1505 203 1659 243 Aaron:
1690 203 1878 244 Extende
1907 204 2062 257 virgam
2092 210 2219 251 tuam,

314 269 353 304 et
373 268 537 316 percute
557 263 763 317 pulverem
786 269 918 303 (ιιι-τως
939 267 978 302 et
998 262 1078 301 sint
1098 261 1297 314 sciniphes
1318 262 1357 302 in
1378 262 1563 302 universa
1584 262 1706 302 Terra
1724 262 1903 316 AEgypti.
1952 264 1985 287 ¹⁷
2004 263 2222 305 Fecerunt-

313 335 390 375 que
418 322 485 362 ita.
516 322 569 362 Et
596 321 781 362 extendit
809 321 943 361 Aaron
972 332 1150 364 manum,
1180 320 1334 368 virga-m
1364 325 1522 360 tenens:
1551 320 1829 373 percussitque.
1855 321 2064 374 pulverem
2090 327 2218 364 terrae.

311 386 352 421 et
375 381 473 422 facti
499 386 593 421 sunt
618 379 817 432 sciniphes
844 380 882 419 in
908 378 1151 421 hominibus.
1179 383 1220 419 et
1244 379 1283 418 in
1308 379 1517 419 iumentis:
1545 379 1674 419 omnis
1700 378 1834 431 pulvis
1858 384 1974 421 terrae
1999 394 2136 421 versus
2161 387 2220 422 est

311 440 352 480 in
380 440 580 492 sciniphes
610 451 680 492 per
707 443 837 478 totam
869 438 1030 477 'l'erram
1062 437 1241 490 AEgypti.
1300 439 1334 462 ¹⁸
1361 438 1394 478 F
1397 442 1642 490 eceruntque
1671 437 1855 478 similiter
1882 439 2055 480 malefici
2084 440 2220 480 incan-

314 499 537 539 tationibus
562 498 654 541 suis.
682 502 726 537 ut
751 497 968 537 educerent
997 496 1208 548 sciniphes,
1235 501 1275 536 et
1305 510 1382 537 non
1413 502 1654 550 potuerunt:
1680 502 1876 549 erantque
1905 498 2104 551 sciniphes
2135 504 2220 539 tam

312 558 351 597 in
379 557 609 597 hominibus
639 569 759 609 quam
790 556 828 595 in
857 555 1059 596 iumentis.
1117 556 1150 578 ¹⁹
1176 555 1230 595 Et
1258 555 1450 596 dixerunt
1477 555 1649 596 malefici
1677 555 1729 595 ad
1756 555 2028 596 Pharaonem:
2056 558 2219 611 Digitus

312 616 385 656 Dei
412 621 473 655 est
499 616 573 656 hic.
602 615 921 667 induratumque
948 619 1009 654 est
1035 626 1102 653 cor
1127 613 1362 658 Pharaonis,
1391 620 1432 654 et¹
1458 626 1539 654 non
1565 614 1725 654 audivit
1751 627 1817 655 eos
1843 614 1948 655 sicut
1973 620 2219 669 praeceperat

312 675 523 715 Dominus.

417 736 453 758 ‘2⁰
468 733 583 773 Dixit
602 746 762 786 quoque
780 732 979 773 Dominus
997 731 1047 771 ad
1065 731 1251 785 Moysen:
1270 734 1472 784 (¹onsurgre
1490 731 1678 776 diluculo.
1698 737 1738 772 et
1754 737 1818 773 sta
1835 745 1969 773 coram
1986 732 2216 775 Pharaone:

311 793 538 843 egredietur
561 792 666 832 enim
691 791 743 832 ad
766 805 911 844 aquas:
937 795 977 831 et
999 791 1106 831 dices
1130 790 1182 831 ad
1205 804 1314 831 eum:
1342 791 1438 832 Haec
1462 791 1560 831 dicit
1583 791 1800 831 Dominus:
1824 791 1998 832 Dimitte
2020 792 2215 845 populum

309 865 441 892 meum
470 857 509 891 ut
539 850 739 891 sacrificet
763 850 873 891 mihi.
927 852 954 874 ²¹
983 850 1101 898 Quod
1126 849 1157 889 si
1182 863 1262 890 non
1288 850 1484 891 dimiseris
1509 863 1613 897 eum,
1640 862 1730 891 ecce
1754 863 1826 903 ego
1852 850 2071 891 immittam
2098 851 2139 892 in
2163 856 2215 893 te.

307 916 349 951 et
375 911 413 951 in
441 923 576 951 servos
604 915 707 953 tuos.
736 914 775 950 et
803 910 842 949 111
869 908 1064 962 populum
1092 914 1222 955 tuum,
1251 915 1292 950 et
1318 909 1358 949 111
1384 909 1525 950 domos
1553 914 1644 949 tuas
1671 922 1788 949 omne
1814 922 1939 959 ⁴egenus
1965 922 2215 950 muscarum:

306 975 345 1009 et
379 969 658 1023 implebuntur
690 969 833 1009 (lomus
867 968 1153 1021 :Egyptiorum
1185 969 1333 1009 muscis
1365 968 1513 1009 diversi
1544 968 1724 1022 generis..
1745 973 1786 1008 et
1817 968 2005 1009 universa
2037 974 2143 1009 terra
2176 969 2215 1010 in

307 1042 385 1081 qua
413 1029 575 1069 fuerint.
630 1029 661 1051 ‘²²
689 1027 933 1080 Faciamque
960 1026 1186 1067 mirabilem
1213 1028 1253 1067 in
1280 1027 1342 1068 die
1368 1026 1432 1067 illa
1461 1028 1625 1067 Terram
1652 1027 1815 1075 Gessen,
1869 1027 1910 1067 in
1937 1041 2015 1081 qua
2042 1027 2215 1081 populus

306 1101 418 1127 meus
446 1093 517 1130 est,
549 1092 593 1127 ut
621 1100 701 1127 non
729 1086 809 1126 sint
837 1086 891 1126 ibi
920 1099 1085 1126 muscae:
1115 1091 1156 1126 et
1182 1087 1282 1127 scia-s
1312 1087 1504 1140 quoniam
1532 1099 1603 1140 ego
1632 1086 1830 1127 Dominus
1858 1087 1899 1127 in
1926 1086 2058 1127 medio
2086 1091 2213 1128 terrae.

304 1148 336 1170 ²²³
358 1147 596 1199 Ponamque
620 1146 860 1186 divisionem
884 1145 989 1185 inter
1011 1144 1207 1197 populum
1231 1159 1378 1191 meum,
1405 1151 1445 1186 et
1467 1145 1662 1199 populum
1687 1151 1824 1186 tuum:
1849 1159 1935 1186 cras
1958 1145 2034 1186 erit
2056 1145 2214 1199 signum

305 1205 426 1246 istud.
482 1207 513 1229 ²³¹
540 1205 733 1258 Fecitque
764 1204 959 1245 Dominus
986 1204 1055 1244 ita.
1089 1203 1164 1244 aEt
1189 1204 1303 1245 venit
1328 1218 1468 1245 musca
1492 1205 1729 1256 gravissima
1757 1205 1797 1245 in
1824 1205 1965 1245 domos
1991 1204 2215 1245 Pharaonis

303 1269 343 1304 et
361 1277 569 1305 servorum
586 1265 681 1307 eius.
701 1269 739 1304 et
759 1264 797 1303 in
815 1276 975 1303 omnem
993 1263 1157 1303 Terram
1175 1263 1360 1317 AEgypti:
1379 1269 1651 1316 corruptaque
1668 1270 1729 1304 est
1744 1269 1849 1305 terra
1868 1265 1918 1305 ab
1936 1264 2215 1305 huiuscemodi

304 1324 462 1365 muscis.
517 1326 548 1347 '25
574 1323 828 1376 Vocavitque
854 1322 1012 1363 Pharao
1038 1322 1207 1375 Moysen
1233 1327 1273 1363 et
1298 1322 1445 1367 Aaron,
1474 1329 1513 1363 et
1539 1323 1598 1363 ait
1622 1323 1695 1363 eis:
1725 1322 1786 1363 Ite
1812 1328 1853 1363 et
1876 1323 2102 1363 sacrificate
2126 1323 2214 1364 Deo

303 1387 438 1423 vestro
466 1382 505 1423 in
536 1389 639 1422 terra
670 1382 755 1422 hae.
813 1383 848 1405 2⁶
875 1381 930 1422 Et
958 1382 1014 1421 ait
1044 1381 1220 1434 Moyses:
1251 1382 1343 1422 Non
1372 1386 1507 1435 potest
1534 1381 1590 1422 ita
1623 1382 1725 1422 fieri:
1756 1381 2079 1422 abominationes
2107 1382 2215 1422 enim

302 1441 589 1495 :Egyptiorum
627 1440 927 1481 immolabimus
952 1440 1129 1481 Domino
1161 1441 1248 1481 Deo
1286 1446 1436 1482 nostro.
1477 1441 1586 1494 quod
1622 1441 1654 1481 si
1690 1441 2005 1481 mactaverimus
2042 1454 2089 1481 ea
2126 1454 2216 1494 quae

302 1500 440 1541 colunt
465 1500 645 1554 :Egyptii
670 1513 804 1540 coram
828 1500 895 1545 eis,
921 1499 1123 1552 lapidibus
1146 1512 1218 1540 nos
1242 1500 1426 1540 obruent.
1478 1502 1512 1523 ‘2⁷
1535 1500 1653 1540 Viam
1678 1500 1801 1540 trium
1824 1500 1979 1540 dierum
2002 1513 2214 1553 pergemus

302 1559 341 1599 in
358 1560 637 1600 solitudinem:
655 1564 695 1599 et
711 1558 1029 1599 sacrificabimus
1045 1559 1222 1599 Domino
1238 1559 1324 1599 Deo
1341 1563 1491 1604 nostro,
1514 1559 1637 1599 bsicut
1653 1559 1844 1612 praecepit
1859 1559 1986 1600 nobis.
2031 1560 2066 1583 28
2080 1559 2213 1599 Dixit-

302 1631 378 1671 que
413 1618 590 1659 Pharao:
643 1619 727 1671 Ego
763 1618 971 1658 dimittam
1004 1630 1076 1658 vos
1111 1623 1156 1657 ut
1191 1618 1425 1659 sacrificetis
1459 1618 1635 1659 Domino
1670 1618 1757 1658 Deo
1791 1623 1926 1658 vestro
1961 1618 2001 1658 in
2035 1617 2212 1658 deserto:

301 1683 585 1719 verumtamen
611 1677 766 1731 longius
793 1690 842 1717 ne
869 1677 1037 1721 abeatis,
1065 1682 1206 1730 rogate
1232 1690 1303 1730 pro
1330 1690 1405 1718 me.
1460 1680 1495 1701 ²³
1520 1677 1575 1718 Et
1602 1677 1658 1718 ait
1684 1677 1862 1731 Moyses:
1891 1677 2084 1731 Egressus
2111 1690 2135 1717 a
2159 1681 2211 1726 te,

300 1737 423 1777 orabo
451 1737 693 1777 Dominum:
723 1741 762 1776 et
788 1736 949 1776 recedet
975 1749 1113 1776 musca
1142 1749 1165 1776 a.
1192 1736 1414 1782 Pharaone,
1444 1741 1485 1777 et
1512 1750 1535 1777 a
1561 1736 1685 1777 servis
1713 1737 1805 1779 suis,
1835 1740 1876 1777 et
1903 1749 1924 1776 a
1951 1735 2102 1790 populo
2129 1736 2213 1776 eius

301 1808 405 1835 cras:
433 1801 717 1837 verumtamen
743 1795 823 1835 noli
849 1794 954 1835 ultra
980 1794 1128 1838 fallere.
1158 1800 1204 1835 ut
1229 1808 1309 1836 non
1336 1795 1520 1836 dimittas
1546 1795 1742 1849 populum
1770 1794 1995 1836 sacrificare
2020 1795 2210 1835 Domino.

299 1856 335 1878 ³⁰
363 1855 637 1908 Egressusque
664 1854 823 1908 Moyses
853 1868 874 1894 a
902 1854 1125 1900 Pharaone,
1157 1855 1290 1895 oravit
1317 1855 1552 1895 Dominum.
1608 1857 1640 1879 31
1669 1855 1745 1903 Qui
1773 1855 1870 1895 fecit
1896 1854 2014 1895 iuxta
2040 1854 2212 1895 Verbum

298 1913 420 1954 illius:
442 1919 482 1954 et
502 1913 671 1954 abstulit
691 1927 850 1953 muscas
871 1926 890 1953 a
912 1913 1135 1960 Pharaone,
1158 1919 1197 1954 et
1218 1927 1238 1953 a
1259 1913 1384 1954 servis
1403 1914 1495 1957 suis,
1518 1919 1558 1954 et
1577 1927 1598 1954 a
1618 1913 1768 1967 populo
1789 1914 1890 1954 eius:
1912 1926 1992 1953 non
2012 1913 2213 1967 superfuit

299 1985 347 2012 ne
374 1986 453 2013 una
482 1973 657 2026 quidem.
711 1974 743 1997 3²
770 1972 825 2012 Et
850 1972 1111 2023 ingravatum
1137 1978 1198 2013 est
1224 1985 1291 2012 cor
1315 1972 1551 2016 Pharaonis.
1579 1973 1636 2013 ita
1664 1978 1709 2013 ut
1735 1985 1807 2013 nec
1833 1973 1908 2013 hac
1935 1972 2099 2026 quidem
2125 1972 2212 2012 vice

302 2031 528 2072 dimitteret
558 2031 768 2085 populum.

406 2091 443 2133 9.
500 2093 510 2115 ¹
539 2091 654 2131 Dixit
683 2096 820 2131 autem
847 2090 1046 2130 Dominus
1074 2090 1126 2130 ad
1151 2090 1337 2143 Moysen:
1369 2090 1580 2139 Ingredere
1607 2090 1659 2131 ad
1685 2090 1952 2137 Pharaonem,
1982 2095 2022 2130 et
2047 2089 2210 2143 loquere

301 2150 352 2189 ad
375 2163 485 2190 eum:
513 2149 609 2190 Haec
632 2149 729 2190 dicit
751 2149 952 2189 Dominus
974 2149 1084 2189 Deus
1109 2148 1392 2190 Hebraeorum:
1417 2149 1590 2190 Dimitte
1614 2149 1810 2203 populum
1832 2161 1969 2190 meum
1992 2154 2038 2189 ut
2060 2148 2211 2189 sacrifi-

298 2214 361 2249 cet
390 2209 499 2249 mihi.
557 2210 571 2232 ‘2
601 2208 720 2257 Quod
748 2208 779 2248 si
809 2208 941 2248 adhuc
970 2208 1115 2251 renuis,
1148 2213 1189 2249 et
1216 2208 1364 2249 retines
1393 2222 1477 2249 eos:
1534 2210 1549 2233 3
1577 2221 1666 2249 ecce
1696 2221 1840 2249 manus
1869 2221 1960 2249 mea
1988 2207 2063 2248 erit
2092 2220 2211 2261 super

297 2280 411 2320 agros
441 2272 551 2308 tuos:
582 2273 621 2308 et
651 2280 770 2320 super
798 2280 933 2320 equos.
965 2272 1005 2307 et
1034 2267 1178 2315 asinos,
1210 2272 1251 2308 et
1278 2267 1464 2315 camelos,
1495 2273 1536 2308 et
1565 2268 1700 2317 boves,
1731 2273 1772 2308 et.
1800 2280 1907 2314 oves,
1938 2267 2063 2321 pestis
2092 2266 2210 2307 valde

296 2327 441 2369 eravis.
504 2329 518 2350 ‘¹
554 2327 608 2367 Et
642 2326 763 2366 faciet
797 2326 997 2366 Dominus
1032 2325 1215 2366 mirabile
1249 2326 1355 2367 inter
1388 2327 1658 2380 possessiones
1694 2326 1828 2375 Israel,
1866 2331 1907 2367 et
1940 2325 2209 2379 possessiones

298 2385 595 2439 Αἧιῖρχνρ(10111111,
623 2391 668 2426 ut
693 2384 793 2425 nihil
819 2385 982 2425 omnino
1008 2390 1147 2438 pereat
1171 2399 1221 2426 ex
1244 2385 1305 2426 his
1332 2399 1421 2439 quae
1444 2386 1651 2439 pertinent
1676 2386 1727 2426 ad
1755 2385 1856 2426 filios
1882 2384 2017 2426 Israel.
2069 2386 2084 2409 ⁵
2108 2384 2210 2425 Con·

296 2445 514 2498 stituitque
544 2445 744 2485 Dominus
776 2449 949 2497 tempus,
982 2444 1136 2484 dicens:
1168 2444 1263 2485 Cras
1294 2445 1416 2485 faciet
1445 2445 1645 2485 Dominus
1677 2445 1848 2485 verbum
1878 2444 1989 2485 istud
2017 2444 2058 2484 in
2088 2449 2207 2484 terra.

299 2504 314 2526 ‘³
344 2503 455 2543 Fecit
487 2516 578 2552 erqo
609 2503 809 2543 Dominus
840 2503 1010 2543 verbum
1040 2503 1116 2543 hoc
1147 2503 1275 2544 altera
1304 2504 1385 2545 die:
1418 2510 1661 2557 mortuaque
1692 2509 1786 2544 sunt
1817 2503 1954 2544 onmia
1983 2503 2211 2544 animantia

297 2561 600 2615 AEgyptiorum:
631 2562 679 2603 de
709 2561 950 2602 animalibus
979 2575 1074 2603 vero
1107 2561 1281 2603 filiorum
1312 2562 1434 2603 Israel
1462 2563 1561 2603 nihil
1590 2563 1753 2603 omnino
1782 2563 1913 2616 periit.
1973 2563 1986 2585 ⁷
2015 2562 2071 2602 Et
2099 2561 2209 2602 misit

297 2620 453 2661 Pharao
482 2622 532 2661 ad
559 2621 800 2661 videndum:
829 2634 900 2661 nec
927 2626 1014 2661 erat
1040 2621 1266 2675 quidquam
1292 2627 1501 2662 mortuum
1528 2622 1577 2662 de
1604 2622 1664 2662 his
1692 2635 1782 2676 quae
1807 2621 2044 2675 possidebat
2072 2619 2206 2661 Israel.

300 2679 648 2733 Ingravatumque
679 2685 738 2720 est
769 2693 836 2720 cor
865 2680 1100 2725 Pharaonis,
1133 2686 1174 2721 et
1203 2693 1284 2721 non
1315 2681 1468 2721 dimisit
1498 2681 1707 2734 populum.

407 2740 421 2762 8
454 2739 508 2779 Et
539 2739 643 2780 dixit
675 2739 874 2779 Dominus
907 2740 957 2779 ad
989 2739 1169 2793 Moysen,
1204 2745 1244 2780 et
1275 2739 1429 2780 Aaron:
1464 2739 1608 2781 Tollite
1640 2740 1778 2793 plenas
1812 2753 1954 2780 manus
1987 2738 2127 2780 cineris
2160 2738 2209 2779 de

300 2798 470 2840 camino.
497 2803 536 2838 et
560 2804 723 2851 spargat
748 2797 858 2837 illum
884 2798 1042 2851 Moyses
1066 2799 1105 2838 111
1130 2798 1270 2839 caelum
1295 2812 1430 2840 coram
1453 2799 1676 2840 Pharaone.
1731 2801 1746 2823 ⁹
1769 2799 1910 2852 Sitque
1933 2797 2066 2852 pulvis
2090 2810 2209 2850 super

297 2869 457 2896 omnem
489 2857 651 2897 Terram
683 2856 867 2910 :Egyptiz
900 2862 1017 2897 erunt
1047 2858 1154 2898 enim
1183 2858 1224 2897 in
1253 2858 1497 2903 hominibus,
1530 2864 1571 2898 et
1600 2858 1791 2898 iumentis
1820 2857 1965 2905 ulcera,
1997 2861 2037 2898 et
2067 2856 2209 2897 vesicae

297 2921 504 2963 turgentes
525 2916 562 2955 111
584 2916 769 2955 universa
790 2922 895 2955 terra
916 2916 1095 2969 AEtgypti.
1145 2919 1179 2940 ¹⁰
1197 2916 1474 2970 Tulemntque
1493 2918 1667 2958 cinerem
1686 2917 1734 2958 de
1753 2917 1924 2960 camino.
1946 2920 1987 2957 et
2004 2920 2207 2956 steterunt

296 2987 431 3014 coram
454 2975 675 3018 Pharaone,
701 2980 741 3014 et
763 2975 909 3027 sparsit
933 2974 1045 3014 illum
1070 2975 1228 3029 Moyses
1251 2976 1290 3016 in
1313 2975 1472 3017 crelum:
1497 2977 1687 3029 factaque
1710 2981 1806 3016 sunt
1827 2975 1959 3016 ulcera
1981 2975 2206 3015 vesicarum

296 3033 548 3080 turgentium
574 3034 611 3073 111
636 3033 877 3077 hominibus,
904 3039 942 3073 et
965 3033 1174 3074 iumentis:
1226 3037 1255 3059 ¹¹
1278 3048 1350 3075 nec
1372 3040 1564 3088 poterant
1586 3034 1757 3075 malefici
1782 3039 1887 3075 stare
1911 3046 2046 3075 coram
2068 3033 2207 3086 Moyse

299 3098 463 3145 propter
491 3092 619 3131 ulcera
649 3106 737 3145 (pue
765 3093 802 3132 111
831 3091 904 3132 illis
932 3098 1057 3136 erant,
1088 3098 1126 3133 et
1155 3095 1193 3133 in
1220 3094 1328 3134 omni
1356 3095 1478 3134 Terra·
1504 3094 1688 3147 :Eg-ypsi:
1744 3096 1775 3117 ¹2
1804 3093 2100 3145 Induravitque
2126 3092 2206 3132 Do—

300 3151 430 3190 minus
460 3164 527 3191 cor
559 3151 790 3192 Pharaonis,
824 3156 861 3191 et
894 3164 972 3191 non
1004 3152 1162 3192 audivit
1192 3166 1269 3197 eos,
1302 3153 1405 3193 sicut
1436 3152 1593 3193 locutus
1624 3158 1684 3193 est
1714 3153 1913 3193 Dominus
1943 3151 1993 3192 ad
2023 3151 2204 3204 Moysen.

406 3212 434 3233 ¹²³
471 3209 665 3262 Dixitque
700 3210 898 3250 Dominus
934 3210 985 3250 ad
1021 3210 1205 3264 Moysen:
1242 3212 1361 3252 Mane
1395 3225 1600 3265 consurge,
1638 3216 1677 3251 et
1712 3216 1777 3252 sta
1811 3223 1945 3251 coram
1980 3210 2203 3251 Pharaone.

298 3274 337 3309 et
365 3268 470 3308 (lices
499 3269 548 3308 ad
578 3282 687 3308 011111ῑ
723 3268 814 3309 Haee
842 3269 939 3309 (1101(
967 3269 1166 3309 Dsuninus
1198 3271 1303 3310 Deus
1336 3271 1615 3311 Hebraeorum:
1645 3270 1818 3311 Dimitte
1846 3267 2041 3322 populum
2070 3282 2203 3309 meum

298 3333 341 3367 ut
366 3326 564 3367 sacrificet
588 3327 696 3367 mihi.
751 3329 778 3351 ¹²
803 3328 902 3375 Quia
930 3328 968 3368 111
992 3328 1065 3368 hac
1091 3329 1174 3368 vice
1199 3330 1362 3370 mittam
1386 3343 1523 3370 omnes
1549 3329 1685 3383 plagas
1709 3342 1817 3369 meas
1841 3340 1961 3381 super
1983 3341 2050 3368 cor
2072 3334 2202 3376 tuum,

431 3451 473 3485 24
503 3452 585 3496 *Sap
612 3453 663 3493 16,
690 3454 719 3486 9.
748 3474 788 3477 —
813 3455 854 3487 27
879 3455 969 3498 b&up
996 3455 1026 3494 3,
1054 3454 1103 3488 18.
