2356 3760
292 179 369 218 504
1172 179 1319 213 LIBER
1931 182 1984 223 34,
2011 183 2151 223 19—36,
2176 183 2198 216 8

106 269 267 335 ζζξυθὲζθξῗ
292 274 325 295 ¹⁹
354 272 445 312 Non
468 272 797 325 supergaudeant
818 272 916 313 mihi
941 272 1009 326 qui
1032 272 1303 314 adversantur
1324 273 1423 314 mihi
1445 273 1599 327 inique:
1675 275 1765 328 ³qui
1787 276 1961 317 oderunt
1982 290 2046 318 me
2068 277 2195 331 gratis

554 336 595 372 et
625 337 812 372 annuunt
842 330 978 372 oculis.

291 391 327 413 ²⁰
351 389 553 437 Quoniam
580 390 678 430 mihi
706 390 869 443 quidem
896 390 1062 443 pacifice
1087 390 1379 444 loquebantur:
1459 396 1500 432 et
1524 391 1565 432 in
1590 392 1802 434 iracundia
1826 399 1943 434 terrae
1967 393 2192 447 loquentes,

555 449 667 490 dolos
697 449 946 502 cogitabant.

291 509 320 531 ²¹
351 507 405 548 Et
425 508 705 548 dilataverunt
723 521 843 561 super
861 521 925 548 me
944 521 988 549 os
1007 522 1144 549 suum:
1203 509 1412 550 dixerunt:
1438 510 1562 562 Euge,
1585 523 1695 563 euge,
1718 511 1910 552 viderunt
1929 511 2033 552 oculi
2052 512 2193 553 nostri.

291 568 323 590 ²²
350 566 496 607 Vidisti
529 567 712 613 Domine,
746 580 795 607 ne
825 566 958 607 sileas:
1044 568 1218 609 Domine
1249 582 1297 608 ne
1328 568 1511 609 discedas
1540 581 1565 608 a
1593 582 1668 610 me.

291 627 323 649 2³
350 625 512 675 Exurge
549 631 591 666 et
627 625 793 666 intende
822 625 968 667 iudicio
1010 639 1118 668 meo:
1202 628 1313 667 Deus
1346 640 1469 671 meus,
1514 633 1554 667 et
1584 628 1785 669 Dominus
1815 642 1928 669 meus
1958 629 1997 670 in
2030 642 2194 670 causam

556 698 700 726 meam.

291 744 322 767 ’Μ
352 743 493 784 ludica
511 757 575 784 me
594 744 816 785 secundum
837 743 1036 785 iustitiam
1057 750 1172 785 tuam
1192 745 1367 785 Domine
1387 745 1498 786 Deus
1517 759 1641 794 meus,
1708 752 1749 787 et
1767 760 1847 787 non
1868 748 2194 800 supergaudeant

552 802 664 844 mihi.

291 862 322 884 ’ὦ
350 861 441 902 'Non
487 861 627 903 dicant
673 862 712 902 in
759 862 947 903 cordibus
993 863 1091 903 suis:
1141 863 1266 916 Euge.
1314 876 1424 917 euge,
1473 863 1619 904 animae
1666 870 1830 905 nostrae:
1918 878 1989 905 nec
2036 865 2193 906 dicant:

553 921 853 962 Devoravimus
883 935 987 962 eum.

291 980 326 1004 ²⁶
350 980 607 1021 Erubescant
643 986 685 1021 et
720 986 984 1021 revereantur
1021 980 1151 1029 simul,
1201 981 1269 1034 qui
1306 981 1567 1035 gratulantur
1603 981 1721 1022 malis
1758 982 1868 1024 meis.
1966 983 2197 1024 Induantur

553 1039 788 1080 confusione
820 1044 861 1080 et
892 1039 1119 1080 reverentia
1150 1040 1218 1093 qui
1250 1053 1400 1094 magna
1428 1040 1654 1095 loquuntur
1685 1053 1804 1095 super
1834 1055 1909 1083 me.

290 1099 324 1122 ‘²⁷
350 1098 550 1139 Exultent
575 1103 615 1139 et
640 1098 830 1139 laetentur
856 1098 925 1152 qui
951 1098 1096 1139 volunt
1122 1099 1321 1140 iustitiam
1347 1113 1499 1140 meam:
1580 1105 1621 1140 et
1647 1099 1787 1141 dicant
1811 1113 1985 1154 semper:
2013 1100 2198 1155 Magnifi-

553 1163 666 1198 cetur
695 1157 907 1202 Dominus.
941 1158 1009 1211 qui
1039 1158 1185 1199 volunt
1214 1172 1355 1212 pacem
1386 1159 1490 1200 servi
1520 1159 1615 1200 eius,

290 1218 326 1240 ²⁸
349 1216 405 1257 Et
431 1215 571 1270 lingua
597 1230 690 1257 mea
715 1216 984 1258 meditabitur
1012 1216 1211 1258 iustitiam
1242 1223 1369 1261 tuam,
1455 1223 1546 1259 tota
1573 1218 1637 1260 die
1663 1217 1827 1260 laudem
1856 1224 1984 1260 tuam.

954 1332 1121 1384 35(36).
1152 1333 1290 1375 ludex
1322 1336 1538 1375 omnium.

395 1419 407 1441 ¹
442 1417 487 1457 In
518 1416 652 1464 finem,
684 1428 799 1457 servo
829 1416 996 1458 Domini
1025 1417 1100 1471 ipsi
1130 1417 1278 1459 David.
1311 1417 1488 1459 XXXV.

115 1526 256 1587 fflffiffif
310 1524 325 1546 2
348 1522 465 1563 Dixit
491 1521 665 1562 iniustus
691 1526 739 1562 ut
765 1521 978 1575 delinquat
1003 1522 1043 1563 in
1070 1523 1306 1576 semetipso:
1365 1537 1446 1564 non
1473 1528 1535 1564 est
1560 1523 1682 1564 timor
1708 1522 1783 1564 Dei
1811 1528 1907 1563 ante
1933 1522 2070 1564 oculos
2097 1522 2195 1564 eius.

187 1579 196 1586 ²
310 1584 325 1606 ³
352 1581 574 1630 bQuoniam
597 1580 733 1622 dolose
756 1580 837 1634 egit
859 1580 899 1621 in
921 1586 1142 1636 conspectu
1163 1582 1266 1622 eius:
1324 1587 1371 1623 ut
1393 1582 1626 1623 inveniatur
1647 1581 1842 1636 iniquitas
1863 1582 1947 1622 eius
1970 1582 2023 1623 ad
2042 1581 2194 1623 odium.

309 1643 324 1664 ‘¹
348 1641 484 1681 Verba
511 1640 590 1681 oris
619 1640 703 1681 eius
732 1639 939 1694 iniquitas,
972 1646 1013 1681 et
1042 1641 1176 1682 dolus:
1265 1640 1397 1682 noluit
1426 1640 1647 1694 intelligere
1677 1646 1724 1682 ut
1753 1642 1854 1681 bene
1885 1647 2033 1694 ageret.

307 1703 322 1724 ὃ
348 1699 615 1753 Iniquitatem
636 1698 861 1740 meditatus
881 1706 943 1741 est
962 1700 1003 1740 in
1023 1699 1146 1741 cubili
1166 1713 1256 1741 suo:
1316 1700 1450 1742 astitit
1469 1700 1580 1741 omni
1600 1700 1676 1741 viae
1696 1713 1776 1741 non
1799 1700 1925 1749 bonae,
1991 1700 2192 1741 malitiam

552 1764 690 1799 autem
720 1772 802 1800 non
832 1759 974 1801 odivit..

111 1867 252 1927 ’3ῐῶξῇῡὲ
307 1867 322 1889 ⁶
345 1865 519 1906 Domine
551 1864 591 1905 in
622 1864 717 1905 caelo
749 1864 1024 1905 misericordia
1053 1869 1143 1906 tua:
1230 1870 1272 1906 et
1302 1865 1453 1905 veritas
1484 1870 1558 1905 tua
1588 1878 1715 1919 usque
1746 1865 1799 1906 ad
1829 1865 1969 1906 nubes.

309 1926 322 1947 ³
351 1923 515 1965 Iustitia
533 1929 606 1964 tua
622 1924 728 1965 sicut
744 1929 904 1965 montes
922 1924 1016 1964 Dei:
1074 1924 1224 1965 iudicia
1241 1930 1315 1965 tua
1332 1924 1503 1978 abyssus
1521 1923 1663 1965 multa.
1724 1924 1932 1971 Homines,
1953 1929 1995 1965 et
2012 1924 2199 1965 iumenta

549 1983 727 2024 salvabis
756 1983 949 2024 Domine:

307 2044 322 2067 ⁸
346 2043 695 2097 quemadmodum
719 2042 1001 2096 multiplicasti
1024 2043 1343 2084 misericordiam
1366 2047 1483 2084 tuam
1507 2043 1629 2084 Deus.
1688 2042 1778 2083 Filii
1803 2047 1942 2083 autem
1966 2042 2193 2086 hominum.

549 2102 590 2142 in
620 2102 797 2156 tegmine
827 2101 984 2143 alarum
1014 2107 1179 2143 tuarum
1209 2103 1446 2156 sperabunt.

306 2164 322 2185 ⁹
347 2161 666 2202 Inebriabuntur
689 2162 740 2202 ab
765 2162 954 2202 ubertate
975 2161 1120 2202 domus
1144 2167 1243 2202 tuae:
1302 2167 1343 2202 et
1365 2166 1545 2202 torrente
1570 2160 1797 2215 voluptatis
1820 2166 1902 2202 tuae
1926 2160 2088 2215 potabis
2112 2174 2192 2202 eos.

288 2222 324 2245 ¹⁰
347 2221 549 2270 Quoniam
581 2221 691 2274 apud
721 2225 761 2261 te
792 2225 853 2261 est
882 2221 972 2261 fons
1002 2220 1115 2261 vitae:
1201 2226 1242 2261 et
1270 2220 1311 2260 in
1339 2219 1493 2260 lumine
1523 2225 1594 2261 tuo
1625 2220 1855 2261 videbimus
1884 2220 2034 2261 lumen.

122 2326 230 2386 iggssgt
288 2329 318 2351 ¹¹
346 2327 559 2368 Praetende
586 2326 901 2367 inisericordiam
929 2331 1045 2367 tuam
1072 2325 1293 2367 scientibus
1319 2331 1371 2370 te,
1451 2331 1491 2366 et
1517 2326 1717 2367 iustitiam
1744 2332 1859 2367 tuam
1887 2325 1959 2373 his,
1990 2326 2057 2380 qui
2084 2332 2195 2367 recto

237 2380 241 2385 ’
551 2391 648 2426 sunt
677 2386 808 2427 corde.

289 2447 319 2470 ¹²
346 2446 438 2487 Non
469 2445 609 2486 veniat
639 2445 738 2485 mihi
768 2458 839 2498 pes
870 2445 1085 2498 superbiae:
1172 2449 1214 2485 et
1243 2457 1389 2484 manus
1420 2444 1644 2498 peccatoris
1675 2458 1756 2486 non
1788 2449 1954 2485 moveat
1984 2457 2059 2486 me.

286 2507 317 2529 ¹³
346 2504 407 2545 Ibi
435 2504 668 2546 ceciderunt
695 2504 764 2558 qui
791 2509 1013 2557 operantur
1039 2503 1319 2557 iniquitatem:
1399 2503 1556 2557 expulsi
1583 2508 1690 2547 sunt.
1719 2516 1793 2544 nec
1818 2508 2044 2557 potuerunt
2070 2508 2191 2544 stare.

903 2619 1069 2670 36(37).
1100 2618 1304 2660 Felicitas
1334 2618 1583 2660 hominum.

392 2707 400 2728 ¹
438 2703 620 2744 Psalmus
650 2703 725 2757 ipsi
755 2703 903 2744 David.
935 2702 1137 2744 XXXVI.

98 2810 265 2870 ῑῗζῇξξὲὲω
345 2810 437 2851 Noli
465 2809 645 2850 aemulari
674 2808 715 2849 in
743 2808 1081 2861 malignantibus:
1166 2821 1296 2861 neque
1325 2808 1516 2849 zelaveris
1544 2807 1739 2849 facientes
1766 2807 2039 2861 iniquitatem.

142 2881 222 2906 tama.
307 2872 321 2893 '2
346 2869 548 2918 Quoniam
581 2874 796 2922 tamquam
828 2868 985 2908 foenum
1016 2866 1208 2909 velociter
1240 2872 1439 2908 arescent:
1525 2872 1567 2908 et
1595 2866 1941 2921 quemadmodum
1970 2866 2078 2907 olera
2105 2866 2194 2906 her-

549 2928 693 2968 barum
724 2926 804 2968 cito
834 2926 1035 2968 decident.

308 2992 321 3011 ³⁵
345 2989 472 3040 Spera
500 2987 540 3027 in
569 2986 758 3035 Domino,
791 2992 833 3026 et
861 2986 924 3026 fac
955 2986 1202 3026 bonitatem:

344 3052 381 3086 et
413 3046 600 3087 inhabita
629 3050 790 3094 terram,
823 3050 863 3085 et
892 3045 1066 3098 pasceris
1095 3044 1135 3085 in
1166 3044 1319 3085 divitiis
1348 3045 1443 3086 eius.

304 3108 318 3129 ⁴
346 3105 557 3146 Delectare
586 3105 626 3145 in
656 3104 852 3145 Domino:
937 3109 977 3145 et
1007 3104 1124 3145 dabit
1153 3104 1228 3144 tibi
1257 3104 1474 3157 petitiones
1503 3103 1633 3145 cordis
1663 3103 1735 3145 tui.

303 3166 317 3188 ⁵
345 3164 497 3205 Revela
525 3163 700 3205 Domino
732 3164 841 3204 viam
872 3168 999 3212 tuam,
1085 3168 1126 3203 et
1155 3176 1271 3216 spera
1300 3163 1340 3204 in
1371 3176 1435 3204 eo:
1467 3168 1508 3203 et
1537 3163 1620 3217 ipse
1649 3162 1783 3203 faciet.

307 3226 320 3245 ⁶
349 3223 398 3263 Et
423 3224 568 3264 educet
589 3223 703 3276 quasi
726 3222 862 3263 lumen
886 3222 1084 3263 iustitiam
1110 3228 1243 3262 tuam:
1301 3228 1341 3263 et
1364 3222 1557 3263 iudicium
1582 3227 1699 3262 tuum
1723 3227 1937 3274 tamquam
1960 3219 2188 3261 meridiem:

307 3283 318 3304 ⁷
344 3282 532 3322 subditus
562 3288 647 3322 esto
677 3282 866 3330 Domino,
898 3288 939 3322 et
968 3295 1039 3323 ora
1067 3295 1171 3322 eum.

346 3340 436 3381 Noli
464 3340 643 3381 aemulari
664 3340 701 3380 in
724 3354 780 3388 eo,v
804 3341 870 3394 qui
895 3345 1159 3394 prosperatur
1182 3340 1221 3380 in
1246 3340 1311 3380 via
1341 3353 1430 3380 sua:
1504 3340 1542 3380 in
1571 3339 1734 3381 homine
1754 3338 1928 3379 faciente.
1955 3337 2187 3378 iniustitias,

305 3401 320 3423 ‘⁴
344 3399 492 3439 Desine
524 3400 574 3439 ab
607 3399 674 3440 ira.
707 3407 749 3439 et
780 3399 1011 3453 derelinque
1043 3400 1236 3440 furorem:
1323 3398 1403 3441 noli
1434 3398 1614 3440 aemulari
1645 3404 1692 3439 ut
1722 3396 1963 3451 maligneris.

418 3531 470 3572 34,
497 3533 538 3565 19
565 3531 622 3563 ³10
649 3531 700 3567 15„
726 3532 775 3564 25.
813 3553 818 3556 -
872 3532 923 3572 35,
950 3533 970 3564 3
992 3534 1081 3575 bSup
1107 3534 1158 3571 13,
1185 3533 1214 3565 3.
