2356 3760
131 659 262 684 Roboam

113 696 141 719 in
165 694 277 720 Sichem

128 1075 266 1099 iuvenum

138 1110 256 1135 consilio

156 1147 239 1171 utens

154 1788 250 1812 preces

146 1817 260 1842 Israelis

131 1853 275 1884 repudiat,

161 2146 248 2169 quare

160 2174 248 2200 Israel

130 2211 281 2236 Ieroboan]

157 2252 251 2277 regem

123 2281 274 2307 constituit
281 2301 286 2310 ‚

165 2550 245 2574 cuius

129 2586 280 2615 impugna-

150 2622 260 2646 tionem

137 2657 277 2681 Dominus

135 2692 278 2722 prohibet.

139 3141 280 3165 Civitates

157 3177 261 3205 munit,

303 172 380 212 376
1141 168 1288 202 LIBER
1314 169 1360 203 II.
1953 172 2005 213 10,
2032 173 2151 214 1—11,
2177 174 2216 206 11

954 260 1174 314 PARS
1215 262 1576 316 ALTERA.

508 350 724 414 Reges
764 349 958 413 regni
995 348 1162 401 Iuda
1201 351 1520 415 separati,
1560 349 1648 414 10,
1676 351 1879 417 1—36‚
1907 351 2010 404 23.

667 494 709 547 Ι.
751 493 1003 543 Roboam
1045 510 1148 545 rex
1188 495 1429 561 1111111118.
1471 495 1548 550 lo,
1577 497 1754 559 1—12,
1785 498 1859 548 16.

768 585 807 625 1.
839 584 992 625 Causa
1024 585 1262 626 divisionis
1294 586 1442 638 regni,
1471 587 1704 640 10,1—11,
1724 589 1762 629 4.

407 658 467 700 10,
524 659 535 680 ¹
571 656 783 697 Profectus
822 662 902 696 acst
935 662 1072 697 autem
1114 657 1296 697 Roboam
1329 657 1371 698 in
1404 657 1583 698 Sichem:
1618 659 1712 700 illuc
1746 659 1853 700 enim
1887 666 2059 701 cunctus
2095 660 2219 701 Israel

301 720 545 759 convenerat
581 721 628 756 ut
661 715 958 756 constituerent
991 728 1082 756 eum
1118 728 1261 769 regem.
1324 717 1338 740 2
1372 716 1491 765 Quod
1524 731 1616 758 cum
1651 719 1829 759 audisset
1868 718 2079 760 [eroboam
2113 719 2219 760 filius

303 777 452 820 Nabat,
481 775 547 829 qui
573 778 658 815 erat
684 774 723 814 in
748 774 927 828 AEgypto
952 775 1130 827 (fugerat
1156 775 1305 828 quippe
1329 774 1422 816 illuc
1447 781 1543 817 ante
1567 777 1844 831 Salomonem)
1869 778 2011 818 statim
2035 791 2218 819 reversus

301 842 374 876 est.
422 837 437 859 ³
457 835 801 886 Vocaveruntque
820 846 926 877 euni,
948 839 989 874 et
1009 833 1121 874 venit
1141 846 1232 874 cum
1255 834 1442 875 universo
1466 834 1600 881 Israel,
1623 842 1664 877 et
1682 835 1808 878 locuti
1828 842 1923 877 sunt
1945 837 1996 877 ad
2017 837 2218 885 Roboam,

302 895 500 936 dicentes:
558 895 572 917 ⁴
603 893 727 933 Pater
758 898 852 933 tuus
882 892 1096 933 durissimo
1127 892 1219 946 iugo
1250 906 1323 934 nos
1352 894 1511 947 pressit,
1544 900 1589 936 tu
1619 894 1771 937 leviora
1800 896 1957 949 impera
1985 900 2102 949 patre
2132 901 2217 943 tuo,

302 955 369 1007 qui
392 952 508 994 nobis
530 952 725 1005 imposuit
746 964 912 1005 gravem
935 951 1189 1000 servitutem,
1213 957 1254 993 et
1275 952 1488 1006 paululum
1510 953 1559 994 de
1581 967 1700 995 onere
1722 954 1903 1004 subleva,
1927 960 1974 996 ut
1995 955 2219 996 serviamus

303 1013 388 1054 tibi.
446 1014 461 1036 ⁵
491 1011 569 1060 Qui
601 1011 676 1051 ait:
711 1011 806 1051 Post
838 1015 918 1051 tres
949 1011 1032 1051 dies
1062 1010 1313 1052 revertimini
1344 1012 1396 1052 ad
1425 1026 1501 1053 me.

407 1072 590 1123 Cumque
616 1069 781 1110 abiisset
807 1069 993 1123 populus,
1050 1072 1064 1093 ⁶
1088 1070 1179 1111 iniit
1204 1070 1416 1111 consilium
1442 1085 1535 1112 cum
1560 1072 1735 1121 senibus,
1764 1073 1832 1126 qui
1857 1077 2060 1114 steterant
2083 1085 2219 1114 coram

302 1136 417 1185 patre
442 1131 525 1171 eius
548 1129 764 1171 Salomone
788 1129 886 1169 dum
911 1128 1044 1169 adhuc
1068 1129 1236 1172 viveret,
1263 1129 1417 1170 dicens:
1444 1131 1551 1180 Quid
1575 1131 1681 1172 datis
1706 1131 1859 1173 consilii
1883 1137 1930 1172 ut
1951 1131 2220 1186 respondeam

301 1189 477 1244 populo?
537 1190 550 1212 ⁷
580 1188 658 1238 Qui
686 1188 880 1229 dixerunt
907 1188 960 1228 ei:
990 1188 1030 1229 Si
1059 1187 1258 1241 placueris
1286 1188 1437 1242 populo
1466 1190 1572 1235 huic,
1604 1196 1643 1231 et
1671 1190 1859 1232 leniveris
1888 1203 1954 1232 eos
1983 1190 2118 1231 verbis
2146 1190 2221 1231 cle-

304 1249 523 1297 mentibus,
551 1247 729 1288 servient
755 1247 829 1288 tibi
855 1247 965 1288 omni
992 1252 1186 1301 tempore.
1243 1249 1258 1272 ⁸
1282 1248 1339 1288 At
1363 1248 1427 1289 ille
1452 1249 1616 1303 reliquit
1641 1250 1853 1291 consilium
1879 1263 2033 1299 senum,
2062 1254 2103 1290 et
2128 1262 2218 1290 cum

303 1308 519 1350 iuvenibus
549 1312 725 1347 tractare
753 1307 890 1360 coepit,
922 1307 990 1360 qui
1018 1320 1109 1347 cum
1138 1320 1183 1348 eo
1211 1307 1357 1348 nutriti
1384 1307 1560 1353 fuerant,
1591 1315 1632 1349 et
1659 1314 1776 1350 erant
1803 1310 1843 1350 in
1872 1309 2072 1358 comitatu
2100 1307 2219 1349 illius.

306 1370 320 1392 ‘³
350 1367 549 1421 Dixitque
579 1366 631 1407 ad
660 1379 745 1407 eos:
777 1365 885 1414 Quid
914 1366 1030 1407 vobis
1060 1365 1247 1407 videtur?
1279 1365 1343 1407 vel
1373 1368 1615 1421 respondere
1646 1368 1744 1421 quid
1774 1368 1900 1409 debeo
1931 1366 2082 1421 populo
2113 1366 2218 1413 huic,

305 1427 373 1481 qui
398 1426 503 1468 dixit
525 1425 643 1466 mihi:
669 1424 849 1466 Subleva
870 1424 1010 1477 iugum
1036 1425 1144 1478 quod
1169 1425 1365 1479 imposuit
1388 1426 1504 1467 nobis
1528 1433 1647 1480 pater
1670 1426 1790 1468 tuus?
1842 1428 1878 1451 ¹⁰
1900 1426 1957 1467 At
1979 1426 2033 1467 illi
2057 1438 2222 1480 respon-

305 1487 453 1528 derunt
474 1490 521 1526 ut
540 1485 719 1527 iuvenes.
742 1488 783 1524 et
802 1483 948 1524 nutriti
969 1497 1061 1524 cum
1082 1497 1126 1525 eo
1148 1484 1189 1525 in
1210 1484 1372 1530 deliciis,
1396 1490 1520 1539 atque
1542 1486 1752 1527 dixerunt:
1774 1486 1839 1527 Sic
1857 1485 2034 1540 loqueris
2055 1484 2219 1539 populo,

307 1546 374 1600 qui
397 1545 501 1586 dixit
522 1544 615 1585 tibi:
638 1544 762 1584 Pater
782 1548 877 1583 tuus
900 1543 1142 1596 aggravavit
1161 1543 1301 1596 iugum
1322 1550 1521 1593 nostrum,
1545 1550 1591 1585 tu
1612 1545 1799 1586 subleva:
1823 1549 1864 1586 et
1883 1545 1939 1586 sic
1959 1543 2221 1598 respondebis

305 1605 358 1646 ei:
386 1604 579 1645 Minimus
606 1602 756 1657 digitus
782 1615 895 1643 meus
920 1601 1096 1655 grossior
1121 1607 1182 1643 est
1206 1601 1355 1643 lumbis
1381 1604 1509 1656 patris
1535 1603 1626 1645 mei.
1682 1606 1710 1628 ¹¹
1739 1604 1863 1645 Pater
1888 1616 2001 1645 meus
2026 1602 2223 1658 imposuit

306 1663 422 1705 vobis
443 1675 566 1717 grave
588 1662 739 1716 iugum,
764 1666 805 1702 et
826 1673 897 1715 ego
919 1661 1050 1702 maius
1072 1661 1232 1714 pondus
1255 1674 1480 1715 apponam:
1503 1668 1622 1716 pater
1642 1676 1755 1704 meus
1778 1663 1924 1704 cecidit
1944 1675 2017 1704 vos
2041 1661 2220 1716 flagellis,

306 1736 377 1777 ego
408 1735 503 1763 vero
534 1721 687 1763 caedam
718 1734 791 1762 vos
820 1720 1112 1774 scorpionibus.

414 1784 444 1806 ¹²
476 1781 599 1821 Venit
632 1793 723 1834 ergo
760 1780 984 1827 Ieroboam,
1020 1785 1061 1820 et
1093 1779 1305 1820 universus
1338 1779 1513 1833 populus
1547 1781 1598 1821 ad
1633 1781 1820 1822 Roboam
1853 1781 1916 1822 die
1949 1780 2083 1829 tertio,
2118 1780 2223 1820 sicut

308 1845 557 1896 praeceperat
573 1840 638 1881 eis.
684 1842 716 1864 ¹³
734 1839 1043 1893 Responditque
1059 1852 1129 1879 rex
1146 1839 1259 1887 dura,
1278 1839 1469 1880 derelicto
1486 1838 1651 1881 consilio
1668 1840 1890 1881 seniorum:
1934 1840 1966 1863 ¹4
1979 1838 2223 1892 locutusque

308 1907 369 1942 est.
401 1901 518 1941 iuxta
549 1900 744 1940 iuvenum
778 1898 1056 1939 voluntatem:
1091 1898 1215 1938 Pater
1246 1911 1359 1939 meus
1391 1911 1515 1952 grave
1548 1899 1664 1940 vobis
1697 1898 1894 1952 imposuit
1925 1898 2077 1952 iugum,
2114 1897 2223 1951 quod

308 1973 379 2013 ego
395 1959 559 2013 gravius
575 1958 741 1999 faciam:
759 1963 877 2011 pater
892 1970 1005 1998 meus
1021 1957 1167 1998 cecidit
1182 1970 1254 1998 vos
1273 1957 1451 2011 flagellis,
1470 1971 1542 2011 ego
1559 1971 1654 1999 vero
1670 1959 1824 1999 caedam
1840 1971 1913 1999 vos
1929 1957 2220 2010 scorpionibus.

309 2022 340 2044 ¹⁵
361 2019 415 2060 Et
436 2032 517 2060 non
539 2017 747 2072 acquievit
766 2016 906 2071 populi
927 2016 1132 2070 precibus:
1155 2021 1243 2057 erat
1263 2017 1370 2057 enim
1391 2016 1619 2058 voluntatis
1638 2017 1715 2058 Dei
1735 2022 1783 2058 ut
1802 2016 2074 2071 compleretur
2092 2028 2222 2057 sermo

309 2079 404 2120 eius,
438 2084 579 2131 bquem
605 2076 767 2118 locutus
792 2077 926 2117 fuerat
954 2089 1025 2129 per
1049 2089 1219 2116 manum
1245 2076 1360 2117 Ahiae
1386 2075 1566 2118 Silonit-is
1594 2076 1646 2117 ad
1674 2076 1887 2118 Ieroboam
1914 2075 2043 2116 filium
2070 2075 2221 2116 Nabat.

414 2138 448 2161 ¹⁶
481 2135 662 2190 Populus
697 2140 834 2176 autem
869 2136 1082 2176 universus
1116 2148 1206 2188 rege
1241 2135 1405 2176 duriora
1437 2135 1608 2178 dicente.
1646 2135 1700 2176 sic
1733 2135 1894 2176 locutus
1928 2139 1990 2175 est
2024 2134 2076 2175 ad
2109 2147 2221 2175 eum:

312 2199 402 2239 Non
425 2200 484 2237 est
506 2195 622 2237 nobis
643 2207 737 2248 pars
758 2195 799 2235 in
820 2194 969 2242 David,
993 2207 1125 2247 neque
1145 2194 1349 2235 hereditas
1370 2194 1411 2234 in
1433 2194 1514 2236 filio
1539 2194 1629 2235 Isai.
1656 2194 1876 2235 Revertere
1896 2194 1937 2235 in
1960 2192 2225 2234 tabernacula

309 2265 380 2298 tua
406 2255 539 2298 Israel,
564 2260 610 2295 tu
634 2260 771 2295 autem
794 2266 913 2307 pasce
935 2254 1104 2294 domum
1127 2258 1243 2293 tuam
1264 2253 1413 2294 David.
1438 2253 1495 2294 Et
1516 2253 1618 2294 abiit
1641 2253 1765 2294 Israel
1786 2254 1826 2294 in
1850 2251 2117 2294 tabernacula
2136 2265 2222 2294 sua.

310 2318 342 2341 ¹⁷
367 2318 497 2368 Super
519 2313 620 2355 filios
645 2318 784 2354 autem
811 2312 945 2357 Israel,
974 2312 1042 2366 qui
1065 2312 1316 2353 habitabant
1338 2312 1379 2352 in
1404 2312 1643 2353 civitatibus
1669 2313 1784 2361 Iuda,
1809 2312 1998 2366 regnavit
2022 2312 2221 2353 Roboam.

309 2377 343 2401 ¹8
371 2374 564 2428 Misitque
592 2386 663 2413 rex
693 2373 880 2413 Roboam
909 2372 1106 2420 Aduram,
1139 2371 1207 2425 qui
1235 2376 1409 2425 praeerat
1437 2371 1614 2421 tributis,
1647 2376 1688 2412 et
1715 2371 2006 2425 lapidaverunt
2033 2383 2126 2412 eum
2154 2369 2224 2410 filii

311 2433 446 2483 Israel,
480 2438 521 2474 et
550 2437 737 2474 mortuus
769 2437 847 2472 est:
880 2444 998 2485 porro
1029 2444 1101 2471 rex
1132 2430 1320 2472 Roboam
1351 2443 1513 2472 currum
1544 2431 1757 2472 festinavit
1788 2431 2015 2479 ascendere,
2049 2435 2089 2470 et
2119 2429 2225 2483 fugit

311 2495 350 2535 in
379 2491 611 2534 Ierusalem.
669 2493 703 2516 19
732 2491 995 2544 Recessitque
1025 2489 1148 2531 Israel
1176 2504 1199 2530 a
1225 2490 1347 2531 domo
1374 2489 1524 2539 David,
1554 2502 1682 2544 usque
1710 2490 1762 2531 ad
1789 2490 1896 2531 diem
1923 2489 2040 2530 hanc.

415 2552 478 2595 11.
535 2553 546 2575 1
575 2551 698 2591 Venit
732 2556 886 2591 Cautem
915 2550 1102 2591 Roboam
1128 2550 1170 2590 in
1199 2549 1430 2597 Ierusalem,
1459 2554 1501 2590 et
1526 2549 1772 2590 convocavit
1797 2549 2030 2590 universam
2056 2548 2224 2589 domum

311 2613 413 2653 luda
447 2616 488 2652 et
522 2609 748 2657 Beniamin,
784 2615 949 2650 centum
984 2609 1194 2662 octoginta
1225 2608 1352 2650 millia
1385 2608 1606 2649 electorum
1640 2614 1764 2662 atque
1798 2607 2051 2657 bellantium,
2086 2612 2134 2648 ut
2166 2606 2224 2648 di-

310 2672 479 2712 micaret
505 2675 649 2711 contra
675 2668 810 2717 Israel,
838 2674 879 2709 et
904 2673 1161 2710 converteret
1186 2668 1238 2709 ad
1263 2681 1303 2709 se
1328 2681 1498 2721 regnum
1523 2680 1654 2708 suum.
1709 2669 1724 2692 ²
1748 2667 1781 2708 F
1784 2672 1982 2721 actusque
2007 2671 2069 2707 est
2093 2678 2223 2707 senno

309 2729 476 2772 Domini
498 2729 549 2770 ad
568 2727 769 2770 Semeiam
789 2727 995 2769 hominem
1015 2728 1104 2777 Dei,
1126 2728 1281 2768 dicens:
1329 2729 1344 2751 3
1364 2727 1547 2781 Loquere
1567 2727 1620 2767 ad
1640 2727 1828 2768 Roboam
1848 2726 1976 2767 filium
1996 2724 2223 2767 Salomonis

309 2803 443 2844 regem
476 2789 589 2831 Iuda.
621 2793 661 2828 et
690 2787 742 2828 ad
771 2786 1005 2828 universum
1038 2786 1172 2835 Israel,
1205 2786 1272 2840 qui
1302 2790 1364 2827 est
1390 2786 1432 2827 in
1462 2786 1567 2827 Iuda
1595 2790 1635 2826 et
1665 2785 1898 2828 Beniamin:
1954 2787 1970 2809 ⁴
2000 2784 2097 2826 Haec
2126 2783 2225 2825 dicit

309 2849 529 2890 Dominus:
569 2847 661 2888 Non
699 2846 936 2895 ascendetis,
976 2859 1107 2900 neque
1143 2845 1380 2900 pugnabitis
1417 2850 1561 2887 contra
1596 2845 1742 2886 fratres
1779 2850 1954 2886 vestros:
1993 2848 2225 2884 revertatur

312 2908 591 2961 unusquisque
608 2906 648 2946 in
665 2906 833 2947 domum
850 2919 978 2954 suam,
998 2906 1094 2959 quia
1110 2918 1201 2946 mea
1215 2905 1292 2946 hoc
1307 2909 1467 2958 gestum
1485 2909 1547 2945 est
1563 2903 1790 2945 voluntate.
1810 2903 1888 2952 Qui
1905 2916 1997 2944 cum
2014 2902 2225 2944 audissent

311 2979 537 3008 sermonem
564 2965 731 3006 Domini
773 2965 921 3005 reversi
950 2970 1059 3013 sunt,
1089 2978 1161 3005 nec
1189 2968 1455 3018 perrexerunt
1483 2968 1627 3005 contra.
1656 2962 1881 3005 Ieroboam.

830 3070 869 3109 2.
898 3067 1140 3120 Imperium
1170 3070 1213 3108 in
1246 3068 1368 3119 luda,
1396 3069 1462 3120 11,
1482 3068 1628 3118 5—12‚
1646 3067 1710 3108 16.

417 3143 431 3165 5
463 3141 676 3181 Habitavit
711 3146 849 3181 autem
881 3140 1068 3181 Roboam
1098 3139 1138 3180 in
1172 3140 1402 3185 Ierusalem,
1435 3145 1476 3180 et
1504 3139 1724 3181 aedificavit
1754 3138 1942 3180 civitates
1971 3139 2155 3177 muratas
2184 3135 2225 3176 in

317 3200 430 3241 luda.
482 3201 496 3224 ‘³
515 3199 794 3253 Extruxitque
815 3198 1068 3242 Bethlehem,
1091 3203 1131 3239 et
1151 3198 1287 3242 Etam.
1310 3204 1351 3240 et
1370 3199 1541 3247 Thecue,
1593 3200 1606 3222 ⁷
1628 3198 1805 3239 Bethsur
1824 3209 1997 3251 quoque,
2019 3200 2060 3236 et
2080 3194 2223 3243 Socho,

315 3266 353 3300 et
382 3258 581 3300 Odollam.
639 3260 653 3281 ⁸
679 3271 835 3299 necnon
861 3264 903 3299 et
927 3257 1047 3304 Geth,
1075 3263 1115 3298 et
1141 3258 1310 3303 Maresa,
1339 3263 1381 3299 et
1405 3257 1518 3311 Ziph,
1575 3259 1590 3282 ⁹
1616 3257 1685 3299 sed
1711 3262 1752 3299 et
1775 3256 1971 3301 Aduram,
1999 3260 2039 3295 et
2065 3253 2222 3297 LachiS.

316 3325 354 3359 et
378 3318 520 3359 Azeca.
575 3320 608 3341 ¹⁰
629 3317 755 3358 Saraa
779 3330 951 3371 quoque,
977 3323 1018 3358 01
1040 3316 1197 3365 Aialon,
1223 3323 1263 3357 et
1288 3317 1466 3361 Hebron,
1493 3330 1582 3371 quae
1605 3321 1722 3357 erant
1743 3317 1784 3357 in
1808 3315 1910 3356 Iuda
1933 3319 1973 3355 et
1997 3312 2222 3358 Beniamin,

315 3377 503 3418 civitates
534 3376 838 3417 munitissimas.
900 3378 928 3400 ¹¹
961 3376 1145 3430 Cumque
1176 3375 1386 3417 clausisset
1417 3388 1482 3417 eas
1514 3376 1651 3425 muris,
1684 3375 1821 3429 posuit
1852 3374 1892 3414 in
1923 3373 1978 3414 eis
2008 3372 2222 3426 principes,

450 3520 543 3561 10,1
572 3522 605 3553 a]
639 3520 690 3564 Rg
718 3521 769 3560 12,
798 3521 826 3553 1.
856 3540 897 3544 —
924 3521 965 3554 15
993 3521 1030 3553 1³1
1061 3520 1113 3565 Rg
1140 3522 1193 3561 11,
1221 3520 1271 3553 29.
1300 3541 1340 3544 —
1367 3521 1418 3562 11,
1445 3522 1461 3554 1
1492 3522 1525 3553 ci
1555 3520 1606 3564 ng
1632 3520 1683 3559 12,
1709 3519 1759 3552 21.
