2356 3760
815 425 1461 515 EPISTOLA

281 547 683 633 BEATI
746 547 1285 634 IOANNIS
1350 547 1999 636 APOSTOLI

910 680 1366 734 SECUNDA.

934 857 1197 909 Exordium,
1224 859 1343 899 1-3.

291 930 305 951 1
330 926 470 968 Senior
494 926 644 967 Electae
668 926 854 970 don'iinae.
881 936 922 967 et
946 927 1052 968 natis
1077 927 1172 971 eius.
1201 940 1300 981 quos
1325 940 1397 981 ego
1422 927 1543 981 diligo
1567 927 1607 968 in
1633 927 1818 976 veritate,
1845 933 1886 968 et
1909 941 1990 968 non
2015 941 2086 981 ego
2106 932 2265 992 'Sahsstqfifff

188 986 307 1035 solus,
327 985 396 1026 sed
414 990 456 1025 et
473 998 623 1033 omnes,
644 985 712 1038 qui
731 992 1010 1038 cognoverunt
1028 986 1256 1035 veritatem,
1303 988 1317 1010 '³
1335 992 1501 1039 propter
1517 986 1746 1031 veritatem,
1767 999 1858 1039 quae
1876 992 2087 1039 permanet
2105 974 2176 997 ‘¹¹'OE
2194 976 2210 993 ⁰
2224 974 2276 992 Μ’

188 1045 226 1084 in
255 1043 382 1086 nobis.
413 1049 453 1084 et
480 1043 690 1084 nobiscum
718 1043 794 1084 erit
820 1043 861 1084 in
888 1049 1096 1085 aeternum.
1151 1046 1167 1069 3
1193 1044 1255 1086 Sit
1282 1045 1491 1086 vobiscum
1518 1045 1662 1098 gratia,
1691 1045 1977 1095 misericordia,
2006 1058 2088 1098 pax

188 1117 209 1143 a
236 1103 323 1143 Deo
349 1102 483 1148 Patre,
511 1108 552 1142 et
577 1115 601 1142 a
626 1102 785 1143 Christo
813 1102 902 1143 Iesu
928 1103 1029 1143 Filio
1056 1103 1188 1144 Patris
1215 1103 1255 1144 in
1282 1103 1467 1145 veritate.
1495 1110 1536 1144 et
1562 1103 1773 1144 charitate.

935 1206 1173 1257 Tractatio,
1203 1208 1347 1248 4-11.

291 1279 305 1300 ⁴
337 1275 511 1317 Gavisus
543 1288 632 1315 sum
665 1275 795 1319 valde,
831 1274 1023 1329 quoniam
1055 1275 1190 1315 inveni
1223 1275 1272 1315 de
1304 1275 1392 1315 filiis
1426 1275 1505 1315 tuis
1538 1275 1794 1315 ambulantes
1827 1275 1867 1315 in
1900 1275 2084 1322 veritate,
2139 1282 2246 1305 onmes

188 1335 291 1376 sicut
320 1334 562 1375 mandatum
593 1334 821 1386 accepimus
851 1347 875 1374 a
903 1334 1035 1374 Patre.
1096 1336 1110 1358 ⁵
1141 1334 1196 1374 Et
1225 1347 1331 1375 nunc
1361 1347 1456 1387 rogo
1487 1340 1526 1374 te
1556 1333 1733 1380 domina,
1763 1346 1843 1373 non
1874 1339 2086 1387 tamquam
2102 1317 2281 1375 pfffffiiiffu

188 1394 429 1434 mandatum
450 1406 603 1433 novum
625 1392 801 1433 scribens
823 1392 908 1441 tibi,
932 1392 1001 1432 sed
1023 1393 1131 1445 quod
1152 1392 1369 1433 habuimus
1391 1393 1442 1433 ab
1463 1392 1590 1441 initio,
1618 1398 1684 1433 aut
1704 1392 1918 1445 diligamus
1940 1392 2087 1433 alteru-
2107 1386 2274 1412 ‘'mes‘'fflff‘

188 1458 309 1493 trum.
361 1454 376 1475 6
396 1452 451 1492 Et
470 1451 555 1491 haec
576 1456 636 1491 est
656 1450 844 1499 charitas,
868 1457 914 1491 ut
934 1450 1188 1491 ambulemus
1209 1451 1432 1491 secundum
1452 1451 1652 1491 mandata
1671 1451 1766 1491 eius.
1791 1450 1879 1491 Hoc
1900 1456 1961 1492 est
1981 1451 2087 1491 enim

188 1511 442 1555 mandatum,
478 1516 524 1550 ut
557 1508 903 1562 quemadmodum
936 1509 1105 1549 audistis
1139 1509 1190 1550 ab
1222 1509 1351 1553 initio,
1386 1509 1425 1549 in
1459 1523 1504 1549 eo
1538 1509 1772 1550 ambuletis:

295 1571 309 1593 ⁷
336 1568 528 1623 quoniam
555 1567 673 1608 multi
700 1567 931 1608 seductores
958 1568 1143 1608 exierunt
1168 1568 1208 1608 in
1236 1568 1448 1615 mundum,
1478 1568 1546 1621 qui
1572 1580 1652 1608 non
1680 1567 1927 1608 confitentur
1959 1568 2294 1629 [ssS[1111²¹¹‡.‡¹‡2{51}{⁶³⁵

188 1628 392 1669 Christum
410 1627 566 1669 venisse
584 1626 625 1667 in
643 1639 823 1667 carnem:
843 1626 907 1666 hic
925 1632 986 1667 est
1003 1626 1204 1675 seductor,
1224 1633 1266 1667 et
1283 1626 1558 1667 antichristus.
1607 1628 1622 1650 ²³
1640 1626 1785 1666 Videte
1804 1626 2084 1679 vosmetipsos,

188 1700 236 1728 ne
262 1686 441 1740 perdatis
469 1698 558 1738 quae
585 1685 740 1738 operati
766 1685 879 1725 estis:
907 1685 977 1725 sed
1004 1690 1048 1725 ut
1076 1685 1302 1726 mercedem
1328 1685 1490 1738 plenam
1518 1684 1737 1738 accipiatis.
1794 1686 1810 1708 9
1836 1684 1989 1733 Omnis,
2019 1685 2086 1738 qui
2112 1692 2270 1745 ‘205121111112312

187 1745 349 1794 recedit,
379 1752 420 1785 et
447 1757 527 1784 non
554 1749 768 1797 permanet
795 1743 835 1783 in
864 1743 1050 1784 doctrina
1078 1743 1237 1793 Christi,
1266 1744 1400 1784 Deum
1429 1757 1509 1784 non
1537 1743 1679 1784 habet:
1711 1742 1779 1796 qui
1807 1749 2020 1796 permanet
2046 1743 2087 1783 in
2098 1756 2175 1781 cmm
2189 1756 2291 1781 vitent.

187 1804 384 1851 doctrina,
405 1803 469 1843 hic
489 1808 530 1843 et
548 1802 713 1843 Patrem
733 1807 773 1842 et
791 1802 939 1843 Filium
958 1802 1095 1843 habet.
1145 1805 1179 1826 ¹⁰
1196 1803 1237 1843 δί
1258 1802 1346 1856 quis
1366 1802 1479 1843 venit
1499 1802 1550 1842 ad
1570 1815 1654 1851 vos,
1676 1807 1716 1842 et
1734 1801 1840 1842 hanc
1859 1801 2088 1843 doctrinam

187 1876 267 1903 non
291 1862 421 1911 affert,
446 1861 570 1901 nolite
593 1861 767 1914 recipere
790 1874 882 1901 eum
904 1861 942 1901 in
969 1861 1148 1909 domum,
1173 1875 1246 1902 nec
1269 1861 1379 1901 AVE
1403 1860 1436 1901 ei
1460 1860 1653 1902 dixeritis.
1706 1863 1734 1884 11
1760 1860 1837 1908 Qui
1860 1860 1967 1901 enim
1990 1860 2088 1901 dicit

188 1921 240 1961 illi
270 1921 391 1961 AVE.
423 1919 697 1960 communicat
727 1919 913 1972 operibus
942 1920 1026 1960 eius
1054 1919 1251 1973 malignis.

919 2022 1155 2074 Epilogus,
1184 2024 1355 2063 12—13.

292 2096 322 2118 12
344 2093 468 2134 Plura
488 2093 642 2133 habens
665 2093 780 2133 vobis
803 2093 986 2142 scribere,
1011 2093 1121 2134 nolui
1144 2107 1214 2147 per
1237 2094 1434 2139 chartam.
1459 2100 1500 2134 et
1522 2099 1817 2134 atramentum:
1843 2105 1958 2145 spero
1981 2092 2086 2134 enim
2157 2100 2226 2131 Spes

187 2166 250 2194 me
274 2153 456 2193 futurum
483 2152 592 2207 apud
617 2164 701 2201 VOS,
727 2157 767 2192 et
792 2164 834 2192 os
859 2152 911 2192 ad
935 2165 978 2193 os
1001 2152 1129 2206 loqui:
1156 2159 1202 2193 ut
1225 2152 1419 2206 gaudium
1445 2159 1626 2193 vestrum
1650 2152 1815 2205 plenum
1839 2152 1902 2193 sit.
2123 2136 2258 2166 ‘'p‘'mh'

292 2213 323 2235 ¹³
353 2211 545 2252 Salutant
575 2216 615 2251 te
646 2210 714 2250 filii
746 2210 890 2251 sororis
921 2216 1003 2252 tuae
1033 2211 1195 2252 Electae.
2092 2216 2292 2242 ==¹¹utssti<·¹¹=2³-

300 2288 303 2290 ’
318 2288 574 2355 ὲέἰρἶῡζῖρ.
