<?xml version="1.0" encoding="UTF-8"?>
<!DOCTYPE html PUBLIC "-//W3C//DTD XHTML 1.0 Transitional//EN"
    "http://www.w3.org/TR/xhtml1/DTD/xhtml1-transitional.dtd">
<html xmlns="http://www.w3.org/1999/xhtml" xml:lang="en" lang="en">
 <head>
  <title>
</title>
<meta http-equiv="Content-Type" content="text/html;charset=utf-8" />
  <meta name='ocr-system' content='tesseract 3.04.00' />
  <meta name='ocr-capabilities' content='ocr_page ocr_carea ocr_par ocr_line ocrx_word'/>
</head>
<body>
  <div class='ocr_page' id='page_1' title='image "./bibliasacravulga00helzuoft_0453.png"; bbox 0 0 2356 3760; ppageno 0'>
   <div class='ocr_carea' id='block_1_1' title="bbox 142 84 2028 137">
    <p class='ocr_par' dir='ltr' id='par_1_1' title="bbox 142 84 2028 137">
     <span class='ocr_line' id='line_1_1' title="bbox 142 84 2028 137; baseline -0.001 -18"><span class='ocrx_word' id='word_1_1' title='bbox 142 87 172 126; x_wconf 83' lang='lat'>7,</span> <span class='ocrx_word' id='word_1_2' title='bbox 200 86 317 122; x_wconf 83' lang='lat'>13—8.</span> <span class='ocrx_word' id='word_1_3' title='bbox 344 86 385 118; x_wconf 76' lang='lat'>24</span> <span class='ocrx_word' id='word_1_4' title='bbox 1016 84 1171 118; x_wconf 84' lang='lat' dir='ltr'><strong>TOBIAE</strong></span> <span class='ocrx_word' id='word_1_5' title='bbox 1953 96 2028 137; x_wconf 76' lang='lat'>429</span> 
     </span>
    </p>
   </div>
   <div class='ocr_carea' id='block_1_2' title="bbox 141 177 2029 464">
    <p class='ocr_par' dir='ltr' id='par_1_2' title="bbox 141 177 2029 464">
     <span class='ocr_line' id='line_1_2' title="bbox 144 177 2028 240; baseline 0.005 -21"><span class='ocrx_word' id='word_1_6' title='bbox 144 179 285 220; x_wconf 90' lang='lat' dir='ltr'>timere</span> <span class='ocrx_word' id='word_1_7' title='bbox 302 179 397 220; x_wconf 89' lang='lat' dir='ltr'>dare</span> <span class='ocrx_word' id='word_1_8' title='bbox 414 192 503 220; x_wconf 90' lang='lat' dir='ltr'>eam</span> <span class='ocrx_word' id='word_1_9' title='bbox 519 179 597 224; x_wconf 75' lang='lat' dir='ltr'>isti,</span> <span class='ocrx_word' id='word_1_10' title='bbox 618 177 809 232; x_wconf 85' lang='lat' dir='ltr'>quoniam</span> <span class='ocrx_word' id='word_1_11' title='bbox 826 177 919 217; x_wconf 90' lang='lat' dir='ltr'>huic</span> <span class='ocrx_word' id='word_1_12' title='bbox 936 177 1097 218; x_wconf 88' lang='lat' dir='ltr'>timenti</span> <span class='ocrx_word' id='word_1_13' title='bbox 1113 178 1245 218; x_wconf 88' lang='lat' dir='ltr'>Deum</span> <span class='ocrx_word' id='word_1_14' title='bbox 1263 178 1434 219; x_wconf 90' lang='lat' dir='ltr'>debetur</span> <span class='ocrx_word' id='word_1_15' title='bbox 1450 180 1595 220; x_wconf 88' lang='lat' dir='ltr'>coniux</span> <span class='ocrx_word' id='word_1_16' title='bbox 1613 181 1694 221; x_wconf 87' lang='lat' dir='ltr'>filia</span> <span class='ocrx_word' id='word_1_17' title='bbox 1710 188 1797 225; x_wconf 84' lang='lat' dir='ltr'>tua:</span> <span class='ocrx_word' id='word_1_18' title='bbox 1818 193 2028 240; x_wconf 86' lang='lat' dir='ltr'>propterea</span> 
     </span>
     <span class='ocr_line' id='line_1_3' title="bbox 143 235 2029 298; baseline 0.004 -20"><span class='ocrx_word' id='word_1_19' title='bbox 143 237 242 279; x_wconf 91' lang='lat' dir='ltr'>alius</span> <span class='ocrx_word' id='word_1_20' title='bbox 266 251 347 279; x_wconf 90' lang='lat' dir='ltr'>non</span> <span class='ocrx_word' id='word_1_21' title='bbox 370 238 506 291; x_wconf 88' lang='lat' dir='ltr'>potuit</span> <span class='ocrx_word' id='word_1_22' title='bbox 530 237 677 277; x_wconf 91' lang='lat' dir='ltr'>habere</span> <span class='ocrx_word' id='word_1_23' title='bbox 700 235 823 276; x_wconf 84' lang='lat' dir='ltr'>illa-in.</span> <span class='ocrx_word' id='word_1_24' title='bbox 876 237 907 260; x_wconf 79' lang='grc'>13</span> <span class='ocrx_word' id='word_1_25' title='bbox 932 236 1044 276; x_wconf 88' lang='lat' dir='ltr'>Tunc</span> <span class='ocrx_word' id='word_1_26' title='bbox 1068 236 1171 276; x_wconf 90' lang='lat' dir='ltr'>dixit</span> <span class='ocrx_word' id='word_1_27' title='bbox 1198 236 1369 284; x_wconf 75' lang='lat' dir='ltr'>Raguel:</span> <span class='ocrx_word' id='word_1_28' title='bbox 1396 237 1488 278; x_wconf 81' lang='lat' dir='ltr'>Non</span> <span class='ocrx_word' id='word_1_29' title='bbox 1512 239 1653 279; x_wconf 89' lang='lat' dir='ltr'>dubito</span> <span class='ocrx_word' id='word_1_30' title='bbox 1680 244 1787 293; x_wconf 88' lang='lat' dir='ltr'>quod</span> <span class='ocrx_word' id='word_1_31' title='bbox 1810 244 1918 285; x_wconf 89' lang='lat' dir='ltr'>Deus</span> <span class='ocrx_word' id='word_1_32' title='bbox 1942 259 2029 298; x_wconf 90' lang='lat' dir='ltr'>pre-</span> 
     </span>
     <span class='ocr_line' id='line_1_4' title="bbox 143 294 2029 350; baseline 0.004 -13"><span class='ocrx_word' id='word_1_33' title='bbox 143 309 206 337; x_wconf 98' lang='lat' dir='ltr'>ces</span> <span class='ocrx_word' id='word_1_34' title='bbox 231 302 270 337; x_wconf 88' lang='lat' dir='ltr'>et</span> <span class='ocrx_word' id='word_1_35' title='bbox 295 297 494 350; x_wconf 75' lang='lat' dir='ltr'>lacrymas</span> <span class='ocrx_word' id='word_1_36' title='bbox 518 308 627 335; x_wconf 90' lang='lat' dir='ltr'>meas</span> <span class='ocrx_word' id='word_1_37' title='bbox 651 294 692 333; x_wconf 92' lang='lat' dir='ltr'>in</span> <span class='ocrx_word' id='word_1_38' title='bbox 717 298 935 346; x_wconf 88' lang='lat' dir='ltr'>conspectu</span> <span class='ocrx_word' id='word_1_39' title='bbox 961 308 1032 335; x_wconf 87' lang='lat' dir='ltr'>suo</span> <span class='ocrx_word' id='word_1_40' title='bbox 1059 294 1276 335; x_wconf 72' lang='lat' dir='ltr'>admiserit.</span> <span class='ocrx_word' id='word_1_41' title='bbox 1330 297 1361 319; x_wconf 72' lang='lat'>¹⁴</span> <span class='ocrx_word' id='word_1_42' title='bbox 1385 295 1439 336; x_wconf 90' lang='lat' dir='ltr'>Et</span> <span class='ocrx_word' id='word_1_43' title='bbox 1465 297 1580 337; x_wconf 88' lang='lat' dir='ltr'>credo</span> <span class='ocrx_word' id='word_1_44' title='bbox 1607 298 1798 350; x_wconf 87' lang='lat' dir='ltr'>quoniam</span> <span class='ocrx_word' id='word_1_45' title='bbox 1823 301 1909 342; x_wconf 89' lang='lat' dir='ltr'>ideo</span> <span class='ocrx_word' id='word_1_46' title='bbox 1935 304 2029 345; x_wconf 82' lang='lat' dir='ltr'>fecit</span> 
     </span>
     <span class='ocr_line' id='line_1_5' title="bbox 142 352 2028 407; baseline 0.004 -13"><span class='ocrx_word' id='word_1_47' title='bbox 142 368 214 396; x_wconf 90' lang='lat' dir='ltr'>vos</span> <span class='ocrx_word' id='word_1_48' title='bbox 240 356 375 396; x_wconf 87' lang='lat' dir='ltr'>venire</span> <span class='ocrx_word' id='word_1_49' title='bbox 402 355 453 395; x_wconf 89' lang='lat' dir='ltr'>ad</span> <span class='ocrx_word' id='word_1_50' title='bbox 478 366 553 397; x_wconf 79' lang='lat' dir='ltr'>me,</span> <span class='ocrx_word' id='word_1_51' title='bbox 582 358 628 393; x_wconf 87' lang='lat' dir='ltr'>ut</span> <span class='ocrx_word' id='word_1_52' title='bbox 654 352 734 392; x_wconf 90' lang='lat' dir='ltr'>ista</span> <span class='ocrx_word' id='word_1_53' title='bbox 759 352 1070 405; x_wconf 86' lang='lat' dir='ltr'>coniungeretur</span> <span class='ocrx_word' id='word_1_54' title='bbox 1095 353 1326 405; x_wconf 72' lang='lat' dir='ltr'>cognationi</span> <span class='ocrx_word' id='word_1_55' title='bbox 1353 367 1434 394; x_wconf 79' lang='lat' dir='ltr'>suae</span> <span class='ocrx_word' id='word_1_56' title='bbox 1464 356 1703 396; x_wconf 78' lang='lat' dir='ltr'>asecundum</span> <span class='ocrx_word' id='word_1_57' title='bbox 1730 357 1855 407; x_wconf 80' lang='lat' dir='ltr'>legem</span> <span class='ocrx_word' id='word_1_58' title='bbox 1882 360 2028 401; x_wconf 81' lang='lat' dir='ltr'>Movsi:</span> 
     </span>
     <span class='ocr_line' id='line_1_6' title="bbox 141 407 1961 464; baseline -0.003 -9"><span class='ocrx_word' id='word_1_59' title='bbox 141 419 183 454; x_wconf 88' lang='lat' dir='ltr'>et</span> <span class='ocrx_word' id='word_1_60' title='bbox 211 427 319 455; x_wconf 92' lang='lat' dir='ltr'>nunc</span> <span class='ocrx_word' id='word_1_61' title='bbox 347 413 428 454; x_wconf 86' lang='lat' dir='ltr'>noli</span> <span class='ocrx_word' id='word_1_62' title='bbox 457 411 627 452; x_wconf 91' lang='lat' dir='ltr'>dubium</span> <span class='ocrx_word' id='word_1_63' title='bbox 656 423 790 463; x_wconf 87' lang='lat' dir='ltr'>gerere</span> <span class='ocrx_word' id='word_1_64' title='bbox 821 411 931 464; x_wconf 89' lang='lat' dir='ltr'>quod</span> <span class='ocrx_word' id='word_1_65' title='bbox 960 411 1035 451; x_wconf 90' lang='lat' dir='ltr'>tibi</span> <span class='ocrx_word' id='word_1_66' title='bbox 1064 424 1154 451; x_wconf 89' lang='lat' dir='ltr'>eam</span> <span class='ocrx_word' id='word_1_67' title='bbox 1184 412 1357 452; x_wconf 87' lang='lat' dir='ltr'>tradam.</span> <span class='ocrx_word' id='word_1_68' title='bbox 1772 408 1784 410; x_wconf 26' lang='lat' dir='ltr'><em>A</em></span> <span class='ocrx_word' id='word_1_69' title='bbox 1953 407 1961 413; x_wconf 74' lang='grc'><strong>”</strong></span> 
     </span>
    </p>
   </div>
   <div class='ocr_carea' id='block_1_3' title="bbox 140 479 2224 711">
    <p class='ocr_par' dir='ltr' id='par_1_3' title="bbox 140 479 2224 711">
     <span class='ocr_line' id='line_1_7' title="bbox 247 479 2224 535; baseline 0.003 -13"><span class='ocrx_word' id='word_1_70' title='bbox 247 485 278 508; x_wconf 82' lang='lat'>15</span> <span class='ocrx_word' id='word_1_71' title='bbox 303 483 358 522; x_wconf 91' lang='lat' dir='ltr'>Et</span> <span class='ocrx_word' id='word_1_72' title='bbox 384 480 689 535; x_wconf 90' lang='lat' dir='ltr'>apprehendens</span> <span class='ocrx_word' id='word_1_73' title='bbox 716 479 926 520; x_wconf 87' lang='lat' dir='ltr'>dexteram</span> <span class='ocrx_word' id='word_1_74' title='bbox 954 480 1044 520; x_wconf 77' lang='lat' dir='ltr'>fihae</span> <span class='ocrx_word' id='word_1_75' title='bbox 1070 493 1163 523; x_wconf 74' lang='lat' dir='ltr'>suae.</span> <span class='ocrx_word' id='word_1_76' title='bbox 1192 480 1345 520; x_wconf 80' lang='lat' dir='ltr'>dextrae</span> <span class='ocrx_word' id='word_1_77' title='bbox 1372 481 1507 522; x_wconf 80' lang='lat' dir='ltr'>Tobiae</span> <span class='ocrx_word' id='word_1_78' title='bbox 1533 483 1712 525; x_wconf 79' lang='lat' dir='ltr'>tradidit.</span> <span class='ocrx_word' id='word_1_79' title='bbox 1741 485 1894 526; x_wconf 88' lang='lat' dir='ltr'>dicens:</span> <span class='ocrx_word' id='word_1_80' title='bbox 1923 487 2031 528; x_wconf 92' lang='lat' dir='ltr'>Deus</span> <span class='ocrx_word' id='word_1_81' title='bbox 2047 493 2114 518; x_wconf 60' lang='lat' dir='ltr'>Sara</span> <span class='ocrx_word' id='word_1_82' title='bbox 2129 493 2224 533; x_wconf 47' lang='lat' dir='ltr'>Tobiae</span> 
     </span>
     <span class='ocr_line' id='line_1_8' title="bbox 142 529 2202 598; baseline 0.001 -15"><span class='ocrx_word' id='word_1_83' title='bbox 142 541 360 584; x_wconf 83' lang='lat' dir='ltr'>Abraham,</span> <span class='ocrx_word' id='word_1_84' title='bbox 381 546 422 580; x_wconf 88' lang='lat' dir='ltr'>et</span> <span class='ocrx_word' id='word_1_85' title='bbox 438 540 549 580; x_wconf 92' lang='lat' dir='ltr'>Deus</span> <span class='ocrx_word' id='word_1_86' title='bbox 569 539 692 581; x_wconf 82' lang='lat' dir='ltr'>Isaac.</span> <span class='ocrx_word' id='word_1_87' title='bbox 713 544 754 578; x_wconf 90' lang='lat' dir='ltr'>et</span> <span class='ocrx_word' id='word_1_88' title='bbox 770 539 881 579; x_wconf 91' lang='lat' dir='ltr'>Deus</span> <span class='ocrx_word' id='word_1_89' title='bbox 900 539 1022 580; x_wconf 81' lang='lat' dir='ltr'>Iacob</span> <span class='ocrx_word' id='word_1_90' title='bbox 1040 539 1251 579; x_wconf 86' lang='lat' dir='ltr'>vobiscum</span> <span class='ocrx_word' id='word_1_91' title='bbox 1269 538 1331 582; x_wconf 82' lang='lat' dir='ltr'>sit.</span> <span class='ocrx_word' id='word_1_92' title='bbox 1352 544 1392 579; x_wconf 91' lang='lat' dir='ltr'>et</span> <span class='ocrx_word' id='word_1_93' title='bbox 1408 539 1491 593; x_wconf 91' lang='lat' dir='ltr'>ipse</span> <span class='ocrx_word' id='word_1_94' title='bbox 1509 541 1727 587; x_wconf 77' lang='lat' dir='ltr'>coniungat</span> <span class='ocrx_word' id='word_1_95' title='bbox 1745 556 1827 588; x_wconf 74' lang='lat' dir='ltr'>vos,</span> <span class='ocrx_word' id='word_1_96' title='bbox 1847 544 2032 598; x_wconf 88' lang='lat' dir='ltr'>impleat·</span> <span class='ocrx_word' id='word_1_97' title='bbox 2068 529 2202 553; x_wconf 53' lang='lat' dir='ltr'>“amm</span> 
     </span>
     <span class='ocr_line' id='line_1_9' title="bbox 142 597 2034 656; baseline 0.002 -16"><span class='ocrx_word' id='word_1_98' title='bbox 142 612 219 653; x_wconf 90' lang='lat' dir='ltr'>que</span> <span class='ocrx_word' id='word_1_99' title='bbox 244 599 567 640; x_wconf 79' lang='lat' dir='ltr'>benedictionem</span> <span class='ocrx_word' id='word_1_100' title='bbox 592 610 706 638; x_wconf 88' lang='lat' dir='ltr'>suam</span> <span class='ocrx_word' id='word_1_101' title='bbox 733 597 774 637; x_wconf 89' lang='lat' dir='ltr'>in</span> <span class='ocrx_word' id='word_1_102' title='bbox 798 597 926 639; x_wconf 72' lang='lat' dir='ltr'>vobis</span> <span class='ocrx_word' id='word_1_103' title='bbox 981 599 1015 621; x_wconf 74' lang='lat'>¹⁶</span> <span class='ocrx_word' id='word_1_104' title='bbox 1040 597 1094 638; x_wconf 91' lang='lat' dir='ltr'>Et</span> <span class='ocrx_word' id='word_1_105' title='bbox 1120 602 1285 650; x_wconf 87' lang='lat' dir='ltr'>accepta</span> <span class='ocrx_word' id='word_1_106' title='bbox 1312 597 1465 641; x_wconf 82' lang='lat' dir='ltr'>charta,</span> <span class='ocrx_word' id='word_1_107' title='bbox 1493 599 1673 640; x_wconf 85' lang='lat' dir='ltr'>fecerunt</span> <span class='ocrx_word' id='word_1_108' title='bbox 1699 603 2034 656; x_wconf 89' lang='lat' dir='ltr'>conscriptionem</span> 
     </span>
     <span class='ocr_line' id='line_1_10' title="bbox 140 656 1539 711; baseline -0.001 -12"><span class='ocrx_word' id='word_1_109' title='bbox 140 658 325 711; x_wconf 88' lang='lat' dir='ltr'>coniugii.</span> <span class='ocrx_word' id='word_1_110' title='bbox 384 659 416 682; x_wconf 80' lang='lat'>¹⁷</span> <span class='ocrx_word' id='word_1_111' title='bbox 446 657 501 698; x_wconf 90' lang='lat' dir='ltr'>Et</span> <span class='ocrx_word' id='word_1_112' title='bbox 529 662 621 709; x_wconf 92' lang='lat' dir='ltr'>post</span> <span class='ocrx_word' id='word_1_113' title='bbox 650 656 734 696; x_wconf 85' lang='lat' dir='ltr'>haec-</span> <span class='ocrx_word' id='word_1_114' title='bbox 763 656 917 709; x_wconf 89' lang='lat' dir='ltr'>epulati</span> <span class='ocrx_word' id='word_1_115' title='bbox 946 661 1052 701; x_wconf 80' lang='lat' dir='ltr'>sunt,</span> <span class='ocrx_word' id='word_1_116' title='bbox 1085 656 1366 697; x_wconf 75' lang='lat' dir='ltr'>benedicentes</span> <span class='ocrx_word' id='word_1_117' title='bbox 1394 657 1539 698; x_wconf 89' lang='lat' dir='ltr'>Deum.</span> 
     </span>
    </p>
   </div>
   <div class='ocr_carea' id='block_1_4' title="bbox 246 771 2200 905">
    <p class='ocr_par' dir='ltr' id='par_1_4' title="bbox 246 771 2200 905">
     <span class='ocr_line' id='line_1_11' title="bbox 526 771 1650 823; baseline 0.001 -10"><span class='ocrx_word' id='word_1_118' title='bbox 526 774 564 813; x_wconf 87' lang='lat'>2.</span> <span class='ocrx_word' id='word_1_119' title='bbox 595 771 756 813; x_wconf 75' lang='lat' dir='ltr'>Sar-am</span> <span class='ocrx_word' id='word_1_120' title='bbox 787 772 845 812; x_wconf 92' lang='lat' dir='ltr'>ab</span> <span class='ocrx_word' id='word_1_121' title='bbox 875 772 1127 823; x_wconf 73' lang='lat' dir='ltr'>opprobrio</span> <span class='ocrx_word' id='word_1_122' title='bbox 1158 772 1334 821; x_wconf 83' lang='lat' dir='ltr'>liberat,</span> <span class='ocrx_word' id='word_1_123' title='bbox 1363 772 1402 820; x_wconf 91' lang='grc'>7,</span> <span class='ocrx_word' id='word_1_124' title='bbox 1421 772 1566 823; x_wconf 44' lang='lat'>1828,</span> <span class='ocrx_word' id='word_1_125' title='bbox 1584 773 1650 814; x_wconf 87' lang='lat'>24.</span> 
     </span>
     <span class='ocr_line' id='line_1_12' title="bbox 246 848 2200 905; baseline 0.001 -14"><span class='ocrx_word' id='word_1_126' title='bbox 246 852 280 875; x_wconf 79' lang='lat'>¹⁸</span> <span class='ocrx_word' id='word_1_127' title='bbox 299 849 553 903; x_wconf 84' lang='lat' dir='ltr'>Vocavitque</span> <span class='ocrx_word' id='word_1_128' title='bbox 575 848 730 902; x_wconf 85' lang='lat' dir='ltr'>Raguel</span> <span class='ocrx_word' id='word_1_129' title='bbox 750 849 801 890; x_wconf 91' lang='lat' dir='ltr'>ad</span> <span class='ocrx_word' id='word_1_130' title='bbox 821 861 861 889; x_wconf 92' lang='lat' dir='ltr'>se</span> <span class='ocrx_word' id='word_1_131' title='bbox 880 848 1042 889; x_wconf 89' lang='lat' dir='ltr'>Annam</span> <span class='ocrx_word' id='word_1_132' title='bbox 1063 862 1231 889; x_wconf 88' lang='lat' dir='ltr'>uxorem</span> <span class='ocrx_word' id='word_1_133' title='bbox 1250 862 1378 894; x_wconf 76' lang='lat' dir='ltr'>suain,</span> <span class='ocrx_word' id='word_1_134' title='bbox 1400 854 1441 890; x_wconf 91' lang='lat' dir='ltr'>et</span> <span class='ocrx_word' id='word_1_135' title='bbox 1460 850 1650 903; x_wconf 80' lang='lat' dir='ltr'>praecepit</span> <span class='ocrx_word' id='word_1_136' title='bbox 1671 850 1705 891; x_wconf 87' lang='lat' dir='ltr'>ei</span> <span class='ocrx_word' id='word_1_137' title='bbox 1724 855 1771 891; x_wconf 93' lang='lat' dir='ltr'>ut</span> <span class='ocrx_word' id='word_1_138' title='bbox 1789 858 2036 905; x_wconf 80' lang='lat' dir='ltr'>praepararet</span> <span class='ocrx_word' id='word_1_139' title='bbox 2081 858 2150 883; x_wconf 62' lang='lat' dir='ltr'>Sara</span> <span class='ocrx_word' id='word_1_140' title='bbox 2171 860 2200 884; x_wconf 82' lang='lat' dir='ltr'>in</span> 
     </span>
    </p>
   </div>
   <div class='ocr_carea' id='block_1_5' title="bbox 2051 893 2215 918">
    <p class='ocr_par' dir='ltr' id='par_1_5' title="bbox 2051 893 2215 918">
     <span class='ocr_line' id='line_1_13' title="bbox 2051 893 2215 918; baseline 0 0"><span class='ocrx_word' id='word_1_141' title='bbox 2051 893 2215 918; x_wconf 84' lang='lat' dir='ltr'>cubiculum</span> 
     </span>
    </p>
   </div>
   <div class='ocr_carea' id='block_1_6' title="bbox 140 907 2213 1023">
    <p class='ocr_par' dir='ltr' id='par_1_6' title="bbox 140 907 2213 1023">
     <span class='ocr_line' id='line_1_14' title="bbox 142 907 2213 963; baseline 0.001 -13"><span class='ocrx_word' id='word_1_142' title='bbox 142 909 316 950; x_wconf 87' lang='lat' dir='ltr'>alterum</span> <span class='ocrx_word' id='word_1_143' title='bbox 344 908 585 949; x_wconf 85' lang='lat' dir='ltr'>cubiculum.</span> <span class='ocrx_word' id='word_1_144' title='bbox 643 909 677 932; x_wconf 78' lang='lat'>¹⁹</span> <span class='ocrx_word' id='word_1_145' title='bbox 704 908 759 948; x_wconf 89' lang='lat' dir='ltr'>Et</span> <span class='ocrx_word' id='word_1_146' title='bbox 786 907 1014 948; x_wconf 83' lang='lat' dir='ltr'>introduxit</span> <span class='ocrx_word' id='word_1_147' title='bbox 1042 907 1135 948; x_wconf 91' lang='lat' dir='ltr'>illuc</span> <span class='ocrx_word' id='word_1_148' title='bbox 1162 907 1303 949; x_wconf 87' lang='lat' dir='ltr'>Saram</span> <span class='ocrx_word' id='word_1_149' title='bbox 1331 907 1455 949; x_wconf 89' lang='lat' dir='ltr'>filiam</span> <span class='ocrx_word' id='word_1_150' title='bbox 1483 922 1609 953; x_wconf 83' lang='lat' dir='ltr'>suam.</span> <span class='ocrx_word' id='word_1_151' title='bbox 1640 914 1681 949; x_wconf 91' lang='lat' dir='ltr'>et</span> <span class='ocrx_word' id='word_1_152' title='bbox 1706 908 1934 963; x_wconf 86' lang='lat' dir='ltr'>lacrymata</span> <span class='ocrx_word' id='word_1_153' title='bbox 1960 916 2031 952; x_wconf 91' lang='lat' dir='ltr'>est.</span> <span class='ocrx_word' id='word_1_154' title='bbox 2066 929 2213 953; x_wconf 68' lang='lat' dir='ltr'>induemu-</span> 
     </span>
     <span class='ocr_line' id='line_1_15' title="bbox 140 966 2035 1023; baseline 0.001 -15"><span class='ocrx_word' id='word_1_155' title='bbox 140 969 177 992; x_wconf 70' lang='lat'>20</span> <span class='ocrx_word' id='word_1_156' title='bbox 204 968 402 1021; x_wconf 82' lang='lat' dir='ltr'>Dixitque</span> <span class='ocrx_word' id='word_1_157' title='bbox 432 967 485 1008; x_wconf 88' lang='lat' dir='ltr'>ei:</span> <span class='ocrx_word' id='word_1_158' title='bbox 517 966 630 1007; x_wconf 90' lang='lat' dir='ltr'>Forti</span> <span class='ocrx_word' id='word_1_159' title='bbox 661 967 795 1008; x_wconf 88' lang='lat' dir='ltr'>animo</span> <span class='ocrx_word' id='word_1_160' title='bbox 826 971 912 1007; x_wconf 90' lang='lat' dir='ltr'>esto</span> <span class='ocrx_word' id='word_1_161' title='bbox 944 966 1025 1006; x_wconf 88' lang='lat' dir='ltr'>filia</span> <span class='ocrx_word' id='word_1_162' title='bbox 1054 979 1163 1006; x_wconf 89' lang='lat' dir='ltr'>mea:</span> <span class='ocrx_word' id='word_1_163' title='bbox 1194 966 1394 1007; x_wconf 85' lang='lat' dir='ltr'>Dominus</span> <span class='ocrx_word' id='word_1_164' title='bbox 1425 967 1507 1007; x_wconf 82' lang='lat' dir='ltr'>caeli</span> <span class='ocrx_word' id='word_1_165' title='bbox 1539 968 1607 1008; x_wconf 89' lang='lat' dir='ltr'>det</span> <span class='ocrx_word' id='word_1_166' title='bbox 1638 967 1712 1009; x_wconf 90' lang='lat' dir='ltr'>tibi</span> <span class='ocrx_word' id='word_1_167' title='bbox 1740 969 1933 1022; x_wconf 86' lang='lat' dir='ltr'>gaudium</span> <span class='ocrx_word' id='word_1_168' title='bbox 1964 982 2035 1023; x_wconf 91' lang='lat' dir='ltr'>pro</span> 
     </span>
    </p>
   </div>
   <div class='ocr_carea' id='block_1_7' title="bbox 141 1027 691 1080">
    <p class='ocr_par' dir='ltr' id='par_1_7' title="bbox 141 1027 691 1080">
     <span class='ocr_line' id='line_1_16' title="bbox 141 1027 691 1080; baseline -0.002 -12"><span class='ocrx_word' id='word_1_169' title='bbox 141 1027 260 1068; x_wconf 85' lang='lat' dir='ltr'>taedio</span> <span class='ocrx_word' id='word_1_170' title='bbox 290 1027 398 1080; x_wconf 93' lang='lat' dir='ltr'>quod</span> <span class='ocrx_word' id='word_1_171' title='bbox 424 1038 614 1080; x_wconf 88' lang='lat' dir='ltr'>perpessa</span> <span class='ocrx_word' id='word_1_172' title='bbox 639 1038 691 1067; x_wconf 75' lang='lat' dir='ltr'>es</span> 
     </span>
    </p>
   </div>
   <div class='ocr_carea' id='block_1_8' title="bbox 244 1095 2227 1231">
    <p class='ocr_par' dir='ltr' id='par_1_8' title="bbox 244 1095 2227 1231">
     <span class='ocr_line' id='line_1_17' title="bbox 244 1095 2224 1149; baseline 0.001 -11"><span class='ocrx_word' id='word_1_173' title='bbox 244 1096 282 1141; x_wconf 87' lang='lat'>8.</span> <span class='ocrx_word' id='word_1_174' title='bbox 337 1099 351 1121; x_wconf 96' lang='lat'>¹</span> <span class='ocrx_word' id='word_1_175' title='bbox 380 1096 606 1149; x_wconf 87' lang='lat' dir='ltr'>Postquam</span> <span class='ocrx_word' id='word_1_176' title='bbox 638 1109 732 1137; x_wconf 89' lang='lat' dir='ltr'>vero</span> <span class='ocrx_word' id='word_1_177' title='bbox 765 1101 1041 1139; x_wconf 83' lang='lat' dir='ltr'>coenaverunt.</span> <span class='ocrx_word' id='word_1_178' title='bbox 1074 1095 1391 1137; x_wconf 89' lang='lat' dir='ltr'>introduxerunt</span> <span class='ocrx_word' id='word_1_179' title='bbox 1421 1096 1608 1137; x_wconf 88' lang='lat' dir='ltr'>iuvenem</span> <span class='ocrx_word' id='word_1_180' title='bbox 1640 1097 1691 1137; x_wconf 90' lang='lat' dir='ltr'>ad</span> <span class='ocrx_word' id='word_1_181' title='bbox 1721 1110 1822 1139; x_wconf 87' lang='lat' dir='ltr'>eam.</span> <span class='ocrx_word' id='word_1_182' title='bbox 2054 1108 2088 1126; x_wconf 79' lang='lat'>³0</span> <span class='ocrx_word' id='word_1_183' title='bbox 2109 1101 2224 1132; x_wconf 50' lang='lat' dir='ltr'>TObiffl‘</span> 
     </span>
     <span class='ocr_line' id='line_1_18' title="bbox 244 1165 2227 1231; baseline 0.001 -23"><span class='ocrx_word' id='word_1_184' title='bbox 244 1170 259 1192; x_wconf 75' lang='lat'><strong>2</strong></span> <span class='ocrx_word' id='word_1_185' title='bbox 283 1167 536 1208; x_wconf 86' lang='lat' dir='ltr'>Recordatus</span> <span class='ocrx_word' id='word_1_186' title='bbox 559 1166 697 1220; x_wconf 86' lang='lat' dir='ltr'>itaque</span> <span class='ocrx_word' id='word_1_187' title='bbox 721 1166 867 1207; x_wconf 90' lang='lat' dir='ltr'>Tobias</span> <span class='ocrx_word' id='word_1_188' title='bbox 890 1179 1121 1207; x_wconf 84' lang='lat' dir='ltr'>sermonum</span> <span class='ocrx_word' id='word_1_189' title='bbox 1143 1165 1297 1219; x_wconf 80' lang='lat' dir='ltr'>Angeli.</span> <span class='ocrx_word' id='word_1_190' title='bbox 1323 1166 1494 1219; x_wconf 88' lang='lat' dir='ltr'>protulit</span> <span class='ocrx_word' id='word_1_191' title='bbox 1516 1167 1564 1207; x_wconf 91' lang='lat' dir='ltr'>de</span> <span class='ocrx_word' id='word_1_192' title='bbox 1587 1166 1760 1208; x_wconf 83' lang='lat' dir='ltr'>cassidili</span> <span class='ocrx_word' id='word_1_193' title='bbox 1782 1181 1853 1209; x_wconf 92' lang='lat' dir='ltr'>suo</span> <span class='ocrx_word' id='word_1_194' title='bbox 1876 1173 2035 1221; x_wconf 90' lang='lat' dir='ltr'>partem</span> <span class='ocrx_word' id='word_1_195' title='bbox 2052 1171 2227 1231; x_wconf 50' lang='lat' dir='ltr'>dgffissssglm</span> 
     </span>
    </p>
   </div>
   <div class='ocr_carea' id='block_1_9' title="bbox 138 1224 2194 1337">
    <p class='ocr_par' dir='ltr' id='par_1_9' title="bbox 138 1224 2194 1337">
     <span class='ocr_line' id='line_1_19' title="bbox 141 1224 2194 1280; baseline -0.001 -12"><span class='ocrx_word' id='word_1_196' title='bbox 141 1226 291 1275; x_wconf 90' lang='lat' dir='ltr'>iecoris,</span> <span class='ocrx_word' id='word_1_197' title='bbox 313 1226 531 1280; x_wconf 86' lang='lat' dir='ltr'>posuitque</span> <span class='ocrx_word' id='word_1_198' title='bbox 553 1239 642 1265; x_wconf 88' lang='lat' dir='ltr'>cam</span> <span class='ocrx_word' id='word_1_199' title='bbox 663 1238 782 1278; x_wconf 92' lang='lat' dir='ltr'>super</span> <span class='ocrx_word' id='word_1_200' title='bbox 803 1225 995 1266; x_wconf 87' lang='lat' dir='ltr'>carbones</span> <span class='ocrx_word' id='word_1_201' title='bbox 1017 1225 1144 1266; x_wconf 85' lang='lat' dir='ltr'>vivos.</span> <span class='ocrx_word' id='word_1_202' title='bbox 1193 1227 1208 1249; x_wconf 78' lang='lat'>3</span> <span class='ocrx_word' id='word_1_203' title='bbox 1230 1225 1341 1265; x_wconf 89' lang='lat' dir='ltr'>Tunc</span> <span class='ocrx_word' id='word_1_204' title='bbox 1364 1224 1550 1277; x_wconf 88' lang='lat' dir='ltr'>Raphael</span> <span class='ocrx_word' id='word_1_205' title='bbox 1570 1225 1745 1275; x_wconf 83' lang='lat' dir='ltr'>Angelus</span> <span class='ocrx_word' id='word_1_206' title='bbox 1767 1227 2034 1279; x_wconf 81' lang='lat' dir='ltr'>apprehendit</span> <span class='ocrx_word' id='word_1_207' title='bbox 2083 1241 2194 1272; x_wconf 74' lang='lat' dir='ltr'>religat,</span> 
     </span>
     <span class='ocr_line' id='line_1_20' title="bbox 138 1283 1508 1337; baseline -0.001 -11"><span class='ocrx_word' id='word_1_208' title='bbox 138 1285 395 1331; x_wconf 80' lang='lat' dir='ltr'>daemonium,</span> <span class='ocrx_word' id='word_1_209' title='bbox 426 1290 466 1325; x_wconf 91' lang='lat' dir='ltr'>et</span> <span class='ocrx_word' id='word_1_210' title='bbox 494 1284 678 1337; x_wconf 81' lang='lat' dir='ltr'>religavit</span> <span class='ocrx_word' id='word_1_211' title='bbox 706 1283 804 1324; x_wconf 87' lang='lat' dir='ltr'>illud</span> <span class='ocrx_word' id='word_1_212' title='bbox 831 1284 873 1324; x_wconf 93' lang='lat' dir='ltr'>in</span> <span class='ocrx_word' id='word_1_213' title='bbox 901 1284 1058 1324; x_wconf 87' lang='lat' dir='ltr'>deserto</span> <span class='ocrx_word' id='word_1_214' title='bbox 1087 1283 1300 1335; x_wconf 87' lang='lat' dir='ltr'>superioris</span> <span class='ocrx_word' id='word_1_215' title='bbox 1329 1283 1508 1336; x_wconf 74' lang='lat' dir='ltr'>AEgypti.</span> 
     </span>
    </p>
   </div>
   <div class='ocr_carea' id='block_1_10' title="bbox 135 1353 2232 1939">
    <p class='ocr_par' dir='ltr' id='par_1_10' title="bbox 135 1353 2232 1939">
     <span class='ocr_line' id='line_1_21' title="bbox 242 1353 2215 1416; baseline 0.001 -21"><span class='ocrx_word' id='word_1_216' title='bbox 242 1357 259 1380; x_wconf 78' lang='lat'>4</span> <span class='ocrx_word' id='word_1_217' title='bbox 280 1356 392 1395; x_wconf 92' lang='lat' dir='ltr'>Tunc</span> <span class='ocrx_word' id='word_1_218' title='bbox 413 1354 601 1395; x_wconf 84' lang='lat' dir='ltr'>hortatus</span> <span class='ocrx_word' id='word_1_219' title='bbox 623 1360 685 1394; x_wconf 88' lang='lat' dir='ltr'>est</span> <span class='ocrx_word' id='word_1_220' title='bbox 706 1354 902 1403; x_wconf 81' lang='lat' dir='ltr'>virginem</span> <span class='ocrx_word' id='word_1_221' title='bbox 925 1353 1083 1401; x_wconf 85' lang='lat' dir='ltr'>Tobias,</span> <span class='ocrx_word' id='word_1_222' title='bbox 1108 1353 1294 1406; x_wconf 79' lang='lat' dir='ltr'>dixitque</span> <span class='ocrx_word' id='word_1_223' title='bbox 1316 1353 1369 1393; x_wconf 91' lang='lat' dir='ltr'>ei:</span> <span class='ocrx_word' id='word_1_224' title='bbox 1393 1354 1502 1394; x_wconf 82' lang='lat' dir='ltr'>Sara.</span> <span class='ocrx_word' id='word_1_225' title='bbox 1527 1367 1686 1407; x_wconf 82' lang='lat' dir='ltr'>exurge.</span> <span class='ocrx_word' id='word_1_226' title='bbox 1711 1359 1752 1395; x_wconf 88' lang='lat' dir='ltr'>et</span> <span class='ocrx_word' id='word_1_227' title='bbox 1772 1355 2032 1409; x_wconf 87' lang='lat' dir='ltr'>deprecemur</span> <span class='ocrx_word' id='word_1_228' title='bbox 2060 1357 2166 1416; x_wconf 65' lang='lat' dir='ltr'>T⁰¹S³i³⁸</span> <span class='ocrx_word' id='word_1_229' title='bbox 2187 1358 2215 1382; x_wconf 56' lang='lat'>‘³‘</span> 
     </span>
     <span class='ocr_line' id='line_1_22' title="bbox 138 1399 2217 1467; baseline -0.001 -13"><span class='ocrx_word' id='word_1_230' title='bbox 138 1415 271 1454; x_wconf 90' lang='lat' dir='ltr'>Deum</span> <span class='ocrx_word' id='word_1_231' title='bbox 299 1413 428 1457; x_wconf 78' lang='lat' dir='ltr'>hodie,</span> <span class='ocrx_word' id='word_1_232' title='bbox 460 1418 499 1452; x_wconf 88' lang='lat' dir='ltr'>et</span> <span class='ocrx_word' id='word_1_233' title='bbox 528 1424 625 1456; x_wconf 84' lang='lat' dir='ltr'>cras,</span> <span class='ocrx_word' id='word_1_234' title='bbox 656 1416 696 1452; x_wconf 88' lang='lat' dir='ltr'>et</span> <span class='ocrx_word' id='word_1_235' title='bbox 724 1412 946 1452; x_wconf 89' lang='lat' dir='ltr'>secundum</span> <span class='ocrx_word' id='word_1_236' title='bbox 975 1424 1080 1452; x_wconf 87' lang='lat' dir='ltr'>cras:</span> <span class='ocrx_word' id='word_1_237' title='bbox 1111 1411 1205 1465; x_wconf 87' lang='lat' dir='ltr'>quia</span> <span class='ocrx_word' id='word_1_238' title='bbox 1232 1411 1293 1452; x_wconf 91' lang='lat' dir='ltr'>his</span> <span class='ocrx_word' id='word_1_239' title='bbox 1324 1412 1451 1452; x_wconf 91' lang='lat' dir='ltr'>tribus</span> <span class='ocrx_word' id='word_1_240' title='bbox 1480 1413 1667 1453; x_wconf 88' lang='lat' dir='ltr'>noctibus</span> <span class='ocrx_word' id='word_1_241' title='bbox 1694 1413 1780 1454; x_wconf 90' lang='lat' dir='ltr'>Deo</span> <span class='ocrx_word' id='word_1_242' title='bbox 1810 1414 2029 1467; x_wconf 83' lang='lat' dir='ltr'>iungimur:</span> <span class='ocrx_word' id='word_1_243' title='bbox 2060 1399 2217 1452; x_wconf 58' lang='lat'>„013530111</span> 
     </span>
     <span class='ocr_line' id='line_1_23' title="bbox 138 1462 2232 1526; baseline 0 -13"><span class='ocrx_word' id='word_1_244' title='bbox 138 1472 260 1513; x_wconf 88' lang='lat' dir='ltr'>tertia</span> <span class='ocrx_word' id='word_1_245' title='bbox 284 1477 421 1512; x_wconf 87' lang='lat' dir='ltr'>autem</span> <span class='ocrx_word' id='word_1_246' title='bbox 447 1476 656 1511; x_wconf 88' lang='lat' dir='ltr'>transacta</span> <span class='ocrx_word' id='word_1_247' title='bbox 680 1476 809 1514; x_wconf 82' lang='lat' dir='ltr'>nocte.</span> <span class='ocrx_word' id='word_1_248' title='bbox 838 1470 878 1510; x_wconf 88' lang='lat' dir='ltr'>in</span> <span class='ocrx_word' id='word_1_249' title='bbox 902 1476 1040 1511; x_wconf 90' lang='lat' dir='ltr'>nostro</span> <span class='ocrx_word' id='word_1_250' title='bbox 1066 1470 1214 1511; x_wconf 88' lang='lat' dir='ltr'>erimus</span> <span class='ocrx_word' id='word_1_251' title='bbox 1239 1470 1435 1524; x_wconf 85' lang='lat' dir='ltr'>coniugio.</span> <span class='ocrx_word' id='word_1_252' title='bbox 1488 1473 1504 1495; x_wconf 82' lang='lat'>⁵</span> <span class='ocrx_word' id='word_1_253' title='bbox 1528 1471 1597 1512; x_wconf 88' lang='lat' dir='ltr'>filii</span> <span class='ocrx_word' id='word_1_254' title='bbox 1623 1472 1771 1526; x_wconf 91' lang='lat' dir='ltr'>quippe</span> <span class='ocrx_word' id='word_1_255' title='bbox 1797 1479 2030 1514; x_wconf 88' lang='lat' dir='ltr'>sanctorum</span> <span class='ocrx_word' id='word_1_256' title='bbox 2041 1462 2232 1493; x_wconf 50' lang='lat' dir='ltr'>deprecantur</span> 
     </span>
     <span class='ocr_line' id='line_1_24' title="bbox 137 1529 2030 1585; baseline 0.001 -14"><span class='ocrx_word' id='word_1_257' title='bbox 137 1544 287 1577; x_wconf 79' lang='lat' dir='ltr'>sumus,</span> <span class='ocrx_word' id='word_1_258' title='bbox 308 1535 349 1571; x_wconf 90' lang='lat' dir='ltr'>et</span> <span class='ocrx_word' id='word_1_259' title='bbox 366 1543 448 1571; x_wconf 93' lang='lat' dir='ltr'>non</span> <span class='ocrx_word' id='word_1_260' title='bbox 466 1543 679 1583; x_wconf 88' lang='lat' dir='ltr'>possumus</span> <span class='ocrx_word' id='word_1_261' title='bbox 698 1530 757 1570; x_wconf 83' lang='lat' dir='ltr'>ita-</span> <span class='ocrx_word' id='word_1_262' title='bbox 775 1529 962 1582; x_wconf 86' lang='lat' dir='ltr'>coniungi</span> <span class='ocrx_word' id='word_1_263' title='bbox 981 1529 1084 1570; x_wconf 90' lang='lat' dir='ltr'>sicut</span> <span class='ocrx_word' id='word_1_264' title='bbox 1101 1536 1252 1583; x_wconf 77' lang='lat' dir='ltr'>gentes,</span> <span class='ocrx_word' id='word_1_265' title='bbox 1275 1543 1364 1583; x_wconf 79' lang='lat' dir='ltr'>quae</span> <span class='ocrx_word' id='word_1_266' title='bbox 1382 1530 1570 1583; x_wconf 87' lang='lat' dir='ltr'>ignorant</span> <span class='ocrx_word' id='word_1_267' title='bbox 1588 1531 1732 1572; x_wconf 90' lang='lat' dir='ltr'>Deum.</span> <span class='ocrx_word' id='word_1_268' title='bbox 1782 1533 1797 1555; x_wconf 75' lang='lat'><strong>⁶</strong></span> <span class='ocrx_word' id='word_1_269' title='bbox 1814 1532 2030 1585; x_wconf 85' lang='lat' dir='ltr'>Surgentes</span> 
     </span>
     <span class='ocr_line' id='line_1_25' title="bbox 137 1588 2033 1645; baseline 0.001 -15"><span class='ocrx_word' id='word_1_270' title='bbox 137 1595 275 1630; x_wconf 90' lang='lat' dir='ltr'>autem</span> <span class='ocrx_word' id='word_1_271' title='bbox 302 1589 464 1643; x_wconf 81' lang='lat' dir='ltr'>pariter,</span> <span class='ocrx_word' id='word_1_272' title='bbox 492 1589 695 1629; x_wconf 82' lang='lat' dir='ltr'>instanter</span> <span class='ocrx_word' id='word_1_273' title='bbox 720 1589 895 1629; x_wconf 88' lang='lat' dir='ltr'>orabant</span> <span class='ocrx_word' id='word_1_274' title='bbox 921 1588 1041 1629; x_wconf 86' lang='lat' dir='ltr'>ambo</span> <span class='ocrx_word' id='word_1_275' title='bbox 1069 1588 1198 1632; x_wconf 82' lang='lat' dir='ltr'>simul.</span> <span class='ocrx_word' id='word_1_276' title='bbox 1228 1594 1274 1629; x_wconf 93' lang='lat' dir='ltr'>ut</span> <span class='ocrx_word' id='word_1_277' title='bbox 1301 1589 1454 1629; x_wconf 84' lang='lat' dir='ltr'>sanitas</span> <span class='ocrx_word' id='word_1_278' title='bbox 1481 1590 1647 1630; x_wconf 90' lang='lat' dir='ltr'>daretur</span> <span class='ocrx_word' id='word_1_279' title='bbox 1672 1590 1739 1631; x_wconf 89' lang='lat' dir='ltr'>eis.</span> <span class='ocrx_word' id='word_1_280' title='bbox 1797 1592 1811 1614; x_wconf 84' lang='lat'>⁷</span> <span class='ocrx_word' id='word_1_281' title='bbox 1837 1591 2033 1645; x_wconf 85' lang='lat' dir='ltr'>Dixitque</span> 
     </span>
     <span class='ocr_line' id='line_1_26' title="bbox 137 1647 2033 1704; baseline 0.001 -15"><span class='ocrx_word' id='word_1_282' title='bbox 137 1648 302 1690; x_wconf 88' lang='lat' dir='ltr'>Tobias:</span> <span class='ocrx_word' id='word_1_283' title='bbox 334 1648 508 1690; x_wconf 89' lang='lat' dir='ltr'>Domine</span> <span class='ocrx_word' id='word_1_284' title='bbox 538 1648 648 1688; x_wconf 91' lang='lat' dir='ltr'>Deus</span> <span class='ocrx_word' id='word_1_285' title='bbox 679 1653 845 1701; x_wconf 81' lang='lat' dir='ltr'>patruni</span> <span class='ocrx_word' id='word_1_286' title='bbox 876 1652 1120 1690; x_wconf 89' lang='lat' dir='ltr'>nostrorum.</span> <span class='ocrx_word' id='word_1_287' title='bbox 1155 1647 1397 1688; x_wconf 80' lang='lat' dir='ltr'>benedicant</span> <span class='ocrx_word' id='word_1_288' title='bbox 1428 1654 1468 1688; x_wconf 92' lang='lat' dir='ltr'>te</span> <span class='ocrx_word' id='word_1_289' title='bbox 1499 1648 1580 1689; x_wconf 84' lang='lat' dir='ltr'>caeli</span> <span class='ocrx_word' id='word_1_290' title='bbox 1613 1654 1653 1689; x_wconf 89' lang='lat' dir='ltr'>et</span> <span class='ocrx_word' id='word_1_291' title='bbox 1684 1654 1809 1694; x_wconf 82' lang='lat' dir='ltr'>terrae,</span> <span class='ocrx_word' id='word_1_292' title='bbox 1842 1663 2033 1704; x_wconf 89' lang='lat' dir='ltr'>mareque</span> 
     </span>
     <span class='ocr_line' id='line_1_27' title="bbox 137 1707 2032 1759; baseline 0.001 -11"><span class='ocrx_word' id='word_1_293' title='bbox 137 1712 178 1748; x_wconf 91' lang='lat' dir='ltr'>et</span> <span class='ocrx_word' id='word_1_294' title='bbox 199 1707 344 1756; x_wconf 80' lang='lat' dir='ltr'>fontes,</span> <span class='ocrx_word' id='word_1_295' title='bbox 371 1712 411 1748; x_wconf 90' lang='lat' dir='ltr'>et</span> <span class='ocrx_word' id='word_1_296' title='bbox 436 1707 605 1748; x_wconf 89' lang='lat' dir='ltr'>flumina</span> <span class='ocrx_word' id='word_1_297' title='bbox 628 1713 668 1747; x_wconf 93' lang='lat' dir='ltr'>et</span> <span class='ocrx_word' id='word_1_298' title='bbox 691 1720 830 1747; x_wconf 89' lang='lat' dir='ltr'>omnes</span> <span class='ocrx_word' id='word_1_299' title='bbox 854 1711 1048 1747; x_wconf 84' lang='lat' dir='ltr'>creaturae</span> <span class='ocrx_word' id='word_1_300' title='bbox 1071 1713 1163 1755; x_wconf 78' lang='lat' dir='ltr'>tuae‚</span> <span class='ocrx_word' id='word_1_301' title='bbox 1191 1720 1280 1759; x_wconf 79' lang='lat' dir='ltr'>quae</span> <span class='ocrx_word' id='word_1_302' title='bbox 1302 1707 1342 1747; x_wconf 90' lang='lat' dir='ltr'>in</span> <span class='ocrx_word' id='word_1_303' title='bbox 1365 1707 1419 1747; x_wconf 92' lang='lat' dir='ltr'>eis</span> <span class='ocrx_word' id='word_1_304' title='bbox 1443 1713 1549 1748; x_wconf 90' lang='lat' dir='ltr'>sunt.</span> <span class='ocrx_word' id='word_1_305' title='bbox 1605 1709 1619 1731; x_wconf 64' lang='lat'>³</span> <span class='ocrx_word' id='word_1_306' title='bbox 1645 1708 1725 1749; x_wconf 88' lang='lat' dir='ltr'>bTu</span> <span class='ocrx_word' id='word_1_307' title='bbox 1748 1708 1877 1749; x_wconf 85' lang='lat' dir='ltr'>fecisti</span> <span class='ocrx_word' id='word_1_308' title='bbox 1900 1709 2032 1750; x_wconf 90' lang='lat' dir='ltr'>Adam</span> 
     </span>
     <span class='ocr_line' id='line_1_28' title="bbox 138 1765 2034 1822; baseline 0.001 -14"><span class='ocrx_word' id='word_1_309' title='bbox 138 1767 186 1808; x_wconf 89' lang='lat' dir='ltr'>de</span> <span class='ocrx_word' id='word_1_310' title='bbox 210 1766 305 1808; x_wconf 89' lang='lat' dir='ltr'>limo</span> <span class='ocrx_word' id='word_1_311' title='bbox 332 1772 459 1809; x_wconf 84' lang='lat' dir='ltr'>terrae.</span> <span class='ocrx_word' id='word_1_312' title='bbox 487 1765 716 1820; x_wconf 88' lang='lat' dir='ltr'>dedistique</span> <span class='ocrx_word' id='word_1_313' title='bbox 741 1765 775 1806; x_wconf 92' lang='lat' dir='ltr'>ei</span> <span class='ocrx_word' id='word_1_314' title='bbox 801 1765 1049 1806; x_wconf 88' lang='lat' dir='ltr'>adiutorium</span> <span class='ocrx_word' id='word_1_315' title='bbox 1076 1765 1248 1806; x_wconf 86' lang='lat' dir='ltr'>Hevam.</span> <span class='ocrx_word' id='word_1_316' title='bbox 1305 1767 1320 1789; x_wconf 77' lang='lat'>⁹</span> <span class='ocrx_word' id='word_1_317' title='bbox 1344 1765 1398 1806; x_wconf 89' lang='lat' dir='ltr'>Et</span> <span class='ocrx_word' id='word_1_318' title='bbox 1424 1779 1530 1806; x_wconf 89' lang='lat' dir='ltr'>nunc</span> <span class='ocrx_word' id='word_1_319' title='bbox 1554 1767 1729 1808; x_wconf 87' lang='lat' dir='ltr'>Domine</span> <span class='ocrx_word' id='word_1_320' title='bbox 1754 1771 1798 1808; x_wconf 91' lang='lat' dir='ltr'>tu</span> <span class='ocrx_word' id='word_1_321' title='bbox 1824 1767 1909 1815; x_wconf 78' lang='lat' dir='ltr'>scis,</span> <span class='ocrx_word' id='word_1_322' title='bbox 1939 1768 2034 1822; x_wconf 86' lang='lat' dir='ltr'>quia</span> 
     </span>
     <span class='ocr_line' id='line_1_29' title="bbox 136 1824 2028 1878; baseline 0.001 -12"><span class='ocrx_word' id='word_1_323' title='bbox 136 1839 217 1867; x_wconf 91' lang='lat' dir='ltr'>non</span> <span class='ocrx_word' id='word_1_324' title='bbox 237 1825 406 1866; x_wconf 82' lang='lat' dir='ltr'>luxuriae</span> <span class='ocrx_word' id='word_1_325' title='bbox 426 1838 549 1866; x_wconf 87' lang='lat' dir='ltr'>causa</span> <span class='ocrx_word' id='word_1_326' title='bbox 569 1824 720 1878; x_wconf 86' lang='lat' dir='ltr'>accipio</span> <span class='ocrx_word' id='word_1_327' title='bbox 742 1837 918 1866; x_wconf 89' lang='lat' dir='ltr'>sororem</span> <span class='ocrx_word' id='word_1_328' title='bbox 939 1837 1072 1865; x_wconf 87' lang='lat' dir='ltr'>meam</span> <span class='ocrx_word' id='word_1_329' title='bbox 1094 1824 1316 1878; x_wconf 86' lang='lat' dir='ltr'>coniugem.</span> <span class='ocrx_word' id='word_1_330' title='bbox 1340 1825 1409 1865; x_wconf 92' lang='lat' dir='ltr'>sed</span> <span class='ocrx_word' id='word_1_331' title='bbox 1429 1825 1514 1866; x_wconf 87' lang='lat' dir='ltr'>sola</span> <span class='ocrx_word' id='word_1_332' title='bbox 1532 1825 1782 1878; x_wconf 86' lang='lat' dir='ltr'>posteritatis</span> <span class='ocrx_word' id='word_1_333' title='bbox 1804 1826 2028 1875; x_wconf 90' lang='lat' dir='ltr'>dilectione,</span> 
     </span>
     <span class='ocr_line' id='line_1_30' title="bbox 135 1883 2028 1939; baseline 0.001 -14"><span class='ocrx_word' id='word_1_334' title='bbox 135 1884 176 1925; x_wconf 94' lang='lat' dir='ltr'>in</span> <span class='ocrx_word' id='word_1_335' title='bbox 209 1898 290 1938; x_wconf 87' lang='lat' dir='ltr'>qua</span> <span class='ocrx_word' id='word_1_336' title='bbox 322 1884 586 1925; x_wconf 84' lang='lat' dir='ltr'>benedicatur</span> <span class='ocrx_word' id='word_1_337' title='bbox 618 1897 766 1925; x_wconf 92' lang='lat' dir='ltr'>nomen</span> <span class='ocrx_word' id='word_1_338' title='bbox 798 1888 915 1924; x_wconf 88' lang='lat' dir='ltr'>tuum</span> <span class='ocrx_word' id='word_1_339' title='bbox 948 1883 989 1924; x_wconf 92' lang='lat' dir='ltr'>in</span> <span class='ocrx_word' id='word_1_340' title='bbox 1021 1883 1167 1924; x_wconf 84' lang='lat' dir='ltr'>saecula</span> <span class='ocrx_word' id='word_1_341' title='bbox 1197 1883 1446 1925; x_wconf 75' lang='lat' dir='ltr'>saeeulorum.</span> <span class='ocrx_word' id='word_1_342' title='bbox 1508 1886 1543 1908; x_wconf 89' lang='lat'>¹⁰</span> <span class='ocrx_word' id='word_1_343' title='bbox 1572 1884 1688 1925; x_wconf 83' lang='lat' dir='ltr'>Dixit</span> <span class='ocrx_word' id='word_1_344' title='bbox 1721 1898 1881 1939; x_wconf 89' lang='lat' dir='ltr'>quoque</span> <span class='ocrx_word' id='word_1_345' title='bbox 1912 1886 2028 1927; x_wconf 87' lang='lat' dir='ltr'>Sara:</span> 
     </span>
    </p>
   </div>
   <div class='ocr_carea' id='block_1_11' title="bbox 135 1942 1923 1997">
    <p class='ocr_par' dir='ltr' id='par_1_11' title="bbox 135 1942 1923 1997">
     <span class='ocr_line' id='line_1_31' title="bbox 135 1942 1923 1997; baseline 0.001 -14"><span class='ocrx_word' id='word_1_346' title='bbox 135 1943 319 1984; x_wconf 90' lang='lat' dir='ltr'>Miserere</span> <span class='ocrx_word' id='word_1_347' title='bbox 346 1943 461 1985; x_wconf 92' lang='lat' dir='ltr'>nobis</span> <span class='ocrx_word' id='word_1_348' title='bbox 488 1942 674 1986; x_wconf 81' lang='lat' dir='ltr'>Domine.</span> <span class='ocrx_word' id='word_1_349' title='bbox 704 1942 889 1983; x_wconf 87' lang='lat' dir='ltr'>miserere</span> <span class='ocrx_word' id='word_1_350' title='bbox 916 1942 1043 1986; x_wconf 80' lang='lat' dir='ltr'>nobis.</span> <span class='ocrx_word' id='word_1_351' title='bbox 1074 1949 1114 1982; x_wconf 90' lang='lat' dir='ltr'>et</span> <span class='ocrx_word' id='word_1_352' title='bbox 1141 1955 1472 1983; x_wconf 82' lang='lat' dir='ltr'>consenescamus</span> <span class='ocrx_word' id='word_1_353' title='bbox 1501 1944 1620 1984; x_wconf 87' lang='lat' dir='ltr'>ambo</span> <span class='ocrx_word' id='word_1_354' title='bbox 1649 1944 1799 1997; x_wconf 88' lang='lat' dir='ltr'>pariter</span> <span class='ocrx_word' id='word_1_355' title='bbox 1825 1944 1923 1985; x_wconf 90' lang='lat' dir='ltr'>sani.</span> 
     </span>
    </p>
   </div>
   <div class='ocr_carea' id='block_1_12' title="bbox 133 2012 2215 2421">
    <p class='ocr_par' dir='ltr' id='par_1_12' title="bbox 133 2012 2215 2421">
     <span class='ocr_line' id='line_1_32' title="bbox 240 2012 2196 2076; baseline 0.001 -22"><span class='ocrx_word' id='word_1_356' title='bbox 240 2016 270 2038; x_wconf 88' lang='lat'>¹¹</span> <span class='ocrx_word' id='word_1_357' title='bbox 297 2013 353 2054; x_wconf 90' lang='lat' dir='ltr'>Et</span> <span class='ocrx_word' id='word_1_358' title='bbox 379 2013 535 2054; x_wconf 86' lang='lat' dir='ltr'>factum</span> <span class='ocrx_word' id='word_1_359' title='bbox 563 2018 624 2054; x_wconf 87' lang='lat' dir='ltr'>est</span> <span class='ocrx_word' id='word_1_360' title='bbox 651 2013 756 2053; x_wconf 87' lang='lat' dir='ltr'>circa</span> <span class='ocrx_word' id='word_1_361' title='bbox 782 2012 985 2066; x_wconf 90' lang='lat' dir='ltr'>pullorum</span> <span class='ocrx_word' id='word_1_362' title='bbox 1013 2018 1192 2060; x_wconf 79' lang='lat' dir='ltr'>cantum,</span> <span class='ocrx_word' id='word_1_363' title='bbox 1224 2012 1405 2053; x_wconf 86' lang='lat' dir='ltr'>accersiri</span> <span class='ocrx_word' id='word_1_364' title='bbox 1433 2012 1548 2053; x_wconf 89' lang='lat' dir='ltr'>iussit</span> <span class='ocrx_word' id='word_1_365' title='bbox 1578 2013 1732 2067; x_wconf 86' lang='lat' dir='ltr'>Raguel</span> <span class='ocrx_word' id='word_1_366' title='bbox 1759 2027 1894 2055; x_wconf 87' lang='lat' dir='ltr'>servos</span> <span class='ocrx_word' id='word_1_367' title='bbox 1922 2028 2026 2064; x_wconf 90' lang='lat' dir='ltr'>suos,</span> <span class='ocrx_word' id='word_1_368' title='bbox 2070 2016 2100 2076; x_wconf 48' lang='grc' dir='ltr'>ἒξ</span> <span class='ocrx_word' id='word_1_369' title='bbox 2120 2017 2196 2041; x_wconf 68' lang='lat'><strong>1⁰⁰0·</strong></span> 
     </span>
     <span class='ocr_line' id='line_1_33' title="bbox 134 2058 2215 2125; baseline -0.001 -11"><span class='ocrx_word' id='word_1_370' title='bbox 134 2078 175 2114; x_wconf 90' lang='lat' dir='ltr'>et</span> <span class='ocrx_word' id='word_1_371' title='bbox 204 2072 391 2113; x_wconf 89' lang='lat' dir='ltr'>abierunt</span> <span class='ocrx_word' id='word_1_372' title='bbox 421 2085 512 2113; x_wconf 90' lang='lat' dir='ltr'>cum</span> <span class='ocrx_word' id='word_1_373' title='bbox 542 2085 587 2112; x_wconf 90' lang='lat' dir='ltr'>eo</span> <span class='ocrx_word' id='word_1_374' title='bbox 618 2071 769 2125; x_wconf 87' lang='lat' dir='ltr'>pariter</span> <span class='ocrx_word' id='word_1_375' title='bbox 798 2077 844 2112; x_wconf 91' lang='lat' dir='ltr'>ut</span> <span class='ocrx_word' id='word_1_376' title='bbox 872 2071 1057 2112; x_wconf 80' lang='lat' dir='ltr'>foderent</span> <span class='ocrx_word' id='word_1_377' title='bbox 1087 2071 1357 2124; x_wconf 89' lang='lat' dir='ltr'>sepulchrum.</span> <span class='ocrx_word' id='word_1_378' title='bbox 1419 2073 1448 2096; x_wconf 77' lang='lat'>¹2</span> <span class='ocrx_word' id='word_1_379' title='bbox 1476 2071 1650 2113; x_wconf 89' lang='lat' dir='ltr'>Dicebat</span> <span class='ocrx_word' id='word_1_380' title='bbox 1680 2072 1804 2113; x_wconf 91' lang='lat' dir='ltr'>enim:</span> <span class='ocrx_word' id='word_1_381' title='bbox 1837 2073 1895 2114; x_wconf 92' lang='lat' dir='ltr'>Ne</span> <span class='ocrx_word' id='word_1_382' title='bbox 1924 2073 2028 2115; x_wconf 89' lang='lat' dir='ltr'>forte</span> <span class='ocrx_word' id='word_1_383' title='bbox 2053 2058 2215 2117; x_wconf 49' lang='lat' dir='ltr'>seriffffisur,</span> 
     </span>
     <span class='ocr_line' id='line_1_34' title="bbox 134 2129 2029 2184; baseline 0.001 -12"><span class='ocrx_word' id='word_1_384' title='bbox 134 2131 253 2172; x_wconf 90' lang='lat' dir='ltr'>simili</span> <span class='ocrx_word' id='word_1_385' title='bbox 276 2132 396 2173; x_wconf 91' lang='lat' dir='ltr'>modo</span> <span class='ocrx_word' id='word_1_386' title='bbox 422 2131 601 2172; x_wconf 84' lang='lat' dir='ltr'>evenerit</span> <span class='ocrx_word' id='word_1_387' title='bbox 626 2130 672 2173; x_wconf 78' lang='lat' dir='ltr'>ei.</span> <span class='ocrx_word' id='word_1_388' title='bbox 700 2144 779 2184; x_wconf 86' lang='lat' dir='ltr'>quo</span> <span class='ocrx_word' id='word_1_389' title='bbox 804 2135 844 2171; x_wconf 90' lang='lat' dir='ltr'>et</span> <span class='ocrx_word' id='word_1_390' title='bbox 869 2130 1009 2171; x_wconf 89' lang='lat' dir='ltr'>ceteris</span> <span class='ocrx_word' id='word_1_391' title='bbox 1034 2129 1109 2170; x_wconf 88' lang='lat' dir='ltr'>illis</span> <span class='ocrx_word' id='word_1_392' title='bbox 1134 2135 1290 2183; x_wconf 88' lang='lat' dir='ltr'>septem</span> <span class='ocrx_word' id='word_1_393' title='bbox 1315 2130 1423 2175; x_wconf 75' lang='lat' dir='ltr'>viris.</span> <span class='ocrx_word' id='word_1_394' title='bbox 1451 2131 1519 2184; x_wconf 91' lang='lat' dir='ltr'>qui</span> <span class='ocrx_word' id='word_1_395' title='bbox 1543 2136 1637 2172; x_wconf 91' lang='lat' dir='ltr'>sunt</span> <span class='ocrx_word' id='word_1_396' title='bbox 1662 2131 1827 2184; x_wconf 88' lang='lat' dir='ltr'>ingressi</span> <span class='ocrx_word' id='word_1_397' title='bbox 1852 2133 1903 2173; x_wconf 92' lang='lat' dir='ltr'>ad</span> <span class='ocrx_word' id='word_1_398' title='bbox 1927 2146 2029 2175; x_wconf 85' lang='lat' dir='ltr'>eam.</span> 
     </span>
     <span class='ocr_line' id='line_1_35' title="bbox 135 2189 2030 2244; baseline 0 -12"><span class='ocrx_word' id='word_1_399' title='bbox 135 2193 166 2216; x_wconf 82' lang='lat'>¹³</span> <span class='ocrx_word' id='word_1_400' title='bbox 189 2190 371 2244; x_wconf 87' lang='lat' dir='ltr'>Cumque</span> <span class='ocrx_word' id='word_1_401' title='bbox 395 2195 607 2244; x_wconf 89' lang='lat' dir='ltr'>parassent</span> <span class='ocrx_word' id='word_1_402' title='bbox 629 2190 792 2233; x_wconf 81' lang='lat' dir='ltr'>fossam.</span> <span class='ocrx_word' id='word_1_403' title='bbox 818 2202 1000 2230; x_wconf 87' lang='lat' dir='ltr'>reversus</span> <span class='ocrx_word' id='word_1_404' title='bbox 1027 2189 1182 2242; x_wconf 85' lang='lat' dir='ltr'>Raguel</span> <span class='ocrx_word' id='word_1_405' title='bbox 1205 2189 1257 2230; x_wconf 89' lang='lat' dir='ltr'>ad</span> <span class='ocrx_word' id='word_1_406' title='bbox 1281 2202 1447 2230; x_wconf 86' lang='lat' dir='ltr'>uxorem</span> <span class='ocrx_word' id='word_1_407' title='bbox 1472 2203 1599 2235; x_wconf 79' lang='lat' dir='ltr'>suam,</span> <span class='ocrx_word' id='word_1_408' title='bbox 1626 2190 1730 2231; x_wconf 87' lang='lat' dir='ltr'>dixit</span> <span class='ocrx_word' id='word_1_409' title='bbox 1754 2190 1806 2231; x_wconf 90' lang='lat' dir='ltr'>ei:</span> <span class='ocrx_word' id='word_1_410' title='bbox 1858 2193 1889 2215; x_wconf 70' lang='lat'>¹⁴</span> <span class='ocrx_word' id='word_1_411' title='bbox 1911 2191 2030 2233; x_wconf 87' lang='lat' dir='ltr'>Mitte</span> 
     </span>
     <span class='ocr_line' id='line_1_36' title="bbox 135 2248 2031 2303; baseline 0.001 -13"><span class='ocrx_word' id='word_1_412' title='bbox 135 2263 258 2291; x_wconf 89' lang='lat' dir='ltr'>unam</span> <span class='ocrx_word' id='word_1_413' title='bbox 277 2263 327 2290; x_wconf 89' lang='lat' dir='ltr'>ex</span> <span class='ocrx_word' id='word_1_414' title='bbox 345 2249 498 2290; x_wconf 87' lang='lat' dir='ltr'>ancillis</span> <span class='ocrx_word' id='word_1_415' title='bbox 519 2249 611 2293; x_wconf 76' lang='lat' dir='ltr'>tuis,</span> <span class='ocrx_word' id='word_1_416' title='bbox 633 2253 674 2289; x_wconf 92' lang='lat' dir='ltr'>et</span> <span class='ocrx_word' id='word_1_417' title='bbox 692 2248 832 2289; x_wconf 88' lang='lat' dir='ltr'>videat</span> <span class='ocrx_word' id='word_1_418' title='bbox 850 2248 882 2289; x_wconf 89' lang='lat' dir='ltr'>si</span> <span class='ocrx_word' id='word_1_419' title='bbox 899 2254 1086 2289; x_wconf 89' lang='lat' dir='ltr'>mortuus</span> <span class='ocrx_word' id='word_1_420' title='bbox 1105 2253 1177 2292; x_wconf 85' lang='lat' dir='ltr'>est,</span> <span class='ocrx_word' id='word_1_421' title='bbox 1198 2254 1245 2289; x_wconf 85' lang='lat' dir='ltr'>ut.</span> <span class='ocrx_word' id='word_1_422' title='bbox 1264 2248 1454 2301; x_wconf 87' lang='lat' dir='ltr'>sepeliam</span> <span class='ocrx_word' id='word_1_423' title='bbox 1473 2261 1565 2289; x_wconf 92' lang='lat' dir='ltr'>eum</span> <span class='ocrx_word' id='word_1_424' title='bbox 1585 2254 1806 2303; x_wconf 89' lang='lat' dir='ltr'>antequam</span> <span class='ocrx_word' id='word_1_425' title='bbox 1825 2249 2031 2291; x_wconf 88' lang='lat' dir='ltr'>illucescat</span> 
     </span>
     <span class='ocr_line' id='line_1_37' title="bbox 134 2307 2028 2362; baseline 0 -12"><span class='ocrx_word' id='word_1_426' title='bbox 134 2309 229 2350; x_wconf 89' lang='lat' dir='ltr'>dies.</span> <span class='ocrx_word' id='word_1_427' title='bbox 287 2311 317 2333; x_wconf 82' lang='lat'>¹⁵</span> <span class='ocrx_word' id='word_1_428' title='bbox 343 2309 400 2350; x_wconf 89' lang='lat' dir='ltr'>At</span> <span class='ocrx_word' id='word_1_429' title='bbox 426 2308 494 2349; x_wconf 89' lang='lat' dir='ltr'>illa</span> <span class='ocrx_word' id='word_1_430' title='bbox 520 2308 630 2349; x_wconf 90' lang='lat' dir='ltr'>misit</span> <span class='ocrx_word' id='word_1_431' title='bbox 657 2321 781 2348; x_wconf 89' lang='lat' dir='ltr'>unam</span> <span class='ocrx_word' id='word_1_432' title='bbox 809 2321 858 2348; x_wconf 90' lang='lat' dir='ltr'>ex</span> <span class='ocrx_word' id='word_1_433' title='bbox 885 2307 1038 2348; x_wconf 85' lang='lat' dir='ltr'>ancillis</span> <span class='ocrx_word' id='word_1_434' title='bbox 1066 2307 1157 2348; x_wconf 82' lang='lat' dir='ltr'>suis.</span> <span class='ocrx_word' id='word_1_435' title='bbox 1189 2307 1287 2356; x_wconf 81' lang='lat' dir='ltr'>Quae</span> <span class='ocrx_word' id='word_1_436' title='bbox 1314 2307 1491 2360; x_wconf 89' lang='lat' dir='ltr'>ingressa</span> <span class='ocrx_word' id='word_1_437' title='bbox 1518 2307 1759 2353; x_wconf 76' lang='lat' dir='ltr'>cubiculum,</span> <span class='ocrx_word' id='word_1_438' title='bbox 1788 2309 1936 2362; x_wconf 89' lang='lat' dir='ltr'>reperit</span> <span class='ocrx_word' id='word_1_439' title='bbox 1963 2322 2028 2350; x_wconf 91' lang='lat' dir='ltr'>eos</span> 
     </span>
     <span class='ocr_line' id='line_1_38' title="bbox 133 2366 1229 2421; baseline -0.002 -12"><span class='ocrx_word' id='word_1_440' title='bbox 133 2367 266 2409; x_wconf 88' lang='lat' dir='ltr'>salvos</span> <span class='ocrx_word' id='word_1_441' title='bbox 295 2373 336 2408; x_wconf 91' lang='lat' dir='ltr'>et</span> <span class='ocrx_word' id='word_1_442' title='bbox 363 2367 595 2413; x_wconf 80' lang='lat' dir='ltr'>incolumes,</span> <span class='ocrx_word' id='word_1_443' title='bbox 627 2379 762 2407; x_wconf 90' lang='lat' dir='ltr'>secum</span> <span class='ocrx_word' id='word_1_444' title='bbox 792 2366 944 2421; x_wconf 84' lang='lat' dir='ltr'>pariter</span> <span class='ocrx_word' id='word_1_445' title='bbox 972 2366 1229 2408; x_wconf 89' lang='lat' dir='ltr'>dormientes.</span> 
     </span>
    </p>
   </div>
   <div class='ocr_carea' id='block_1_13' title="bbox 239 2437 2216 2499">
    <p class='ocr_par' dir='ltr' id='par_1_13' title="bbox 239 2437 2216 2499">
     <span class='ocr_line' id='line_1_39' title="bbox 239 2437 2216 2499; baseline 0.001 -21"><span class='ocrx_word' id='word_1_446' title='bbox 239 2440 273 2462; x_wconf 75' lang='lat'>¹⁶</span> <span class='ocrx_word' id='word_1_447' title='bbox 297 2438 353 2478; x_wconf 87' lang='lat' dir='ltr'>Et</span> <span class='ocrx_word' id='word_1_448' title='bbox 376 2450 547 2482; x_wconf 85' lang='lat' dir='ltr'>reversa.</span> <span class='ocrx_word' id='word_1_449' title='bbox 574 2437 786 2478; x_wconf 82' lang='lat' dir='ltr'>nunciavit</span> <span class='ocrx_word' id='word_1_450' title='bbox 811 2437 964 2478; x_wconf 90' lang='lat' dir='ltr'>bonum</span> <span class='ocrx_word' id='word_1_451' title='bbox 990 2437 1201 2477; x_wconf 86' lang='lat' dir='ltr'>nuncium:</span> <span class='ocrx_word' id='word_1_452' title='bbox 1228 2442 1267 2477; x_wconf 90' lang='lat' dir='ltr'>et</span> <span class='ocrx_word' id='word_1_453' title='bbox 1294 2437 1587 2478; x_wconf 85' lang='lat' dir='ltr'>benedixerunt</span> <span class='ocrx_word' id='word_1_454' title='bbox 1612 2437 1846 2483; x_wconf 82' lang='lat' dir='ltr'>Dominum,</span> <span class='ocrx_word' id='word_1_455' title='bbox 1876 2438 2029 2492; x_wconf 83' lang='lat' dir='ltr'>Raguel</span> <span class='ocrx_word' id='word_1_456' title='bbox 2054 2438 2216 2499; x_wconf 52' lang='grc' dir='ltr'>ξξξξθεξίξζ</span> 
     </span>
    </p>
   </div>
   <div class='ocr_carea' id='block_1_14' title="bbox 132 2495 2222 2785">
    <p class='ocr_par' dir='ltr' id='par_1_14' title="bbox 132 2495 2222 2785">
     <span class='ocr_line' id='line_1_40' title="bbox 134 2495 2196 2549; baseline -0.003 -10"><span class='ocrx_word' id='word_1_457' title='bbox 134 2497 322 2539; x_wconf 83' lang='lat' dir='ltr'>videlicet</span> <span class='ocrx_word' id='word_1_458' title='bbox 345 2502 387 2538; x_wconf 89' lang='lat' dir='ltr'>et</span> <span class='ocrx_word' id='word_1_459' title='bbox 410 2496 530 2537; x_wconf 82' lang='lat' dir='ltr'>Anna</span> <span class='ocrx_word' id='word_1_460' title='bbox 554 2509 656 2537; x_wconf 87' lang='lat' dir='ltr'>uxor</span> <span class='ocrx_word' id='word_1_461' title='bbox 679 2496 774 2541; x_wconf 84' lang='lat' dir='ltr'>eius,</span> <span class='ocrx_word' id='word_1_462' title='bbox 828 2497 862 2520; x_wconf 88' lang='lat'>¹⁷</span> <span class='ocrx_word' id='word_1_463' title='bbox 886 2502 927 2537; x_wconf 86' lang='lat' dir='ltr'>et</span> <span class='ocrx_word' id='word_1_464' title='bbox 951 2496 1160 2537; x_wconf 81' lang='lat' dir='ltr'>dixerunt:</span> <span class='ocrx_word' id='word_1_465' title='bbox 1188 2495 1470 2536; x_wconf 88' lang='lat' dir='ltr'>Benedicimus</span> <span class='ocrx_word' id='word_1_466' title='bbox 1495 2501 1535 2537; x_wconf 89' lang='lat' dir='ltr'>te</span> <span class='ocrx_word' id='word_1_467' title='bbox 1560 2496 1732 2537; x_wconf 90' lang='lat' dir='ltr'>Domine</span> <span class='ocrx_word' id='word_1_468' title='bbox 1756 2497 1866 2537; x_wconf 91' lang='lat' dir='ltr'>Deus</span> <span class='ocrx_word' id='word_1_469' title='bbox 1893 2497 2026 2542; x_wconf 82' lang='lat' dir='ltr'>Israel,</span> <span class='ocrx_word' id='word_1_470' title='bbox 2072 2509 2196 2549; x_wconf 80' lang='lat' dir='ltr'>Domino</span> 
     </span>
     <span class='ocr_line' id='line_1_41' title="bbox 134 2544 2222 2611; baseline -0.001 -14"><span class='ocrx_word' id='word_1_471' title='bbox 134 2556 230 2611; x_wconf 88' lang='lat' dir='ltr'>quia</span> <span class='ocrx_word' id='word_1_472' title='bbox 257 2569 339 2597; x_wconf 92' lang='lat' dir='ltr'>non</span> <span class='ocrx_word' id='word_1_473' title='bbox 369 2555 539 2609; x_wconf 90' lang='lat' dir='ltr'>contigit</span> <span class='ocrx_word' id='word_1_474' title='bbox 569 2555 916 2609; x_wconf 86' lang='lat' dir='ltr'>quemadmodum</span> <span class='ocrx_word' id='word_1_475' title='bbox 945 2555 1205 2608; x_wconf 87' lang='lat' dir='ltr'>putabamus.</span> <span class='ocrx_word' id='word_1_476' title='bbox 1265 2556 1299 2579; x_wconf 68' lang='lat'>¹⁸</span> <span class='ocrx_word' id='word_1_477' title='bbox 1328 2554 1475 2596; x_wconf 90' lang='lat' dir='ltr'>Fecisti</span> <span class='ocrx_word' id='word_1_478' title='bbox 1504 2555 1611 2595; x_wconf 89' lang='lat' dir='ltr'>enim</span> <span class='ocrx_word' id='word_1_479' title='bbox 1641 2555 1850 2596; x_wconf 89' lang='lat' dir='ltr'>nobiscum</span> <span class='ocrx_word' id='word_1_480' title='bbox 1880 2556 2029 2596; x_wconf 90' lang='lat' dir='ltr'>miseri·</span> <span class='ocrx_word' id='word_1_481' title='bbox 2048 2544 2222 2570; x_wconf 56' lang='lat' dir='ltr'>benedffiunt</span> 
     </span>
     <span class='ocr_line' id='line_1_42' title="bbox 133 2613 2029 2667; baseline -0.001 -11"><span class='ocrx_word' id='word_1_482' title='bbox 133 2615 313 2658; x_wconf 89' lang='lat' dir='ltr'>cordiam</span> <span class='ocrx_word' id='word_1_483' title='bbox 348 2620 476 2659; x_wconf 83' lang='lat' dir='ltr'>tuam,</span> <span class='ocrx_word' id='word_1_484' title='bbox 513 2619 555 2655; x_wconf 89' lang='lat' dir='ltr'>et</span> <span class='ocrx_word' id='word_1_485' title='bbox 588 2613 794 2655; x_wconf 88' lang='lat' dir='ltr'>exclusisti</span> <span class='ocrx_word' id='word_1_486' title='bbox 829 2628 853 2655; x_wconf 88' lang='lat' dir='ltr'>a</span> <span class='ocrx_word' id='word_1_487' title='bbox 887 2614 1002 2655; x_wconf 88' lang='lat' dir='ltr'>nobis</span> <span class='ocrx_word' id='word_1_488' title='bbox 1038 2614 1246 2654; x_wconf 88' lang='lat' dir='ltr'>inimicum</span> <span class='ocrx_word' id='word_1_489' title='bbox 1281 2620 1590 2667; x_wconf 90' lang='lat' dir='ltr'>persequentem</span> <span class='ocrx_word' id='word_1_490' title='bbox 1626 2627 1709 2655; x_wconf 89' lang='lat' dir='ltr'>nos.</span> <span class='ocrx_word' id='word_1_491' title='bbox 1774 2616 1808 2638; x_wconf 80' lang='lat'>¹⁹</span> <span class='ocrx_word' id='word_1_492' title='bbox 1841 2614 2029 2655; x_wconf 89' lang='lat' dir='ltr'>Misertus</span> 
     </span>
     <span class='ocr_line' id='line_1_43' title="bbox 132 2672 2029 2726; baseline -0.001 -10"><span class='ocrx_word' id='word_1_493' title='bbox 132 2688 172 2715; x_wconf 90' lang='lat' dir='ltr'>es</span> <span class='ocrx_word' id='word_1_494' title='bbox 206 2679 344 2716; x_wconf 88' lang='lat' dir='ltr'>autem</span> <span class='ocrx_word' id='word_1_495' title='bbox 378 2673 536 2715; x_wconf 91' lang='lat' dir='ltr'>duobus</span> <span class='ocrx_word' id='word_1_496' title='bbox 569 2673 709 2715; x_wconf 90' lang='lat' dir='ltr'>unicis.</span> <span class='ocrx_word' id='word_1_497' title='bbox 744 2673 826 2714; x_wconf 86' lang='lat' dir='ltr'>Fac</span> <span class='ocrx_word' id='word_1_498' title='bbox 859 2686 925 2714; x_wconf 92' lang='lat' dir='ltr'>eos</span> <span class='ocrx_word' id='word_1_499' title='bbox 958 2673 1133 2714; x_wconf 92' lang='lat' dir='ltr'>Domine</span> <span class='ocrx_word' id='word_1_500' title='bbox 1166 2672 1322 2726; x_wconf 91' lang='lat' dir='ltr'>plenius</span> <span class='ocrx_word' id='word_1_501' title='bbox 1356 2672 1590 2714; x_wconf 89' lang='lat' dir='ltr'>benedicere</span> <span class='ocrx_word' id='word_1_502' title='bbox 1624 2678 1682 2713; x_wconf 89' lang='lat' dir='ltr'>te:</span> <span class='ocrx_word' id='word_1_503' title='bbox 1717 2678 1758 2713; x_wconf 91' lang='lat' dir='ltr'>et</span> <span class='ocrx_word' id='word_1_504' title='bbox 1789 2673 2029 2714; x_wconf 89' lang='lat' dir='ltr'>sacrificium</span> 
     </span>
     <span class='ocr_line' id='line_1_44' title="bbox 132 2731 2030 2785; baseline -0.001 -10"><span class='ocrx_word' id='word_1_505' title='bbox 132 2733 208 2775; x_wconf 91' lang='lat' dir='ltr'>tibi</span> <span class='ocrx_word' id='word_1_506' title='bbox 237 2733 368 2774; x_wconf 89' lang='lat' dir='ltr'>laudis</span> <span class='ocrx_word' id='word_1_507' title='bbox 400 2738 483 2773; x_wconf 81' lang='lat' dir='ltr'>tuae</span> <span class='ocrx_word' id='word_1_508' title='bbox 513 2738 554 2773; x_wconf 88' lang='lat' dir='ltr'>et</span> <span class='ocrx_word' id='word_1_509' title='bbox 585 2745 668 2773; x_wconf 83' lang='lat' dir='ltr'>suae</span> <span class='ocrx_word' id='word_1_510' title='bbox 698 2732 886 2773; x_wconf 89' lang='lat' dir='ltr'>sanitatis</span> <span class='ocrx_word' id='word_1_511' title='bbox 918 2732 1071 2774; x_wconf 79' lang='lat' dir='ltr'>offerre.</span> <span class='ocrx_word' id='word_1_512' title='bbox 1107 2739 1153 2773; x_wconf 90' lang='lat' dir='ltr'>ut</span> <span class='ocrx_word' id='word_1_513' title='bbox 1184 2738 1401 2785; x_wconf 89' lang='lat' dir='ltr'>cognoscat</span> <span class='ocrx_word' id='word_1_514' title='bbox 1432 2731 1674 2772; x_wconf 85' lang='lat' dir='ltr'>universitas</span> <span class='ocrx_word' id='word_1_515' title='bbox 1705 2731 1898 2785; x_wconf 82' lang='lat' dir='ltr'>gentium,</span> <span class='ocrx_word' id='word_1_516' title='bbox 1934 2732 2030 2785; x_wconf 88' lang='lat' dir='ltr'>quia</span> 
     </span>
    </p>
   </div>
   <div class='ocr_carea' id='block_1_15' title="bbox 131 2791 2206 2916">
    <p class='ocr_par' dir='ltr' id='par_1_15' title="bbox 131 2791 2206 2916">
     <span class='ocr_line' id='line_1_45' title="bbox 131 2791 956 2834; baseline -0.002 -1"><span class='ocrx_word' id='word_1_517' title='bbox 131 2797 178 2834; x_wconf 90' lang='lat' dir='ltr'>tu</span> <span class='ocrx_word' id='word_1_518' title='bbox 206 2805 247 2834; x_wconf 87' lang='lat' dir='ltr'>es</span> <span class='ocrx_word' id='word_1_519' title='bbox 275 2793 386 2833; x_wconf 88' lang='lat' dir='ltr'>Deus</span> <span class='ocrx_word' id='word_1_520' title='bbox 415 2791 522 2833; x_wconf 92' lang='lat' dir='ltr'>solus</span> <span class='ocrx_word' id='word_1_521' title='bbox 550 2791 592 2832; x_wconf 88' lang='lat' dir='ltr'>in</span> <span class='ocrx_word' id='word_1_522' title='bbox 621 2791 811 2832; x_wconf 88' lang='lat' dir='ltr'>universa</span> <span class='ocrx_word' id='word_1_523' title='bbox 838 2796 956 2832; x_wconf 89' lang='lat' dir='ltr'>terra.</span> 
     </span>
     <span class='ocr_line' id='line_1_46' title="bbox 235 2861 2206 2916; baseline -0.002 -12"><span class='ocrx_word' id='word_1_524' title='bbox 235 2865 272 2888; x_wconf 79' lang='lat'>²⁰</span> <span class='ocrx_word' id='word_1_525' title='bbox 294 2862 526 2916; x_wconf 86' lang='lat' dir='ltr'>Statimque</span> <span class='ocrx_word' id='word_1_526' title='bbox 550 2862 742 2916; x_wconf 84' lang='lat' dir='ltr'>praecepit</span> <span class='ocrx_word' id='word_1_527' title='bbox 766 2862 890 2903; x_wconf 89' lang='lat' dir='ltr'>servis</span> <span class='ocrx_word' id='word_1_528' title='bbox 914 2862 995 2904; x_wconf 90' lang='lat' dir='ltr'>suis</span> <span class='ocrx_word' id='word_1_529' title='bbox 1023 2861 1189 2915; x_wconf 80' lang='lat' dir='ltr'>Raguel,</span> <span class='ocrx_word' id='word_1_530' title='bbox 1217 2866 1263 2902; x_wconf 95' lang='lat' dir='ltr'>ut</span> <span class='ocrx_word' id='word_1_531' title='bbox 1286 2862 1487 2915; x_wconf 88' lang='lat' dir='ltr'>replerent</span> <span class='ocrx_word' id='word_1_532' title='bbox 1509 2861 1672 2905; x_wconf 85' lang='lat' dir='ltr'>fossam,</span> <span class='ocrx_word' id='word_1_533' title='bbox 1700 2873 1823 2914; x_wconf 88' lang='lat' dir='ltr'>quam</span> <span class='ocrx_word' id='word_1_534' title='bbox 1848 2861 2028 2901; x_wconf 78' lang='lat' dir='ltr'>fecerant</span> <span class='ocrx_word' id='word_1_535' title='bbox 2059 2861 2089 2885; x_wconf 58' lang='lat' dir='ltr'>et</span> <span class='ocrx_word' id='word_1_536' title='bbox 2109 2861 2206 2885; x_wconf 63' lang='lat' dir='ltr'>⁰0¹¹Vi·</span> 
     </span>
    </p>
   </div>
   <div class='ocr_carea' id='block_1_16' title="bbox 127 2901 2219 3271">
    <p class='ocr_par' dir='ltr' id='par_1_16' title="bbox 127 2901 2219 3271">
     <span class='ocr_line' id='line_1_47' title="bbox 130 2901 2219 2977; baseline -0.009 1"><span class='ocrx_word' id='word_1_537' title='bbox 130 2922 369 2977; x_wconf 80' lang='lat' dir='ltr'>priusquam</span> <span class='ocrx_word' id='word_1_538' title='bbox 403 2921 654 2963; x_wconf 87' lang='lat' dir='ltr'>elucesceret.</span> <span class='ocrx_word' id='word_1_539' title='bbox 718 2923 749 2946; x_wconf 74' lang='lat'>²¹</span> <span class='ocrx_word' id='word_1_540' title='bbox 784 2921 911 2963; x_wconf 85' lang='lat' dir='ltr'>Uxori</span> <span class='ocrx_word' id='word_1_541' title='bbox 945 2926 1084 2962; x_wconf 89' lang='lat' dir='ltr'>autem</span> <span class='ocrx_word' id='word_1_542' title='bbox 1118 2934 1201 2962; x_wconf 86' lang='lat' dir='ltr'>suae</span> <span class='ocrx_word' id='word_1_543' title='bbox 1234 2920 1338 2961; x_wconf 91' lang='lat' dir='ltr'>dixit</span> <span class='ocrx_word' id='word_1_544' title='bbox 1373 2926 1419 2961; x_wconf 92' lang='lat' dir='ltr'>ut</span> <span class='ocrx_word' id='word_1_545' title='bbox 1451 2920 1670 2960; x_wconf 87' lang='lat' dir='ltr'>instrueret</span> <span class='ocrx_word' id='word_1_546' title='bbox 1704 2919 1950 2965; x_wconf 82' lang='lat' dir='ltr'>convivium,</span> <span class='ocrx_word' id='word_1_547' title='bbox 1987 2924 2028 2960; x_wconf 89' lang='lat' dir='ltr'>et</span> <span class='ocrx_word' id='word_1_548' title='bbox 2047 2901 2132 2955; x_wconf 54' lang='lat' dir='ltr'>viiffl</span> <span class='ocrx_word' id='word_1_549' title='bbox 2148 2902 2219 2960; x_wconf 39' lang='lat'>2¹1¹?-</span> 
     </span>
     <span class='ocr_line' id='line_1_48' title="bbox 129 2966 2189 3035; baseline -0.002 -13"><span class='ocrx_word' id='word_1_550' title='bbox 129 2986 377 3035; x_wconf 83' lang='lat' dir='ltr'>praepararet</span> <span class='ocrx_word' id='word_1_551' title='bbox 402 2980 550 3025; x_wconf 76' lang='lat' dir='ltr'>omnia.</span> <span class='ocrx_word' id='word_1_552' title='bbox 580 2993 669 3034; x_wconf 81' lang='lat' dir='ltr'>quae</span> <span class='ocrx_word' id='word_1_553' title='bbox 694 2980 735 3021; x_wconf 92' lang='lat' dir='ltr'>in</span> <span class='ocrx_word' id='word_1_554' title='bbox 761 2979 869 3021; x_wconf 93' lang='lat' dir='ltr'>cibos</span> <span class='ocrx_word' id='word_1_555' title='bbox 897 2985 1013 3021; x_wconf 87' lang='lat' dir='ltr'>erant</span> <span class='ocrx_word' id='word_1_556' title='bbox 1038 2980 1116 3021; x_wconf 91' lang='lat' dir='ltr'>iter</span> <span class='ocrx_word' id='word_1_557' title='bbox 1141 2979 1355 3033; x_wconf 84' lang='lat' dir='ltr'>agentibus</span> <span class='ocrx_word' id='word_1_558' title='bbox 1382 2978 1615 3020; x_wconf 86' lang='lat' dir='ltr'>necessaria.</span> <span class='ocrx_word' id='word_1_559' title='bbox 1670 2979 1703 3002; x_wconf 80' lang='lat'>²2</span> <span class='ocrx_word' id='word_1_560' title='bbox 1728 2978 1841 3019; x_wconf 88' lang='lat' dir='ltr'>Duas</span> <span class='ocrx_word' id='word_1_561' title='bbox 1869 2991 2029 3032; x_wconf 91' lang='lat' dir='ltr'>quoque</span> <span class='ocrx_word' id='word_1_562' title='bbox 2077 2966 2189 2996; x_wconf 59' lang='lat' dir='ltr'>parant·</span> 
     </span>
     <span class='ocr_line' id='line_1_49' title="bbox 129 3036 2027 3094; baseline -0.003 -13"><span class='ocrx_word' id='word_1_563' title='bbox 129 3041 297 3094; x_wconf 87' lang='lat' dir='ltr'>pingues</span> <span class='ocrx_word' id='word_1_564' title='bbox 320 3049 482 3083; x_wconf 61' lang='lat' dir='ltr'>vaccas,</span> <span class='ocrx_word' id='word_1_565' title='bbox 514 3043 556 3080; x_wconf 89' lang='lat' dir='ltr'>et</span> <span class='ocrx_word' id='word_1_566' title='bbox 584 3043 782 3092; x_wconf 88' lang='lat' dir='ltr'>quattuor</span> <span class='ocrx_word' id='word_1_567' title='bbox 809 3038 954 3080; x_wconf 88' lang='lat' dir='ltr'>arietes</span> <span class='ocrx_word' id='word_1_568' title='bbox 983 3039 1110 3080; x_wconf 88' lang='lat' dir='ltr'>occidi</span> <span class='ocrx_word' id='word_1_569' title='bbox 1137 3039 1245 3081; x_wconf 82' lang='lat' dir='ltr'>fecit.</span> <span class='ocrx_word' id='word_1_570' title='bbox 1276 3045 1316 3078; x_wconf 90' lang='lat' dir='ltr'>et</span> <span class='ocrx_word' id='word_1_571' title='bbox 1344 3038 1479 3091; x_wconf 87' lang='lat' dir='ltr'>parari</span> <span class='ocrx_word' id='word_1_572' title='bbox 1506 3037 1644 3090; x_wconf 87' lang='lat' dir='ltr'>epulas</span> <span class='ocrx_word' id='word_1_573' title='bbox 1673 3037 1859 3078; x_wconf 91' lang='lat' dir='ltr'>omnibus</span> <span class='ocrx_word' id='word_1_574' title='bbox 1888 3036 2027 3077; x_wconf 89' lang='lat' dir='ltr'>vicinis</span> 
     </span>
     <span class='ocr_line' id='line_1_50' title="bbox 129 3095 2028 3152; baseline -0.003 -12"><span class='ocrx_word' id='word_1_575' title='bbox 129 3099 221 3148; x_wconf 82' lang='lat' dir='ltr'>suis,</span> <span class='ocrx_word' id='word_1_576' title='bbox 257 3098 493 3152; x_wconf 88' lang='lat' dir='ltr'>cunctisque</span> <span class='ocrx_word' id='word_1_577' title='bbox 527 3098 676 3139; x_wconf 89' lang='lat' dir='ltr'>amicis.</span> <span class='ocrx_word' id='word_1_578' title='bbox 739 3099 772 3122; x_wconf 76' lang='lat'>&#39;²3</span> <span class='ocrx_word' id='word_1_579' title='bbox 803 3097 859 3139; x_wconf 91' lang='lat' dir='ltr'>Et</span> <span class='ocrx_word' id='word_1_580' title='bbox 892 3098 1097 3139; x_wconf 88' lang='lat' dir='ltr'>adiuravit</span> <span class='ocrx_word' id='word_1_581' title='bbox 1132 3096 1288 3151; x_wconf 87' lang='lat' dir='ltr'>Raguel</span> <span class='ocrx_word' id='word_1_582' title='bbox 1321 3096 1502 3141; x_wconf 77' lang='lat' dir='ltr'>Tobiam,</span> <span class='ocrx_word' id='word_1_583' title='bbox 1538 3101 1584 3137; x_wconf 91' lang='lat' dir='ltr'>ut</span> <span class='ocrx_word' id='word_1_584' title='bbox 1618 3096 1718 3137; x_wconf 89' lang='lat' dir='ltr'>duas</span> <span class='ocrx_word' id='word_1_585' title='bbox 1750 3095 2028 3137; x_wconf 87' lang='lat' dir='ltr'>hebdomadas</span> 
     </span>
     <span class='ocr_line' id='line_1_51' title="bbox 127 3154 2027 3211; baseline -0.003 -12"><span class='ocrx_word' id='word_1_586' title='bbox 127 3163 354 3200; x_wconf 88' lang='lat' dir='ltr'>moraretur</span> <span class='ocrx_word' id='word_1_587' title='bbox 387 3157 498 3211; x_wconf 88' lang='lat' dir='ltr'>apud</span> <span class='ocrx_word' id='word_1_588' title='bbox 531 3169 584 3198; x_wconf 88' lang='lat' dir='ltr'>se.</span> <span class='ocrx_word' id='word_1_589' title='bbox 647 3157 679 3181; x_wconf 75' lang='lat'>24</span> <span class='ocrx_word' id='word_1_590' title='bbox 712 3157 774 3197; x_wconf 91' lang='lat' dir='ltr'>De</span> <span class='ocrx_word' id='word_1_591' title='bbox 808 3157 996 3198; x_wconf 89' lang='lat' dir='ltr'>omnibus</span> <span class='ocrx_word' id='word_1_592' title='bbox 1032 3162 1182 3201; x_wconf 74' lang='lat' dir='ltr'>autem,</span> <span class='ocrx_word' id='word_1_593' title='bbox 1221 3168 1310 3209; x_wconf 81' lang='lat' dir='ltr'>quae</span> <span class='ocrx_word' id='word_1_594' title='bbox 1343 3154 1579 3208; x_wconf 89' lang='lat' dir='ltr'>possidebat</span> <span class='ocrx_word' id='word_1_595' title='bbox 1614 3154 1780 3208; x_wconf 71' lang='lat' dir='ltr'>Raguel,</span> <span class='ocrx_word' id='word_1_596' title='bbox 1817 3154 2027 3195; x_wconf 84' lang='lat' dir='ltr'>dimidiam</span> 
     </span>
     <span class='ocr_line' id='line_1_52' title="bbox 127 3213 2027 3271; baseline -0.004 -13"><span class='ocrx_word' id='word_1_597' title='bbox 127 3222 287 3271; x_wconf 89' lang='lat' dir='ltr'>partem</span> <span class='ocrx_word' id='word_1_598' title='bbox 305 3216 418 3258; x_wconf 89' lang='lat' dir='ltr'>dedit</span> <span class='ocrx_word' id='word_1_599' title='bbox 436 3216 583 3261; x_wconf 82' lang='lat' dir='ltr'>Tobiae,</span> <span class='ocrx_word' id='word_1_600' title='bbox 603 3220 644 3256; x_wconf 89' lang='lat' dir='ltr'>et</span> <span class='ocrx_word' id='word_1_601' title='bbox 660 3215 757 3256; x_wconf 88' lang='lat' dir='ltr'>fecit</span> <span class='ocrx_word' id='word_1_602' title='bbox 774 3216 1030 3269; x_wconf 75' lang='lat' dir='ltr'>scripturam.</span> <span class='ocrx_word' id='word_1_603' title='bbox 1050 3221 1096 3256; x_wconf 88' lang='lat' dir='ltr'>ut</span> <span class='ocrx_word' id='word_1_604' title='bbox 1114 3228 1208 3269; x_wconf 87' lang='lat' dir='ltr'>pars</span> <span class='ocrx_word' id='word_1_605' title='bbox 1227 3213 1406 3261; x_wconf 81' lang='lat' dir='ltr'>dimidia,</span> <span class='ocrx_word' id='word_1_606' title='bbox 1429 3226 1518 3267; x_wconf 83' lang='lat' dir='ltr'>quae</span> <span class='ocrx_word' id='word_1_607' title='bbox 1534 3218 1743 3267; x_wconf 87' lang='lat' dir='ltr'>supererat</span> <span class='ocrx_word' id='word_1_608' title='bbox 1759 3218 1851 3268; x_wconf 88' lang='lat' dir='ltr'>post</span> <span class='ocrx_word' id='word_1_609' title='bbox 1870 3213 2027 3254; x_wconf 89' lang='lat' dir='ltr'>obitum</span> 
     </span>
    </p>
   </div>
   <div class='ocr_carea' id='block_1_17' title="bbox 128 3274 905 3325">
    <p class='ocr_par' dir='ltr' id='par_1_17' title="bbox 128 3274 905 3325">
     <span class='ocr_line' id='line_1_53' title="bbox 128 3274 905 3325; baseline -0.001 -8"><span class='ocrx_word' id='word_1_610' title='bbox 128 3289 279 3325; x_wconf 89' lang='lat' dir='ltr'>eorum,</span> <span class='ocrx_word' id='word_1_611' title='bbox 310 3275 447 3317; x_wconf 83' lang='lat' dir='ltr'>Tobiae</span> <span class='ocrx_word' id='word_1_612' title='bbox 475 3274 655 3316; x_wconf 89' lang='lat' dir='ltr'>dominio</span> <span class='ocrx_word' id='word_1_613' title='bbox 685 3274 905 3316; x_wconf 85' lang='lat' dir='ltr'>deveniret.</span> 
     </span>
    </p>
   </div>
   <div class='ocr_carea' id='block_1_18' title="bbox 257 3424 975 3467">
    <p class='ocr_par' dir='ltr' id='par_1_18' title="bbox 257 3424 975 3467">
     <span class='ocr_line' id='line_1_54' title="bbox 257 3424 975 3467; baseline 0 -8"><span class='ocrx_word' id='word_1_614' title='bbox 257 3425 288 3467; x_wconf 78' lang='lat'>7,</span> <span class='ocrx_word' id='word_1_615' title='bbox 312 3424 354 3459; x_wconf 83' lang='lat'>14</span> <span class='ocrx_word' id='word_1_616' title='bbox 379 3424 465 3458; x_wconf 69' lang='lat' dir='ltr'>aNm</span> <span class='ocrx_word' id='word_1_617' title='bbox 490 3424 543 3460; x_wconf 64' lang='lat'>3⁴3.</span> <span class='ocrx_word' id='word_1_618' title='bbox 569 3425 597 3459; x_wconf 79' lang='lat' dir='ltr'>e.</span> <span class='ocrx_word' id='word_1_619' title='bbox 625 3444 667 3449; x_wconf 28' lang='grc' dir='ltr'><strong>ἡ</strong></span> <span class='ocrx_word' id='word_1_620' title='bbox 690 3424 722 3467; x_wconf 81' lang='grc'>8,</span> <span class='ocrx_word' id='word_1_621' title='bbox 746 3425 767 3458; x_wconf 87' lang='lat'><em>8</em></span> <span class='ocrx_word' id='word_1_622' title='bbox 791 3424 864 3458; x_wconf 77' lang='lat' dir='ltr'>bcn</span> <span class='ocrx_word' id='word_1_623' title='bbox 889 3425 920 3464; x_wconf 77' lang='lat'>2,</span> <span class='ocrx_word' id='word_1_624' title='bbox 945 3424 975 3459; x_wconf 86' lang='lat'>7.</span> 
     </span>
    </p>
   </div>
  </div>
 </body>
</html>
