2356 3760
137 112 167 150 5,
195 110 314 149 11-6,
339 111 360 142 4
1020 110 1157 144 ISAIAE
1949 122 2024 163 673

138 206 169 228 n
190 204 260 244 Vae
290 203 358 257 qui
387 203 626 257 consurgitis
656 215 774 243 mane
856 202 908 242 ad
937 203 1175 244 ebrietatem
1204 206 1452 255 sectandam,

190 267 231 303 et
260 263 488 315 potandum
517 275 644 315 usque
673 261 726 301 ad
754 273 977 313 vesperam,
1060 267 1107 302 ut
1135 262 1229 303 vino
1259 264 1448 306 aestuetis.

139 323 170 345 ¹2
190 320 367 367 Cithara,
397 326 438 362 et
463 321 563 374 lyra,
593 326 634 360 et
661 324 919 372 tympanum,
949 325 989 359 et
1017 319 1129 369 tibia,
1211 327 1251 361 et
1278 322 1418 363 vinum
1446 323 1486 364 in
1514 325 1708 365 conviviis
1736 328 1895 368 vestris:

190 384 231 419 et
260 393 360 433 opus
389 378 554 420 Domini
583 390 664 418 non
692 376 901 430 respicitis,
985 391 1058 418 nee
1087 392 1208 432 opera
1236 393 1430 421 manuum
1461 382 1543 422 eius
1573 383 1844 425 consideratis.

139 440 170 462 ¹³
190 438 411 492 Propterea
446 436 633 490 captivus
671 435 818 476 ductus
855 441 916 476 est
952 436 1125 490 populus
1162 451 1285 483 meus,
1378 440 1473 492 quia
1508 454 1588 481 non
1624 442 1769 483 habuit
1805 444 2024 491 scientiam,

190 502 232 537 et
259 495 412 537 nobiles
441 495 524 535 eius
553 493 795 534 interierunt
822 494 941 542 fame,
1025 500 1067 536 et
1094 495 1315 537 multitudo
1346 497 1428 537 eius
1457 498 1524 538 siti
1553 500 1721 542 exaruit.

139 557 170 580 ¹4
189 555 410 608 Propterea
439 552 630 594 dilatavit
659 552 838 593 infernus
869 553 1048 594 animam
1078 566 1205 599 suam,
1290 561 1330 595 et
1360 557 1517 608 aperuit
1548 571 1589 597 os
1619 571 1736 599 suum
1767 560 1918 613 absque
1948 561 2027 602 ullo

398 612 589 652 termino:

189 676 230 711 et
250 671 496 711 descendent
515 670 639 710 fortes
661 669 756 718 eius,
779 676 820 710 et
839 671 1013 724 populus
1034 671 1129 717 eius,
1204 676 1246 713 et
1265 671 1466 721 sublimes,
1489 672 1728 727 gloriosique
1748 676 1830 716 eius
1851 678 1900 717 ad
1922 690 2025 719 eum.

138 731 168 753 ¹⁵
189 729 244 770 Et
272 728 554 770 incurvabitur
580 728 714 773 homo,
746 734 786 769 et
814 729 1096 770 humiliabitur
1123 730 1195 777 vir,
1279 735 1320 771 et
1348 730 1451 771 oculi
1479 731 1711 772 sublimium
1741 734 2025 787 deprimentur.

139 789 172 812 ¹⁶
189 788 245 829 Et
267 787 517 828 exaltabitur
537 787 737 828 Dominus
760 788 1011 828 exercituum
1034 788 1074 829 in
1096 788 1255 838 iudicio,
1332 794 1373 830 et
1394 789 1503 829 Deus
1526 796 1689 831 sanctus
1712 793 2030 834 sanctificabitur

397 845 437 886 in
466 845 633 887 iustitia.

139 907 170 930 ¹⁷
188 905 245 945 Et
265 909 484 958 pascentur
505 905 597 957 agni
619 904 737 945 iuxta
758 905 939 946 ordinem
961 919 1092 952 suum,
1169 907 1391 952 etdeserta
1411 906 1451 946 in
1474 907 1704 948 ubertatem
1727 922 1843 949 versa
1864 910 2030 951 advenae

398 964 623 1004 comedent.

138 1024 171 1046 18
188 1022 260 1063 Vae
286 1022 355 1076 qui
380 1022 542 1063 trahitis
569 1022 829 1076 iniquitatem
854 1022 895 1063 in
921 1023 1108 1064 funiculis
1134 1023 1342 1072 vanitatis,
1422 1029 1464 1064 et
1489 1024 1603 1077 quasi
1630 1025 1835 1066 vinculum
1862 1026 2029 1079 plaustri

397 1087 623 1134 peccatum.

138 1141 172 1163 ¹⁹
189 1139 267 1188 Qui
296 1139 447 1180 dicitis:
479 1140 512 1179 F
515 1140 673 1187 estinet,
706 1145 747 1181 et
776 1140 855 1181 cito
886 1141 1024 1181 veniat
1106 1154 1205 1194 opus
1236 1141 1331 1187 eius,
1363 1146 1410 1181 ut
1439 1141 1666 1182 videamus:

189 1204 230 1239 et
258 1198 484 1252 appropiet,
516 1205 556 1239 et
585 1198 725 1239 veniat
805 1199 1014 1240 consilium
1042 1200 1173 1240 saneti
1204 1199 1337 1245 Israel,
1368 1204 1409 1239 et
1436 1199 1606 1240 sciemus
1634 1200 1743 1242 illud.

136 1258 172 1281 ²⁰
188 1257 258 1298 Vae
287 1257 355 1310 qui
384 1257 516 1298 dicitis
544 1257 698 1298 malum
727 1258 891 1305 boumn,
974 1263 1014 1299 et
1042 1258 1195 1299 bonum
1223 1258 1395 1298 malum:

188 1322 385 1369 ponentes
415 1316 602 1356 tenebras
631 1316 774 1364 lucem,
859 1322 899 1357 et
926 1316 1056 1357 lucem
1087 1317 1292 1357 tenebras:

188 1380 385 1427 ponentes
415 1388 600 1415 amarum
628 1375 669 1415 in
699 1374 826 1423 dulce,
910 1380 951 1415 et
979 1374 1095 1415 dulce
1124 1374 1164 1414 in
1194 1388 1390 1416 amarum.

136 1435 167 1456 21
192 1433 282 1473 aVae
313 1433 381 1486 qui
411 1433 613 1486 sapientes
644 1432 739 1473 estis
769 1433 809 1472 in
841 1432 964 1473 oculis
994 1433 1151 1479 vestris,
1236 1438 1276 1473 et
1306 1446 1441 1473 coram
1471 1433 1771 1487 vobismetipsis
1801 1435 2031 1487 prudentes,

135 1493 168 1515 22
188 1492 258 1532 Vae
282 1492 350 1545 qui
373 1496 561 1545 potentes
585 1491 680 1531 estis
704 1491 756 1531 ad
779 1491 1002 1532 bibendum
1025 1491 1178 1537 vinum,
1257 1497 1298 1532 et
1320 1491 1395 1532 viri
1418 1492 1542 1532 fortes
1565 1492 1618 1533 ad
1640 1492 1887 1533 miscendam
1911 1493 2035 1535 ebrie-

397 1556 538 1591 tatem.

134 1610 167 1632 23
188 1608 266 1657 Qui
293 1608 522 1650 iustificatis
550 1609 721 1662 impium
748 1621 821 1662 pro
850 1609 1096 1657 muneribus,
1179 1614 1220 1650 et
1247 1609 1446 1650 iustitiam
1474 1609 1569 1650 iusti
1597 1610 1762 1650 aufertis
1791 1610 1842 1651 ab
1870 1624 1927 1651 eo.

134 1667 359 1721 &Propter
392 1667 479 1716 hoc,
516 1667 622 1709 sicut
655 1668 827 1708 devorat
861 1667 1054 1721 stipulam
1088 1668 1226 1721 lingua
1259 1668 1372 1720 ignis,
1461 1672 1502 1708 et
1535 1667 1642 1709 calor
1675 1668 1849 1709 flammae
1882 1669 2032 1718 exurit;

186 1726 242 1767 sic
269 1726 386 1767 radix
414 1739 553 1767 eorum
583 1726 698 1780 quasi
727 1726 868 1766 favilla
895 1727 981 1775 erit,
1065 1732 1106 1767 et
1132 1740 1295 1779 germen
1324 1739 1462 1768 eorum
1491 1731 1537 1767 ut
1565 1726 1697 1780 pulvis
1726 1727 1926 1769 ascendet.

186 1785 435 1826 Abiecerunt
465 1785 572 1825 enim
603 1785 731 1838 legem
760 1785 926 1826 Domini
958 1786 1221 1833 exercituum,
1307 1791 1348 1826 et
1379 1785 1583 1839 eloquium
1614 1786 1744 1826 sancti
1777 1785 1899 1826 Israel
1930 1785 2033 1827 blas-

395 1844 706 1898 phemaverunt.

133 1950 165 1973 '³⁵
188 1949 283 1989 Ideo
318 1949 446 1989 iratus
482 1954 543 1989 est
577 1949 689 1989 furor
722 1948 889 1989 Domini
923 1949 964 1989 in
984 1948 1181 2002 populum
1216 1962 1346 1997 suum,
1421 1954 1463 1990 et
1496 1949 1682 1989 extendit
1715 1962 1882 1989 manum
1917 1962 2032 1989 suam
2062 1950 2210 2014 ωζξξξζῇίο

395 2020 515 2061 super
543 2020 647 2054 eum,
2046 2019 2225 2044 nuntiantur.

185 2071 226 2107 et
252 2066 451 2119 percussit
478 2079 589 2106 eum:
619 2071 660 2106 et
688 2066 923 2107 conturbati
950 2071 1047 2106 sunt
1073 2072 1244 2111 montes,
1327 2072 1368 2107 et
1394 2067 1506 2106 facta
1532 2070 1628 2106 sunt
1654 2065 1869 2106 morticina
1895 2079 2033 2107 eorum

395 2124 509 2178 quasi
539 2130 692 2165 stercus
722 2125 762 2164 in
791 2124 924 2165 medio
954 2124 1195 2178 platearum.

186 2183 234 2224 In
264 2183 325 2224 his
357 2183 544 2225 omnibus
576 2197 657 2224 non
689 2189 750 2224 est
781 2196 945 2224 aversus
976 2184 1088 2224 furor
1118 2183 1213 2229 eius,
1299 2183 1369 2224 sed
1400 2183 1533 2224 adhuc
1563 2196 1707 2223 manus
1739 2182 1821 2223 eius
1853 2188 2030 2224 extenta.

132 2244 167 2266 2⁶
184 2242 240 2282 Et
263 2242 440 2283 elevabit
463 2242 622 2295 signum
646 2242 686 2282 in
711 2242 945 2283 nationibus
968 2242 1119 2296 procul,
1198 2247 1239 2283 et
1262 2242 1442 2283 sibilabit
1465 2242 1516 2282 ad
1540 2255 1632 2282 eum
1656 2242 1704 2282 de
1728 2241 1874 2282 finibus
1899 2247 2031 2282 terrae:

184 2306 226 2342 et
254 2314 343 2342 ecce
372 2301 543 2342 festinus
574 2300 766 2342 velociter
794 2301 942 2342 veniet.

132 2361 167 2383 '2⁷
186 2359 278 2401 Non
312 2365 374 2400 est
408 2360 608 2408 deficiens,
646 2374 777 2413 neque
811 2360 1000 2401 laborans
1035 2360 1075 2400 in
1110 2373 1174 2401 eo:
1262 2373 1344 2400 non
1379 2359 1630 2407 dormitabit,
1682 2371 1812 2411 neque
1846 2358 2030 2407 dormiet,

185 2432 316 2472 neque
343 2418 524 2459 solvetur
551 2418 756 2472 cingulum
784 2432 926 2459 renum
955 2419 1049 2465 eius,
1132 2432 1205 2459 nec
1231 2423 1445 2471 rumpetur
1471 2417 1619 2470 corigia
1646 2416 1907 2457 calceamenti
1935 2416 2029 2458 eius.

133 2477 354 2531 2⁸Sagittae
383 2477 466 2518 eius
497 2483 638 2525 acutae,
723 2483 764 2518 et
793 2491 931 2519 omnes
961 2491 1076 2518 arcus
1106 2477 1189 2518 eius
1219 2477 1386 2518 extenti.

186 2536 357 2590 Ungulae
386 2549 583 2590 equorum
612 2536 696 2577 eius
726 2542 773 2578 ut
801 2537 911 2585 silex,
996 2543 1036 2577 et
1065 2542 1165 2577 rotae
1193 2536 1276 2576 eius
1307 2535 1422 2589 quasi
1450 2535 1626 2589 impetus
1656 2533 1923 2587 tempestatis.

132 2597 167 2619 2⁹
187 2595 361 2649 Rugitus
390 2595 473 2636 eius
502 2600 548 2636 ut
574 2595 711 2644 leonis,
794 2595 926 2649 rugiet
952 2601 998 2636 ut
1026 2595 1150 2636 catuli
1176 2594 1358 2636 leonum:

184 2659 226 2694 et
254 2654 425 2697 frendet.
459 2659 500 2695 et
529 2654 687 2695 tenebit
716 2655 916 2708 praedam:
1000 2659 1041 2695 et
1070 2653 1382 2707 amplexabitur,
1415 2658 1456 2694 et
1485 2666 1565 2693 non
1596 2652 1671 2692 erit
1701 2651 1769 2704 qui
1799 2654 1925 2692 eruat.

131 2714 168 2737 3⁰
184 2713 240 2754 Et
265 2713 428 2754 sonabit
454 2726 575 2766 super
600 2726 692 2754 eum
718 2713 759 2754 in
786 2714 849 2754 die
874 2713 943 2754 illa
968 2713 1072 2754 sicut
1098 2713 1254 2753 sonitus
1280 2712 1419 2752 maris:

184 2771 424 2826 aspiciemus
456 2771 497 2812 in
530 2778 692 2820 terram,
726 2777 768 2813 et
799 2785 889 2813 ecce
921 2772 1098 2813 tenebrae
1129 2771 1415 2819 tribulationis,
1501 2774 1542 2810 et
1571 2769 1642 2810 lux
1673 2767 1941 2809 obtenebrata
1971 2770 2033 2808 est

392 2831 434 2871 in
463 2830 631 2885 caligine
661 2831 757 2873 eius.

625 2935 663 2976 4.
693 2934 758 2975 De
787 2935 1028 2976 vocatione
1057 2933 1311 2986 prophetae,
1339 2933 1378 2984 6,
1397 2932 1540 2972 1-13,

234 3006 272 3049 6.
327 3008 342 3030 1
376 3006 423 3046 In
457 3019 575 3053 anno,
612 3020 691 3060 quo
724 3011 910 3047 mortuus
943 3011 1004 3046 est
1035 3018 1106 3046 rex
1137 3005 1267 3053 Ozias,
1303 3003 1386 3044 vidi
1417 3002 1639 3043 Dominum
1672 3000 1880 3041 sedentem
1912 3012 2031 3053 super
2057 2999 2212 3059 Dffifflm

131 3064 275 3105 solium
293 3065 496 3106 excelsum
514 3071 555 3106 et
571 3065 796 3106 elevatum:
815 3070 857 3105 et
873 3078 931 3113 ea,
948 3078 1038 3118 quae
1054 3064 1128 3104 sub
1146 3064 1232 3117 ipso
1250 3068 1376 3109 erant,
1396 3061 1607 3114 replebant
1623 3058 1840 3112 templum:
1885 3060 1900 3082 2
1916 3058 2029 3099 Sera-
2089 3069 2176 3099 videt,

130 3123 243 3176 phim
270 3124 440 3164 stabant
465 3137 585 3177 super
610 3123 727 3164 illud:
756 3137 827 3164 sex
852 3123 925 3164 alae
950 3123 1031 3172 uni,
1061 3128 1101 3163 et
1127 3135 1197 3163 sex
1223 3121 1295 3162 alae
1321 3120 1454 3160 alteri:
1482 3119 1640 3160 duabus
1667 3117 1861 3158 velabant
1886 3117 2029 3157 faciem

131 3182 226 3229 eius,
259 3187 300 3222 et
328 3182 488 3223 duabus
517 3182 712 3223 velabant
740 3183 862 3235 pedes
892 3181 987 3231 eius,
1019 3187 1060 3222 et
1088 3181 1247 3222 duabus
1276 3179 1483 3220 volabant.
1540 3179 1556 3202 ³
1584 3177 1640 3217 Et
1668 3175 1902 3217 clamabant
1931 3175 2032 3215 alter

131 3240 183 3281 ad
213 3240 398 3289 alterum,
431 3246 472 3281 et
500 3241 710 3282 dicebant:
744 3241 951 3289 bSanctus,
983 3245 1159 3288 sanctus,
1192 3243 1367 3286 sanctus,
1398 3236 1598 3278 Dominus
1627 3236 1736 3275 Deus
1767 3234 2027 3275 exercituum.

131 3299 251 3352 plena
280 3304 342 3339 est
371 3300 501 3340 omnis
532 3306 641 3341 terra
669 3299 796 3352 gloria
825 3299 921 3340 eius.
979 3301 995 3323 4
1025 3299 1080 3339 Et
1110 3302 1315 3339 commota
1344 3300 1441 3337 sunt
1469 3293 1792 3349 superliminaria
1821 3291 2028 3333 cardinum

130 3370 155 3398 a
181 3371 280 3399 voce
308 3358 534 3407 clamantis,
560 3358 606 3399 'et
633 3359 777 3399 domus
804 3357 960 3411 repleta
986 3363 1047 3398 est
1074 3357 1198 3397 fumo.

262 3449 302 3483 21
327 3450 390 3483 aPr
411 3452 442 3490 3,
466 3451 500 3490 ῖς
528 3450 616 3483 Rom
643 3451 694 3490 12,
721 3450 772 3483 16.
798 3470 840 3473 —
865 3450 896 3491 6,
919 3450 939 3482 3
960 3450 1053 3493 bApe
1077 3451 1108 3489 4,
1134 3449 1164 3482 S.

200 3513 446 3542 Hetzenauer,
474 3514 597 3543 Vulgata
621 3514 809 3538 Glenwntina.
1767 3499 1818 3538 43
