2356 3760
124 359 256 382 limi

125 402 190 453 831)ι
177 429 253 453 113111

138 465 175 488 lib
180 471 241 489 ium

104 507 129 523 11
148 500 167 523 i:
171 500 274 529 11111ς1111-

306 192 381 231 774
1110 191 1386 226 PROPHETIA
1922 194 1976 234 51,
2001 194 2043 228 59
2050 195 2143 235 νὴ52,
2170 195 2213 228 20

757 285 797 324 2.
828 283 1094 324 vaticinium
1127 284 1466 336 confirmatum,
1495 285 1561 335 51,
1582 285 1684 325 59-
1689 286 1754 326 64.

401 356 436 378 ⁵⁹
464 353 499 394 V
502 354 656 399 erbum
688 354 797 406 quod
825 366 885 406 111(
875 366 953 394 00(
957 353 1018 406 1111
1047 354 1237 395 Ieremias
1265 355 1478 409 propheta
1508 356 1658 397 Saiaiae
1686 356 1766 397 filio
1796 356 1926 397 Neriae
1953 356 2023 398 filii
2050 358 2215 399 Maasiae

297 426 389 454 cum
415 418 599 467 pergeret
624 425 715 453 cum
741 412 909 452 Sedecia
933 425 1023 461 refrt
1050 413 1089 454 in
1117 413 1384 467 Babylonem
1412 414 1452 454 in
1479 428 1585 455 anno
1613 420 1759 468 quarto
1785 415 1897 468 regni
1922 416 2025 456 eius:
2052 417 2213 458 Saraias

297 477 435 513 autem
459 478 546 512 0131
568 472 754 524 princeps
777 471 1013 536 proplietiae
1069 473 1104 496 99
1126 472 1181 513 Ε1
1203 473 1364 526 scripsit
1389 473 1578 513 1010111133
1602 487 1721 514 0111110
1743 473 1910 518 malum
1937 475 2046 527 quod
2069 481 2215 517 ventu-

100 539 120 559 ¹
123 543 148 559 ·¹¹
167 542 205 565 11«
200 542 243 559 «11
246 536 276 559 ¹¹-
297 545 385 572 rum
407 536 493 571 erat
515 542 635 583 3111101
658 529 942 583 Babylonem
933 543 974 570 m
995 530 1096 571 libro
1121 545 1218 571 uno:
1242 532 1380 572 omnia
1401 532 1527 573 verba
1547 532 1643 578 haec,
1669 546 1759 586 (11130
1779 532 1933 586 scripta
1953 539 2049 574 sunt
2071 540 2216 575 contra

126 1283 248 1307 Sedecim

153 1319 222 1349 regis

112 1459 211 1488 imperi
218 1466 263 1483 uui

130 1494 247 1520 1113111111.

125 1641 145 1658 c«
152 1641 251 1664 »1111110-

117 1670 214 1695 hensio
231 1673 259 1694 vt

101 1712 158 1735 33111
166 1705 273 1733 »rtatim

119 2522 261 2547 excidium

128 2559 206 2583 urhis
225 2561 251 2582 ct

124 2594 257 2618 transmi-

145 2629 237 2658 gratio

136 2671 160 2694 p<
168 2665 246 2694 muli:

296 590 561 643 Babylonem.
628 591 657 612 ⁶¹
693 588 747 629 Et
781 589 885 629 dixit
921 589 1110 630 Ieremias
1145 591 1196 631 ad
1229 590 1432 631 Saraiam:
1468 591 1568 631 Cum
1605 591 1760 631 veneris
1794 591 1834 631 in
1870 591 2138 645 Babylonem,
2174 598 2215 634 et

295 649 454 692 videris,
483 653 523 688 et
546 647 687 701 legeris
713 647 850 688 omnia
875 648 1001 689 verba
1025 648 1121 692 11300,
1179 650 1210 673 ‘³2
1233 649 1361 689 dices:
1388 649 1563 689 Domine
1589 655 1634 690 tu
1660 650 1820 691 locutus
1846 663 1886 690 es
1912 656 2056 691 contra
2079 651 2215 692 locum

296 709 418 748 istum
447 714 492 747 ut
518 707 768 760 disperderes
795 720 906 747 eum:
936 720 984 747 ne
1010 707 1063 748 sit
1090 708 1158 760 qui
1184 708 1223 747 in
1251 721 1296 749 eo
1323 708 1484 749 habitet
1511 708 1562 748 ab
1589 708 1751 750 homine
1778 722 1905 763 usque
1932 710 1984 750 ad
2010 723 2145 763 pecus,
2175 716 2215 751 et

296 771 340 806 ut
368 766 419 806 sit
448 770 648 819 perpetua
675 765 864 807 solitudo.
925 767 956 791 ‘³³
984 766 1168 819 Cumque
1196 766 1462 819 compleveris
1490 767 1619 821 legere
1646 767 1795 809 librum
1824 768 1961 817 istum,
1992 768 2134 822 ligabis
2164 769 2216 810 ad

294 838 384 865 011111
405 824 596 877 lapidem,
618 830 659 865 et
678 824 861 878 proiicies
881 824 995 865 illum
1015 825 1055 865 in
1075 825 1255 865 medium
1276 825 1538 879 Euphraten:
1589 827 1621 850 ⁶⁴¹
1640 831 1682 867 et
1701 827 1826 868 dices:
1847 826 1912 867 Sic
1931 827 2217 881 submergetur

295 883 495 937 Babylon,
529 888 571 925 et
602 897 683 924 11011
715 889 931 937 consurget
963 897 987 924 a
1016 884 1118 924 facie
1151 883 1396 934 afflictionis,
1432 898 1556 938 quam
1589 898 1660 939 ego
1694 886 1852 927 adduco
1885 898 2006 939 super
2037 899 2139 932 eam,
2175 891 2217 927 et

294 942 550 984 dissolvetur.

400 1001 623 1055 Hucusque
653 1002 779 1042 verba
808 1001 999 1043 Ieremiae.

1076 1117 1441 1169 APPENDIX.

460 1210 580 1251 Finis
610 1210 737 1261 regis
769 1210 812 1252 et
841 1212 985 1263 urbis,
1016 1211 1258 1263 captivitas
1289 1212 1332 1253 et
1363 1212 1580 1253 solatium
1611 1212 1784 1264 populi,
1812 1212 1879 1262 52,
1899 1213 2051 1253 1—34.

399 1281 463 1325 52.
521 1284 533 1305 ¹
564 1281 689 1322 Filius
726 1281 891 1335 aviginti
922 1286 963 1323 et
994 1282 1112 1323 11111113
1145 1283 1241 1323 3001
1273 1288 1361 1324 0131
1391 1283 1578 1325 Sedecias
1610 1297 1703 1324 cum
1734 1296 1901 1336 regnare
1932 1283 2141 1337 coepisset:
2175 1290 2217 1325 et

295 1340 483 1383 undecim
511 1340 627 1381 annis
654 1340 843 1394 regnavit
869 1340 909 1381 in
940 1341 1171 1391 Ierusalem,
1201 1346 1243 1383 et
1269 1355 1418 1384 nomen
1446 1342 1588 1383 matris
1616 1342 1700 1383 eius
1728 1341 1895 1388 Amital,
1926 1341 2009 1382 filia
2037 1342 2218 1383 Ieremiae

293 1401 342 1441 de
373 1401 527 1442 Lobna.

401 1461 416 1484 2
433 1459 489 1500 Et
505 1459 602 1500 fecit
620 1459 774 1499 malum
792 1458 832 1499 in
851 1459 975 1500 oculis
993 1459 1172 1509 Domini,
1191 1459 1310 1501 iuxta
1327 1460 1465 1501 omnia
1483 1474 1573 1514 quae
1592 1460 1745 1501 fecerat
1764 1459 1934 1501 Ioakim.
1980 1462 1996 1484 3
2014 1460 2218 1509 Quoniam

295 1519 408 1560 furor
437 1518 603 1560 Domini
634 1523 723 1559 erat
751 1518 792 1559 in
825 1517 1044 1559 Ierusalem
1075 1523 1117 1559 et
1146 1518 1186 1558 in
1220 1519 1324 1559 Iuda
1354 1532 1566 1573 usquequo
1597 1519 1811 1572 proiiceret
1840 1531 1907 1560 eos
1939 1531 1963 1559 a
1991 1518 2093 1560 facie
2124 1532 2216 1560 sua:

295 1583 336 1619 et
363 1577 528 1618 recessit
555 1577 742 1618 Sedecias
771 1590 795 1617 a
821 1589 912 1631 rege
941 1577 1177 1630 Babylonis

400 1639 415 1661 ‘²
439 1636 633 1676 bFactum
654 1640 715 1676 est
735 1641 874 1676 autem
893 1635 934 1675 in
954 1649 1061 1677 anno
1082 1649 1189 1678 nono
1209 1636 1322 1689 regni
1340 1637 1437 1685 eius,
1458 1637 1500 1678 in
1519 1649 1657 1677 mense
1677 1636 1846 1685 decimo,
1869 1636 2029 1677 decima
2047 1637 2215 1678 mensis:

297 1696 418 1736 Venit
445 1694 825 1736 Nabuchodonosor
849 1707 920 1735 rex
947 1693 1183 1748 Babylonis,
1211 1694 1296 1748 ipse
1322 1700 1363 1736 et
1389 1695 1519 1737 omnis
1546 1695 1747 1736 exercitus
1774 1695 1858 1736 eius
1884 1695 2080 1736 adversus
2108 1695 2218 1736 Ieru-

293 1755 430 1799 salem,
466 1759 507 1795 et
540 1753 789 1795 obsederunt
820 1766 922 1801 eam,
958 1758 999 1794 et
1032 1753 1340 1795 aedificaverunt
1373 1759 1517 1796 contra
1549 1767 1639 1795 eam
1672 1754 1921 1795 munitiones
1954 1754 1995 1794 in
2029 1754 2215 1796 circuitu.

293 1816 307 1837 ⁵
327 1814 383 1854 Et
400 1813 479 1854 fuit
499 1813 645 1854 civitas
664 1813 829 1854 obsessa
847 1825 976 1866 usque
995 1813 1048 1853 ad
1067 1813 1330 1854 undecimum
1350 1826 1505 1854 annum
1524 1813 1626 1867 regis
1646 1813 1833 1855 Sedeciae.
1885 1815 1901 1837 ⁶
1918 1813 2057 1854 Mense
2077 1818 2217 1854 autem

295 1877 454 1927 quarto,
479 1885 589 1913 nona
609 1871 758 1912 mensis
780 1871 962 1913 obtinuit
983 1871 1111 1912 fames
1134 1871 1366 1913 civitatem:
1390 1877 1431 1913 et
1451 1885 1534 1914 non
1555 1877 1673 1913 erant
1694 1872 1891 1913 alimenta
1911 1871 2062 1925 populo
2085 1877 2215 1914 terrae.

297 1934 309 1955 ⁷
342 1932 398 1973 Et
429 1931 597 1984 dirupta
626 1936 688 1972 est
719 1930 876 1979 civitas,
911 1935 951 1971 et
983 1944 1122 1972 omnes
1155 1931 1231 1972 Viri
1264 1931 1479 1973 bellatores
1511 1931 1596 1972 eius
1627 1932 1832 1985 fugerunt,
1867 1931 2136 1985 exieruntque
2169 1931 2218 1972 de

295 1991 463 2032 civitate
487 1995 606 2031 nocte
629 2002 700 2043 per
722 1989 833 2030 viam
856 1995 997 2043 portae,
1024 2002 1114 2044 quae
1137 1995 1199 2031 est
1220 1990 1328 2031 inter
1350 1991 1451 2031 duos
1475 2003 1624 2035 muros,
1650 1995 1691 2031 et
1714 1989 1828 2031 ducit
1851 1990 1903 2030 ad
1925 1989 2092 2031 hortum
2115 1989 2218 2043 regis

294 2049 511 2103 (Chaldaeis
534 2048 817 2091 obsidentibus
839 2049 981 2090 urbem
1002 2048 1043 2089 in
1063 2049 1182 2103 gyro)
1203 2054 1244 2090 et
1265 2049 1456 2090 abierunt
1476 2062 1548 2103 per
1568 2049 1690 2097 viam,
1716 2062 1806 2102 quae
1826 2048 1941 2089 ducit
1960 2048 2002 2089 in
2023 2061 2215 2090 eremum.

296 2112 310 2133 ³
333 2109 576 2149 Persecutus
599 2114 660 2149 est
684 2112 822 2148 autem
846 2107 1130 2149 Chaldaeorum
1153 2108 1355 2149 exercitus
1377 2121 1532 2162 regem:
1557 2113 1598 2149 et
1621 2108 1983 2162 apprehenderunt
2005 2107 2217 2148 Sedeciam

292 2169 333 2209 in
352 2169 524 2216 deserto,
546 2167 656 2221 quod
674 2172 735 2207 est
752 2167 871 2207 iuxta
890 2166 1063 2207 Iericho:
1084 2172 1125 2207 et
1143 2167 1273 2208 omnis
1292 2167 1514 2208 comitatus
1533 2167 1617 2208 eius
1636 2167 1800 2221 diffugit
1818 2167 1870 2207 ab
1889 2180 1948 2208 00.
1998 2168 2013 2191 9
2031 2166 2217 2220 Cumque

294 2226 698 2280 comprehendissent
724 2238 871 2279 regem,
901 2225 1165 2266 adduxerunt
1192 2239 1285 2266 eum
1313 2227 1366 2267 ad
1392 2239 1526 2279 regem
1556 2226 1780 2279 Babylonis
1807 2226 1849 2266 in
1878 2224 2097 2275 Reblatha,
2129 2238 2219 2279 quae

295 2292 357 2327 est
380 2286 421 2326 in
446 2291 556 2327 terra
580 2284 752 2325 Emath:
780 2289 821 2325 et
844 2284 1005 2326 locutus
1031 2289 1093 2325 est
1117 2285 1170 2325 ad
1195 2298 1287 2325 eum
1312 2285 1473 2326 iudicia.
1530 2286 1565 2309 1⁰
1588 2285 1644 2325 Et
1668 2284 1872 2338 iugulavit
1896 2297 1967 2325 rex
1994 2284 2218 2338 Babylonis

296 2345 397 2386 filios
419 2344 595 2386 Sedeciae
615 2344 656 2384 in
677 2343 801 2385 oculis
822 2343 925 2384 eius:
948 2343 1018 2384 sed
1039 2348 1079 2384 01
1101 2356 1240 2384 01111103
1261 2343 1463 2397 principes
1486 2344 1590 2384 Iuda
1610 2343 1760 2385 occidit
1779 2343 1820 2384 in
1843 2342 2060 2384 Reblatha.
2112 2345 2142 2367 11
2163 2343 2220 2384 Et

297 2404 432 2445 oculos
464 2403 640 2445 Sedeciae
670 2402 786 2450 eruit,
819 2408 861 2443 et
892 2401 1026 2443 vinxit
1056 2415 1149 2443 eum
1180 2402 1458 2456 compedibus,
1491 2408 1532 2443 01
1563 2402 1739 2444 adduxit
1768 2415 1861 2443 eum
1891 2415 1962 2443 rex
1994 2401 2218 2455 Babylonis

297 2463 337 2503 in
365 2462 634 2516 Babylonem,
663 2467 704 2503 et
729 2461 868 2515 posuit
894 2474 986 2502 eum
1012 2461 1054 2502 in
1080 2461 1202 2503 domo
1230 2461 1399 2502 carceris
1426 2475 1555 2515 usque
1582 2461 1634 2502 ad
1660 2461 1767 2502 diem
1793 2461 1937 2502 mortis
1964 2460 2060 2502 eius.

404 2524 435 2546 ¹2
459 2522 506 2562 In
528 2534 665 2562 mense
687 2526 826 2561 autem
850 2520 1006 2574 quinto,
1031 2520 1190 2561 decima
1209 2520 1371 2569 mensis,
1395 2521 1480 2574 ipse
1502 2525 1564 2561 est
1586 2533 1716 2561 annus
1738 2519 2054 2561 nonusdecimus
2079 2520 2218 2560 Nabu-

299 2581 553 2623 chodonosor
577 2580 678 2633 regis
706 2579 947 2632 Babylonis:
974 2579 1088 2620 venit
1114 2579 1389 2620 Nabuzardan
1415 2579 1601 2633 princeps
1626 2579 1793 2626 militiae,
1822 2578 1891 2633 qui
1916 2578 2056 2619 stabat
2081 2591 2218 2619 coram

299 2653 389 2693 rege
423 2639 645 2693 Babylonis
678 2639 718 2679 in
753 2638 984 2679 Ierusalem.
1046 2640 1078 2663 ¹³
1110 2638 1166 2679 Et
1197 2638 1379 2679 incendit
1411 2638 1580 2680 domum
1611 2638 1790 2686 Domini,
1825 2642 1866 2679 et
1898 2637 2067 2678 domum
2098 2637 2215 2691 regis,

297 2705 338 2741 et
371 2712 510 2740 omnes
543 2698 685 2739 domos
720 2697 952 2741 Ierusalem,
987 2703 1029 2738 et
1061 2710 1223 2738 omnem
1257 2698 1425 2738 domum
1458 2710 1651 2751 magnam
1683 2697 1765 2750 igni
1798 2696 2034 2738 combussit.
2098 2698 2130 2720 1⁴
2162 2696 2218 2736 Et

298 2764 434 2800 totum
463 2770 627 2798 murum
659 2756 877 2797 Ierusalem
907 2769 978 2809 per
1006 2756 1221 2797 circuitum
1252 2756 1457 2797 destruxit
1486 2761 1657 2797 cunctus
1687 2756 1888 2797 exercitus
1918 2755 2215 2800 Chaldaeorum.

299 2818 368 2871 qui
388 2822 475 2858 erat
495 2830 588 2857 cum
608 2816 802 2869 magistro
823 2814 988 2855 militiae.
1038 2817 1069 2839 ¹5
1088 2815 1150 2856 De
1170 2815 1418 2869 pauperibus
1439 2820 1578 2856 autem
1598 2815 1751 2869 populi,
1773 2819 1814 2855 et
1834 2815 1883 2855 de
1903 2814 2058 2867 reliquo
2079 2813 2214 2867 vulgo,

299 2877 409 2930 quod
430 2880 683 2916 remanserat
704 2875 744 2914 in
768 2874 948 2919 civitate,
974 2881 1013 2914 01
1037 2874 1086 2915 (10
1108 2875 1298 2928 perfugis.
1325 2875 1393 2928 qui
1416 2875 1723 2928 transfugerant
1745 2874 1798 2914 ad
1819 2886 1953 2926 regem
1978 2872 2214 2926 Babylonis,

299 2942 340 2977 et
357 2940 511 2976 ceteros
529 2935 578 2975 de
596 2933 873 2981 multitudine,
894 2933 1106 2974 transtulit
1126 2933 1401 2974 Nabuzardan
1419 2933 1605 2987 princeps
1623 2932 1789 2973 militiae.
1836 2934 1871 2956 1⁶
1888 2932 1949 2972 De
1967 2931 2216 2985 pauperibus

301 3007 394 3036 vero
413 2999 530 3035 terrae
548 2992 711 3046 reliquit
731 2992 1006 3033 Nabuzardan
1024 2992 1211 3045 princeps
1229 2992 1385 3034 militiae
1403 2992 1609 3036 vinitores.
1630 2997 1671 3032 et
1689 2991 1896 3045 agricolas.
1945 2992 1978 3015 ¹⁷
1997 2989 2216 3031 Columnas

301 3066 462 3107 quoque
487 3065 621 3097 aereas,
648 3064 738 3105 quae
761 3056 878 3091 erant
902 3051 941 3091 in
966 3051 1087 3092 domo
1112 3051 1290 3095 Domini,
1317 3056 1357 3092 et
1382 3052 1509 3099 bases,
1535 3056 1576 3091 et
1600 3063 1709 3091 mare
1733 3063 1903 3098 aeneum,
1931 3049 2041 3103 quod
2064 3054 2150 3090 erat
2176 3049 2215 3089 in

300 3112 420 3153 domo
450 3111 628 3155 Domini,
660 3111 946 3163 confregerunt
974 3109 1163 3157 Chaldaei,
1195 3116 1236 3151 et
1264 3110 1449 3151 tulerunt
1477 3123 1596 3152 omne
1625 3122 1676 3150 aes
1705 3122 1845 3150 eorum
1874 3108 1915 3149 in
1945 3107 2213 3161 Babylonem.

302 3173 335 3193 ¹⁸
366 3171 419 3211 Et
450 3171 613 3215 lebetes,
646 3175 687 3210 et
717 3182 912 3222 creagras,
945 3174 986 3210 et
1016 3168 1219 3223 psalteria,
1253 3174 1294 3210 et
1324 3169 1492 3222 phialas,
1526 3174 1567 3209 et
1597 3168 1845 3217 mortariola,
1878 3172 1919 3208 et
1949 3166 2087 3208 omnia
2116 3179 2217 3207 vasa

302 3243 414 3275 aerea,
450 3243 539 3282 quae
571 3230 610 3269 in
642 3228 865 3269 ministerio
898 3229 1073 3273 fuerant,
1108 3228 1309 3268 tulerunt:
1343 3234 1382 3269 et
1443 3230 1476 3252 ¹⁹
1508 3227 1685 3281 hydrias.
1720 3232 1762 3268 et
1793 3225 2140 3280 thymiamateria.
2175 3230 2216 3266 et

302 3301 451 3330 urceos,
482 3295 520 3327 et
552 3287 697 3341 pelves,
727 3292 768 3327 01
795 3286 1051 3330 candelabra.
1081 3292 1122 3327 ct
1149 3288 1355 3331 mortaria,
1386 3293 1426 3327 et
1454 3287 1643 3340 cyathos:
1674 3290 1882 3340 quotquot
1908 3297 2042 3329 aurea.
2073 3297 2214 3325 aurea:

301 3354 342 3387 et
373 3352 577 3400 quotquot
609 3351 811 3396 argentea,
846 3351 1038 3394 argentea
1070 3345 1164 3386 tulit
1194 3345 1387 3397 magister
1417 3345 1589 3387 militiae:
1649 3347 1685 3369 2⁰
1714 3350 1755 3386 et
1785 3344 1995 3386 columnas
2027 3343 2141 3393 duas,
2175 3348 2217 3384 et

302 3418 411 3446 mare
442 3419 580 3449 unum.
613 3411 653 3445 01
684 3405 833 3445 vitulos
863 3405 1076 3445 duodecim
1109 3417 1242 3449 aereos,
1276 3405 1344 3458 qui
1374 3410 1489 3445 erant
1520 3405 1595 3445 sub
1626 3404 1803 3453 basibus,
1836 3416 1936 3457 quas
1966 3402 2119 3443 fecerat
2147 3414 2217 3442 rex

434 3531 486 3571 52,
515 3532 529 3564 1
557 3533 594 3563 ³2
622 3531 674 3575 κς
699 3534 750 3571 31,
780 3534 833 3571 13;
860 3534 878 3565 -3
906 3533 971 3565 Par
995 3534 1047 3566 30.
1077 3533 1125 3565 11.
1154 3553 1194 3556 -
1218 3532 1238 3564 4
1263 3533 1301 3565 bg
1330 3532 1380 3576 Rg
1406 3533 1457 3571 3-3,
1486 3533 1518 3572 1;
1545 3532 1616 3576 Sup
1641 3532 1694 3571 39,
1723 3532 1750 3565 1.
