2356 3760
103 177 154 208 18.
180 174 323 212 21ff1a
349 174 390 206 13
929 169 1160 204 sAML‘ELls
1927 178 2001 218 273

102 268 273 310 nuncius
298 266 339 307 in
364 267 440 307 hac
464 266 540 313 die,
567 265 637 305 sed
661 263 873 304 nunciabis
898 262 939 303 in
965 262 1061 303 alia:
1087 262 1206 303 hodie
1230 262 1322 303 nolo
1348 267 1388 303 te
1412 264 1614 306 nunciare.
1642 266 1744 307 filius
1770 269 1874 309 enim
1899 270 2000 323 regis

103 333 165 369 est
193 331 392 367 mortuus.
451 327 482 349 21
512 324 568 364 Et
597 322 656 362 ait
686 322 785 363 Ioab
815 322 955 362 Chusi:
987 321 1113 365 Vade.
1146 326 1186 361 et
1215 321 1361 361 nuncia
1392 322 1473 375 regi
1504 335 1593 375 quae
1622 323 1771 365 vidisti,
1804 327 2002 368 Adoravjt

103 385 225 427 Chusi
256 385 368 430 Ioab.
399 388 440 425 et
468 380 658 423 cucurrit.
716 382 748 404 ²²
779 381 934 420 Rursus
964 386 1102 420 autem
1131 380 1349 420 Achimaas
1378 379 1481 420 filius
1511 381 1641 421 Sadoc
1670 382 1774 423 dixit
1803 385 1854 423 ad
1884 385 1999 426 Ioab:

103 444 210 494 Quid
234 442 407 497 impedit
430 440 462 481 si
487 439 611 481 etiam
636 451 708 492 ego
733 451 891 479 curram
917 443 1012 492 post
1035 438 1181 478 Chusi?
1206 438 1404 491 Dixitque
1429 438 1462 478 ei
1490 439 1606 479 loab:
1633 440 1739 488 Quid
1763 441 1823 480 vis
1848 455 2002 483 currere

103 503 158 544 fili
185 503 265 544 mi?
293 513 374 542 non
402 499 477 540 eris
506 497 601 539 boni
628 497 765 538 nuncii
794 497 965 537 baiulus.
1021 499 1053 521 2³
1081 496 1158 545 Qui
1185 497 1412 550 respondit:
1442 497 1548 545 Quid
1576 498 1682 538 enim
1710 499 1740 538 si
1769 501 2001 541 cucurrero?

104 563 160 603 Et
193 562 252 602 ait
282 559 335 600 ei:
370 558 505 599 Curre.
540 557 712 597 Currens
746 569 838 610 ergo
871 555 1089 596 Achimaas
1123 568 1194 608 per
1226 555 1335 595 viam
1370 556 1610 608 compendii.
1646 557 1837 598 transivit
1869 558 2001 599 Chusi.

104 623 137 646 2⁴
166 617 302 661 David
333 622 471 657 autem
502 615 671 656 sedebat
700 614 807 655 inter
836 615 937 655 duas
967 618 1125 667 portas:
1158 613 1389 667 speculator
1417 627 1525 656 vero.
1559 614 1627 667 qui
1657 621 1743 656 erat
1772 616 1814 656 in
1843 616 2004 666 fastigio

105 683 232 733 portae
259 689 379 730 super
404 688 580 716 murum.
611 673 772 714 elevans
801 672 949 715 oculos.
979 672 1086 713 vidit
1110 672 1316 713 hominem
1346 678 1573 713 currentem
1602 673 1743 714 solum.
1799 676 1831 699 2⁵
1858 675 1913 715 Et
1940 666 2006 715 ex-

105 737 284 778 clamans
311 733 511 776 indicavit
538 733 637 786 regi:
667 732 853 785 dixitque
880 745 968 772 rex:
998 731 1039 772 Si
1066 730 1173 772 solus
1202 735 1274 775 est,
1304 731 1434 771 bonus
1462 737 1523 771 est
1550 732 1719 772 nuncius
1747 733 1787 772 in
1816 746 1881 773 ore
1909 733 2004 774 91115.

104 796 355 849 Ρ10119131119
377 798 514 834 31119111
536 791 617 837 1110,
642 796 683 832 91
705 791 923 832 accedente
942 790 1121 844 propius.
1173 791 1208 814 ²⁶
1230 789 1335 830 vidit.
1356 789 1586 842 speculator
1607 790 1811 831 hominem
1835 791 2005 832 alterum

105 859 346 901 currentem,
376 858 416 893 et
442 850 670 892 vociferans
697 849 738 890 in
765 849 951 891 culmine.
982 849 1057 889 ait:
1085 849 1270 902 Apparet
1295 848 1394 888 mihi
1422 847 1524 888 alter
1549 848 1670 889 homo
1698 862 1859 890 currens
1887 850 2005 890 solus.

105 912 303 965 Dixitque
330 924 418 951 rex:
448 910 504 950 Et
531 909 607 950 iste
635 909 766 950 bonus
794 913 855 949 est
883 907 1066 948 nuncius.
1123 909 1157 932 ‘2⁷
1186 906 1426 961 Speculator
1453 911 1603 949 autem.
1634 907 1906 961 Contemplor.
1937 909 2005 951 ait.

106 984 267 1012 cursum
294 969 449 1024 prioris,
480 968 595 1022 quasi
622 981 782 1008 cursum
812 966 1029 1007 Achimaas
1057 966 1126 1006 filii
1153 966 1296 1007 Sadoc.
1326 966 1382 1006 Et
1408 965 1466 1006 ait
1491 978 1579 1006 rex:
1609 966 1680 1006 Vir
1706 967 1834 1007 bonus
1862 971 1940 1007 est:
1970 972 2009 1007 et

105 1029 300 1071 nuncium
331 1033 499 1082 portans
532 1027 697 1069 bonum.
731 1026 856 1067 venit.
917 1027 952 1050 2⁸
983 1025 1172 1067 Clamans
1204 1030 1342 1065 autem
1373 1024 1603 1068 Achimaas.
1637 1024 1742 1065 dixit
1774 1025 1825 1066 ad
1857 1039 2007 1075 regem:

106 1088 226 1129 Salve
247 1100 329 1129 rex.
354 1087 411 1128 Et.
433 1087 606 1127 adorans
628 1098 762 1139 regem
786 1098 921 1125 coram
945 1098 990 1126 eo
1013 1097 1164 1138 pronus
1186 1083 1227 1124 in
1251 1089 1414 1127 terram,
1440 1083 1515 1124 ait:
1543 1084 1786 1124 Benedictus
1809 1077 2009 1125 Dominus

107 1148 216 1188 Deus
250 1152 357 1195 tuus,
394 1145 463 1199 qui
496 1144 694 1186 conclusit
727 1143 909 1185 homines
944 1143 1012 1197 qui
1033 1143 1287 1184 levaverunt
1320 1155 1464 1182 manus
1498 1155 1590 1182 suas
1624 1147 1766 1183 contra
1799 1142 2009 1183 dominum

107 1219 244 1247 meum
276 1218 422 1259 regem.
485 1206 520 1228 2⁹
553 1204 609 1244 Et
641 1203 699 1243 ait
732 1216 819 1243 rex:
855 1202 983 1243 Estne
1015 1215 1097 1256 pax
1130 1214 1254 1255 puero
1288 1200 1507 1242 Absalom?
1541 1200 1739 1254 Dixitque
1772 1201 2007 1241 Achimaas:

108 1265 200 1306 Vidi
223 1264 450 1305 tumultum
472 1276 680 1316 magnum.
706 1275 797 1302 cum
822 1262 1006 1302 mitteret
1030 1261 1129 1302 Ioab
1153 1273 1291 1302 servus
1315 1265 1422 1303 tuus,
1448 1273 1470 1299 o
1493 1272 1575 1303 rex.
1600 1273 1664 1300 me
1687 1272 1847 1300 servum
1871 1265 2007 1300 tuum:

107 1323 240 1365 nescio
269 1322 391 1364 aliud.
447 1324 484 1346 ³⁰
509 1322 574 1362 Ad
603 1334 721 1374 quem
750 1334 838 1361 rex:
868 1320 1021 1363 Transi.
1053 1320 1121 1361 ait.
1152 1325 1193 1360 et
1219 1324 1281 1359 sta
1310 1319 1385 1358 hic.
1415 1319 1598 1371 Cumque
1625 1317 1690 1358 1119
1717 1319 1939 1361 transisset.
1970 1325 2009 1359 91

108 1388 247 1425 staret.
305 1384 337 1406 ³¹
367 1381 560 1435 apparuit
588 1380 728 1421 Chusi:
760 1386 801 1420 et
830 1379 994 1419 veniens
1024 1379 1100 1418 ait:
1132 1378 1292 1418 Bonum
1324 1381 1497 1430 apporto
1528 1377 1733 1419 nuncium.
1765 1377 1926 1417 domine
1955 1377 2011 1417 mi

106 1454 196 1482 rex:
218 1440 418 1481 iudicavit
437 1439 545 1480 9111111
565 1452 637 1492 1110
658 1445 699 1479 19
719 1438 919 1478 Dominus
940 1437 1060 1478 hodie
1080 1437 1129 1477 de
1149 1450 1273 1476 manu
1295 1435 1477 1477 omnium
1500 1435 1567 1489 qui
1589 1441 1850 1476 surrexerunt
1870 1440 2011 1476 contra

108 1507 161 1541 te.
210 1502 242 1524 3²
261 1499 380 1540 Dixit
399 1503 538 1538 aut-em
558 1510 627 1538 rex
649 1497 700 1537 ad
720 1496 860 1537 Chusi:
883 1496 1010 1536 Estne
1029 1509 1111 1549 pax
1131 1508 1256 1548 puero
1275 1494 1495 1535 Absalom?
1516 1494 1588 1535 Cui
1608 1494 1854 1547 respondens
1875 1494 2009 1536 0111151,

108 1559 242 1601 Fiant.
277 1557 424 1611 inquit.
459 1556 565 1597 sicut
596 1568 708 1609 puer.
743 1555 895 1595 inimici
929 1554 1083 1596 domini
1116 1554 1193 1595 mei
1227 1554 1341 1603 regis.
1378 1559 1418 1594 et
1450 1553 1627 1593 universi
1663 1553 1730 1606 qui
1765 1558 2013 1606 consurgunt

109 1618 302 1659 adversus
331 1629 422 1657 eum
449 1615 491 1656 in
518 1614 683 1655 malum.
739 1616 772 1639 ³3
798 1614 1074 1655 Contristatus
1102 1613 1242 1666 itaque
1269 1626 1350 1656 reX.
1380 1612 1563 1653 ascendit
1590 1611 1844 1652 coenaculum
1870 1616 2010 1665 portae.

109 1683 150 1717 et
176 1676 301 1717 flevit.
328 1675 384 1716 Et
407 1675 462 1716 sic
485 1674 742 1728 loquebatur.
769 1673 941 1714 vadens:
972 1672 1067 1713 aFili
1091 1672 1146 1713 mi
1169 1671 1377 1715 Absalom.
1403 1670 1597 1711 Absalom
1621 1671 1677 1711 fili
1701 1671 1773 1711 mi:
1800 1671 1888 1724 quis
1913 1670 2008 1711 mihi

109 1735 266 1776 tribuat
293 1740 339 1775 ut
369 1747 440 1788 ego
468 1733 619 1775 moriar
645 1746 717 1786 pro
746 1738 799 1776 19.
829 1731 1023 1773 Absalom
1052 1731 1107 1771 fili
1135 1731 1202 1776 1111,
1233 1730 1288 1771 fili
1316 1730 1371 1771 mi
1399 1729 1618 1771 Absalom?

214 1794 277 1836 19.
332 1795 345 1817 ¹
380 1792 628 1834 Nunciatum
664 1797 725 1832 est
756 1796 894 1832 autern
930 1791 1028 1832 Ioab
1063 1790 1172 1844 quod
1203 1803 1273 1830 rex
1308 1789 1421 1830 fleret
1453 1794 1494 1829 et
1525 1788 1679 1842 lugeret
1711 1788 1837 1829 filium
1870 1788 2205 1854 suuinzmggrffgss’gffl

109 1856 123 1878 ²
148 1859 188 1894 et
213 1865 331 1893 versa
354 1857 415 1893 est
438 1851 611 1893 Victoria
634 1850 673 1891 in
699 1850 856 1891 luctum
880 1849 921 1890 in
947 1850 1010 1890 die
1034 1849 1103 1890 illa
1127 1849 1236 1890 omni
1260 1847 1430 1902 populo:
1457 1847 1617 1888 audivit
1641 1847 1747 1888 enim
1772 1847 1945 1901 populus
1969 1847 2010 1887 in
2174 1842 2178 1847 ’

110 1912 174 1953 (119
198 1911 267 1952 1113
292 1911 389 1952 dici:
415 1910 538 1952 Dolet
563 1923 633 1951 rex
658 1922 779 1963 super
802 1908 883 1950 filio
909 1922 992 1949 suo.
1047 1911 1062 1932 3
1087 1908 1141 1948 Et
1167 1907 1388 1948 declinavit
1413 1906 1586 1960 populus
1611 1906 1651 1946 in
1678 1906 1741 1947 die
1765 1906 1834 1946 illa
1858 1906 2011 1959 ingredi

109 1971 333 2014 civitatem.
364 1970 568 2024 quomodo
596 1968 797 2009 declinare
823 1967 925 2009 solet
951 1966 1124 2020 populus
1152 1980 1291 2007 versus
1319 1972 1359 2007 et
1385 1966 1541 2019 fugiens
1568 1966 1617 2006 de
1644 1964 1790 2018 praelio.
1846 1967 1861 1989 4
1886 1965 2010 2005 Porro

110 2044 180 2071 rex
206 2029 367 2084 operuit
391 2034 517 2082 caput
541 2041 671 2071 suum.
700 2034 741 2068 et
764 2026 971 2067 clamabat
995 2039 1093 2067 voce
1118 2039 1284 2079 magna:
1325 2024 1401 2065 Fili
1426 2024 1480 2064 mi
1505 2023 1711 2071 Absalom.
1738 2023 1931 2064 Absalom
1957 2023 2011 2063 fili

109 2090 176 2132 mi.
209 2088 264 2129 fili
293 2088 360 2128 mi.
419 2090 434 2112 5
466 2087 672 2140 Ingressus
703 2099 794 2135 ergo
827 2086 925 2126 Ioab
956 2086 1006 2126 ad
1036 2098 1169 2138 regem
1198 2084 1240 2124 in
1270 2084 1449 2126 domum.
1481 2083 1603 2124 dixit:
1635 2082 1865 2123 Confudisti
1893 2082 2011 2123 hodie

110 2147 249 2188 vultus
275 2146 457 2188 omnium
483 2158 691 2186 servorum
718 2150 895 2186 tuorum.
925 2144 993 2197 qui
1018 2143 1174 2184 salvam
1199 2143 1383 2183 fecerunt.
1408 2142 1586 2182 animam
1613 2147 1739 2185 tuam.
1768 2146 1808 2182 et
1833 2141 2011 2181 animam

110 2206 283 2247 filiorum
308 2211 486 2249 tuorum,
513 2210 555 2245 et
578 2204 750 2245 filiarum
777 2211 954 2246 tuarum.
981 2208 1021 2243 et
1046 2202 1226 2243 animam
1251 2214 1423 2242 uxorum
1448 2206 1625 2242 tuarum.
1652 2206 1693 2241 et
1717 2200 1895 2241 animam
1920 2213 2011 2241 con-

109 2265 350 2306 cubinarum
372 2270 550 2305 tuarum.
605 2265 620 2287 6
641 2262 784 2316 Diligis
808 2262 990 2303 odientes
1013 2267 1065 2305 te.
1091 2266 1131 2302 et
1154 2261 1245 2302 odio
1268 2260 1393 2301 habes
1416 2259 1628 2313 diligentes
1651 2265 1709 2300 te:
1735 2264 1775 2300 et
1797 2259 2008 2300 ostendisti

109 2325 229 2366 hodie
251 2324 348 2377 quia
367 2336 448 2364 non
471 2335 586 2363 curas
607 2322 656 2363 de
678 2321 849 2363 ducibus
871 2321 964 2364 tuis.
989 2325 1029 2361 et
1050 2321 1099 2361 de
1120 2319 1245 2361 servis
1267 2319 1367 2360 tuis:
1391 2324 1432 2359 et
1453 2332 1544 2359 vere
1566 2318 1737 2368 cognovi
1758 2318 1891 2361 modo.
1917 2318 2012 2371 quia

109 2384 141 2424 si
162 2382 357 2424 Absalom
379 2381 548 2424 viveret.
573 2387 614 2422 et
635 2394 773 2422 omnes
796 2394 868 2421 nos
891 2379 1230 2422 occubuissemus.
1255 2384 1353 2419 tunc
1375 2377 1553 2431 placeret.
1572 2377 1660 2418 tibi.
1714 2379 1727 2400 ⁷
1751 2377 1868 2417 Nunc
1889 2376 2012 2429 igitur

110 2456 238 2495 surge.
268 2447 309 2483 et
334 2441 518 2495 procede.
549 2445 589 2481 et
616 2439 824 2493 alloquens
853 2439 1018 2479 satisfac
1046 2438 1170 2479 servis
1197 2437 1298 2478 tuis:
1327 2437 1412 2478 iuro
1442 2436 1548 2477 enim
1576 2435 1651 2476 tibi
1677 2448 1748 2489 per
1773 2435 2008 2483 Dominum,

111 2502 220 2556 quod
250 2500 283 2541 si
311 2513 393 2541 non
423 2499 577 2547 exieris,
610 2512 659 2540 ne
690 2512 793 2539 unus
825 2497 988 2552 quidem
1019 2509 1277 2538 remansurus
1308 2496 1361 2536 sit
1390 2501 1525 2536 tecum
1556 2500 1673 2535 nocte
1703 2494 1796 2534 hac:
1829 2499 1868 2535 et
1898 2493 2010 2547 peius

110 2560 187 2602 erit
208 2560 284 2601 hoc
308 2559 395 2602 tibi.
423 2572 545 2612 quam
570 2557 708 2599 omnia
729 2557 848 2601 mala.
875 2570 964 2611 quae
988 2561 1188 2597 venerunt
1211 2568 1331 2608 super
1353 2560 1393 2596 te
1418 2555 1469 2595 ab
1493 2553 1766 2595 adolescentia
1789 2558 1862 2593 tua
1883 2566 2010 2606 usque

110 2619 152 2660 in
176 2631 363 2673 praesens.
420 2619 434 2641 Β
460 2617 644 2658 Surrexit
669 2629 761 2670 ergo
786 2629 857 2657 rex
882 2621 924 2657 et
948 2615 1052 2656 sedit
1076 2615 1117 2655 in
1142 2619 1280 2669 porta:
1309 2619 1349 2655 et
1374 2613 1484 2655 omni
1509 2612 1659 2666 populo
1685 2612 1925 2653 nunciatum
1951 2616 2012 2651 est

113 2679 222 2732 quod
245 2690 316 2718 rex
340 2677 497 2718 sederet
520 2676 561 2717 in
585 2682 722 2730 porta:
749 2675 943 2728 venitque
968 2674 1159 2715 universa
1181 2673 1404 2714 multitudo
1430 2685 1564 2713 coram
1590 2684 1697 2724 rege:
1727 2670 1848 2711 Israel
1873 2675 2010 2711 autem

111 2737 215 2791 fugit
244 2736 285 2777 in
314 2734 579 2777 tabernacula
608 2748 691 2776 sua.

499 2828 564 2868 10.
596 2826 782 2869 Reditus
813 2825 998 2866 Davidis
1028 2825 1072 2864 in
1104 2824 1364 2876 Galgalam,
1392 2824 1458 2874 19,
1477 2823 1621 2863 9-43.

217 2896 233 2920 ⁹
267 2894 408 2935 Omnis
444 2907 605 2948 quoque
639 2891 812 2947 populus
848 2892 1034 2933 certabat
1068 2890 1109 2931 in
1143 2890 1300 2931 cunctis
1334 2889 1523 2930 tribubus
1560 2886 1693 2931 lsrael,
1730 2886 1884 2927 dicens:
1923 2887 2010 2926 Rex
2027 2892 2207 2951 Rexladfiris

111 2953 302 3007 liberavit
332 2967 405 2995 nos
439 2953 488 2994 de
519 2965 645 2993 manu
678 2951 933 2992 inimicorum
967 2955 1212 2994 nostrorum.
1247 2949 1332 3002 ipse
1364 2947 1541 2989 salvavit.
1574 2960 1646 2987 nos
1679 2946 1728 2986 de
1761 2959 1885 2986 manu
1918 2944 2011 2985 Phi-
2036 2933 2195 2991 rex-offiaiun

110 3012 388 3054 listhinorum:
418 3017 459 3053 et
485 3025 594 3052 nunc
621 3010 727 3064 fugit
754 3010 803 3051 de
832 3015 940 3051 terra
967 3014 1134 3063 propter
1159 3007 1367 3049 Absalom.
1425 3008 1460 3031 ¹⁰
1486 3004 1680 3046 Absalom
1709 3008 1859 3049 31119111,
1891 3016 2011 3057 quem

112 3071 302 3112 unximus
325 3083 446 3125 super
465 3084 551 3119 nos,
574 3075 761 3111 mortuus
784 3073 846 3109 est
866 3068 907 3108 in
931 3067 1053 3109 bello:
1077 3080 1288 3121 usquequo
1311 3065 1448 3109 siletis.
1474 3070 1514 3106 et
1536 3077 1617 3105 non
1639 3062 1830 3104 reducitis
1852 3062 2009 3116 regem?

111 3132 142 3155 ¹1
170 3131 258 3171 Rex
285 3143 380 3171 vero
406 3129 544 3170 David
569 3128 682 3169 misit
707 3128 759 3169 ad
784 3127 927 3177 Sadoc‚
957 3131 998 3167 et
1023 3125 1225 3167 Abiathar
1250 3125 1490 3168 sacerdotes,
1519 3123 1673 3164 dicens:
1702 3120 1933 3175 Loquimini
1960 3121 2011 3161 ad

111 3189 282 3230 maiores
301 3193 402 3229 natu
424 3188 538 3236 Iuda,
559 3187 757 3228 dicentes:
777 3187 857 3227 Cur
874 3185 1022 3226 venitis
1041 3184 1251 3226 novissimi
1270 3183 1322 3224 ad
1340 3182 1615 3224 reducendum
1632 3193 1766 3234 regem
1784 3180 1826 3220 in
1844 3181 2010 3221 domum

111 3247 251 3289 suam?
276 3248 433 3299 (Sermo
457 3252 596 3288 autem
620 3245 750 3288 omnis
777 3244 899 3286 Israel
922 3249 1165 3298 pervenerat
1189 3243 1240 3284 ad
1263 3255 1396 3295 regem
1419 3241 1461 3281 in
1485 3241 1605 3282 domo
1630 3239 1745 3289 eius.)
1795 3240 1826 3263 ¹2
1849 3239 2009 3279 Fratres

111 3307 188 3348 mei
215 3320 299 3355 VOS,
327 3320 370 3348 os
396 3319 545 3351 meum,
574 3309 615 3346 et
640 3317 731 3345 caro
757 3317 850 3345 mea
874 3317 958 3348 vos,
989 3315 1112 3356 quare
1138 3300 1349 3343 novissimi
1373 3299 1565 3341 reducitis
1591 3297 1748 3352 regem?

215 3367 247 3390 ¹3
269 3366 326 3406 Et
347 3366 509 3406 Amasae
532 3363 672 3405 dicite:
699 3363 842 3403 Nonne
867 3376 909 3403 os
934 3375 1082 3407 meum,
1109 3366 1150 3402 et
1172 3373 1264 3401 caro
1288 3372 1379 3400 mea
1402 3358 1466 3400 es?
1493 3358 1591 3399 Haec
1613 3357 1739 3398 faciat
1761 3355 1859 3396 1111111
1882 3356 2003 3395 Deus.
2044 3351 2176 3408 Αέξζὲξζζξ]

111 3431 152 3466 91
179 3425 264 3465 haec
292 3424 430 3468 addat,
462 3423 494 3464 si
521 3435 602 3464 non
631 3421 825 3471 magister
852 3420 1007 3461 militiae
1034 3420 1156 3460 fueris
1186 3431 1321 3460 coram
1351 3431 1414 3459 me
1444 3417 1552 3458 omni
1582 3422 1764 3469 tempore
1793 3427 1863 3467 pro
1895 3412 2002 3452 Ioab.
2030 3418 2190 3447 constituit,

244 3514 295 3556 18,
321 3495 375 3547 33
387 3514 462 3548 alni
486 3515 538 3555 19,
564 3516 593 3548 4.

180 3580 206 3603 H
217 3580 249 3602 91
261 3585 322 3603 zen
335 3585 435 3604 aner.
460 3578 583 3607 Vulgata
607 3577 796 3602 momontum.
1754 3562 1802 3603 18
