2356 3760
114 108 168 147 51,
194 107 335 147 28ᾼ-51,
360 107 403 140 58
959 107 1176 141 IEREMIAE
1942 119 2017 159 773

114 200 326 249 Gentibus,
355 200 607 242 sanctificate
633 212 754 253 super
779 211 868 239 eam
895 199 1064 240 Gentes:
1093 201 1339 242 annunciate
1366 207 1510 243 contra
1535 203 1645 244 illam
1671 207 1829 258 regibus
1852 209 2012 260 Ararat,

113 259 262 307 Menni,
286 264 327 301 et
348 259 543 300 Ascenez:
566 263 777 298 numerate
800 261 943 298 contra
964 271 1053 298 eam
1076 259 1269 313 Taphsar,
1294 261 1485 302 adducite
1507 274 1657 315 equum
1681 266 1794 316 quasi
1817 267 2015 310 bruchum

114 318 357 359 aculeatum.
405 319 440 342 2⁸
458 316 719 358 Sanctificate
737 320 881 356 contra
898 329 987 356 eam
1006 317 1168 367 Gentes,
1189 332 1299 372 reges
1317 319 1471 367 Mediae,
1493 320 1614 361 duces
1633 321 1728 370 eius,
1750 328 1790 363 et
1808 325 2015 368 universos

113 377 377 430 magistratus
404 376 499 424 eius,
529 379 801 427 cunctamque
828 379 978 414 terram
1005 377 1223 428 potestatis
1250 378 1345 419 eius.
1401 380 1436 403 2⁹
1462 379 1518 419 Et
1544 382 1870 422 commovebitur
1895 389 2013 431 terra,

113 441 154 477 et
186 435 518 477 conturbabitur:
554 433 649 486 quia
681 432 890 486 evigilabit
923 440 1066 474 contra
1100 435 1353 489 Babylonem
1386 437 1578 490 cogitatio
1612 439 1777 480 Domini
1811 446 1857 481 ut
1889 448 2018 495 ponat

113 496 277 535 Terram
313 493 534 546 Babylonis
568 492 770 532 desertam
805 497 846 532 et
878 491 1201 535 inhabitabilem.
1264 496 1300 518 ³⁰
1332 495 1602 538 Cessaverunt
1634 498 1759 539 fortes
1795 499 2016 553 Babylonis

113 567 137 594 a
156 553 303 607 praelio,
328 552 622 592 habitaverunt
642 550 682 590 in
703 550 916 603 praesidiis:
939 551 1182 592 devoratum
1204 558 1266 593 est
1285 553 1409 594 robur
1429 567 1579 603 eorum,
1603 560 1644 596 et
1664 556 1762 597 facti
1783 563 1880 599 sunt
1901 560 2016 611 quasi

111 611 315 652 mulieres:
334 611 499 651 incensa
515 614 610 649 sunt
627 609 893 650 tabernacula
909 610 1004 658 eius,
1025 611 1189 651 contriti
1207 616 1304 652 sunt
1320 618 1455 653 vectes
1474 614 1568 654 eius.
1614 616 1644 638 31
1663 616 1833 656 Uurrens
1851 617 2016 658 obviam

111 670 287 711 currenti
320 669 473 710 veniet:
508 673 549 708 et
579 667 750 708 nuncius
783 668 927 709 obvius
960 669 1189 710 nuncianti:
1223 676 1270 711 ut
1302 672 1523 712 annunciet
1553 672 1634 725 regi
1668 673 1888 727 Babylonis
1922 677 2018 729 quia

111 734 234 783 capta
256 733 317 768 est
341 727 484 769 civitas
508 726 591 766 eius
616 739 640 766 a
662 739 821 768 summo
846 740 973 780 usque
997 729 1049 768 ad
1072 741 1296 769 summum:
1348 731 1380 753 32
1404 735 1445 770 et
1468 731 1576 771 vada
1598 740 1884 785 praeoccupata
1906 740 2013 784 sunt,

111 793 151 828 et
175 787 343 841 paludes
367 786 540 826 incensae
563 790 659 825 sunt
683 785 775 838 igni,
803 790 844 826 et
868 786 942 826 viri
968 786 1181 828 bellatores
1206 788 1441 829 conturbati
1466 794 1573 830 sunt.
1626 792 1658 813 ³³
1682 790 1787 839 Quia
1810 791 1893 832 haec
1918 793 2016 833 dicit

110 846 310 887 Dominus
332 844 595 892 exercituum,
619 843 729 884 Deus
754 844 894 885 Israel:
917 844 1020 886 Filia
1042 845 1263 899 Babylonis
1286 847 1401 900 quasi
1423 860 1526 891 area.
1551 853 1712 901 tempus
1735 849 1892 890 triturae
1912 851 2013 891 eius:

110 905 244 945 adhuc
271 904 488 951 modicum,
520 907 560 943 et
588 902 725 943 veniet
752 908 914 956 tempus
942 904 1150 945 messionis
1179 905 1274 946 eius.
1331 907 1363 929 34
1391 906 1577 947 Comedit
1604 920 1679 950 me.
1710 908 1925 949 devoravit
1952 923 2015 949 me

111 963 488 1004 Nabuchodonosor
514 974 583 1001 rex
611 961 851 1015 Babylonis:
879 962 1056 1003 reddidit
1082 976 1146 1003 me
1173 964 1287 1017 quasi
1314 977 1386 1005 vas
1413 964 1544 1012 inane,
1573 966 1785 1006 absorbuit
1810 980 1874 1007 me
1901 968 2017 1020 quasi

109 1022 243 1068 draco,
264 1020 436 1074 replevit
454 1024 639 1060 ventrem
659 1033 777 1060 suum
796 1021 1069 1062 teneritudine
1088 1035 1189 1069 mea,
1211 1028 1252 1063 et
1270 1023 1385 1063 eiecit
1404 1036 1479 1064 me.
1526 1025 1557 1048 35
1578 1024 1779 1077 [niquitas
1799 1025 2016 1066 adversum

108 1094 184 1126 me.
217 1085 258 1120 et
288 1092 379 1120 caro
410 1091 502 1119 mea
531 1091 651 1132 super
682 1078 947 1132 Babylonem,
982 1080 1080 1121 dicit
1110 1081 1312 1122 habitatio
1343 1082 1457 1122 Sion:
1491 1088 1531 1122 et
1561 1083 1723 1135 sanguis
1753 1096 1866 1124 meus
1897 1097 2017 1137 super

108 1139 360 1179 habitatores
391 1137 600 1179 Chaldaeae.
633 1137 731 1178 dicit
762 1137 993 1180 Ierusalem.

211 1199 247 1222 ³⁶
271 1197 493 1250 Propterea
516 1196 601 1236 haec
626 1196 723 1236 dicit
748 1196 966 1238 Dominus:
994 1197 1098 1238 Ecce
1123 1211 1194 1251 ego
1220 1198 1408 1239 iudicabo
1434 1211 1597 1239 causam
1624 1204 1751 1248 tuam,
1779 1206 1818 1240 et
1844 1201 2012 1242 ulciscar

108 1256 304 1297 ultionem
330 1261 458 1303 tuam,
487 1260 528 1295 et
554 1255 759 1295 desertum
784 1256 931 1296 faciam
958 1269 1068 1297 mare
1095 1257 1189 1304 eius,
1219 1262 1260 1297 et
1285 1257 1444 1297 siccabo
1472 1270 1618 1297 venam
1645 1258 1740 1299 eius.
1795 1261 1828 1283 3⁷
1856 1259 1911 1300 Et
1937 1260 2012 1300 erit

109 1315 296 1368 Babylon
310 1314 351 1356 in
366 1313 556 1359 tumulos,
574 1313 776 1354 habitatio
793 1314 1026 1360 draconum,
1045 1319 1198 1368 stupor,
1216 1321 1257 1355 et
1272 1315 1422 1358 sibilus.
1440 1329 1484 1356 eo
1502 1316 1611 1369 quod
1626 1329 1706 1357 non
1722 1317 1774 1357 sit
1788 1317 2008 1359 habitator.

107 1376 142 1399 3⁸
173 1373 301 1415 Simul
332 1378 379 1414 ut
409 1373 543 1413 leones
574 1372 746 1425 rugient,
780 1373 990 1413 excutient
1021 1385 1157 1414 comas
1190 1373 1316 1414 veluti
1348 1374 1471 1414 catuli
1504 1374 1677 1416 leonum.
1737 1377 1773 1399 ³⁹
1807 1376 1853 1415 ln
1885 1375 2015 1417 calore

107 1445 245 1473 eorum
273 1444 425 1485 ponam
453 1435 574 1483 potus
602 1443 752 1472 eorum.
784 1435 824 1471 et
852 1431 1060 1472 inebriabo
1089 1445 1166 1476 eos,
1197 1437 1244 1472 ut
1271 1432 1495 1485 sopiantur,
1526 1438 1566 1473 et
1594 1433 1800 1474 dormiant
1827 1447 2016 1475 somnum

107 1490 412 1544 sempiternum,
448 1495 488 1529 et
520 1502 601 1530 non
635 1494 893 1542 consurgant,
928 1490 1025 1531 dicit
1059 1490 1271 1532 Dominus.
1332 1492 1369 1515 4⁰
1399 1491 1610 1532 Deducam
1644 1505 1710 1532 eos
1744 1492 1859 1545 quasi
1892 1506 2015 1547 agnos

107 1550 159 1591 ad
178 1549 402 1593 victimam,
424 1553 465 1589 et
485 1548 600 1601 quasi
620 1548 764 1589 arietes
784 1561 875 1589 cum
895 1548 1038 1590 hoedis.
1087 1551 1117 1573 ⁴¹
1138 1550 1352 1598 Quomodo
1373 1556 1496 1603 capta
1514 1556 1575 1590 est
1594 1550 1754 1598 Sesach,
1776 1556 1817 1591 et
1835 1564 2015 1605 compre-

105 1609 233 1649 hensa
259 1612 321 1648 est
347 1606 504 1661 inclyta
531 1607 728 1647 universae
757 1607 896 1648 torrae?
928 1608 1131 1661 quomodo
1160 1609 1273 1649 facta
1300 1614 1361 1649 est
1388 1609 1428 1649 in
1457 1613 1664 1662 stuporem
1696 1610 1882 1663 Babylon
1910 1610 2017 1650 inter

105 1666 281 1709 Gentes?
330 1668 362 1690 42
383 1665 579 1706 Ascendit
600 1678 720 1719 super
742 1666 994 1719 Babylonem
1018 1679 1139 1714 mare,
1163 1667 1428 1708 multitudine
1449 1667 1649 1708 fluctuum
1672 1668 1755 1709 eius
1777 1673 1920 1722 operta
1940 1673 2012 1710 est.

105 1728 138 1751 ⁴¹³
167 1726 200 1766 F
204 1730 305 1766 actae
334 1730 431 1765 sunt
461 1724 648 1765 civitates
679 1724 762 1765 eius
793 1725 833 1765 in
863 1730 1084 1778 stuporem.
1117 1731 1226 1766 terra
1254 1726 1533 1767 inhabitabilis
1563 1732 1604 1767 et
1634 1727 1804 1773 deserta.
1838 1732 1946 1768 terra
1974 1727 2015 1767 in

107 1798 189 1839 qua
212 1783 346 1824 nullus
372 1783 543 1827 habitet,
572 1796 644 1823 nec
670 1789 853 1824 transeat
878 1797 949 1837 per
974 1797 1063 1825 eam
1089 1785 1193 1825 filius
1218 1785 1404 1826 hominis.
1458 1787 1490 1809 ‘¹4
1518 1785 1572 1826 Et
1596 1785 1772 1827 visitabo
1799 1799 1918 1840 super
1944 1786 2016 1826 Bel

104 1843 146 1884 in
176 1843 399 1897 Babylone,
431 1847 472 1882 et
501 1842 657 1883 eiiciam
688 1843 796 1895 quod
827 1843 1095 1884 absorbuerat
1124 1844 1172 1884 de
1203 1857 1268 1885 ore
1298 1844 1393 1891 eius,
1426 1849 1466 1884 et
1495 1857 1575 1885 non
1606 1844 1812 1886 confluent
1841 1845 1893 1885 ad
1922 1857 2015 1885 eum

105 1902 214 1943 ultra
238 1901 401 1947 Gentes,
429 1901 629 1954 siquidem
656 1906 697 1941 et
722 1914 861 1941 murus
889 1901 1110 1955 Babylonis
1137 1908 1308 1944 corruet.
1363 1905 1394 1927 ⁴⁵
1420 1903 1669 1956 Egredimini
1696 1904 1745 1944 de
1770 1903 1903 1945 medio
1930 1903 2014 1943 eius

104 1960 279 2015 populus
305 1973 436 2001 meus:
464 1965 510 2000 ut
535 1959 667 2000 salvet
691 1960 969 2014 unusquisque
995 1961 1173 2001 animam
1199 1975 1314 2002 suam
1341 1962 1391 2002 ab
1417 1961 1476 2002 ira
1499 1962 1643 2003 furoris
1669 1961 1845 2003 Domini.
1899 1964 1935 1986 ⁴⁶
1959 1962 2015 2002 Et

104 2033 154 2061 ne
173 2020 279 2060 forte
298 2018 509 2060 mollescat
528 2031 596 2059 cor
614 2023 808 2065 vestrum.
831 2024 872 2060 et
891 2019 1070 2060 timeatis
1091 2020 1291 2069 auditum,
1314 2020 1383 2073 qui
1403 2020 1592 2062 audietur
1610 2020 1650 2061 in
1670 2026 1796 2061 terra:
1818 2026 1859 2061 et
1878 2021 2015 2061 veniet

103 2078 144 2118 in
172 2091 278 2119 anno
306 2077 474 2125 auditio,
504 2082 545 2117 et
570 2082 665 2130 post
690 2077 799 2118 hunc
826 2090 978 2118 annum
1007 2079 1181 2119 auditio:
1211 2084 1251 2119 et
1277 2079 1471 2132 iniquitas
1498 2079 1539 2119 in
1566 2084 1685 2123 terra.
1715 2085 1756 2120 et
1782 2079 2017 2120 dominator

104 2150 224 2191 super
253 2136 564 2178 dominatorem.
622 2137 657 2160 ‘¹⁷
687 2136 909 2190 Propterea
938 2150 1027 2178 ecce
1057 2137 1140 2177 dies
1171 2137 1353 2185 veniunt,
1386 2143 1427 2178 et
1456 2137 1632 2179 visitabo
1663 2150 1783 2191 super
1812 2137 2017 2191 sculptilia

106 2195 346 2249 Babylonis:
377 2200 419 2236 et
447 2194 577 2236 omnis
607 2201 716 2236 terra
744 2195 827 2236 eius
858 2196 1142 2243 confundetur,
1175 2201 1216 2236 et
1245 2196 1422 2237 universi
1451 2197 1654 2238 interfecti
1684 2197 1767 2237 eius
1797 2197 1946 2237 cadent
1974 2196 2015 2237 in

104 2254 237 2296 medio
263 2255 358 2295 eius.
412 2256 448 2278 ‘¹⁸
472 2254 528 2295 Et
551 2254 783 2295 laudabunt
807 2267 927 2308 super
952 2254 1206 2308 Babylonem
1233 2255 1315 2295 caeli
1341 2260 1382 2296 et
1407 2260 1525 2303 terra,
1553 2261 1594 2296 et
1619 2256 1756 2297 omnia
1781 2269 1870 2309 qufe
1894 2255 1935 2296 in
1960 2255 2014 2296 eis

103 2319 218 2355 sunt:
249 2314 344 2367 quia
371 2315 422 2355 ab
450 2313 651 2367 Aquilone
679 2313 846 2354 venient
872 2314 907 2353 ei
934 2314 1155 2367 praedones,
1186 2314 1244 2355 ait
1270 2314 1483 2355 Dominus.
1539 2316 1575 2338 ‘¹⁹
1602 2314 1658 2354 Et
1686 2314 1890 2367 quomodo
1918 2313 2015 2354 fecit

105 2372 292 2426 Babylon
323 2378 370 2413 ut
400 2373 592 2414 caderent
623 2372 740 2413 occisi
771 2372 811 2413 in
846 2372 986 2413 lsrael:
1018 2372 1074 2413 sic
1104 2373 1153 2413 de
1186 2372 1396 2425 Babylone
1427 2373 1575 2413 cadent
1606 2372 1723 2414 occisi
1754 2372 1794 2412 in
1826 2373 2016 2413 universa

104 2437 223 2473 terra.
283 2433 319 2456 5⁰
349 2431 427 2480 Qui
456 2431 616 2484 fugistis
645 2431 838 2485 gladium,
874 2431 1020 2479 venite,
1053 2431 1178 2472 nolite
1208 2436 1334 2472 stare:
1366 2431 1633 2472 recordamini
1664 2431 1803 2484 procul
1833 2430 2011 2479 Domini,

103 2496 145 2532 et
172 2490 391 2532 Ierusalem
419 2490 615 2530 ascendat
640 2503 761 2543 super
786 2503 854 2531 cor
879 2496 1074 2532 vestrum.
1130 2492 1160 2515 ⁵¹
1188 2490 1353 2531 (Jonfusi
1380 2503 1531 2539 sumus,
1562 2490 1754 2543 quoniam
1782 2489 2014 2530 audivimus

105 2549 388 2604 opprobrium:
419 2549 579 2602 operuit
607 2548 830 2603 ignominia
857 2549 978 2590 facies
1008 2555 1186 2590 nostras:
1218 2549 1314 2602 quia
1343 2554 1542 2589 venerunt
1571 2549 1690 2589 alieni
1719 2561 1838 2601 super
1865 2548 2014 2589 sancti-

103 2608 336 2650 ficationem
356 2609 501 2649 domus
521 2608 698 2649 Domini.
747 2610 779 2632 ⁵²
799 2608 1021 2662 Propterea
1040 2621 1129 2648 ecce
1149 2608 1233 2648 dies
1253 2608 1436 2655 veniunt,
1459 2608 1517 2648 ait
1535 2608 1754 2649 Dominus:
1777 2612 1817 2647 et
1836 2607 2012 2647 visitabo

103 2680 223 2721 super
254 2666 458 2721 sculptilia
489 2667 584 2711 eius.
618 2672 659 2707 et
690 2667 730 2707 in
762 2667 872 2707 omni
903 2672 1012 2707 terra
1042 2667 1126 2707 eius
1157 2666 1312 2721 mugiet
1342 2667 1592 2708 vulneratus.
1652 2668 1684 2690 5³
1715 2666 1756 2706 Si
1787 2665 2014 2706 ascenderit

105 2726 292 2780 Babylon
318 2725 359 2766 in
386 2725 540 2773 caelum,
569 2730 611 2766 et
636 2725 861 2766 firmaverit
887 2726 927 2766 in
955 2725 1110 2767 excelso
1137 2726 1262 2767 robur
1287 2739 1424 2766 suum:
1453 2738 1476 2765 a
1502 2738 1565 2765 me
1592 2725 1758 2765 venient
1783 2729 2013 2764 vastatores

103 2785 199 2834 eius,
234 2784 292 2825 ait
322 2785 534 2826 Dominus
595 2785 627 2808 ⁵⁴
658 2784 749 2826 Vox
780 2784 965 2826 clamoris
997 2785 1046 2825 de
1080 2784 1302 2838 Babylone,
1337 2789 1378 2825 et
1409 2784 1598 2825 contritio
1631 2795 1780 2836 magna
1810 2783 1859 2823 de
1891 2782 2015 2822 Terra

103 2843 404 2885 Chaldaeorum:
456 2845 488 2868 5⁵
514 2843 707 2897 quoniam
732 2843 916 2884 vastavit
939 2843 1140 2884 Dominus
1166 2843 1432 2897 Babylonem,
1460 2848 1501 2883 et
1524 2841 1702 2896 perdidit
1726 2854 1775 2882 ex
1800 2854 1847 2881 ea
1870 2853 2013 2882 vocem

103 2915 314 2956 magnam:
337 2906 378 2942 et
399 2903 606 2944 sonabunt
626 2902 774 2943 fluctus
796 2915 935 2944 eorum
958 2902 1073 2956 quasi
1096 2915 1212 2956 aquae
1233 2902 1391 2943 multae:
1415 2901 1528 2942 dedit
1549 2900 1728 2941 sonitum
1750 2913 1832 2941 vox
1853 2912 2011 2941 eorum:

103 2963 139 2985 ⁵⁶
162 2961 268 3010 Quia
290 2961 404 3001 venit
426 2974 547 3014 super
569 2974 670 3009 eam,
696 2961 737 3002 id
761 2966 822 3002 est
845 2974 965 3014 super
989 2961 1242 3014 Babylonem
1266 2960 1414 3014 praedo,
1441 2965 1482 3000 et
1505 2959 1746 3013 apprehensi
1769 2963 1866 2999 sunt
1887 2958 2013 2999 fortes

104 3019 199 3069 eius,
225 3024 267 3060 et
289 3019 488 3060 emarcuit
512 3032 627 3060 arcus
651 3032 802 3069 eorum,
829 3020 926 3073 quia
947 3019 1064 3061 fortis
1088 3020 1197 3061 ultor
1218 3019 1420 3061 Dominus
1442 3018 1614 3059 reddens
1638 3017 1847 3058 retribuet.
1899 3018 1934 3041 ⁵⁷
1958 3017 2014 3057 Et

103 3078 312 3119 inebriabo
336 3078 543 3132 ,principes
573 3078 668 3127 eius,
700 3083 741 3118 et
770 3078 973 3132 sapientes
1003 3078 1099 3127 eius,
1131 3084 1172 3119 et
1201 3079 1322 3119 duces
1353 3077 1448 3125 eius,
1481 3082 1522 3117 et
1550 3076 1815 3130 magistratus
1845 3076 1940 3123 61113,
1973 3079 2014 3115 et

102 3137 228 3178 fortes
262 3137 364 3178 eius:
400 3141 441 3177 et
473 3137 677 3178 dormient
710 3150 899 3178 somnum
932 3137 1238 3191 sempiternum,
1274 3142 1315 3177 et
1347 3149 1428 3177 non
1462 3135 1802 3189 expergiscentur,
1839 3134 1897 3175 ait
1928 3147 2012 3183 reX,

103 3195 304 3236 Dominus
342 3195 595 3236 exercituum
633 3208 781 3236 nomen
819 3196 914 3237 eius.
981 3198 1016 3220 53
1055 3196 1153 3237 Haec
1190 3195 1288 3236 dicit
1326 3194 1526 3236 Dominus
1565 3194 1835 3235 exercituum:
1875 3193 2014 3233 Murus

104 3253 327 3307 Babylonis
356 3253 421 3295 ille
450 3253 673 3294 latissimus
703 3254 942 3296 suffossione
972 3254 1225 3297 suffodietur.
1258 3258 1299 3294 et
1329 3258 1458 3307 portae
1487 3253 1570 3293 eius
1600 3252 1767 3294 excelsae
1796 3251 1877 3305 igni
1907 3263 2014 3291 com-

103 3312 313 3361 burentur,
339 3317 381 3353 et
402 3312 561 3354 labores
584 3312 828 3366 populorum
852 3313 905 3354 ad
927 3313 1111 3362 nihilum,
1137 3318 1179 3354 et
1200 3312 1384 3366 gentium
1407 3311 1449 3353 in
1471 3312 1605 3366 ignem
1629 3316 1759 3360 erunt,
1786 3316 1827 3350 et
1849 3307 2014 3362 disperi-

103 3371 221 3412 bunt

2060 1208 2176 1237 proptor

2059 1243 2165 1267 credam

2057 1277 2178 1303 filiorum

2069 1313 2165 1338 lsrael.
