2356 3760
1912 38 1931 55 ὅ

257 148 336 190 614
1140 146 1285 180 LIBER
1906 152 1959 193 14,
1985 152 2103 192 1—14‚
2128 153 2172 187 24

258 240 322 284 14.
378 242 391 264 ¹
425 240 579 282 lterum
612 240 713 281 alius
745 240 937 292 navigare
969 239 1164 292 cogita-ns,
1198 246 1239 282 et
1270 253 1342 294 per
1372 241 1477 283 feros
1509 241 1657 283 fluctus
1689 243 1766 284 iter
1796 243 1927 285 facere
1958 244 2167 299 incipiens,

519 299 627 352 ligno
657 304 849 352 portante
878 311 930 342 se.
962 297 1142 352 fragilius
1171 299 1327 352 lignum
1356 300 1534 342 invocat.

279 360 294 382 '·’
313 357 419 398 Illud
437 358 545 399 enim
564 357 767 411 cupidita-s
786 356 1021 410 acquirendi
1040 358 1302 411 excogitavit.
1381 364 1421 400 et
1445 359 1593 400 artifex
1616 359 1817 413 sapientia
1839 361 2059 403 fabricavit
2081 375 2167 404 sua.

277 418 294 441 ³
311 416 397 458 Tua
428 423 579 459 autem,
610 417 744 459 Pater.
770 415 1030 469 providentia
1053 417 1275 469 gubernat:
1354 418 1568 470 aquoniam
1598 419 1747 459 dedisti
1775 424 1815 460 et
1844 419 1884 460 in
1913 421 2016 461 mari
2044 421 2168 467 viam,

522 482 561 516 et
591 475 698 515 inter
726 474 875 515 fluctus
905 474 1093 515 semitam
1124 475 1411 524 firmissimam,

279 536 294 558 ⁴
312 534 529 575 ostendens
561 533 753 586 quoniam
785 538 930 586 potens
956 546 995 573 es
1021 546 1070 574 ex
1101 534 1290 575 omnibus
1320 534 1490 577 salvare.
1576 535 1700 576 etia-m
1730 535 1761 576 si
1793 536 1877 577 sine
1907 542 1995 578 arte
2026 537 2170 591 aliquis

521 592 644 633 adeat
672 605 795 633 mare.

277 651 388 693 5Sed
418 656 465 692 ut
494 664 575 692 non
606 657 739 691 essent
771 664 901 691 vacua
926 651 1137 704 sapientiae
1165 656 1246 692 tuae
1273 665 1412 705 opera:
1497 658 1664 706 propter
1692 653 1769 694 hoc
1799 653 1923 694 etiam
1954 660 1995 695 et
2025 654 2171 708 exiguo

518 709 626 761 ligno
656 709 827 750 credunt
856 710 1039 751 homines
1069 710 1226 751 animas
1255 723 1360 754 suas,
1445 716 1485 752 et
1514 716 1772 753 transeuntes
1801 725 1913 753 mare
1940 726 2013 767 per
2039 718 2171 755 ratem

520 768 679 809 liberati
709 775 823 809 sunt:

278 830 292 851 δ’
315 827 404 869 bsed
428 832 469 869 et
495 828 546 869 ab
572 826 687 868 initio
711 840 803 868 curn
826 828 1003 881 perirent
1028 828 1191 882 superbi
1214 829 1411 882 gigantes,
1492 842 1581 882 spes
1605 829 1711 871 orbis
1738 835 1937 870 terrarum
1963 831 2017 872 ad
2040 836 2171 871 ratem

520 886 767 939 confugiens,
859 887 1012 928 remisit
1049 886 1194 929 saeculo
1231 900 1366 928 semen
1404 887 1649 934 nativitatis,
1689 901 1779 942 quae
1813 901 1939 929 manu
1975 893 2050 930 tua
2085 894 2172 930 erat

519 946 759 999 gubernata.

77 1055 230 1115 ω’*ῐῒέξῡω
279 1053 293 1075 ⁷
314 1051 581 1093 Benedictum
606 1056 667 1091 est
692 1049 799 1091 enim
824 1049 991 1103 lignum,
1011 1063 1082 1104 per
1107 1051 1218 1104 quod
1240 1050 1287 1091 fit
1312 1050 1480 1092 iustitia.
1563 1053 1579 1074 s
1611 1051 1705 1092 cPer
1727 1065 1873 1094 manus
1899 1058 2038 1094 autem
2063 1053 2173 1107 quod

94 1097 210 1151 ‘ffun‘cff
521 1109 566 1150 fit
586 1109 752 1157 idolum,
772 1108 1037 1150 maledictum
1056 1114 1118 1150 est
1135 1114 1176 1150 et
1193 1109 1339 1163 ipsum,
1360 1114 1400 1151 et
1420 1110 1489 1163 qui
1506 1109 1603 1151 fecit
1620 1109 1738 1152 illud:
1811 1111 1908 1165 quia
1924 1111 1988 1153 ille
2007 1112 2172 1165 quidem

519 1174 711 1222 operatus
745 1174 824 1209 est:
859 1167 958 1209 illud
992 1173 1131 1209 autem
1166 1182 1257 1209 oum
1292 1174 1397 1210 esset
1429 1168 1581 1221 fragile,
1618 1169 1716 1210 deus
1751 1170 2062 1224 cognominatus
2097 1175 2170 1212 est.

278 1231 293 1254 ⁹
310 1228 503 1271 Similiter
520 1233 659 1269 autem
682 1227 773 1269 odio
792 1232 889 1268 sunt
905 1227 992 1268 Deo
1014 1226 1175 1281 impius,
1196 1233 1237 1269 et
1257 1228 1446 1283 impietas
1468 1228 1563 1269 eius
1641 1230 1677 1253 ¹⁰
1696 1229 1861 1270 Etenim
1884 1230 1994 1283 quod
2014 1230 2171 1271 factum

520 1291 593 1335 est,
625 1300 717 1327 cum
747 1285 826 1331 illo,
859 1285 929 1339 qui
958 1285 1065 1333 fecit,
1098 1290 1306 1328 tormenta
1333 1287 1527 1341 patietur.

258 1349 286 1371 1¹
310 1347 483 1401 Propter
508 1346 585 1387 hoc
611 1351 653 1387 et
678 1345 719 1386 in
745 1344 861 1386 idolis
888 1345 1103 1386 nationum
1130 1358 1212 1387 non
1239 1345 1314 1386 erit
1340 1350 1567 1399 respectus:
1649 1346 1842 1400 quoniam
1875 1352 2071 1388 creaturae
2095 1347 2170 1389 Dei

519 1404 561 1446 in
591 1404 730 1446 odium
759 1404 880 1444 factae
909 1409 1017 1446 sunt.

311 1470 351 1506 et
378 1465 419 1506 in
439 1464 712 1505 tentationem
732 1463 948 1504 animabus
965 1463 1191 1511 hominum,
1269 1469 1310 1505 et
1336 1464 1377 1504 in
1395 1464 1665 1517 muscipulam
1686 1464 1858 1518 pedibus
1878 1465 2170 1519 insipientium.

67 1573 95 1596 ⁰¹
118 1571 236 1631 ῑζζξηω
260 1572 291 1594 ¹²
320 1569 481 1610 [uitium
520 1568 626 1610 enim
673 1567 952 1609 fornicationis
999 1573 1059 1608 est
1097 1567 1313 1621 exquisitio
1350 1567 1570 1609 idolorum:
1661 1574 1702 1609 et
1738 1569 1975 1611 adinventio
2011 1569 2172 1612 illorum

66 1624 239 1670 nominibus.
522 1627 728 1680 corruptio
759 1626 855 1667 vitae
884 1631 956 1667 est.

257 1690 288 1713 ¹³
309 1700 440 1741 neque
464 1686 570 1727 enim
596 1691 713 1726 erant
736 1686 787 1726 ab
811 1685 939 1732 initio,
969 1698 1101 1739 neque
1124 1690 1245 1726 erunt
1266 1685 1308 1727 in
1331 1691 1589 1740 perpetuum.
1668 1688 1700 1711 1⁴
1722 1687 2040 1740 Supervacuitas
2064 1687 2172 1729 enim

519 1745 731 1787 hominum
766 1745 851 1785 haec
886 1744 1055 1785 advenit
1088 1744 1128 1785 in
1164 1745 1302 1786 orbem
1337 1750 1557 1786 terrarum:
1646 1750 1687 1786 et
1720 1745 1809 1786 ideo
1845 1746 1977 1788 brevis
2011 1746 2172 1788 illorum

519 1804 610 1846 finis
640 1809 700 1845 est
728 1803 935 1845 inventus,

258 1868 289 1891 15
309 1866 465 1906 Acerbo
494 1864 599 1905 enim
627 1863 741 1903 luctu
770 1862 908 1903 dolens
935 1868 1064 1916 pater,
1147 1861 1227 1904 cito
1255 1862 1331 1904 sibi
1357 1864 1466 1916 rapti
1493 1862 1562 1904 filii
1588 1863 1686 1904 fecit
1712 1863 1950 1917 imaginem:

311 1930 350 1966 et
384 1924 509 1966 illum.
547 1923 616 1977 qui
644 1927 744 1963 tunc
781 1921 896 1976 quasi
923 1921 1046 1963 homo
1087 1926 1275 1963 mortuus
1315 1922 1462 1971 fuera-t,
1502 1935 1610 1963 nunc
1641 1927 1857 1975 tamquam
1891 1923 2013 1964 deum
2044 1924 2172 1965 colere

521 1981 657 2036 coepit.
743 1986 784 2022 et
813 1980 1029 2022 constituit
1056 1980 1163 2022 inter
1191 1993 1328 2022 servos
1357 1994 1451 2023 suos
1480 1994 1595 2022 sacra
1624 1985 1666 2022 et
1694 1981 1900 2023 sacrificia.

258 2045 293 2067 1⁶
309 2042 467 2084 Deinde
504 2040 801 2083 interveniente
848 2044 1044 2093 tempore,
1094 2039 1403 2081 convalescente
1439 2039 1582 2094 iniqua
1617 2040 1923 2087 consuetudine,
1961 2041 2027 2082 hic
2064 2054 2173 2083 error

520 2106 735 2153 tamquam
776 2098 842 2140 lex
884 2097 1113 2140 custoditus
1156 2103 1229 2142 est,
1326 2104 1368 2140 et
1409 2104 1679 2153 tyrannorum
1722 2099 1890 2153 imperio
1934 2099 2173 2141 colebantur

520 2160 728 2213 figmenta.

257 2221 291 2246 ¹⁷
310 2219 365 2261 Et
389 2219 475 2265 hos,
505 2231 605 2272 quos
630 2217 672 2258 in
697 2217 835 2272 palam
859 2216 1043 2258 homines
1076 2216 1275 2258 honora-re
1300 2230 1382 2257 non
1408 2222 1601 2270 poterant
1626 2222 1794 2271 propter
1817 2218 1894 2259 hoc
1920 2219 2030 2272 quod
2054 2217 2172 2272 longe

520 2282 665 2324 essent,
750 2290 770 2317 e
798 2275 1020 2329 longinquo
1050 2275 1180 2330 figura
1208 2288 1348 2316 eorum
1379 2275 1515 2325 allata,

312 2338 543 2379 evidentem
572 2335 791 2389 imaginem
818 2334 933 2389 regis,
962 2347 1082 2388 quem
1112 2334 1312 2376 honorare
1341 2334 1548 2383 volebant,
1580 2335 1783 2376 fecerunt:
1861 2341 1908 2376 ut
1943 2335 2068 2381 illum,
2102 2336 2171 2390 qui

520 2396 674 2438 aberat.
706 2399 922 2447 tamquam
951 2398 1193 2447 praesentem
1224 2392 1402 2435 colerent
1430 2407 1504 2435 sua
1532 2393 1800 2435 solicitudine.

258 2457 292 2480 ¹⁸
310 2455 504 2497 Provexit
535 2459 673 2495 autem
703 2453 755 2494 ad
783 2453 929 2494 horum
961 2452 1162 2493 culturam
1203 2457 1245 2493 et
1272 2452 1357 2498 hos,
1390 2453 1459 2506 qui
1486 2452 1743 2506 ignorabant,
1829 2453 1993 2495 artificis
2023 2453 2171 2495 eximia

521 2513 741 2566 diligentia.

257 2576 292 2598 ¹⁹
312 2572 382 2614 Hle
409 2573 516 2614 enim
543 2572 682 2613 volens
720 2570 877 2625 placere
902 2570 969 2613 illi.
1001 2570 1069 2624 qui
1095 2584 1136 2612 se
1164 2570 1396 2624 assumpsit,
1479 2570 1706 2612 elaboravit
1733 2576 1819 2611 arte
1846 2584 1931 2615 sua.
1960 2578 2008 2612 ut
2033 2571 2171 2613 simili-

520 2631 706 2672 tudinem
735 2630 776 2671 in
805 2629 948 2670 melius
977 2630 1181 2683 figuraret.

257 2693 294 2716 ²⁰
309 2690 532 2732 Multitudo
556 2696 695 2731 autem
717 2689 930 2730 hominum
953 2689 1133 2730 abducta
1155 2701 1226 2742 per
1247 2688 1421 2742 speciem
1444 2689 1585 2743 operis,
1669 2702 1773 2737 eum,
1799 2689 1867 2743 qui
1889 2693 1985 2730 ante
2006 2694 2170 2743 tempus

520 2755 734 2802 tamquam
764 2748 886 2789 homo
915 2747 1140 2789 honoratus
1169 2748 1315 2790 fuerat.
1347 2761 1455 2789 nunc
1485 2748 1607 2789 deum
1636 2747 1956 2790 aestimaverunt.

62 2862 147 2915 (5322
163 2857 284 2915 “sgti‘uq-‘ss'
310 2855 363 2896 Et
390 2856 474 2896 haec
499 2854 577 2895 fuit
602 2853 699 2894 vita*
724 2853 914 2894 humanae
943 2853 1147 2905 deceptio:
1228 2853 1422 2906 quoniam
1448 2858 1522 2893 aut
1547 2853 1723 2897 affectui,
1752 2858 1824 2894 aut
1854 2853 2013 2907 regibus
2039 2853 2169 2894 deser-

69 2908 138 2950 iim}
160 2910 235 2951 man.
520 2913 677 2954 vientes
706 2912 902 2959 homines,
986 2911 1368 2953 incommunicabile
1412 2925 1560 2953 nomen
1604 2912 1808 2965 lapidibus
1852 2917 1893 2952 et
1936 2911 2052 2965 lignis
2096 2912 2170 2953 im-

520 2977 756 3026 posuerunt.

258 3034 289 3056 '2²
312 3032 361 3072 Et
393 3045 473 3072 non
501 3031 716 3072 suffecerat
745 3043 896 3070 errasse
924 3042 990 3071 eos
1019 3029 1122 3070 circ-a
1150 3029 1227 3070 Dei
1254 3030 1478 3077 scientiam,
1562 3030 1632 3070 sed
1659 3034 1700 3070 et
1727 3029 1768 3070 in
1805 3043 1954 3083 magno
1983 3030 2168 3070 viventes

521 3089 741 3130 inscientiae
771 3088 886 3137 bello,
970 3092 1034 3129 tot
1064 3094 1104 3128 et
1133 3094 1219 3128 tam
1250 3102 1400 3142 magna
1428 3088 1537 3129 mala
1565 3101 1707 3142 pacem
1738 3088 1958 3142 appellant.

259 3152 291 3172 ²¹³
311 3149 415 3189 ‹lAut
439 3149 544 3189 enim
569 3148 670 3189 filios
693 3162 785 3188 suos
808 3147 1093 3191 sacrificantes,
1119 3152 1191 3187 aut
1213 3147 1385 3188 obscura
1407 3147 1601 3188 sacrificia
1622 3147 1829 3192 facientes,
1907 3154 1980 3188 aut
2000 3147 2168 3188 insaniae

520 3207 658 3260 plenas
691 3207 845 3257 vigilias
874 3207 1084 3250 habentes,

259 3267 290 3289 ²¹
309 3279 439 3319 neque
456 3267 597 3308 vitam,
615 3279 745 3319 neque
761 3266 926 3319 nuptias
941 3265 1115 3306 mundas
1131 3265 1209 3305 iam
1228 3266 1478 3314 custodiunt,
1542 3265 1611 3306 sed
1627 3265 1728 3306 alius
1745 3265 1868 3306 alium
1884 3278 1955 3318 per
1969 3264 2166 3306 invidiam

521 3324 679 3366 occidit.
713 3330 783 3364 aut
815 3324 1048 3365 adulterans
1079 3324 1315 3364 contristat:

259 3491 272 3525 1
317 3491 334 3502 F
371 3444 444 3524 914,
470 3445 489 3476 -3
515 3445 586 3478 aij
612 3446 663 3478 14.
691 3448 740 3478 22.
779 3468 786 3469 ff
810 3468 814 3469 γ
848 3450 867 3479 6
894 3448 965 3478 Min
992 3448 1021 3485 (ἰ,
1048 3447 1082 3486 43
1109 3446 1138 3485 T,
1163 3446 1192 3480 Τ.
1228 3466 1268 3470 -
1299 3448 1319 3479 ὅ
1348 3446 1408 3479 cPs
1433 3446 1507 3486 113,
1531 3446 1566 3486 4;
1592 3445 1661 3479 Bar
1683 3445 1714 3486 6,
1736 3445 1767 3480 3.
1802 3465 1842 3469 —
1874 3444 1917 3478 :23
1938 3445 2009 3479 th
2031 3445 2083 3485 18,
2108 3446 2165 3485 10;

281 3503 293 3524 ι·
323 3504 347 3532 ι,
394 3519 400 3525 .
