2356 3760
278 152 356 193 398
1116 152 1261 186 LIBER
1288 152 1335 188 ΙΙ.
1900 157 1952 198 34,
1979 157 2120 195 29—35,
2147 158 2188 191 19

624 246 662 285 2.
693 245 944 286 Renovatio
974 245 1018 286 et
1046 246 1263 296 purgatio
1295 245 1458 297 cultus,
1486 247 1552 297 34,
1573 246 1753 298 29—35,
1771 248 1837 289 19.

78 312 259 341 ¹⁴⁰⁰¹¹⁰¹fflss
378 317 412 339 '2⁹
437 315 493 356 At
516 314 581 356 ille
606 315 840 356 convocatis
866 315 1062 355 universis
1087 317 1307 357 maioribus
1334 322 1433 357 natu
1461 317 1565 358 Iuda
1587 324 1629 358 et
1654 317 1886 368 Ierusalem,
1938 321 1975 344 ³⁰
1998 321 2182 362 ascendit

84 359 88 363 .
142 356 150 364 1
204 349 239 372 5³

74 351 313 414 ‘tfffiffisffmin
341 374 508 415 domum
536 374 714 419 Domini,
743 386 907 427 unaque
934 387 1073 414 omnes
1101 375 1174 415 viri
1209 376 1308 415 luda
1334 381 1375 416 et
1400 375 1654 417 habitatores
1684 376 1914 427 Ierusalem,
1944 378 2185 421 Sacerdotes

272 438 312 474 et
335 433 502 477 Levitae.
528 440 569 474 et
592 438 762 473 cunctus
785 432 961 485 populus
985 446 1008 473 a.
1030 433 1198 475 minimo
1223 448 1350 487 usque
1374 435 1425 475 ad
1449 435 1687 476 maximum.
1740 435 1897 484 Quibus
1921 437 2183 480 audientibus

274 492 315 532 in
343 492 464 533 domo
494 491 670 537 Domini,
701 491 797 545 legit
825 504 895 531 rex
924 492 1061 532 omnia
1089 494 1215 533 verba
1241 493 1477 533 voluminis:
1533 496 1564 519 ³¹
1593 501 1635 535 et
1662 502 1776 535 stans
1804 495 1845 535 in
1874 496 2068 537 tribunali
2098 509 2182 541 suo.

275 551 469 604 percussit
502 551 634 591 foedus
666 563 801 591 corani
832 550 1009 591 Domino
1040 557 1087 592 ut
1118 551 1348 593 ambularet
1378 558 1471 606 post
1501 565 1606 601 011111,
1639 559 1680 594 et
1710 554 1934 596 custodiret
1966 561 2181 609 praecepta.

275 616 315 650 et
331 610 576 654 testimonia,
595 616 635 649 et
651 609 959 650 iustificationes
975 610 1058 651 eius
1074 611 1114 651 in
1131 616 1220 652 toto
1237 611 1356 652 corde
1372 625 1456 656 3110,
1475 616 1515 652 et
1531 611 1571 652 in
1588 617 1680 653 tota
1694 612 1833 653 anima
1847 626 1931 661 sua,
1949 614 2185 668 faceretque

273 681 362 722 quse
390 668 540 721 scripta
569 674 663 709 sunt
694 668 733 709 in
763 668 968 709 volumine
997 669 1075 718 1110,
1107 670 1216 723 quod
1244 670 1407 723 legerat.
1464 672 1496 695 32
1524 670 1744 712 Adiuravit
1772 684 1934 725 quoque
1962 686 2082 726 super
2109 673 2186 715 hoc

273 740 423 770 01111103.
462 727 529 781 0111
565 727 712 781 reperti
746 727 911 768 fuerant
945 727 986 768 in
1023 728 1253 773 Ierusalem,
1291 735 1332 770 et
1368 729 1600 770 Beniamin:
1637 735 1677 770 et
1711 730 1895 771 fecerunt
1928 731 2183 774 habitatores

274 786 492 827 Ierusalem
523 786 642 827 iuxta
672 792 838 839 pactum
871 786 1037 827 Domini
1067 787 1143 828 Dei
1174 794 1339 841 patrum
1372 801 1550 830 suorum.

111 868 223 892 anunm
377 864 410 887 ³³
433 861 617 903 Abstulit
643 875 734 916 ergo
762 862 887 903 Iosias
913 868 1081 904 cunctas
1107 863 1434 905 abominationes
1458 864 1507 904 de
1532 863 1730 905 universis
1754 865 1985 919 regionibus
2010 865 2183 907 filiorum

81 910 114 927 (Ἤ
120 907 221 927 [lctaru
227 910 253 927 m

91 939 241 978 abomina-
275 920 415 961 Israel:
440 927 481 962 et
502 921 599 962 fecit
622 934 773 965 omnes.
800 921 868 975 qui
891 921 1039 962 residui
1063 928 1179 963 erant
1202 922 1241 963 in
1268 923 1402 967 Israel,
1427 923 1575 963 servire
1598 923 1776 965 Domino
1798 925 1885 965 Deo
1908 938 1992 966 suo.
2018 925 2186 966 (functis

103 976 227 1000 ¹¹⁰¹¹¹¹¹¹¹·
271 980 413 1021 diebus
443 980 527 1021 eius
558 993 639 1021 non
671 986 922 1021 recesserunt
953 994 975 1021 a
1006 981 1183 1022 Domino
1214 982 1301 1023 Deo
1333 988 1497 1035 patrum
1530 995 1708 1024 suorum.

88 1061 243 1121 Νῐζζῦιῑξὶξὲξ
375 1056 438 1099 35.
494 1059 506 1080 ¹
542 1056 655 1097 Fecit
695 1062 853 1097 aautem
891 1057 1016 1098 Iosias
1052 1057 1091 1098 in
1129 1058 1347 1099 Ierusalem
1383 1059 1514 1099 Phase
1548 1059 1739 1108 Domino,
1777 1059 1887 1112 quod
1921 1059 2182 1102 immolatum

63 1103 257 1158 celssbgr‘r‘lulz.
271 1120 332 1156 est
353 1115 661 1169 quartadecima
680 1115 743 1156 die
763 1115 912 1156 mensis
931 1116 1068 1169 primi:
1116 1118 1130 1140 '2
1150 1122 1191 1157 et
1211 1117 1426 1158 constituit
1445 1118 1683 1159 Sacerdotes
1705 1117 1746 1158 in
1767 1117 1908 1159 officiis
1928 1119 2020 1168 suis,
2043 1119 2182 1161 horta-

270 1180 417 1228 tusque
448 1180 509 1215 est
539 1187 606 1215 eos
636 1180 683 1215 ut
713 1175 993 1216 ministrarent
1023 1175 1063 1215 in
1095 1176 1216 1217 domo
1247 1176 1425 1218 Domini.
1485 1179 1500 1201 ³
1531 1177 1685 1217 Levitis
1716 1190 1889 1231 quoque,
1924 1178 1976 1219 ad
2007 1192 2182 1232 quorum

271 1233 541 1274 eruditionem
575 1234 704 1275 omnis
740 1234 862 1274 Israel
896 1234 1232 1276 sanctificabatur
1262 1235 1452 1284 Domino,
1486 1235 1648 1277 loeutus
1680 1242 1759 1277 est:
1793 1236 1940 1277 Ponite
1973 1250 2109 1278 arcam
2142 1238 2184 1279 in

272 1293 503 1334 sanctuario
536 1293 690 1346 templi.
726 1293 1085 1347 quodaedificavit
1117 1293 1310 1336 Salomon
1343 1294 1447 1335 filius
1478 1295 1616 1336 David
1647 1308 1717 1335 rex
1752 1295 1885 1343 lsrael,
1920 1309 2182 1350 nequaquam

273 1352 379 1392 enim
406 1365 495 1392 eam
521 1351 630 1392 ultra
654 1352 890 1405 portabitis:
919 1366 1026 1393 nunc
1052 1359 1190 1394 autem
1216 1354 1447 1395 ministrate
1472 1354 1649 1395 Domino
1675 1354 1762 1395 Deo
1788 1360 1937 1398 vestro,
1954 1352 2007 1396 ‘et
2031 1354 2184 1408 populo
2214 1374 2218 1377 2

272 1410 356 1451 eius
384 1411 516 1452 Israel.
570 1413 585 1435 ¹
609 1411 665 1451 Et
689 1416 916 1464 praeparate
942 1425 1013 1453 vos
1039 1425 1109 1465 per
1133 1413 1287 1459 domos,
1314 1419 1356 1454 et
1380 1413 1642 1467 cognationes
1666 1418 1823 1453 vestras
1847 1413 1888 1453 in
1915 1413 2182 1455 divisionibus

272 1469 533 1522 singulorum,
572 1469 677 1510 sicut
711 1470 905 1523 praecepit
938 1471 1076 1511 David
1111 1484 1181 1512 rex
1219 1471 1353 1520 Israel,
1392 1478 1433 1513 et
1468 1472 1681 1525 descripsit
1715 1471 1909 1513 Salomon
1944 1472 2048 1514 filius
2084 1473 2182 1515 eius.

271 1530 285 1552 ⁵
314 1529 369 1569 Et
396 1529 626 1569 ministrate
654 1529 695 1570 in
723 1529 955 1570 sanctuario
984 1542 1055 1583 per
1080 1530 1256 1571 familias
1285 1537 1523 1585 turmasque
1551 1531 1766 1578 Leviticae,
1826 1532 1841 1555 ⁶
1868 1536 1910 1572 et
1937 1532 2183 1573 sanctific-ati

271 1588 481 1629 immolate
511 1588 660 1629 Phase:
693 1589 839 1629 fratres
870 1588 995 1629 etiam
1025 1595 1194 1637 vestros,
1228 1594 1275 1630 ut
1304 1590 1463 1643 possint
1492 1590 1610 1631 iuxta
1639 1591 1776 1639 verba,
1811 1603 1901 1644 quae
1930 1590 2092 1632 loeutus
2122 1597 2183 1632 est

271 1647 472 1688 Dominus
495 1647 535 1688 in
559 1661 684 1688 manu
708 1647 839 1701 Moysi
862 1648 1004 1697 facere,
1030 1656 1270 1702 praeparate.
1326 1649 1340 1672 ⁷
1363 1649 1490 1689 Dedit
1512 1654 1709 1702 praeterea
1733 1649 1859 1691 Iosias
1882 1650 1993 1691 omni
2015 1650 2180 1704 populo,

273 1707 341 1760 qui
360 1707 416 1747 ibi
435 1707 569 1748 fuerat
588 1707 781 1747 inventus
800 1707 841 1747 in
861 1706 1135 1748 sollemnitate
1154 1707 1298 1756 Phase,
1322 1721 1446 1762 agnos
1466 1713 1507 1749 et
1526 1708 1669 1749 hoedos
1689 1708 1738 1748 de
1757 1709 1956 1762 gregibus,
1979 1715 2020 1750 et
2038 1709 2184 1763 reliqui

271 1766 424 1819 pecoris
449 1766 619 1819 triginta
642 1765 779 1815 millia,
806 1766 931 1807 11011111
958 1780 1119 1820 01100110
1144 1767 1223 1807 tria
1246 1767 1383 1808 millia.
1410 1767 1495 1808 haec
1520 1767 1569 1808 de
1593 1767 1695 1821 regis
1720 1767 1911 1808 universa
1934 1769 2180 1810 substantia.

274 1827 288 1849 '³
310 1825 444 1866 Duces
470 1839 631 1879 01100110
655 1825 750 1871 01113,
777 1831 922 1879 sponte
947 1826 1056 1880 quod
1080 1832 1293 1875 voverant,
1320 1826 1570 1876 obtulerunt,
1596 1832 1682 1867 tam
1707 1826 1871 1880 populo,
1898 1840 2022 1880 quam
2045 1827 2183 1869 Sacer-

271 1884 436 1925 dotibus
461 1891 501 1925 et
524 1884 690 1925 Levitis.
718 1885 842 1926 Porro
869 1884 1042 1931 Helcias,
1070 1890 1111 1926 et
1135 1885 1362 1930 Zacharias.
1389 1892 1429 1927 et
1455 1885 1582 1926 Iahiel
1605 1885 1806 1939 principes
1831 1886 1976 1927 domus
2000 1886 2179 1929 Domini.

270 1943 471 1985 dederunt
493 1944 771 1985 sacerdotibus
795 1944 846 1985 ad
868 1944 1100 1985 faciendum
1124 1944 1255 1985 Phase
1276 1958 1424 1998 pecora
1445 1944 1701 1986 commixtim
1724 1945 1804 1986 duo
1827 1944 1954 1985 millia
1975 1952 2180 1988 sexcenta.

270 2008 311 2044 et
335 2003 460 2044 boves
484 2009 698 2045 trecentos,
754 2006 769 2027 ⁹
793 2003 1021 2044 Chonenias
1045 2010 1196 2052 autem,
1223 2008 1264 2045 et
1287 2004 1477 2053 Semeias,
1504 2004 1628 2045 etiam
1655 2003 1887 2044 Nathanael
1911 2004 2057 2045 fratres
2082 2004 2179 2053 eius,

270 2075 426 2103 necnon
467 2062 679 2111 Hasabias‚
720 2070 761 2103 et
800 2062 934 2111 Iehiel‚
975 2068 1016 2104 et
1054 2063 1233 2104 Iozabad
1270 2063 1471 2117 principes
1508 2063 1760 2111 Levitarum,
1801 2063 2002 2104 dederunt
2039 2063 2183 2104 ceteris

270 2121 425 2162 Levitis
462 2122 513 2162 ad
551 2121 838 2163 celebrandum
875 2121 1006 2162 Phase
1045 2122 1224 2176 quinque
1261 2122 1388 2163 millia
1424 2135 1628 2176 pecorum,
1683 2127 1724 2163 et
1760 2122 1886 2163 boves
1923 2122 2178 2176 quingentos.

271 2182 306 2205 ¹⁰
331 2181 696 2235 Praeparatumque
722 2186 783 2222 est
808 2181 1091 2227 ministerium,
1120 2187 1160 2222 et
1186 2186 1390 2222 steterunt
1416 2182 1654 2222 Sacerdotes
1681 2182 1721 2222 in
1748 2181 1881 2223 officio
1908 2195 1998 2222 suo:
2026 2181 2183 2222 Levitae

271 2253 433 2294 quoque
449 2240 489 2281 in
505 2240 661 2289 turmis,
680 2240 797 2281 iuxta
811 2240 913 2293 regis
929 2240 1156 2294 imperium.
1201 2242 1232 2264 ¹¹
1249 2240 1304 2281 Et
1319 2240 1578 2281 immolatum
1595 2246 1656 2281 est
1671 2240 1820 2281 Phase:
1840 2246 2181 2294 asperseruntque

268 2299 506 2341 Sacerdotes
542 2313 666 2340 manu
703 2313 777 2340 sua
811 2299 1061 2353 sanguinem,
1100 2305 1140 2340 et
1176 2299 1330 2340 Levitae
1366 2300 1634 2340 detraxerunt
1668 2298 1790 2353 pelles
1826 2299 2178 2341 holocaustorum:

269 2360 301 2383 ¹2
329 2365 368 2399 et
397 2365 690 2412 separaverunt
719 2372 765 2399 ea
792 2364 839 2399 ut
867 2359 1012 2399 darent
1039 2371 1109 2412 per
1137 2359 1278 2400 domos
1307 2364 1347 2400 et
1374 2358 1548 2399 familias
1576 2358 1838 2412 singulorum,
1869 2363 1909 2399 et
1937 2358 2182 2400 offerrentur

268 2418 458 2463 Domino,
490 2418 593 2459 sicut
623 2418 819 2471 scriptum
849 2423 910 2458 est
938 2418 979 2458 in
1008 2418 1129 2459 Libro
1158 2418 1307 2471 Moysi:
1339 2418 1388 2459 de
1417 2418 1547 2459 bobus
1577 2430 1740 2471 quoque
1768 2418 1953 2458 fecerunt
1981 2417 2176 2458 similiter.

270 2479 302 2502 ¹3
332 2477 386 2517 Et
418 2483 659 2518 assaverunt
690 2477 820 2517 Phase
851 2490 971 2530 super
1001 2477 1146 2530 ignem,
1179 2477 1297 2518 iuxta
1328 2477 1437 2531 quod
1467 2477 1507 2517 in
1537 2477 1622 2530 lege
1653 2477 1850 2530 scriptum
1881 2482 1960 2517 est:
1993 2476 2182 2530 pacificas

271 2550 365 2577 vero
395 2536 549 2577 hostias
578 2543 776 2578 coxerunt
804 2536 845 2576 in
872 2536 1085 2581 lebetibus,
1118 2541 1159 2577 et
1187 2536 1358 2585 cacabis,
1390 2542 1431 2577 et
1460 2536 1558 2584 ollis,
1590 2544 1629 2577 et
1658 2536 1854 2577 festinato
1883 2535 2179 2576 distribuerunt

271 2595 468 2636 universae
487 2595 612 2649 plebi:
662 2598 691 2619 ¹¹
712 2595 786 2635 sibi
807 2601 957 2641 autem,
979 2600 1020 2636 et
1038 2595 1327 2636 Sacerdotibus
1346 2600 1490 2649 postea
1507 2601 1777 2649 paraverunt:
1799 2608 1894 2635 nani
1914 2594 1954 2635 in
1974 2594 2181 2636 oblatione

270 2655 599 2696 holocaustorum
636 2663 676 2695 et
710 2655 877 2708 adipum
912 2668 1039 2708 usque
1075 2655 1126 2695 ad
1159 2660 1322 2696 noctem
1356 2655 1595 2696 Sacerdotes
1628 2654 1795 2695 fuerunt
1829 2654 2035 2707 occupati:
2072 2654 2180 2694 unde
2223 2658 2226 2661 ’

271 2714 425 2755 Levitae
449 2714 536 2757 sibi.
564 2720 605 2754 et
628 2714 916 2755 Sacerdotibus
941 2714 1031 2754 filiis
1055 2714 1192 2755 Aaron
1217 2719 1468 2767 paraverunt
1492 2713 1733 2755 novissimis.
1788 2715 1818 2737 ¹⁵
1843 2713 1967 2754 Porro
1993 2718 2181 2754 cantores

271 2773 340 2814 filii
367 2773 506 2826 Asaph
535 2773 704 2814 stabant
731 2773 771 2814 in
800 2773 938 2815 ordine
967 2787 1050 2821 3110,
1081 2773 1197 2814 iuxta
1225 2780 1474 2827 praeceptum
1501 2773 1650 2821 David,
1681 2778 1721 2813 et
1749 2772 1902 2826 Asaph,
1933 2778 1974 2813 et
2003 2772 2177 2819 Heman,

271 2838 312 2873 et
348 2833 515 2873 Idithun
551 2832 843 2886 propheta-rum
878 2832 997 2885 regis:
1037 2832 1234 2874 Ianitores
1269 2846 1363 2874 vero
1398 2845 1469 2886 per
1502 2838 1642 2886 portas
1677 2831 1854 2885 singulas
1889 2831 2178 2879 observabant,

271 2892 330 2932 ita
354 2898 397 2932 ut
424 2905 493 2932 nec
518 2897 670 2945 puncto
697 2892 859 2945 quidem
885 2892 1138 2932 discederent
1161 2905 1185 2932 a
1206 2891 1448 2933 ministerio:
1476 2904 1599 2945 quam
1624 2891 1675 2932 ob
1698 2904 1782 2931 rem
1807 2896 1849 2931 et
1870 2890 2017 2931 fratres
2041 2903 2180 2931 eorum

272 2951 425 2991 Levitae
456 2957 705 3004 paraverunt
735 2951 789 2991 eis
820 2951 941 2992 cibos.
1002 2952 1036 2974 ¹⁶
1066 2950 1208 2992 Omnis
1238 2951 1361 3004 igitur
1391 2950 1551 2991 cultura
1579 2949 1747 2991 Domini
1777 2950 1852 2990 rite
1883 2948 2089 3002 completa
2119 2955 2179 2990 est

271 3011 310 3050 in
340 3011 403 3051 ‹lie
433 3010 498 3050 illa
528 3016 573 3050 ut
602 3010 783 3050 facerent
806 3010 948 3052 Phase.
981 3016 1021 3050 et
1052 3009 1244 3051 offerrent
1272 3009 1512 3051 holocausta
1540 3022 1660 3062 super
1693 3008 1820 3049 altare
1850 3008 2029 3055 Domini,
2062 3007 2177 3048 iuxta

271 3075 518 3123 przeceptum
546 3069 647 3122 regis
676 3069 800 3110 Iosiae.
857 3071 890 3093 ¹⁷
917 3069 949 3109 F
953 3075 1199 3122 eceruntque
1226 3068 1295 3109 filii
1324 3068 1457 3112 Israel.
1488 3068 1555 3122 qui
1582 3068 1732 3121 reperti
1758 3068 1922 3109 fuerant
1948 3067 2015 3116 ibi,
2045 3066 2176 3107 Phase

271 3129 310 3168 in
341 3135 523 3182 tempore
554 3128 631 3171 1110.
664 3134 704 3169 et
734 3128 1050 3169 sollemnitatem
1082 3141 1318 3181 azymorum
1350 3134 1505 3181 septem
1537 3127 1690 3168 diebus.
1750 3128 1784 3151 ¹⁸
1816 3127 1907 3168 Non
1938 3126 2017 3167 fuit
2046 3125 2178 3166 Phase

272 3187 398 3227 similo
429 3188 519 3228 huic
551 3188 590 3227 in
625 3187 745 3228 Israel
777 3201 799 3228 a
829 3187 971 3228 diebus
1001 3187 1198 3228 Samuelis
1229 3187 1455 3241 prophetae:
1488 3187 1557 3227 sed
1588 3199 1659 3227 nec
1692 3186 1909 3240 quisquam
1939 3185 1989 3226 de
2020 3184 2179 3225 cunctis

273 3247 429 3292 reg-ibus
470 3246 586 3286 [srael
620 3246 715 3287 fecit
749 3246 878 3287 Phase
911 3247 1013 3287 sicut
1050 3246 1186 3294 losias,
1221 3246 1520 3291 Sacerdotibus,
1557 3251 1597 3286 et.
1630 3245 1797 3288 Levitis,
1833 3250 1874 3285 et
1907 3243 2018 3285 omni
2054 3243 2176 3286 Iudae.

271 3311 312 3345 et
338 3305 456 3345 lsrael
482 3306 547 3358 qui
574 3312 756 3359 repertus
778 3306 923 3349 fuerat.
949 3310 989 3346 et
1012 3305 1296 3346 habitantibus
1321 3305 1359 3345 in
1386 3304 1615 3346 Ierusalem.
1669 3306 1702 3328 ¹⁹
1725 3302 2045 3345 Octavodeeimo
2071 3315 2178 3343 anno

271 3364 380 3417 regni
415 3364 523 3405 losiae
552 3364 625 3404 hoc
655 3365 783 3405 I'hasc
811 3364 1058 3405 celebratum
1088 3370 1160 3405 est..

403 3502 455 3543 35,
480 3503 496 3535 1
522 3502 559 3534 a?
585 3502 635 3547 ng
658 3503 709 3535 23.
735 3504 783 3537 21.
