2356 3760
122 194 175 233 23,
201 192 322 232 9-23,
346 190 388 224 40
976 186 1185 220 LEVITICI
1940 189 2011 229 101

123 285 276 326 diebus.
314 283 396 324 dies
432 287 568 322 autem
603 280 798 333 septimus
833 280 906 319 erit
942 279 1132 319 celebrior
1166 284 1205 318 et
1240 277 1432 318 sanctior:
1469 277 1704 330 nullumque
1738 280 1878 321 servile
1913 294 2012 334 opus

123 343 277 384 facietis
307 342 347 382 in
376 354 433 381 eo.

230 404 245 425 9
277 402 535 451 Locutusque
567 402 628 437 est
659 397 857 437 Dominus
892 397 943 436 ad
975 396 1154 449 Moysen.
1189 396 1341 436 dicens:
1403 396 1437 418 ¹⁰
1468 394 1649 447 Loquere
1686 395 1773 436 filiis
1808 396 1940 439 Israel.
1975 403 2015 438 et

124 461 229 502 dices
259 460 310 500 ad
338 470 421 498 eos:
453 456 553 497 Cum
582 455 746 508 ingressi
775 455 930 495 fueritis
959 460 1121 503 terram,
1154 467 1275 508 quam
1306 466 1377 507 ego
1407 453 1512 493 dabo
1543 453 1669 501 vobis,
1701 458 1742 494 et
1770 456 2013 495 messueritis·

124 524 311 574 segetem,
354 515 490 556 feretis
530 513 758 567 manipulos
798 514 1011 567 spicarum,
1054 513 1252 567 primitias
1293 511 1431 552 messis
1471 516 1616 552 vestrae
1656 512 1707 552 ad
1747 513 2014 554 sacerdotem:

127 581 155 603 11
184 576 251 631 qui
278 574 456 616 elevabit.
480 572 717 613 fasciculum
745 585 880 613 coram
906 572 1094 616 Domino,
1123 577 1170 612 ut
1196 570 1443 624 acceptabile
1470 570 1523 610 sit
1547 583 1619 623 pro
1646 571 1773 614 vobis.
1803 571 1927 612 altero
1955 572 2017 611 die

128 634 309 678 Sabbati.
335 639 375 674 et
397 631 671 673 sanctificabit
693 630 817 671 illum.
870 632 900 655 ¹²
922 631 1057 684 Atque
1080 631 1121 671 in
1144 630 1284 670 eodem
1308 629 1370 670 die
1394 642 1472 682 quo
1496 629 1725 681 manipulus
1748 635 2015 671 consecratur.

126 693 304 734 caedetur
332 704 458 745 agnus
486 689 772 730 immaculatus
803 689 1010 730 anniculus
1040 689 1081 729 in
1109 688 1391 729 holocaustum
1421 687 1596 728 Domini.
1655 690 1685 711 ¹3
1714 688 1767 728 Et
1796 688 2016 729 libamenta

127 752 348 793 offerentur
366 763 459 790 cum
478 762 535 793 00,
557 749 648 789 duae
666 748 831 789 decimae
850 748 989 789 similae
1008 760 1231 801 conspersae
1250 747 1334 787 oleo
1353 747 1394 787 in
1414 746 1622 787 incensum
1640 747 1816 791 Domini,
1839 748 2018 788 odorem-

126 825 203 865 que
235 809 538 851 suavissimum:
573 808 655 848 liba
689 820 848 860 quoque
882 806 977 853 vini,
1014 812 1159 860 quarta
1192 819 1284 859 pars
1318 805 1398 846 hin.
1462 807 1490 829 11
1524 805 1689 848 Panem.
1725 810 1766 845 et
1798 805 2016 859 polentam.

126 875 167 911 et
190 868 323 922 pultes
348 881 429 908 non
455 866 674 907 comedetis
699 879 749 906 ex
774 870 918 919 segete,
945 879 1072 918 usque
1099 865 1150 905 ad
1176 865 1282 905 diem
1308 877 1386 917 qua
1413 863 1588 904 offeretis
1614 877 1662 904 ex
1688 877 1733 904 ea
1758 864 1844 905 Deo
1870 870 2016 905 vestro.

126 929 381 980 Praeceptum
419 932 481 967 est
518 925 809 978 sempiternum
848 924 888 964 in
926 924 1264 978 generationibus.
1307 922 1542 975 cunctisque
1581 922 1823 963 habitaculis
1862 923 2017 963 vestris.

128 988 159 1011 ¹5
179 984 475 1027 aNumerabitis
493 997 583 1037 ergo
601 984 652 1024 ab
669 983 795 1024 altero
812 983 874 1024 die
891 983 1073 1031 Sabbati,
1092 983 1132 1023 in
1150 996 1228 1035 quo
1246 981 1449 1022 obtulistis
1466 980 1720 1034 manipulum
1735 982 2017 1035 primitiarum.

126 1050 282 1099 septem
318 1043 596 1085 hebdomadas
633 1042 784 1096 plenas.
851 1043 885 1066 ¹⁶
922 1055 1048 1095 usque
1086 1042 1138 1081 ad
1176 1040 1345 1081 alteram
1383 1040 1488 1081 diem
1527 1040 1764 1093 expletionis
1801 1041 2021 1081 hebdoma-

127 1105 189 1145 dae
215 1103 408 1158 septimae,
437 1102 478 1143 id
505 1107 566 1142 est
593 1101 889 1155 quinquaginta
916 1101 1016 1141 dies:
1047 1106 1085 1140 et
1113 1100 1166 1140 sic
1195 1099 1370 1140 offeretis
1397 1099 1639 1139 sacrificium
1666 1112 1819 1140 novum
1845 1099 2020 1140 Domino

128 1165 161 1187 1⁷
182 1176 231 1203 ex
251 1162 438 1203 omnibus
457 1160 700 1201 habitaculis
720 1160 875 1203 Vestris.
898 1173 1022 1212 panes
1042 1159 1312 1212 primitiarum
1333 1159 1432 1199 duos
1453 1158 1501 1198 de
1522 1158 1679 1198 duabus
1700 1158 1863 1199 decimis
1884 1157 2022 1199 similae

127 1222 393 1264 fermentatae.
435 1233 534 1273 quos
572 1219 753 1273 coquetis
791 1219 830 1258 111
868 1218 1065 1271 primitias
1102 1217 1279 1258 Domini.
1346 1219 1380 1240 1⁵
1416 1216 1683 1269 Offeretisque
1721 1230 1813 1257 cum
1849 1217 2022 1270 panibus

129 1285 284 1334 septem
318 1293 442 1333 agnos
475 1277 757 1319 immaculatos
793 1276 1011 1319 anniculos.
1048 1282 1089 1317 et
1121 1276 1296 1317 vitulum
1331 1276 1379 1316 de
1414 1281 1596 1315 armento
1632 1288 1769 1318 unum,
1806 1280 1847 1315 et
1880 1276 2022 1316 arietes

129 1340 241 1381 duos.
262 1343 303 1380 et
320 1344 439 1379 erunt
455 1338 497 1378 in
513 1337 797 1378 holocaustum
815 1349 907 1376 cum
924 1335 1156 1376 libamentis
1174 1335 1266 1376 suis.
1286 1335 1328 1374 in
1347 1334 1510 1375 odorem
1529 1334 1812 1374 suavissimum
1833 1334 2020 1375 Domino.

130 1400 164 1423 1⁹
192 1398 365 1439 Facietis
396 1402 437 1438 et
464 1396 620 1436 hircum
649 1408 720 1448 pro
750 1400 930 1447 pes-cato,
963 1395 1144 1447 duosque
1174 1406 1297 1443 agnos
1328 1392 1533 1433 anniculos
1564 1393 1716 1433 hostias
1746 1392 2019 1445 pacificorum.

129 1459 166 1481 ‘2⁰
184 1457 366 1510 Cumque
387 1455 605 1496 elevaverit
625 1468 690 1494 eos
712 1454 895 1493 sacerdos
917 1466 1009 1493 cum
1029 1453 1201 1506 panibus
1223 1452 1493 1505 primitiarum
1514 1464 1649 1492 coram
1669 1451 1857 1496 Domino,
1880 1452 2023 1492 cedent

130 1516 170 1556 111
206 1528 323 1557 11311111
359 1515 454 1555 eius.
517 1515 546 1537 ‘2¹
584 1513 639 1553 Et
674 1512 872 1553 vocabitis
908 1512 1014 1552 hunc
1051 1512 1157 1552 (110111
1193 1511 1506 1553 celeberrinmm.
1545 1517 1668 1563 atque
1704 1510 2022 1550 sanctissinmm:

130 1587 248 1615 omne
282 1587 381 1627 opus
415 1572 554 1613 servile
589 1585 669 1612 non
702 1571 857 1611 facietis
891 1571 931 1611 111
965 1584 1021 1611 eo.
1084 1570 1328 1623 Legitimum
1363 1569 1655 1622 sempiternum
1688 1569 1763 1609 erit
1795 1569 1835 1609 in
1869 1569 2024 1609 cunctis

129 1632 384 1681 habitaculis,
418 1636 458 1672 et
488 1630 813 1685 generationibus
846 1630 1000 1670 vestris.
1061 1631 1092 1653 ‘³2
1128 1629 1372 1682 bPostquam
1404 1634 1541 1669 autem
1573 1628 1817 1668 messueritis
1849 1634 2023 1681 segetem

130 1698 246 1733 terrae
270 1696 426 1739 vestrae,
452 1703 534 1731 non
559 1689 746 1730 secabitis
771 1702 858 1729 eam
886 1702 1012 1742 usque
1038 1688 1089 1728 ad
1114 1688 1261 1729 solum:
1288 1701 1360 1727 nec
1385 1692 1638 1728 remanentes
1664 1687 1792 1740 spicas
1818 1686 2022 1740 colligetis,

130 1751 199 1792 sed
225 1750 471 1804 pauperibus
498 1754 539 1789 et
564 1748 781 1802 peregrinis
808 1747 1025 1788 dimittetis
1053 1760 1130 1788 eas.
1160 1747 1245 1800 Ego
1274 1760 1361 1787 sum
1390 1746 1588 1787 Dominus
1616 1746 1725 1786 Deus
1751 1750 1895 1786 vester.

234 1811 266 1833 '23
285 1810 545 1862 Locutusque
564 1812 626 1848 est
644 1807 843 1847 Dominus
864 1806 915 1847 ad
935 1806 1113 1859 Moysen.
1137 1805 1289 1846 dicens:
1338 1807 1368 1829 ²¹
1390 1805 1569 1858 Loquere
1592 1804 1682 1845 filiis
1705 1804 1844 1845 Israel:
1873 1805 2024 1845 cMense

129 1868 313 1922 septimo,
346 1868 478 1922 prima
508 1866 571 1907 die
602 1866 761 1909 mensis.
795 1865 870 1906 erit
901 1865 1016 1906 vobis
1049 1865 1279 1906 sabbatum.
1316 1863 1556 1912 memoriale,
1590 1863 1868 1917 clangentibus
1901 1863 2023 1909 tubis,

129 1932 171 1968 et
197 1926 411 1972 vocabitur
437 1930 641 1967 sanctum:
698 1926 729 1949 ‘2⁵
757 1938 874 1965 omne
902 1937 1002 1977 opus
1030 1923 1171 1964 servile
1199 1937 1279 1963 non
1306 1922 1462 1963 facietis
1490 1923 1531 1962 in
1558 1936 1616 1971 eo,
1646 1927 1686 1963 et
1714 1922 1888 1963 offeretis
1916 1922 2025 1963 holo-

129 1991 317 2027 caustum
345 1985 535 2026 Domino.

233 2046 269 2068 26
292 2045 552 2096 Locutusque
576 2046 638 2083 est
660 2042 859 2083 Dominus
885 2042 936 2081 ad
960 2041 1139 2094 Moysen.
1166 2041 1319 2081 dicens:
1373 2042 1405 2064 '³⁷
1434 2040 1621 2080 dDecimo
1646 2040 1709 2080 die
1735 2040 1881 2080 mensis
1905 2040 2023 2080 huius

131 2103 303 2156 septimi,
341 2103 423 2142 dies
459 2101 738 2154 expiationum
773 2100 847 2140 erit
883 2100 1173 2141 celeberrimus.
1211 2105 1252 2139 et
1287 2099 1501 2139 vocabitur
1534 2104 1716 2139 sanctus:
1754 2098 2024 2152 affligetisque

131 2161 285 2202 animas
318 2165 473 2201 vestras
506 2160 547 2200 in
580 2172 637 2202 00.
673 2164 714 2199 01
747 2159 921 2199 offeretis
955 2158 1235 2199 holocaustum
1270 2158 1458 2198 Domino.
1521 2159 1556 2181 ²⁸
1588 2157 1717 2198 Omne
1751 2171 1852 2210 opus
1885 2157 2027 2198 servile

130 2233 211 2261 non
235 2219 392 2260 facietis
418 2220 459 2260 in
485 2223 667 2271 tempore
693 2217 770 2258 diei
795 2217 932 2258 huius:
961 2217 1055 2271 quia
1082 2218 1164 2257 dies
1190 2216 1490 2270 propitiationis
1517 2221 1589 2261 031,
1618 2221 1663 2256 111
1688 2216 1933 2270 propitietur
1957 2230 2026 2256 vo—

132 2279 191 2320 bis
212 2279 411 2319 Dominus
432 2278 543 2319 Deus
564 2281 707 2317 vester.
758 2278 793 2300 ‘2⁹
815 2276 955 2317 Omnis
979 2276 1124 2318 anima.
1151 2289 1240 2329 quae
1261 2275 1417 2316 afflicta
1438 2288 1517 2316 non
1540 2275 1662 2316 fuerit
1683 2275 1746 2316 die
1767 2275 1854 2320 hac,
1879 2275 2026 2329 peribit

131 2338 180 2379 de
208 2337 368 2391 populis
398 2337 496 2377 suis:
553 2338 590 2360 3⁰
619 2340 660 2376 et
690 2349 779 2389 quae
809 2335 936 2388 operis
969 2335 1179 2388 quippiam
1207 2334 1357 2376 fecerit.
1390 2334 1530 2375 delebo
1562 2347 1651 2375 eam
1681 2334 1730 2375 de
1759 2334 1909 2387 populo
1940 2347 2023 2374 suo.

130 2399 161 2421 31
194 2396 303 2437 Nihil
333 2409 424 2450 ergo
456 2395 584 2449 operis
614 2394 770 2435 facietis
802 2394 841 2434 111
873 2408 936 2435 0οῑ
968 2393 1194 2444 legitimum
1225 2393 1516 2446 sempiternum
1547 2393 1622 2433 erit
1653 2392 1768 2433 vobis
1798 2393 1839 2434 in
1870 2393 2025 2434 cunctis

131 2455 469 2510 generationibus,
493 2459 534 2495 et
553 2453 877 2494 habitationibus
898 2453 1054 2493 vestris
1104 2454 1136 2477 32
1157 2452 1376 2492 sabbatum
1396 2451 1656 2505 requietionis
1678 2457 1749 2495 est.
1774 2456 1814 2493 et
1835 2451 2025 2505 affligetis

132 2514 286 2555 animas
308 2519 463 2554 vestras
484 2513 547 2554 die
567 2525 673 2553 nono
694 2512 859 2552 mensis:
882 2512 918 2552 A
938 2524 1106 2564 vespera
1127 2525 1252 2565 usque
1273 2511 1325 2552 ad
1346 2523 1556 2564 vesperam
1577 2510 1831 2551 celebrabitis
1852 2509 2026 2551 sabbata

103 2618 106 2622 ,
132 2579 278 2615 vestra.

235 2634 268 2656 ³3
284 2632 340 2672 Et
355 2631 514 2672 locutus
531 2636 592 2672 est
607 2630 806 2671 Dominus
824 2630 876 2670 ad
892 2630 1072 2683 Moysen,
1091 2629 1244 2670 dicens:
1289 2631 1321 2653 31
1338 2629 1519 2682 Loquere
1540 2628 1629 2669 filiis
1649 2628 1788 2669 Israel:
1807 2629 1843 2669 A
1861 2629 2020 2682 quinto-

132 2692 287 2732 decimo
304 2691 367 2731 die
382 2690 529 2731 mensis
545 2690 663 2730 huius
680 2689 853 2743 septimi,
872 2694 991 2729 erunt
1006 2688 1114 2729 feriae
1129 2687 1483 2729 tabernaculorum
1500 2692 1655 2741 septem
1673 2687 1813 2728 diebus
1829 2687 2017 2728 Domino

131 2753 164 2775 ³5
190 2750 284 2791 Dies
310 2750 462 2803 primus
489 2748 704 2790 vocabitur
728 2747 1006 2788 celeberrimus
1033 2752 1157 2800 atque
1183 2747 1477 2787 sanctissimus:
1506 2759 1624 2787 omne
1651 2759 1750 2799 opus
1777 2745 1917 2786 servile
1944 2758 2024 2786 non

132 2809 287 2849 facietis
318 2809 360 2849 in
392 2822 449 2849 eo.
510 2809 545 2832 3⁶
583 2807 656 2847 ΘΕ1
687 2812 843 2860 septem
875 2807 1015 2847 diebus
1048 2806 1223 2847 offeretis
1255 2805 1490 2846 holocausta
1524 2805 1711 2846 Domino.
1747 2804 1830 2845 dies
1864 2817 2024 2858 quoque

133 2874 301 2909 octavus
334 2867 408 2908 erit
440 2866 718 2907 celeberrimus
752 2870 875 2919 atque
908 2865 1195 2906 sanctissimus.
1231 2869 1272 2905 et
1304 2864 1479 2905 offeretis
1512 2863 1795 2905 holocaustum
1826 2863 2021 2903 Domino:

132 2931 192 2967 est
217 2926 324 2967 enim
348 2930 477 2966 coetus
503 2930 626 2979 atque
651 2924 844 2966 collectae:
873 2937 990 2965 omne
1016 2936 1115 2977 opus
1141 2922 1282 2964 servile
1307 2936 1387 2964 non
1412 2922 1568 2963 facietis
1593 2923 1632 2962 in
1659 2936 1715 2963 eo.
1769 2923 1804 2946 ³⁷
1830 2921 1905 2963 Hae
1929 2928 2023 2963 sunt

131 2985 239 3026 feriae
267 2985 443 3029 Domini,
478 2997 577 3038 quas
607 2983 806 3024 vocabitis
836 2982 1113 3024 celeberrimas
1143 2988 1267 3036 atque
1297 2982 1581 3025 sanctissimas,
1614 2980 1870 3034 offeretisque
1900 2981 1941 3021 in
1970 2980 2024 3021 eis

132 3044 356 3085 oblationes
395 3043 584 3091 Domino,
640 3042 878 3083 holocausta,
916 3046 958 3082 et
995 3041 1219 3082 libamenta
1258 3041 1374 3081 iuxta
1412 3040 1536 3081 ritum
1576 3039 1890 3093 uniuscuiusque
1930 3039 2025 3080 diei:

131 3104 167 3128 ³⁸
195 3101 374 3156 exceptis
402 3101 584 3142 sabbatis
612 3101 789 3143 Domini.
822 3101 1019 3153 donisque
1047 3100 1203 3149 vestris,
1235 3104 1276 3140 et
1305 3113 1394 3153 quae
1423 3098 1597 3140 offeretis
1627 3111 1676 3139 ex
1704 3103 1814 3145 voto,
1845 3097 1909 3138 vel
1939 3111 2027 3150 qua>

132 3166 276 3215 sponte
309 3160 496 3202 tribuetis
529 3160 717 3201 Domino.
779 3161 814 3183 ³⁹
847 3159 883 3199 A
917 3159 1217 3213 quintodecimo
1252 3172 1343 3212 ergo
1378 3158 1440 3199 die
1474 3157 1620 3198 mensis
1654 3157 1827 3210 septimi,
1864 3156 2026 3210 quando

132 3219 469 3274 congregaveritis
508 3232 645 3260 omnes
681 3219 837 3259 fructus
875 3223 991 3259 teirae
1027 3222 1183 3260 vestrae.
1224 3216 1477 3258 celebrabitis
1514 3216 1632 3257 ferias
1669 3215 1835 3257 Domini
1872 3219 2027 3268 septem

132 3279 284 3320 (liebus.
309 3279 372 3319 die
394 3278 523 3332 primo
546 3282 587 3318 et
608 3277 671 3318 die
693 3282 839 3318 octavo
862 3277 938 3317 erit
958 3277 1189 3318 sabbatum.
1214 3276 1255 3316 id
1277 3280 1338 3316 est
1358 3275 1525 3329 requies
1575 3276 1612 3299 ⁴0
1632 3275 1889 3327 Sumetisque
1910 3273 2026 3314 vobis

132 3338 195 3378 die
230 3338 359 3392 primo
396 3337 552 3377 fructus
590 3335 743 3376 arboris
779 3335 1068 3389 pulcherrimae,
1108 3334 1370 3388 spatulasque
1406 3333 1646 3387 palmarum,
1686 3338 1727 3375 et
1762 3345 1895 3374 ramos
1930 3331 2026 3385 ligni

133 3511 173 3545 36
220 3512 234 3545 I
264 3465 305 3498 15
330 3464 399 3545 {1313
422 3464 474 3504 16,
499 3464 528 3498 9.
560 3484 602 3488 -
631 3464 674 3497 22
696 3464 787 3507 bSup
812 3464 864 3504 19,
888 3463 918 3497 9.
950 3483 992 3487 -
1021 3462 1064 3496 24
1090 3462 1174 3495 CNm
1199 3462 1251 3502 29,
1277 3463 1305 3494 1.
1337 3481 1379 3486 —-
1408 3460 1450 3494 27
1472 3460 1563 3505 dSup
1589 3460 1642 3501 16,
1666 3460 1723 3500 29;
1753 3459 1822 3492 Nm
1846 3459 1899 3498 29,
1924 3457 1952 3490 7.
1984 3474 2027 3480 —

169 3515 173 3521 ‘
200 3519 215 3537 e
237 3522 256 3544 0
281 3512 311 3552 7,
379 3537 387 3545 .

2053 406 2183 435 penteco-

2085 441 2151 469 stes,

2098 1812 2162 1838 festi

2057 1848 2201 1877 tubarum,

2067 2046 2123 2071 diei
2143 2053 2189 2071 ex-

2045 2081 2214 2111 piathmum,

2060 2636 2193 2661 feriarum

2059 2672 2191 2696 taberna-

2055 2706 2195 2732 culorum:
