2356 3760
271 194 347 235 788
1083 190 1358 225 PROPHETIA
1984 195 2014 234 4,
2039 194 2137 235 5—5,
2162 195 2182 228 5

496 286 567 336 ΙΙ.
606 285 828 350 Populo
869 284 1322 335 consolationem
1367 285 1619 344 adhibet,
1659 285 1710 346 4,
1737 286 1890 348 5—5,
1917 287 1966 339 9.

634 371 673 409 1.
704 368 948 408 Ierusalem
981 369 1126 409 mater
1155 368 1275 408 filios
1307 369 1589 420 consolatur,
1618 371 1656 421 4,
1677 370 1823 411 5—29.

87 436 242 460 P⁹0‘'²²¹¹¹‘'*
377 437 391 459 ⁵
409 434 687 488 Animaequior
704 438 790 474 esto
809 433 983 487 populus
1002 434 1088 477 Dei.
1109 434 1383 475 memorabilis
1409 435 1544 475 lsrael:
1594 437 1608 459 ⁶
1627 436 1853 477 venundati
1871 437 1965 478 estis
1984 437 2184 479 Gentibus

86 471 241 536 stifitimsitaii-
272 507 352 535 non
384 495 425 535 in
458 493 745 548 perditionem:
779 493 849 533 sed
880 497 1048 546 propter
1079 493 1190 546 quod
1220 492 1261 533 in
1293 493 1352 534 ira
1383 494 1435 534 ad
1466 494 1719 535 iracundiam
1751 495 2004 548 provocastis
2036 496 2180 546 Deum,

127 542 201 568 ‘¹⁰³¹'
273 553 415 595 traditi
440 553 534 593 estis
560 551 813 592 adversariis„
870 553 883 574 7
909 551 1197 592 Exacerbastis
1222 552 1329 592 enim
1355 565 1459 601 eum,
1489 553 1557 606 qui
1581 553 1677 594 fecit
1702 567 1786 603 vos,
1813 554 1947 595 Deum
1972 560 2182 604 aeternum,

270 612 527 654 immolantes
558 610 778 654 daemoniis,
811 615 852 651 et
882 623 961 651 non
992 611 1090 652 Deo.
1153 612 1168 634 ³
1197 611 1324 652 Obliti
1354 611 1461 652 enim
1491 612 1586 653 estis
1616 613 1761 660 Deum,
1795 613 1864 666 qui
1893 613 2069 654 nutrivit
2098 626 2183 662 vos,

269 677 309 712 et
345 670 618 711 contristastis
654 670 854 710 nutricem
891 675 1070 710 vestram
1109 669 1339 711 Ierusalem.
1407 672 1422 693 ⁹
1458 670 1572 711 Vidit
1606 672 1714 712 enim
1750 672 2002 713 iracundiam
2040 685 2064 713 a
2098 673 2184 714 Deo

271 729 501 770 venientem
530 729 657 775 vobis,
687 734 728 770 et
755 728 878 769 dixit:
906 728 1058 769 Audite
1085 728 1263 769 confines
1290 728 1398 772 Sion,
1429 729 1604 770 adduxit
1630 730 1737 771 enim
1764 730 1864 771 mihi
1890 731 2000 771 Deus
2027 731 2186 772 luctum

269 801 482 841 magnum:
544 789 578 812 ¹⁰
610 787 701 828 Vidi
733 787 839 827 enim
872 787 1159 841 captivitatem
1191 787 1331 842 populi
1363 788 1453 831 mei,
1488 788 1663 829 filiorum
1694 802 1890 838 meorum,
1925 795 1966 830 et
1997 789 2184 839 filiarum,

270 860 393 901 quam
415 846 657 901 superduxit
677 846 752 886 11113
772 851 959 887 aeternus
1009 848 1039 870 ¹¹
1062 846 1226 887 Nutrivi
1247 847 1354 887 enim
1374 846 1462 888 11103
1482 860 1575 888 011111
1595 847 1870 889 iucunditate:
1893 848 2027 889 dimisi
2047 853 2187 890 autem

268 907 357 947 illos
378 919 470 947 cum
491 905 589 946 fletu
611 911 651 946 et
670 905 795 946 luctu.
848 907 876 928 ¹²
899 905 1027 946 Nemo
1047 905 1227 958 gaudeat
1247 918 1367 959 super
1387 919 1450 947 me
1470 906 1652 955 viduam,
1675 911 1716 948 et
1736 907 1982 949 desolatam:
2005 921 2029 948 a
2047 907 2187 948 multis

270 965 463 1006 derelicta
494 977 583 1005 sum
617 969 783 1018 propter
815 969 985 1017 peccata
1017 964 1191 1005 filiorum
1224 978 1419 1011 meorum,
1455 965 1552 1018 quia
1583 965 1893 1007 declinaverunt
1925 979 1949 1006 a
1979 966 2064 1019 lege
2096 966 2184 1008 Dei.

271 1027 302 1049 ¹3
331 1023 514 1065 lustitia-s
541 1028 680 1064 autem
706 1023 831 1077 ipsius
858 1023 1099 1068 nescierunt,
1128 1036 1201 1064 nec
1227 1023 1546 1065 ambulaverunt
1571 1037 1642 1078 per
1667 1024 1754 1066 vias
1780 1025 2072 1067 mandatorum
2097 1025 2186 1075 Dei,

270 1089 401 1136 neque
432 1096 502 1136 per
533 1082 698 1123 semitas
731 1082 916 1123 veritatis
947 1082 1031 1123 eius
1063 1095 1155 1123 cum
1185 1082 1345 1123 iustitia
1374 1082 1541 1136 ingressi
1571 1088 1679 1125 sunt.
1741 1085 1771 1108 ¹⁴
1801 1083 1980 1125 Veniant.
2010 1083 2189 1125 confines

269 1143 378 1187 Sion,
407 1148 447 1182 et
472 1146 750 1182 memorentur
776 1141 1064 1194 captivitatem
1090 1141 1276 1190 filiorum,
1305 1146 1345 1182 et
1371 1141 1546 1182 filiarum
1572 1155 1767 1191 mearum,
1797 1155 1921 1196 quam
1946 1143 2190 1197 superduxit

271 1201 346 1242 illis
368 1206 555 1242 aeternus.
606 1202 637 1224 ¹⁵
658 1200 846 1241 Adduxit
867 1200 974 1241 enim
996 1213 1116 1254 super
1136 1200 1224 1242 11103
1244 1206 1409 1254 gentem
1431 1201 1480 1242 de
1500 1200 1735 1255 longinquo,
1758 1206 1923 1255 gentem
1943 1202 2187 1256 improbam,

272 1266 313 1301 et
339 1259 504 1301 alterius
529 1259 694 1313 linguae:
749 1261 783 1283 16
809 1259 877 1313 qui
904 1272 984 1300 non
1010 1264 1107 1300 sunt
1131 1260 1295 1300 reveriti
1321 1272 1469 1307 senem,
1497 1273 1629 1314 neque
1653 1273 1873 1314 puerorum
1898 1260 2054 1302 miserti
2078 1265 2187 1309 sunt,

272 1326 313 1361 et
344 1319 607 1360 abduxerunt
639 1318 807 1360 dilectos
839 1318 984 1367 viduae,
1020 1324 1061 1359 et
1092 1332 1116 1359 a
1146 1318 1236 1359 filiis
1268 1319 1431 1359 unicam
1463 1319 1764 1361 desolaverunt.

142 1384 191 1423 sed
381 1379 413 1402 17
434 1378 520 1431 Ego
541 1383 680 1418 autem
702 1377 799 1431 quid
818 1390 984 1431 possum
1005 1378 1200 1418 adiuvare
1220 1377 1317 1419 vos?
1365 1379 1399 1402 ¹⁸
1419 1377 1497 1426 Qui
1516 1378 1623 1419 enim
1644 1378 1819 1419 adduxit
1838 1391 1959 1432 super
1977 1391 2049 1420 vos
2068 1378 2188 1427 mala,

74 1420 260 1481 ffitssssss‘iflfi‘fff.
274 1438 358 1492 ipse
387 1450 459 1478 vos
488 1436 631 1490 eripiet
659 1437 707 1477 de
735 1437 925 1478 manibus
953 1436 1209 1477 inimicorum
1238 1442 1479 1478 vestrorum.
1539 1439 1572 1461 ¹⁹
1598 1436 1821 1478 Ambulate
1849 1436 1931 1486 filii,
1962 1437 2190 1488 ambulate:

272 1510 343 1551 ego
373 1496 479 1537 enim
509 1495 703 1536 derelicta
729 1509 818 1536 sum
847 1495 942 1537 sola.
1000 1497 1036 1520 ‘2⁰
1063 1495 1171 1536 Exui
1198 1508 1262 1536 me
1290 1495 1396 1537 stola
1423 1496 1545 1549 pacis,
1576 1496 1690 1537 indui
1718 1501 1858 1537 autem
1885 1509 1950 1537 me
1977 1509 2093 1538 sacco
2122 1497 2192 1538 ob-

272 1555 521 1601 secrationis,
557 1560 597 1595 et
629 1554 815 1595 clamabo
848 1555 900 1595 ad
932 1554 1189 1596 Altissimum
1222 1554 1262 1595 in
1295 1555 1438 1596 diebus
1469 1554 1580 1597 meis.
1642 1557 1672 1579 '²¹
1705 1555 2028 1609 Animaequiores
2060 1560 2192 1597 estote

272 1615 353 1664 filii,
381 1614 555 1655 clamate
580 1614 632 1654 ad
656 1614 893 1661 Dominum,
920 1618 962 1654 et
985 1613 1129 1666 eripiet
1152 1626 1224 1654 vos
1249 1614 1298 1654 de
1322 1627 1448 1654 manu
1472 1613 1703 1668 principum
1727 1614 1996 1656 inimieorum.
2049 1616 2081 1639 ²2
2104 1613 2191 1668 Ego

272 1674 379 1715 enim
405 1672 565 1727 speravi
590 1672 629 1713 in
656 1677 853 1713 aeternum
880 1672 1055 1713 salutem
1081 1676 1280 1713 vestram:
1308 1676 1349 1713 et
1373 1672 1488 1714 venit
1511 1673 1611 1714 mihi
1634 1673 1831 1727 gaudium
1857 1686 1881 1714 a
1905 1678 2047 1715 saneto
2073 1686 2193 1727 super

271 1731 558 1779 misericordia,
587 1744 677 1785 quae
702 1731 839 1772 veniet
864 1731 979 1772 vobis
1006 1732 1057 1772 ab
1082 1736 1234 1772 aeterno
1259 1731 1430 1772 salutari
1454 1737 1606 1773 nostro.
1660 1734 1692 1756 2³
1716 1732 1845 1773 Emisi
1869 1732 1977 1773 enim
2002 1745 2074 1774 vos
2099 1745 2193 1774 cum

272 1793 387 1833 luctu
419 1796 460 1832 et
489 1791 673 1845 ploratu:
708 1791 876 1831 reducet
908 1796 1047 1831 autem
1075 1803 1147 1832 vos
1176 1790 1277 1831 mihi
1297 1790 1499 1832 Dominus
1522 1803 1614 1831 011111
1635 1791 1784 1845 gaudio
1807 1795 1849 1832 et
1869 1791 2126 1832 iucunditate
2151 1791 2193 1832 in

273 1851 579 1904 sempiternum.
632 1851 664 1874 ‘24
688 1849 803 1891 Sicut
826 1849 932 1890 enim
957 1850 1151 1891 viderunt
1174 1849 1318 1891 vicinae
1341 1849 1437 1891 Sion
1461 1849 1750 1904 captivitatem
1768 1855 1949 1892 vestram
1970 1863 1993 1891 a
2012 1850 2111 1899 Deo,
2138 1850 2194 1891 310

273 1910 475 1952 videbunt
496 1914 537 1950 et
555 1909 596 1950 in
616 1909 823 1950 celeritate
843 1908 1018 1950 salutem
1038 1914 1218 1950 vestram
1240 1922 1264 1949 a
1279 1909 1378 1957 Deo,
1403 1922 1493 1963 quae
1510 1909 1771 1964 superveniet
1790 1909 1906 1951 vobis
1928 1922 2020 1951 eum
2041 1909 2194 1951 honore

272 1982 434 2023 magno,
454 1974 493 2009 et
511 1968 724 2022 splendore
745 1973 909 2010 aeterno.
959 1970 990 1992 ²5
1006 1967 1098 2009 Filii
1116 1968 1322 2022 patienter
1338 1968 1537 2009 sustinete
1556 1968 1671 2018 iram,
1693 1982 1783 2022 quae
1803 1968 2040 2023 supervenit
2057 1968 2192 2010 vobis:

272 2033 509 2083 persecutus
525 2032 586 2068 est
601 2027 708 2068 enim
724 2033 764 2068 te
782 2027 968 2068 inimicus
988 2032 1095 2075 tuus,
1113 2027 1184 2068 sed
1201 2027 1280 2069 cito
1297 2027 1454 2068 videbis
1469 2027 1741 2082 perditionem
1756 2027 1900 2082 ipsius:
1920 2032 1961 2069 et
1977 2040 2097 2082 super
2113 2040 2195 2068 cer-

274 2088 380 2129 vices
398 2087 524 2141 ipsius
541 2087 745 2128 ascendes.
791 2088 827 2111 26
842 2086 1018 2128 Delicati
1036 2086 1115 2127 mei
1133 2086 1453 2128 ambulaverunt
1470 2087 1556 2128 vias
1573 2100 1754 2141 asperas:
1778 2087 1892 2128 ducti
1909 2092 2006 2128 sunt-
2023 2086 2131 2128 enim
2148 2091 2196 2128 ut

272 2160 369 2201 grex
388 2147 571 2200 direptus
594 2147 645 2187 ab
666 2146 851 2188 inimicis.
901 2147 936 2170 27
954 2146 1276 2200 Animaequiores
1296 2150 1427 2188 estote
1446 2145 1527 2196 filii,
1547 2152 1588 2188 et
1608 2146 1861 2201 proclamate
1880 2146 1932 2187 ad
1949 2146 2193 2188 Dominum:

274 2206 350 2247 erit
375 2206 482 2247 enim
508 2205 704 2246 memoria
724 2210 862 2246 vestra
886 2205 937 2246 ab
963 2219 1021 2249 00,
1045 2205 1114 2258 qui
1139 2205 1259 2246 duxit
1278 2218 1363 2247 vos
1417 2206 1452 2229 ²⁸
1474 2205 1589 2247 Sicut
1609 2206 1717 2247 enim
1736 2206 1817 2247 fuit
1838 2218 1978 2247 sensus
1996 2210 2131 2247 vester
2148 2209 2196 2246 ut

274 2265 460 2306 erraretis
474 2277 498 2305 a
510 2264 615 2305 Deo:
631 2264 762 2306 decies
776 2269 942 2306 tantum
954 2264 1104 2305 iterum
1117 2269 1403 2306 convertentes
1416 2264 1630 2319 requiretis
1645 2278 1750 2307 eum.
1774 2267 1809 2289 2⁹
1823 2264 1901 2314 Qui
1913 2265 2020 2306 enim
2031 2264 2197 2306 induxit

274 2324 389 2365 vobis
407 2323 526 2367 mala,
547 2323 631 2377 ipse
648 2336 809 2364 rursum
828 2323 1006 2364 adducet
1021 2323 1137 2364 vobis
1156 2323 1448 2377 sempiternam
1465 2324 1767 2365 iucunditatem
1785 2336 1878 2367 cum
1896 2323 2028 2365 salute
2043 2328 2192 2365 vestra.

534 2428 572 2467 2.
603 2427 834 2480 Propheta
865 2427 1109 2468 Ierusalem
1142 2427 1335 2468 matrem
1366 2427 1648 2479 consolatur,
1677 2429 1716 2479 4,
1735 2428 1882 2478 30—5‚
1901 2428 1940 2469 9.

88 2498 243 2563 puffi‘iffifn
384 2496 421 2519 3⁰
437 2493 717 2547 Animaequior
734 2499 820 2535 esto
841 2493 1073 2539 Ierusalem,
1095 2493 1339 2535 exhortatur
1356 2494 1463 2535 enim
1482 2498 1534 2541 te,
1556 2494 1625 2548 qui
1643 2498 1683 2534 te
1701 2493 1943 2535 nominavit.
1990 2494 2022 2517 3¹
2041 2493 2197 2534 Nocen-

164 2557 167 2558 ’
247 2553 252 2561 ’
278 2561 337 2595 103
370 2554 574 2607 peribunt,
610 2552 679 2606 qui
710 2558 751 2594 te
783 2558 1059 2594 vexaverunt:
1092 2558 1134 2594 et
1166 2553 1235 2607 qui
1265 2553 1462 2607 gratulati
1494 2558 1590 2594 sunt
1620 2553 1662 2593 in
1693 2558 1768 2594 tua
1797 2552 1926 2602 ruina,
1960 2552 2194 2606 punientur.

273 2615 305 2638 3²
325 2613 525 2655 civitates,
549 2611 696 2665 quibus
716 2612 945 2653 servierunt
964 2611 1034 2652 filii
1054 2612 1126 2658 tui,
1148 2612 1390 2666 punientur:
1411 2617 1452 2653 et
1472 2625 1562 2666 quae
1581 2612 1739 2666 accepit
1757 2611 1860 2653 filios
1879 2617 1984 2653 tuos.
2032 2613 2065 2636 ³³
2083 2611 2198 2652 Sicut

275 2672 381 2713 enim
409 2671 551 2725 gavisa
579 2675 639 2711 est
667 2671 707 2711 in
736 2676 810 2711 tua
836 2671 965 2714 ruina.
997 2676 1037 2712 et
1063 2670 1207 2712 laetata
1234 2676 1295 2712 est
1322 2671 1363 2711 in
1392 2684 1487 2712 casu
1516 2676 1600 2720 tuo,
1631 2671 1686 2712 sic
1714 2670 2028 2712 contristabitur
2054 2670 2096 2710 in
2123 2682 2198 2711 sua

274 2730 538 2772 desolatione.
594 2731 625 2754 3⁴¹
653 2729 708 2771 Et
735 2730 1023 2784 amputabitur
1049 2730 1250 2771 exultatio
1277 2729 1555 2771 multitudinis
1583 2730 1678 2779 eius,
1708 2735 1750 2771 et
1774 2729 2086 2783 gaudimonium
2113 2728 2197 2770 eius

276 2790 351 2831 erit
379 2789 421 2830 in
449 2789 618 2830 luctum.
677 2791 708 2813 ³³5
740 2788 848 2842 Ignis
878 2789 985 2830 enim
1015 2789 1275 2843 superveniet
1304 2789 1338 2830 ei
1368 2789 1418 2830 ab
1448 2794 1599 2831 {eterno
1628 2789 1669 2830 in
1697 2788 1940 2842 longiturnis
1970 2788 2124 2836 diebus,
2156 2791 2197 2828 et

278 2848 536 2890 habitabitur
563 2862 587 2888 a
614 2848 823 2889 daemoniis
852 2849 892 2889 in
920 2848 1187 2889 multitudine
1214 2848 1421 2901 temporis.

70 2907 249 2966 morfssfftjm„
383 2910 418 2931 ³⁶
439 2907 710 2960 Circumspice
733 2908 951 2948 Ierusalem
973 2907 1025 2947 ad
1046 2907 1267 2955 Orientem,
1291 2912 1331 2948 et
1351 2907 1444 2948 vide
1464 2907 1764 2948 iucunditatem
1787 2920 1810 2947 a
1829 2907 1915 2948 Deo
1936 2905 2013 2947 tibi
2034 2905 2197 2946 venien-

88 2966 93 2967 ’
125 2966 130 2967 ’
254 2962 374 3008 ’10111
432 2968 466 2991 37
496 2966 600 3007 Εο00
629 2966 735 3006 0111111
765 2967 937 3007 veniunt
965 2966 1033 3006 filii
1064 2966 1135 3015 tui,
1168 2979 1268 3019 quos
1297 2966 1487 3007 dimisisti
1515 2966 1727 3020 dispersos,
1758 2965 1931 3006 veniunt
1959 2964 2117 3005 collecti
2146 2964 2197 3005 ab

280 3026 444 3067 Oriente
476 3038 602 3078 usque
631 3025 683 3065 ad
712 3025 989 3073 Occidentem,
1021 3025 1061 3066 in
1090 3026 1214 3066 verbo
1244 3025 1375 3066 sancti
1402 3025 1628 3079 gaudentes
1657 3025 1697 3065 in
1726 3024 1922 3065 honorem
1950 3023 2037 3064 Dei.

80 3083 264 3145 ωηζζῖῗῖὲζζῐῃ
384 3085 422 3127 5.
480 3087 491 3108 ¹
521 3084 636 3124 Exue
666 3090 705 3125 te
736 3084 954 3125 Ierusalem
984 3084 1089 3125 stola
1116 3084 1262 3129 luctus,
1294 3089 1335 3124 et
1363 3084 1592 3125 vexationis
1622 3088 1721 3125 tuae:
1752 3088 1793 3124 et
1820 3083 1943 3124 indue
1972 3088 2011 3123 te
2040 3082 2195 3130 decore,

219 3139 223 3140 ⁷
281 3150 320 3183 et
339 3144 488 3184 honore
506 3143 601 3191 eius,
623 3156 712 3196 quae
729 3157 753 3183 a
768 3144 854 3184 Deo
872 3144 946 3184 tibi
965 3148 1025 3183 est
1041 3143 1299 3196 sempiternae
1313 3143 1460 3196 gloriae.
1506 3145 1521 3167 '2
1538 3141 1819 3184 Circumdabit
1835 3146 1875 3183 te
1891 3142 2002 3182 Deus
2019 3139 2197 3194 diploide

282 3202 457 3242 iustitiae.
478 3208 519 3242 et
536 3202 721 3255 imponet
738 3203 904 3243 mitram
922 3202 1048 3255 capiti
1064 3201 1228 3243 honoris
1247 3202 1398 3243 aeterni.
1445 3205 1460 3226 ²³
1478 3202 1587 3242 Deus
1606 3201 1713 3242 enim
1732 3201 1922 3242 ostendet
1939 3200 2198 3253 splendorem

280 3274 398 3300 suum
427 3261 464 3300 in
491 3266 530 3301 te
556 3261 677 3304 omni,
708 3261 775 3314 qui
802 3262 876 3302 sub
903 3261 997 3302 oaelo
1024 3265 1096 3302 est.
1150 3263 1165 3284 ⁴
1194 3261 1484 3301 Nominabitur
1509 3261 1616 3301 enim
1643 3260 1717 3301 tibi
1743 3273 1892 3301 nomen
1918 3263 2036 3299 tuum
2064 3271 2088 3298 a
2112 3258 2197 3298 Deo

226 3372 231 3396 ι
282 3319 322 3359 111
352 3319 663 3371 sempiternum:
699 3320 781 3360 Pax
809 3320 986 3366 iustitiae,
1019 3325 1060 3361 et
1087 3320 1217 3361 honor
1244 3319 1421 3372 pietatis

84 3376 108 3393 w*
126 3380 189 3396 (wrm
205 3373 221 3396 ti
237 3372 267 3396 113

99 3409 253 3432 mamm.
388 3379 402 3401 ⁵
433 3377 593 3425 Exurge
626 3379 855 3427 Ierusalem,
887 3384 928 3420 et
956 3384 1021 3419 sta
1048 3379 1088 3419 in
1117 3378 1291 3419 excelso:
1327 3384 1385 3419 aet
1415 3378 1677 3431 circumspice
1706 3378 1758 3418 ad
1786 3377 2007 3424 Orientem,
2038 3380 2079 3417 et
2107 3375 2200 3416 vide

284 3436 472 3477 collectos
495 3436 595 3476 filios
618 3443 708 3477 tuos
731 3438 781 3478 ab
803 3438 970 3479 Oriente
991 3437 1073 3478 sole
1095 3450 1222 3491 usque
1244 3438 1295 3478 ad
1316 3437 1593 3485 Occidentem,
1616 3437 1657 3477 in
1678 3436 1802 3478 verbo
1823 3435 1955 3477 sancti
1974 3435 2199 3489 gaudentes

416 3540 447 3579 5,
474 3540 492 3572 :3
519 3540 608 3583 asup
634 3542 664 3580 4,
690 3543 741 3574 3⁴5.
