2356 3760
132 853 241 882 eripuit

103 888 133 913 et
155 888 267 917 eduxit,

105 1212 265 1236 secundum

113 1248 256 1272 iustu-am

154 1290 216 1308 eius

117 1923 148 1946 et
168 1921 248 1947 torti-

117 1957 249 1983 tudinem

137 2000 229 2023 suam,

141 2274 224 2305 eique

106 2310 259 2334 victoriam

108 2347 258 2370 cruentam

293 174 371 214 494
1163 172 1312 207 LIBER
1911 176 1965 217 17,
1990 177 2132 218 12—17‚
2156 176 2200 211 46

295 269 327 292 ¹2
353 267 409 308 Et
428 267 564 321 posuit
583 267 771 308 tenebras
790 266 1008 307 latibulum
1030 280 1160 311 suum.
1234 267 1275 308 in
1295 267 1464 309 circuitu
1485 268 1569 310 eius
1588 269 1898 310 tabernaculum
1918 270 2019 311 eius:
2088 276 2198 311 tene-

557 326 678 367 brosa
705 339 813 379 aqua
841 326 881 366 in
911 325 1088 366 nubibus
1118 326 1230 368 aeris.

295 387 327 410 ¹³
352 385 440 426 Prae
470 385 624 437 fulgore
655 385 693 425 in
727 390 946 437 conspectu
978 385 1061 425 eius
1092 386 1219 426 nubes
1252 386 1513 432 transierunt,
1597 387 1752 441 grando
1785 381 1827 428 et
1856 387 2051 429 carbones
2082 388 2196 441 ignis.

294 446 325 469 ¹⁴
351 444 407 485 Et
437 444 617 485 intonuit
640 444 689 484 de
711 443 805 484 oaelo
827 443 1040 486 Dominus.
1116 449 1158 485 et
1178 444 1411 486 Altissimus
1442 445 1556 486 dedit
1586 459 1728 487 vocem
1759 459 1894 487 suam:
1972 447 2126 500 grando
2158 453 2200 488 et

555 503 748 543 carbones
779 502 891 553 ignis.

294 564 325 587 ¹⁵
352 562 406 603 Et
444 562 555 612 misit
591 561 762 613 sagittas
797 574 902 610 suas⁷
945 567 986 602 et
1020 562 1235 615 dissipavit
1267 576 1352 604 eos:
1435 562 1597 617 fulgura
1623 564 1925 617 multiplicavit,
1965 570 2007 605 et
2035 570 2199 605 contur-

557 621 669 661 bavit
704 634 782 662 eos

293 682 328 704 ¹⁶
354 680 409 721 Et
432 686 710 733 apparuerunt
732 680 865 721 fontes
888 692 1099 733 aquarum,
1173 686 1215 721 et
1235 680 1418 722 revelata
1438 686 1534 722 sunt
1555 681 1828 723 fundamenta
1849 681 1955 723 orbis
1977 687 2197 723 terrarum:

350 739 414 780 Ab
444 739 718 793 increpatione
747 744 821 779 tua
847 739 1033 782 Domine.
1118 739 1169 780 ab
1198 739 1462 793 inspiratione
1490 740 1655 793 spiritus
1684 740 1751 782 irae
1780 746 1873 783 tuae.

292 858 326 880 ¹⁷
351 856 462 898 Misit
488 857 537 897 de
564 869 736 903 summo,
767 860 810 897 et
836 856 993 909 accepit
1019 869 1101 896 me:
1183 862 1224 897 et
1251 857 1472 910 assumpsit
1498 870 1563 898 me
1590 857 1639 898 de
1667 856 1782 910 aquis
1809 856 1960 899 multis.

293 917 326 939 ¹⁸
350 915 511 968 Eripuit
540 928 603 955 me
630 915 679 955 de
707 914 878 955 inimicis
905 915 1003 955 meis
1030 915 1271 965 fortissimis,
1356 921 1397 957 et
1424 916 1475 957 ab
1503 916 1564 957 his
1592 915 1661 970 qui
1688 916 1863 956 oderunt
1890 929 1972 957 me:
2005 916 2196 970 quoniam

553 974 773 1015 confortati
803 979 900 1015 sunt
928 987 1049 1027 super
1077 988 1152 1016 me.

291 1035 326 1058 ¹⁹
349 1034 640 1074 Praevenerunt
660 1046 723 1073 me
743 1033 783 1073 in
804 1033 867 1074 die
888 1032 1121 1074 afflictionis
1140 1047 1258 1075 meae:
1329 1040 1371 1075 et
1388 1034 1523 1075 factus
1543 1039 1605 1075 est
1623 1034 1824 1075 Dominus
1844 1040 2052 1087 protector
2070 1047 2197 1076 meus.

291 1095 327 1117 2⁰
350 1093 405 1133 Et
433 1092 575 1133 eduxit
603 1105 667 1132 me
696 1092 735 1132 in
764 1091 1045 1133 latitudinem:
1128 1092 1288 1134 salvum
1317 1106 1382 1134 me
1409 1093 1518 1142 fecit,
1550 1093 1744 1147 quoniam
1773 1092 1905 1134 voluit
1932 1106 2009 1135 me.

290 1211 317 1234 2¹
349 1209 404 1249 Et.
424 1210 622 1250 retribuet
642 1210 741 1250 mihi
762 1209 963 1251 Dominus
984 1210 1208 1251 secundum
1229 1209 1429 1250 iustitiam
1450 1223 1596 1259 meam,
1666 1214 1708 1250 et
1728 1209 1951 1250 secundum
1972 1209 2196 1263 puritatem

551 1282 749 1309 manuum
778 1282 961 1310 mearum
990 1269 1190 1311 retribuet
1217 1269 1334 1310 mihi:

290 1330 322 1352 22
349 1328 455 1376 Quia
483 1328 684 1369 custodivi
714 1328 801 1369 vias
830 1329 1008 1375 Domini,
1093 1341 1166 1370 nec
1195 1328 1317 1382 impie
1345 1328 1448 1382 gessi
1478 1341 1503 1369 a
1529 1329 1617 1370 Deo
1646 1341 1749 1370 meo.

291 1389 323 1412 22
350 1387 552 1436 Quoniam
572 1388 711 1429 omnia
728 1387 878 1428 iudicia
895 1388 979 1429 eius
998 1388 1039 1429 in
1058 1394 1279 1442 conspectu
1298 1401 1407 1429 meo:
1465 1393 1507 1428 et
1526 1387 1703 1428 iustitias
1724 1387 1808 1428 eius
1828 1400 1910 1428 non
1930 1387 2059 1440 repuli
2077 1399 2102 1428 a
2118 1399 2197 1429 me.

290 1448 322 1471 ²⁴
350 1446 404 1487 Et
435 1460 500 1488 ero
533 1446 820 1487 immaculatus
851 1461 943 1488 eum
976 1461 1040 1489 eo:
1126 1452 1167 1488 et
1197 1447 1423 1488 observabo
1455 1460 1519 1487 me
1551 1447 1602 1487 ab
1633 1446 1853 1500 iniquitate
1883 1459 1985 1488 mea.

288 1508 320 1530 ²⁵
347 1506 404 1547 Et
421 1506 621 1547 retribuet
640 1506 739 1546 mihi
759 1506 960 1547 Dominus
981 1506 1205 1548 secundum
1225 1506 1425 1547 iustitiam
1445 1519 1598 1546 meam:
1666 1511 1707 1547 et
1727 1505 1952 1546 secundum
1971 1505 2198 1559 puritatem

550 1579 747 1606 manuum
776 1578 959 1606 mearum
989 1566 1030 1606 in
1059 1570 1279 1619 conspectu
1309 1565 1518 1606 oculorum
1548 1565 1644 1606 eius.

287 1626 323 1648 2⁶
350 1624 452 1665 Cum
481 1630 622 1665 sancto
651 1630 816 1665 sanctus
846 1625 932 1673 eris,
1015 1630 1057 1666 et
1085 1638 1177 1666 cum
1206 1624 1292 1665 viro
1321 1624 1537 1665 innocente
1565 1624 1758 1665 innocens
1787 1623 1881 1664 eris:

287 1685 322 1708 ²⁷
349 1683 405 1724 Et
435 1697 527 1725 eum
558 1683 684 1725 electo
716 1684 867 1725 electus
897 1685 991 1725 eris:
1076 1689 1117 1725 et
1146 1696 1239 1724 cum
1273 1696 1462 1737 perverso
1492 1683 1746 1736 perverteris.

287 1744 322 1767 2⁸
346 1743 548 1792 Quoniam
598 1748 645 1784 tu
693 1743 891 1797 populum
935 1743 1131 1784 humilem
1188 1742 1349 1783 salvum
1404 1741 1545 1783 facies:
1648 1747 1690 1782 et
1740 1741 1876 1783 oculos
1927 1742 2196 1796 superborum

552 1802 796 1844 humiliabis.

288 1921 324 1944 22
347 1920 550 1968 Quoniam
575 1925 619 1960 tu
643 1919 846 1960 illuminas
870 1919 1076 1960 lucernam
1099 1932 1234 1961 meam
1257 1919 1451 1961 Domine:
1525 1918 1636 1960 Deus
1659 1931 1773 1959 meus
1796 1917 1982 1959 illumina
2003 1918 2194 1958 tenebras

551 1992 673 2020 meas.
1492 2005 1494 2010 ,

288 2040 326 2063 20
348 2039 550 2087 Quoniam
578 2038 619 2079 in
646 2044 687 2079 te
715 2038 862 2092 eripiar
889 2051 913 2079 a
939 2038 1181 2086 tentatione,
1265 2043 1306 2079 et
1333 2038 1374 2079 in
1401 2038 1488 2079 Deo
1516 2050 1606 2078 meo
1635 2037 1911 2091 transgrediar
1937 2048 2113 2077 murum.

288 2099 321 2122 ³¹
347 2097 457 2138 Deus
486 2111 599 2138 meus
627 2097 844 2151 impolluta
871 2098 939 2138 via
966 2097 1069 2138 eius:
1150 2097 1311 2152 eloquia
1337 2096 1504 2138 Domini
1531 2096 1622 2150 igne
1651 2096 1905 2137 examinata:
1988 2099 2198 2149 protector

551 2162 613 2197 est
641 2157 824 2198 omnium
853 2156 1105 2210 sperantium
1134 2157 1175 2198 in
1205 2169 1257 2197 se.

287 2277 320 2300 22
346 2275 548 2323 Quoniam
575 2274 663 2328 quis
686 2275 798 2315 Deus
820 2280 968 2327 praeter
989 2272 1239 2314 Dominum?
1314 2278 1388 2314 aut
1412 2271 1500 2326 quis
1520 2272 1631 2313 Deus
1655 2277 1802 2325 praeter
1824 2271 1959 2312 Deum
1982 2270 2192 2313 nostrum?

287 2336 320 2359 ³³
346 2334 457 2375 Deus
487 2334 555 2387 qui
584 2333 797 2387 praecinxit
826 2346 890 2373 me
918 2333 1091 2373 virtute:
1175 2337 1216 2373 et
1243 2332 1382 2385 posuit
1409 2331 1719 2372 immaculatam
1748 2330 1859 2371 viam
1888 2343 2034 2372 meam.

287 2396 320 2418 ³⁴
347 2394 444 2442 aQui
472 2393 641 2447 perfecit
667 2393 789 2446 pedes
816 2405 927 2434 meos
954 2397 1170 2445 tamquam
1197 2404 1421 2439 cervorum,
1503 2396 1545 2431 et
1571 2403 1691 2443 super
1719 2389 1878 2430 excelsa
1904 2394 2089 2430 statuens
2115 2402 2192 2431 me.

287 2455 319 2477 ³⁵
346 2453 424 2501 Qui
445 2453 564 2494 doeet
584 2465 729 2493 manus
750 2464 861 2492 meas
882 2451 934 2492 ad
954 2450 1156 2505 praelium:
1225 2455 1265 2491 et
1285 2450 1468 2504 posuisti,
1491 2455 1539 2490 ut
1559 2462 1698 2490 arcum
1719 2462 1880 2497 aereum,
1904 2448 2071 2489 brachia
2089 2461 2192 2490 mea.

286 2514 322 2538 ³⁶
346 2512 402 2553 Et
429 2512 577 2553 dedisti
604 2511 702 2552 mihi
731 2510 1027 2564 protectionem
1055 2509 1197 2551 salutis
1225 2516 1324 2550 tuae:
1407 2514 1448 2550 et
1476 2509 1646 2550 dextera
1672 2514 1746 2549 tua
1774 2507 1952 2561 suscepit
1979 2520 2061 2548 me:

345 2571 401 2612 Et
430 2570 642 2625 disciplina
669 2576 743 2612 tua
769 2569 943 2611 correxit
971 2583 1035 2610 me
1062 2569 1103 2610 in
1131 2569 1272 2610 finem:
1354 2574 1396 2610 et
1423 2568 1637 2622 disciplina
1662 2573 1738 2608 tua
1763 2567 1853 2621 ipsa
1878 2580 1942 2607 me
1971 2566 2144 2608 docebit.

285 2633 320 2656 ³⁷
344 2630 539 2672 Dilatasti
567 2643 724 2683 gressus
753 2643 863 2670 meos
893 2630 1038 2670 subtus
1068 2642 1149 2669 me:
1234 2634 1275 2668 et
1306 2641 1387 2669 non
1416 2633 1513 2668 sunt
1541 2627 1750 2668 infirmata
1778 2626 1951 2679 vestigia
1978 2638 2086 2666 mea:

284 2692 321 2715 22
344 2690 569 2744 Persequar
601 2689 784 2730 inimicos
816 2701 938 2733 meos,
975 2693 1016 2729 et
1049 2687 1392 2741 comprehendam
1426 2687 1531 2728 illos:
1628 2691 1670 2727 et
1702 2698 1783 2727 non
1817 2690 2033 2727 convertar
2065 2685 2194 2726 donec

548 2748 751 2789 deficiant.

285 2811 321 2834 22
344 2808 605 2861 Confringam
634 2807 733 2857 illos,
765 2820 837 2848 nec
865 2812 1061 2861 poterunt
1090 2813 1215 2847 stare:
1299 2806 1448 2846 eadent
1477 2805 1622 2845 subtus
1650 2804 1772 2858 pedes
1801 2816 1923 2845 meos.

287 2870 323 2892 ⁷²0
346 2868 399 2908 Et
412 2867 659 2921 praeeinxisti
669 2880 734 2907 me
746 2866 899 2907 virtute
912 2866 964 2907 ad
979 2865 1148 2907 bellum:
1205 2870 1247 2906 et
1260 2864 1535 2919 supplantasti
1551 2864 1804 2917 insurgentes
1818 2863 1859 2903 in
1874 2875 1938 2902 me
1952 2862 2097 2903 subtus
2112 2874 2191 2903 me.

285 2929 314 2951 ⁴¹
344 2927 399 2967 Et
429 2927 609 2967 inimicos
638 2939 748 2967 meos
777 2925 924 2966 dedisti
953 2925 1051 2965 mihi
1081 2925 1257 2973 dorsum,
1341 2929 1383 2964 et
1411 2923 1593 2965 odientes
1622 2936 1686 2963 me
1715 2921 2003 2976 disperdidisti.

287 2988 319 3010 ⁴⁴2
346 2986 646 3028 Clamaverunt.
679 2999 751 3025 ne(-
782 2990 867 3025 erat
900 2985 967 3038 qui
998 2984 1131 3025 salvos
1161 2984 1323 3029 faceret,
1410 2983 1461 3023 ad
1491 2982 1734 3023 Dominum:
1766 2994 1839 3022 nec
1869 2979 2081 3021 exaudivit
2110 2992 2188 3021 eos,

286 3047 318 3069 '²³
344 3045 399 3085 Et
431 3045 703 3085 comminuam
738 3057 815 3085 eos.
852 3050 897 3084 ut
930 3043 1138 3097 pulverem
1172 3048 1267 3083 ante
1299 3042 1443 3083 faeiem
1476 3041 1607 3082 venti:
1716 3046 1761 3081 ut
1792 3039 1926 3081 lutum
1959 3039 2189 3093 platearum

549 3104 688 3144 delebo
719 3117 797 3145 eos.

97 3222 124 3244 “¹
147 3226 266 3248 ¹“²¹¹'¹¹¹¹
287 3222 318 3244 ⁴²⁴
346 3220 501 3273 Eripies
535 3233 598 3260 me
634 3221 682 3261 de
717 3220 1108 3261 contradictionibus
1142 3218 1300 3272 populi:
1389 3217 1611 3259 constitues
1646 3230 1710 3257 me
1748 3216 1789 3256 in
1823 3220 1949 3269 caput
1981 3213 2188 3256 Gentium.

105 3255 260 3283 uloriosum

123 3290 239 3321 detulit,

287 3281 318 3303 ⁴5
346 3279 535 3331 Populus.
569 3292 686 3332 quem
718 3293 795 3319 non
826 3279 1009 3332 cognovi,
1040 3277 1209 3319 servivit
1236 3277 1352 3318 mihi:

347 3338 386 3378 in
416 3338 558 3378 auditu
590 3338 695 3378 auris
725 3339 907 3380 obedivit
935 3337 1046 3380 mihi.
1129 3339 1164 3361 ⁴⁶
1192 3336 1281 3377 Filii
1312 3336 1429 3377 alieni
1458 3336 1620 3376 mentiti
1649 3340 1745 3375 sunt
1772 3333 1882 3383 mihi,

348 3397 415 3437 filii
446 3397 562 3437 alieni
595 3397 808 3437 inveterati
840 3402 946 3438 sunt.
1032 3401 1073 3438 et
1102 3396 1434 3437 claudicaverunt
1466 3408 1485 3435 a
1518 3394 1671 3435 semitis
1700 3393 1793 3435 suis.

419 3524 461 3557 34
478 3524 515 3556 ³2
533 3525 590 3557 Sm
608 3525 660 3564 22,
678 3524 719 3556 34
737 3535 761 3557 s,
