2356 3760
142 124 194 163 16,
219 124 337 163 4-16,
363 124 404 156 24
816 122 879 156 AD
905 121 1190 156 CORINTHIOS
1218 122 1364 155 PRIMA
1930 124 2030 165 1123

1685 189 1689 203 1

142 229 314 270 praesens
333 216 464 257 fuero:
485 230 585 270 quos
604 214 870 268 probaveritis
882 228 960 267 'per
977 214 1180 267 epistolas.
1202 215 1272 255 hos
1292 215 1455 255 mittam
1474 214 1647 266 perferre
1665 216 1837 267 gratiam
1858 223 2035 257 vestram

140 275 181 316 in
210 275 439 317 Ierusalem.
494 277 508 299 ⁴
532 274 649 323 Quod
675 273 706 314 si
731 273 898 325 dignum
924 273 1046 314 fuerit
1071 280 1117 314 ut
1142 280 1182 314 et
1208 287 1279 326 ego
1305 287 1406 316 eam.
1433 286 1591 313 mecum
1618 273 1746 313 ibunt.

243 335 258 357 ⁵
291 334 460 374 Veniam
494 338 631 374 autern
665 332 716 372 ad
749 344 833 379 VOS,
868 345 959 372 cum
992 332 1271 373 Macedoniam
1306 331 1592 384 pertransiero:
1627 344 1721 371 nam
1756 332 2033 374 Macedoniam
2050 334 2232 400 Ρξὲξὲξίξζξῃ

139 392 406 445 pertransibo.
464 394 479 415 ⁶
504 391 626 445 Apud
653 403 724 430 vos
751 395 888 430 autem
915 390 1086 431 forsitan
1114 391 1299 434 manebo,
1329 390 1391 430 vel
1418 390 1540 430 etiam
1569 390 1774 430 hiemabo:
1804 397 1848 431 ut
1876 405 1946 431 vos
1974 405 2035 431 me
2093 388 2187 430 mini.

141 450 353 491 deduc-atis
379 462 634 504 quocumque
659 448 750 488 iero.
808 450 821 471 ⁷
849 447 951 489 Nolo
976 448 1081 489 enim
1109 462 1179 489 vos
1204 449 1325 489 niodo
1351 448 1390 488 in
1417 448 1591 489 transitu
1617 448 1763 491 videre.
1791 462 1906 501 spero
1931 450 2036 489 enim

140 523 204 549 me
226 508 527 562 aliquantulum
550 506 742 559 temporis
763 519 925 547 manere
947 507 1057 560 apud
1079 521 1162 551 vos,
1187 507 1218 547 si
1239 507 1439 548 Dominus
1461 506 1697 560 permiserit.
1751 509 1765 529 ⁸
1786 507 2038 548 Permanebo

141 573 279 608 autem
305 567 455 620 Ephesi
482 578 607 619 usque
632 565 684 605 ad
709 565 989 606 Pentecosten.
1047 567 1061 589 ⁹
1087 565 1247 606 Ostium
1274 566 1380 606 enim
1405 565 1504 605 mihi
1530 572 1716 617 apertum
1743 571 1804 606 est.
1828 579 2035 619 magnum,

140 631 182 666 et
213 625 394 666 evidens:
429 630 469 666 et
500 623 717 665 adversarii
750 624 879 666 multi.

439 730 477 768 2.
507 727 571 767 De
601 726 875 778 quibusdam
906 727 1131 777 operariis
1161 727 1454 778 evangeliciS‚
1482 727 1548 776 16,
1568 727 1738 767 10—18.

246 800 281 822 ¹0
302 798 342 838 Si
366 802 501 838 autem
527 795 681 837 venerit
706 796 953 841 Timotheus,
981 797 1115 838 videte
1139 802 1185 837 111
1208 796 1291 837 sine
1316 796 1459 837 timore
1483 796 1536 836 sit
1558 797 1667 849 apud
1693 810 1780 837 vos:
1807 810 1906 849 opus
1930 796 2036 837 enim
2057 799 2228 823 Timfflwu*

140 856 305 897 Domini
339 860 540 909 operatur,
578 854 681 896 sicut
715 861 755 896 et
790 869 872 909 ego.
936 857 965 879 11
1001 855 1152 909 Nequis
1185 869 1277 909 ergo
1312 855 1424 895 illum
1459 861 1641 908 spernat:
1678 854 1865 895 deducite.
1899 862 2035 895 autem
2057 841 2227 896 neiiiifm'

138 914 253 955 illum
281 914 321 954 in
349 927 459 967 pace,
491 920 536 954 ut
565 913 703 954 veniat
731 914 783 955 ad
811 928 892 954 me:
923 919 1092 967 expecto
1121 914 1227 954 enini
1255 913 1369 954 illum
1398 927 1489 954 cum
1518 913 1724 954 fratribus.

244 975 275 997 ¹2
302 973 363 1013 De
391 972 538 1025 Apollo
567 978 704 1013 autem
734 972 857 1013 fra-tre
887 972 1001 1014 vobis
1030 979 1173 1014 notum
1204 972 1319 1016 facio.
1352 971 1544 1025 quoniam
1574 972 1749 1013 multum
1778 971 1916 1025 roga-vi
1945 985 2036 1012 eum
2059 973 2226 1034 0⁴⁴{ss‘r'll‘1'n0

140 1037 187 1072 ut
216 1031 371 1072 veniret
402 1031 453 1072 ad
484 1044 554 1071 vos
586 1044 677 1071 eum
708 1031 919 1072 fratribus:
952 1037 992 1072 et
1023 1031 1163 1084 utique
1194 1044 1275 1072 11011
1305 1030 1383 1071 fuit
1414 1030 1604 1071 voluntas
1635 1036 1681 1071 111
1710 1044 1817 1071 nunc
1863 1030 2036 1071 veniret:
2078 1015 2208 1083 {inpon-

140 1089 277 1131 veniet.
303 1096 453 1132 autem.
483 1103 575 1130 cum
603 1089 637 1130 ei
666 1103 840 1130 vacuum
868 1090 1001 1131 fuerit.
1059 1092 1089 1114 13
1118 1089 1302 1143 Vigilate,
1332 1095 1438 1130 state.
1466 1089 1506 1129 in
1534 1089 1623 1139 fide,
1654 1089 1823 1130 viriliter
1850 1088 1968 1142 agite,
1999 1095 2037 1129 et
2090 1081 2196 1108 ‘'ww“

138 1147 438 1189 confortamini.
500 1150 528 1171 11
560 1147 694 1189 omnia
726 1154 862 1189 vestra
891 1148 931 1188 in
962 1148 1162 1189 charitate
1192 1148 1305 1189 fiant.

245 1209 275 1231 15
293 1207 469 1248 Obsecro
487 1214 625 1247 autem
644 1220 714 1248 vos
732 1207 888 1253 fratres,
910 1207 1036 1248 nostis
1054 1208 1221 1248 domum
1239 1207 1469 1260 Stephanae,
1489 1213 1529 1247 et
1548 1206 1774 1250 Fortunati.
1795 1212 1835 1247 et
1853 1205 2036 1247 Achaici:
2052 1206 2234 1266 {ifffll'gffig

140 1265 334 1319 quoniam
356 1271 451 1306 sunt
474 1265 662 1319 primitiae
684 1265 857 1309 Achaiae,
882 1272 922 1307 et
945 1266 983 1305 in
1006 1265 1274 1307 ministerium
1297 1270 1530 1306 sanctorum
1554 1264 1845 1305 ordinaverunt
1867 1264 2035 1317 seipsos:
2050 1279 2079 1302 et
2093 1259 2236 1301 Achaion}

139 1325 175 1348 1⁶
202 1330 249 1364 ut
277 1329 318 1364 et.
346 1337 418 1365 vos
447 1324 601 1365 subditi
629 1324 715 1364 sitis
744 1324 952 1369 eiusmodi,
983 1331 1023 1365 et
1052 1323 1161 1365 omni
1191 1323 1436 1376 cooperanti,
1468 1330 1508 1364 et
1537 1323 1750 1364 laboranti.
1810 1325 1842 1347 ¹⁷
1871 1323 2038 1363 Gaudeo
2052 1314 2234 1337 “en‘'ffmm'

141 1388 278 1422 autem
306 1382 347 1422 in
375 1382 588 1435 praesentia
616 1383 844 1435 Stephanae,
875 1388 915 1423 et
943 1382 1172 1431 Fortunati,
1203 1388 1243 1422 et
1270 1381 1452 1422 Achaici:
1484 1382 1675 1435 quoniam
1705 1381 1756 1425 id.
1788 1382 1896 1435 quod
1926 1380 2039 1422 vobis

140 1441 290 1489 deerat,
328 1440 403 1494 ipsi
438 1441 748 1494 suppleverunt:
812 1442 846 1464 ¹⁸
880 1441 1106 1481 refecerunt
1141 1440 1248 1480 enim
1284 1446 1323 1480 et
1360 1453 1494 1480 meum
1530 1440 1730 1493 spiritum,
1768 1446 1808 1481 et
1844 1446 2037 1481 vestrum.

139 1498 377 1553 Cognoscite
406 1512 498 1552 ergo
529 1498 597 1552 qui
627 1498 857 1539 huiusmodi
887 1506 993 1540 sunt.

573 1603 611 1643 3.
643 1600 951 1642 salutationes
981 1602 1024 1643 et
1054 1602 1322 1652 benedictio,
1350 1602 1417 1653 16,
1436 1602 1609 1642 19—24.

243 1673 278 1695 1⁹
306 1670 498 1712 Salutant
528 1684 598 1711 vos
628 1670 816 1711 Ecclesiae
844 1671 960 1712 Asiae.
991 1671 1182 1713 8311113111
1212 1685 1284 1713 vos
1314 1671 1353 1711 in
1383 1672 1559 1713 Domino
1588 1672 1776 1717 multum,
1806 1671 1967 1725 Aquila,
1999 1674 2235 1735 sst<21u⁸{{¹‡'i⁵ffneq

139 1729 321 1770 Priscilla
339 1743 431 1770 cum
451 1728 675 1770 domestica
693 1743 765 1770 sua
786 1729 968 1771 ecclesia:
984 1731 1099 1783 *apud
1121 1744 1221 1784 quos
1241 1736 1281 1771 et
1302 1730 1496 1783 hospitor.
1543 1733 1579 1755 ²⁰
1597 1731 1790 1772 Salutant
1809 1744 1880 1771 vos
1901 1726 2063 1771 omnes¹
2122 1727 2128 1734 ‘
2223 1728 2244 1737 ”

140 1788 296 1829 fratres,
326 1787 511 1829 Salutate
539 1787 713 1828 invicem
740 1788 781 1828 in
810 1789 944 1830 osculo
972 1795 1126 1830 sancto.
1183 1791 1213 1813 2¹
1241 1789 1457 1835 8311113110,
1487 1803 1575 1830 mea
1604 1803 1728 1830 manu
1756 1789 1883 1830 Pauli.
1940 1791 1971 1813 ²²
1998 1789 2039 1830 81

141 1847 229 1900 quis
260 1859 341 1888 non
372 1851 485 1887 amat.
514 1846 737 1887 Dominum
768 1852 952 1888 nostrum
986 1848 1118 1888 Iesum
1149 1847 1366 1896 Christum,
1399 1847 1451 1889 sit
1481 1849 1712 1897 anathema,
1744 1848 1886 1888 Maran
1916 1847 2038 1888 Atha.

244 1907 276 1930 '2³
298 1904 441 1946 Gratia
463 1904 627 1946 Domini
652 1904 779 1946 nostri
804 1905 894 1947 Iesu
917 1906 1063 1948 Christi
1088 1906 1310 1948 vobiscum.
1362 1908 1394 1930 ²4
1417 1906 1600 1948 Cha-ritas
1624 1920 1714 1947 mea
1737 1920 1828 1947 cum
1852 1905 2038 1947 omnibus
2058 1905 2232 1931 benedictis*

141 1963 256 2005 vobis
285 1963 326 2004 in
356 1963 515 2005 Christo
546 1964 647 2005 Iesu.
680 1964 821 2005 Amen.

1751 3512 1834 3553 71⁸
