2356 3760
112 105 165 146 36,
193 105 309 145 1—37‚
337 106 374 138 11
1027 107 1106 140 IOB
1930 116 2002 157 431

677 197 716 237 5.
738 195 896 238 Oratio
926 199 1103 250 quarta,
1132 201 1197 251 36,
1217 202 1362 252 1-37,
1382 203 1448 243 24.

219 268 282 312 36.
364 271 377 293 1
406 269 570 310 Addens
601 281 762 321 quoque
792 267 895 313 Elin,
927 269 1010 310 haec
1039 269 1198 311 locutus
1228 278 1306 312 est:

135 364 151 386 2
174 362 336 403 Sustine
356 375 420 402 me
440 360 662 414 paululum,
683 365 724 400 et
743 360 930 402 indicabo
952 362 1044 402 tibi:
1102 363 1233 404 adhuc
1255 365 1359 405 enim
1380 365 1509 407 habeo
1530 367 1638 419 quod
1658 380 1729 420 pro
1750 368 1834 410 Deo
1855 370 2005 423 loquar.
2060 376 2162 415 1⁴1¹b¹1m

2036 412 2089 435 sibi
2118 412 2185 436 facit

134 423 151 445 ³
176 421 375 474 Repetam
403 419 613 460 scientiam
640 432 773 459 meam
802 432 826 460 a
851 419 1059 473 principio,
1139 427 1179 462 et
1202 429 1455 475 operatorem
1479 438 1614 465 meum
1640 427 1819 478 probabo
1845 428 2005 470 iustum.
2031 447 2190 475 attentum:

135 482 150 504 ⁴
175 480 275 520 Vere
294 478 400 519 enim
420 478 573 531 absque
594 478 805 519 mendacio
827 491 1029 519 sermones
1052 480 1141 524 mei,
1215 488 1255 521 et
1277 482 1457 534 perfecta
1474 483 1641 524 scientia
1663 485 1902 537 probabitur
1922 488 2006 528 tibi.

134 586 151 607 5
173 584 283 623 Deus
313 588 501 635 potentes
531 595 613 624 non
644 582 793 631 abiicit,
879 596 971 624 cum
1001 588 1043 624 et
1071 583 1156 637 ipse
1186 584 1237 625 sit
1268 591 1423 637 potens.
2025 592 2108 617 docet
2123 594 2213 633 D}·u1¹¹

135 643 151 666 ⁶
173 641 252 682 Sed
282 654 363 682 non
393 641 528 682 salvat
557 641 714 695 impios,
799 647 841 682 et
870 642 1063 682 iudicium
1094 643 1339 697 pauperibus
1372 645 1525 687 tribuit.
2032 634 2194 693 5552&ssss

133 702 149 723 ⁷
175 700 267 741 Non
292 701 447 741 auferet
473 713 498 740 a
521 700 627 741 iusto
654 700 790 742 oculos
815 714 919 749 suos,
996 706 1036 741 et
1061 714 1171 755 reges
1196 702 1237 742 in
1260 702 1357 744 solio
1381 703 1550 744 collocat
1576 705 1615 744 in
1642 712 1894 759 perpetuum,
1972 713 2010 748 et
2024 699 2205 763 Xtss‘ffi‘gffiss

375 758 430 799 issi
460 759 679 812 eriguntur·
2024 770 2118 793 tentes
2132 769 2205 794 iuste

134 819 150 842 ⁸
174 818 230 858 Et
258 818 290 858 si
317 818 469 858 fuerint
497 817 539 858 in
567 817 732 866 catenis,
817 823 858 859 et
885 818 1118 859 vinciantur
1146 820 1310 860 funibus
1340 821 1605 873 paupertatis.
2069 810 2160 834 agere'

136 879 152 901 ⁹
176 876 379 917 Iudicabit
403 876 458 917 eis
483 889 605 930 opera
629 890 779 923 eorum,
859 882 900 918 et
924 877 1073 918 scelera
1096 892 1247 924 eorum,
1276 879 1371 932 quia
1395 879 1561 921 violenti
1585 881 1762 922 fuerunt.

116 937 152 959 ¹⁰
176 935 391 976 Revelabit
418 949 579 988 quoque
605 949 743 976 aurem
769 949 920 982 eorum,
949 941 993 976 ut
1020 938 1230 990 corripiat:
1313 944 1352 978 et
1378 938 1578 991 loquetur,
1608 944 1652 979 ut
1678 945 1936 981 revertantur
1961 941 2012 981 ab

376 994 604 1048 iniquitate.

116 1054 147 1077 ¹¹
173 1052 215 1094 Si
238 1053 441 1094 audierint
465 1059 506 1094 et
530 1053 848 1103 observaverint,
929 1054 1192 1108 complebunt
1217 1055 1300 1096 dies
1324 1069 1417 1096 suos
1442 1056 1482 1096 in
1508 1057 1625 1102 bono,
1704 1063 1744 1097 et
1769 1071 1896 1099 annos
1920 1071 2011 1099 suos

376 1112 417 1152 in
444 1111 587 1165 gloria:

116 1172 147 1194 ¹²
172 1170 214 1212 Si
235 1177 372 1211 autem
393 1184 474 1212 non
495 1171 709 1220 audierint,
784 1172 1018 1213 transibunt
1038 1186 1109 1226 per
1126 1173 1318 1226 gladium,
1393 1178 1434 1213 et
1453 1180 1743 1214 consumentur
1762 1175 1802 1215 in
1823 1175 2009 1217 stultitia.

116 1231 148 1254 ¹³
173 1229 436 1270 Simulatores
455 1236 496 1271 et
515 1230 648 1271 callidi
666 1236 892 1283 provocant
910 1231 1010 1272 iram
1031 1231 1117 1275 Dei,
1189 1245 1318 1285 neque
1338 1231 1575 1272 clamabunt
1593 1246 1685 1273 cum
1705 1233 1830 1274 vincti
1849 1234 2010 1275 fuerint.

116 1290 148 1313 ¹⁴¹
173 1288 368 1329 Morietur
398 1289 438 1329 in
469 1294 715 1342 tempestate
746 1290 883 1330 anima.
912 1303 1061 1336 eorum,
1147 1296 1187 1330 et
1218 1290 1305 1330 vita
1335 1304 1472 1331 eorum
1504 1291 1608 1331 inter
1638 1291 1902 1332 effeminatos.

117 1349 148 1372 ¹⁵
174 1347 331 1400 Eripiet.
361 1347 410 1388 de
441 1348 630 1401 angustia
659 1361 734 1388 sua
762 1361 993 1401 pauperem,
1079 1354 1120 1389 et
1150 1348 1346 1389 revelabit
1380 1349 1421 1390 in
1452 1349 1714 1391 tribulatione
1746 1363 1883 1390 aurem
1915 1351 2009 1392 eius.

118 1454 152 1476 ¹⁶
178 1452 306 1505 Igitur
337 1451 515 1491 salvabit
546 1456 587 1492 te
621 1452 670 1492 de
704 1464 770 1493 ore
804 1458 976 1505 angusto
1061 1453 1266 1498 latissime,
1302 1459 1343 1494 et
1374 1467 1455 1494 non
1488 1453 1664 1494 habente
1698 1455 2011 1495 fundamentum
2028 1456 2204 1515 {gssguffffi

377 1510 517 1551 subter
545 1523 604 1551 se:
686 1511 842 1564 requies
872 1516 1009 1552 autem
1038 1525 1187 1553 mensae
1216 1519 1297 1553 tuae
1325 1513 1400 1553 erit
1428 1512 1548 1566 plena
1578 1513 1832 1566 pinguedine.
2047 1527 2090 1551 ste
2112 1527 2184 1551 trac-

118 1571 150 1593 ¹⁷
175 1569 307 1610 Causa
333 1575 407 1609 tua
434 1569 549 1623 quasi
575 1569 689 1623 impii
716 1569 897 1611 iudicata
924 1576 995 1617 est,
1078 1584 1241 1611 causam
1275 1571 1548 1625 iudiciumque
1576 1572 1751 1625 recipies.
2076 1563 2150 1591 ‘³⁶³²

117 1630 152 1652 ¹⁸
176 1628 268 1669 Non
282 1634 322 1668 te
337 1641 429 1681 ergo
444 1634 607 1682 superet
620 1629 690 1674 ira.
705 1634 752 1669 ut
766 1628 941 1682 aliquem
958 1630 1181 1683 opprimas:
1245 1643 1317 1671 nec
1331 1630 1553 1672 multitudo
1569 1631 1766 1671 donorum
1782 1631 1946 1672 inclinet
1961 1636 2012 1673 te.

117 1689 152 1711 ¹⁹
174 1687 343 1741 Depone
359 1687 683 1740 magnitudinem
701 1694 815 1728 tuam
833 1688 1277 1742 absquetribulatione,
1346 1696 1386 1730 et
1403 1703 1541 1730 omnes
1557 1690 1745 1731 robustos
1761 1690 2011 1732 fortitudine.

117 1747 154 1770 ²⁰
177 1746 237 1787 Ne
265 1746 480 1799 protrahas
510 1752 683 1793 noctem,
768 1753 815 1787 ut
845 1748 1067 1788 ascendant
1098 1747 1236 1801 populi
1266 1762 1337 1801 pro
1368 1748 1433 1789 eis.

118 1807 148 1829 ²¹
175 1805 282 1846 Cave
315 1818 364 1845 ne
397 1804 571 1846 declines
604 1806 657 1846 ad
688 1805 968 1859 iniquitatem:
1060 1807 1164 1848 hanc
1197 1807 1302 1848 enim
1337 1807 1495 1860 coepisti
1528 1808 1640 1860 sequi
1673 1813 1766 1861 post
1798 1807 2011 1849 miseriam.

117 1865 149 1888 ῃ
176 1864 291 1913 Ecce,
321 1864 432 1905 Deus
461 1864 640 1905 excelsus
672 1864 712 1905 in
741 1865 982 1906 fortitudine
1010 1879 1094 1910 sua.
1178 1872 1219 1906 et
1247 1865 1379 1906 nullus
1408 1866 1442 1906 ei
1471 1866 1609 1907 similis
1637 1867 1678 1907 in
1706 1866 2011 1919 legislatoribus

117 1924 149 1947 ²³
176 1923 274 1971 Quis
298 1923 451 1976 poterit
475 1923 647 1964 scrutari
672 1923 758 1963 vias
783 1924 891 1965 eius?
971 1930 1044 1965 aut
1069 1924 1157 1978 quis
1182 1930 1319 1978 potest
1344 1925 1379 1965 ei
1404 1925 1551 1965 dicere:
1579 1925 1780 1979 Operatus
1805 1939 1845 1966 es
1870 1925 2014 1979 iniqui-

379 1981 533 2023 tatem?

117 2042 149 2065 Μ
173 2040 380 2081 Memento
410 2041 519 2093 quod
545 2041 702 2094 ignores
730 2054 831 2094 opus
859 2042 954 2090 eius,
1038 2043 1087 2083 de
1116 2056 1194 2096 quo
1224 2042 1456 2083 cecinerunt
1482 2043 1569 2084 viri.

116 2100 148 2123 2⁵
175 2098 325 2140 Omnes
353 2098 536 2140 homines
566 2100 708 2140 vident
737 2114 841 2149 eum,
926 2101 1204 2155 unusquisque
1233 2101 1417 2142 intuetur
1444 2101 1595 2155 procul.

116 2205 151 2228 ²⁶
174 2204 290 2253 Ecce,
313 2204 424 2245 Deus
444 2217 615 2257 magnus
637 2204 802 2245 vincens
823 2205 1033 2246 scientiam
1054 2211 1256 2247 nostram:
1331 2219 1522 2247 numerus
1544 2219 1742 2247 annorum
1763 2206 1846 2247 eius
1867 2206 2013 2247 inaesti·
2029 2206 2210 2267 nffiss‘tffiigm

377 2256 548 2305 mabilis.
2067 2277 2119 2302 Dei
2140 2278 2168 2302 m

115 2323 150 2346 2⁷
175 2322 253 2370 Qui
282 2322 415 2363 aufert
443 2322 570 2363 stillas
599 2322 759 2376 pluviae,
843 2328 884 2363 et
912 2323 1087 2364 effundit
1115 2323 1263 2365 imbres
1292 2324 1345 2364 ad
1374 2324 1502 2365 instar
1528 2324 1747 2377 gurgitum.
2035 2313 2199 2372 nssffisse‘

117 2382 151 2405 2⁸
176 2380 253 2429 Qui
283 2381 332 2421 de
361 2381 537 2422 nubibus
570 2381 715 2429 fluunt,
801 2395 891 2436 quae
919 2387 1151 2435 praetexunt
1180 2388 1329 2424 cuncta
1358 2384 1540 2437 desuper.
2047 2381 2183 2447 sissaxssffi.

117 2441 152 2464 ²⁹
174 2439 216 2480 Si
245 2439 419 2481 voluerit
448 2440 666 2481 extendere
695 2440 822 2481 nubes
906 2441 1021 2494 quasi
1050 2442 1273 2483 tentorium
1304 2456 1434 2484 suum.

115 2500 152 2523 ³⁰
175 2498 230 2539 Et
257 2498 460 2552 fulgurare
487 2498 638 2540 lumine
666 2513 738 2540 suo
767 2500 948 2553 desuper,
1032 2501 1214 2542 cardines
1243 2514 1405 2555 quoque
1432 2501 1554 2542 maris
1582 2501 1746 2554 operiet.

115 2559 148 2582 ³¹
174 2557 251 2598 Per
277 2557 362 2598 haec
390 2558 495 2599 enim
524 2558 679 2599 iudicat
706 2558 888 2612 populos,
972 2564 1012 2600 et
1040 2560 1112 2600 dat
1141 2573 1251 2601 escas
1278 2560 1417 2601 multis
1445 2559 1697 2602 mortalibus.

115 2618 148 2641 Ὠ
176 2616 223 2656 In
251 2616 439 2657 manibus
468 2617 682 2658 abscondit
711 2617 854 2667 lucem,
937 2623 979 2659 et
1005 2619 1188 2672 praecipit
1216 2619 1251 2660 ei
1278 2625 1326 2660 ut
1352 2632 1488 2660 rursus
1518 2619 1722 2660 adveniat.

115 2677 149 2700 ³³
174 2675 410 2717 Annunciat
429 2676 478 2716 de
497 2689 545 2717 ea
563 2676 691 2717 amico
711 2690 795 2725 suo,
819 2677 928 2730 quod
946 2678 1142 2731 possessio
1163 2678 1246 2719 eius
1266 2678 1329 2727 sit,
1399 2683 1439 2719 et
1459 2678 1511 2719 ad
1530 2691 1619 2718 eam
1638 2676 1765 2730 possit
1785 2677 2008 2719 ascendere.

116 2733 180 2777 37.
236 2736 250 2758 ¹
277 2734 406 2788 Super
432 2734 508 2776 hoc
536 2735 705 2788 expavit
732 2748 800 2777 cor
826 2749 974 2784 meum,
1058 2741 1099 2777 et
1127 2742 1309 2779 emotum
1338 2742 1399 2778 est
1427 2737 1476 2778 de
1503 2736 1589 2777 loco
1618 2749 1700 2777 suo.

136 2794 151 2817 ²
174 2793 325 2834 Audite
352 2793 603 2835 auditionem
630 2794 671 2834 in
697 2799 847 2836 terrore
869 2795 978 2836 vocis
1006 2795 1101 2845 eius,
1179 2801 1219 2837 et
1247 2809 1391 2838 sonum
1418 2796 1467 2837 de
1490 2808 1555 2837 ore
1582 2794 1684 2835 illius
1711 2794 2009 2847 procedentem.

135 2854 152 2876 ³
174 2852 323 2893 Subter
355 2865 493 2894 omnes
527 2853 642 2894 caelos
674 2852 759 2906 ipse
792 2854 1032 2903 considerat,
1119 2860 1160 2896 et
1191 2854 1329 2896 lumen
1361 2854 1465 2895 illius
1505 2866 1624 2907 super
1656 2852 1848 2894 terminos
1882 2857 2008 2894 terrae.

135 2912 151 2935 4
174 2910 272 2951 Post
287 2924 379 2951 eum
396 2911 527 2965 rugiet
543 2912 711 2961 sonitus,
778 2912 942 2953 tonabit
955 2926 1054 2954 voce
1070 2914 1363 2968 magnitudinis
1380 2926 1472 2961 suae,
1530 2918 1569 2953 et
1587 2925 1668 2953 non
1685 2911 2009 2965 investigabitur,

377 2983 469 3011 cum
498 2971 641 3011 audita
668 2970 791 3012 fuerit
819 2984 901 3013 vox
930 2971 1025 3013 eius.
1233 3013 1236 3017 .

135 3030 150 3052 ⁵
174 3028 351 3070 Tonabit
378 3029 489 3069 Deus
518 3029 560 3070 in
589 3043 687 3071 voce
718 3042 792 3070 sua
819 3029 1068 3080 mirabiliter,
1154 3031 1223 3085 qui
1252 3031 1351 3072 facit
1380 3043 1529 3084 magna
1558 3034 1598 3070 et
1627 3028 1916 3070 inscrutabilia.

136 3088 152 3111 ὃ
175 3087 253 3135 Qui
271 3087 455 3141 praecipit
473 3088 558 3129 nivi
577 3093 624 3129 ut
643 3089 864 3130 descendat
882 3089 923 3129 in
943 3094 1104 3138 terram,
1163 3096 1204 3131 et
1222 3089 1364 3130 hiemis
1384 3089 1542 3143 pluviis,
1563 3088 1603 3129 et
1622 3087 1741 3129 imbri
1759 3087 2011 3129 fortitudinis

377 3160 468 3188 suae.

135 3206 149 3228 ⁷
174 3204 251 3253 Qui
276 3205 317 3245 in
342 3219 467 3246 manu
493 3206 675 3247 omnium
700 3206 912 3248 hominum
938 3207 1083 3261 signat.
1164 3213 1211 3249 ut
1237 3206 1425 3249 noverint
1451 3206 1595 3260 singuli
1621 3218 1743 3259 opera
1767 3218 1851 3246 sua.

135 3265 150 3287 ⁸
175 3263 427 3316 Ingredietur
456 3264 586 3305 bestia
612 3264 841 3314 latibulum,
925 3271 966 3306 et
994 3265 1035 3307 in
1064 3272 1181 3308 antro
1211 3280 1282 3307 suo
1312 3265 1549 3307 morabitur.

135 3324 150 3346 ⁹
174 3321 236 3362 Ab
263 3322 520 3365 interioribus
548 3323 774 3377 egredietur
800 3328 1034 3377 tempestas,
1118 3331 1159 3366 et
1187 3325 1237 3366 ab
1265 3324 1438 3366 Arcturo
1466 3325 1602 3378 frigus.

115 3382 151 3405 ¹⁰
173 3380 317 3422 Flante
344 3382 430 3423 Deo
460 3382 680 3423 concrescit
706 3382 808 3436 gelu,
892 3388 933 3424 et
959 3397 1119 3425 rursum
1146 3383 1353 3424 latissimae
1380 3383 1610 3424 funduntur
1638 3394 1763 3434 aquae.

115 3441 146 3464 ¹¹
172 3439 441 3481 Frumentum
470 3441 673 3482 desiderat
700 3441 840 3484 nubes.
924 3447 964 3483 et
992 3443 1119 3484 nubes
1148 3447 1344 3495 spargunt
1372 3442 1509 3483 lumen
1537 3454 1667 3482 suum.

183 3513 296 3539 Hetze
306 3521 323 3539 n
334 3521 375 3539 au
384 3522 433 3541 er.
458 3515 584 3547 Vulgata
606 3515 794 3542 Clementina.
1283 3538 1286 3541 .
1752 3507 1795 3546 31
