<?xml version="1.0" encoding="UTF-8"?>
<!DOCTYPE html PUBLIC "-//W3C//DTD XHTML 1.0 Transitional//EN"
    "http://www.w3.org/TR/xhtml1/DTD/xhtml1-transitional.dtd">
<html xmlns="http://www.w3.org/1999/xhtml" xml:lang="en" lang="en">
 <head>
  <title>
</title>
<meta http-equiv="Content-Type" content="text/html;charset=utf-8" />
  <meta name='ocr-system' content='tesseract 3.04.00' />
  <meta name='ocr-capabilities' content='ocr_page ocr_carea ocr_par ocr_line ocrx_word'/>
</head>
<body>
  <div class='ocr_page' id='page_1' title='image "./bibliasacravulga00helzuoft_1094.png"; bbox 0 0 2356 3760; ppageno 0'>
   <div class='ocr_carea' id='block_1_1' title="bbox 252 178 2147 221">
    <p class='ocr_par' dir='ltr' id='par_1_1' title="bbox 252 178 2147 221">
     <span class='ocr_line' id='line_1_1' title="bbox 252 178 2147 221; baseline -0.003 -1"><span class='ocrx_word' id='word_1_1' title='bbox 252 180 352 220; x_wconf 79' lang='lat'>1070</span> <span class='ocrx_word' id='word_1_2' title='bbox 942 178 1086 211; x_wconf 68' lang='lat' dir='ltr'>,ierus</span> <span class='ocrx_word' id='word_1_3' title='bbox 1112 178 1454 212; x_wconf 66' lang='lat' dir='ltr'>Aeos&#39;roLonuu</span> <span class='ocrx_word' id='word_1_4' title='bbox 1928 181 1961 221; x_wconf 75' lang='lat'>5,</span> <span class='ocrx_word' id='word_1_5' title='bbox 1986 180 2082 221; x_wconf 74' lang='lat'>1—5.</span> <span class='ocrx_word' id='word_1_6' title='bbox 2108 181 2147 214; x_wconf 88' lang='lat'>31</span> 
     </span>
    </p>
   </div>
   <div class='ocr_carea' id='block_1_2' title="bbox 541 270 1857 323">
    <p class='ocr_par' dir='ltr' id='par_1_2' title="bbox 541 270 1857 323">
     <span class='ocr_line' id='line_1_2' title="bbox 541 270 1857 323; baseline 0 -11"><span class='ocrx_word' id='word_1_7' title='bbox 541 273 579 312; x_wconf 91' lang='lat'>7.</span> <span class='ocrx_word' id='word_1_8' title='bbox 611 272 749 312; x_wconf 87' lang='lat' dir='ltr'>Poena</span> <span class='ocrx_word' id='word_1_9' title='bbox 778 271 1081 311; x_wconf 83' lang='lat' dir='ltr'>formidolosa</span> <span class='ocrx_word' id='word_1_10' title='bbox 1109 270 1295 310; x_wconf 76' lang='lat' dir='ltr'>Ananiae</span> <span class='ocrx_word' id='word_1_11' title='bbox 1327 270 1371 311; x_wconf 86' lang='lat' dir='ltr'>et</span> <span class='ocrx_word' id='word_1_12' title='bbox 1400 270 1624 323; x_wconf 84' lang='lat' dir='ltr'>Saphirae,</span> <span class='ocrx_word' id='word_1_13' title='bbox 1651 271 1691 322; x_wconf 88' lang='grc'>5,</span> <span class='ocrx_word' id='word_1_14' title='bbox 1712 272 1857 313; x_wconf 80' lang='grc'>1-11.</span> 
     </span>
    </p>
   </div>
   <div class='ocr_carea' id='block_1_3' title="bbox 46 340 2155 1279">
    <p class='ocr_par' dir='ltr' id='par_1_3' title="bbox 46 340 2155 1279">
     <span class='ocr_line' id='line_1_3' title="bbox 73 340 2151 405; baseline 0.001 -22"><span class='ocrx_word' id='word_1_15' title='bbox 73 345 203 405; x_wconf 38' lang='grc' dir='ltr'>[ζῇζῧὲξξξῖ</span> <span class='ocrx_word' id='word_1_16' title='bbox 349 343 386 386; x_wconf 95' lang='grc'>5.</span> <span class='ocrx_word' id='word_1_17' title='bbox 443 345 453 366; x_wconf 91' lang='lat'>¹</span> <span class='ocrx_word' id='word_1_18' title='bbox 489 342 557 383; x_wconf 85' lang='lat' dir='ltr'>Vir</span> <span class='ocrx_word' id='word_1_19' title='bbox 588 348 722 382; x_wconf 82' lang='lat' dir='ltr'>autem</span> <span class='ocrx_word' id='word_1_20' title='bbox 759 341 922 394; x_wconf 78' lang='lat' dir='ltr'>quidam</span> <span class='ocrx_word' id='word_1_21' title='bbox 957 340 1121 381; x_wconf 89' lang='lat' dir='ltr'>nomine</span> <span class='ocrx_word' id='word_1_22' title='bbox 1152 340 1345 391; x_wconf 87' lang='lat' dir='ltr'>Ananias,</span> <span class='ocrx_word' id='word_1_23' title='bbox 1379 355 1470 382; x_wconf 90' lang='lat' dir='ltr'>cum</span> <span class='ocrx_word' id='word_1_24' title='bbox 1502 341 1676 395; x_wconf 79' lang='lat' dir='ltr'>Sapliira</span> <span class='ocrx_word' id='word_1_25' title='bbox 1706 355 1831 383; x_wconf 88' lang='lat' dir='ltr'>uxore</span> <span class='ocrx_word' id='word_1_26' title='bbox 1862 356 1936 384; x_wconf 88' lang='lat' dir='ltr'>sua</span> <span class='ocrx_word' id='word_1_27' title='bbox 1966 343 2151 385; x_wconf 86' lang='lat' dir='ltr'>vendidit</span> 
     </span>
     <span class='ocr_line' id='line_1_4' title="bbox 99 397 2151 456; baseline 0.002 -17"><span class='ocrx_word' id='word_1_28' title='bbox 99 397 102 403; x_wconf 83' lang='lat'>&#39;</span> <span class='ocrx_word' id='word_1_29' title='bbox 124 418 152 439; x_wconf 57' lang='lat' dir='ltr'>vt</span> <span class='ocrx_word' id='word_1_30' title='bbox 172 451 177 455; x_wconf 29' lang='grc' dir='ltr'>Ι</span> <span class='ocrx_word' id='word_1_31' title='bbox 245 415 399 454; x_wconf 69' lang='lat' dir='ltr'>agrum,</span> <span class='ocrx_word' id='word_1_32' title='bbox 441 404 456 426; x_wconf 77' lang='lat'><strong>2</strong></span> <span class='ocrx_word' id='word_1_33' title='bbox 471 407 512 442; x_wconf 89' lang='lat' dir='ltr'>et</span> <span class='ocrx_word' id='word_1_34' title='bbox 526 400 733 442; x_wconf 73' lang='lat' dir='ltr'>fraudavit</span> <span class='ocrx_word' id='word_1_35' title='bbox 750 400 798 439; x_wconf 84' lang='lat' dir='ltr'>de</span> <span class='ocrx_word' id='word_1_36' title='bbox 814 399 944 452; x_wconf 85' lang='lat' dir='ltr'>pretio</span> <span class='ocrx_word' id='word_1_37' title='bbox 960 399 1056 449; x_wconf 68' lang='lat' dir='ltr'>agri,</span> <span class='ocrx_word' id='word_1_38' title='bbox 1074 399 1235 441; x_wconf 85' lang='lat' dir='ltr'>conseia</span> <span class='ocrx_word' id='word_1_39' title='bbox 1249 413 1375 441; x_wconf 86' lang='lat' dir='ltr'>uxore</span> <span class='ocrx_word' id='word_1_40' title='bbox 1389 414 1458 441; x_wconf 87' lang='lat' dir='ltr'>sua</span> <span class='ocrx_word' id='word_1_41' title='bbox 1473 416 1480 441; x_wconf 89' lang='lat'><strong>:</strong></span> <span class='ocrx_word' id='word_1_42' title='bbox 1497 407 1538 441; x_wconf 87' lang='lat' dir='ltr'>et</span> <span class='ocrx_word' id='word_1_43' title='bbox 1553 401 1724 441; x_wconf 74' lang='lat' dir='ltr'>asse-rens</span> <span class='ocrx_word' id='word_1_44' title='bbox 1740 406 1898 454; x_wconf 84' lang='lat' dir='ltr'>partem</span> <span class='ocrx_word' id='word_1_45' title='bbox 1915 404 2151 456; x_wconf 87' lang='lat' dir='ltr'>quamdam,</span> 
     </span>
     <span class='ocr_line' id='line_1_5' title="bbox 46 451 937 514; baseline -0.001 -14"><span class='ocrx_word' id='word_1_46' title='bbox 46 451 294 501; x_wconf 58' lang='lat' dir='ltr'>¹¹¹⁰¹¹⁶³⁰¹¹¹¹¹¹ad</span> <span class='ocrx_word' id='word_1_47' title='bbox 323 462 443 514; x_wconf 82' lang='lat' dir='ltr'>pedes</span> <span class='ocrx_word' id='word_1_48' title='bbox 471 459 760 514; x_wconf 81' lang='lat' dir='ltr'>Apostolorum</span> <span class='ocrx_word' id='word_1_49' title='bbox 789 458 937 511; x_wconf 87' lang='lat' dir='ltr'>posuit.</span> 
     </span>
     <span class='ocr_line' id='line_1_6' title="bbox 76 517 2153 580; baseline 0 -20"><span class='ocrx_word' id='word_1_50' title='bbox 76 520 202 580; x_wconf 38' lang='lat' dir='ltr'>figffifff</span> <span class='ocrx_word' id='word_1_51' title='bbox 348 522 363 544; x_wconf 76' lang='lat'>³</span> <span class='ocrx_word' id='word_1_52' title='bbox 380 519 491 560; x_wconf 75' lang='lat' dir='ltr'>Dixit</span> <span class='ocrx_word' id='word_1_53' title='bbox 514 524 648 559; x_wconf 86' lang='lat' dir='ltr'>autem</span> <span class='ocrx_word' id='word_1_54' title='bbox 673 517 834 557; x_wconf 82' lang='lat' dir='ltr'>Petrus:</span> <span class='ocrx_word' id='word_1_55' title='bbox 853 517 1025 567; x_wconf 85' lang='lat' dir='ltr'>Anania,</span> <span class='ocrx_word' id='word_1_56' title='bbox 1045 531 1116 558; x_wconf 84' lang='lat' dir='ltr'>eur</span> <span class='ocrx_word' id='word_1_57' title='bbox 1132 518 1309 559; x_wconf 87' lang='lat' dir='ltr'>tentavit</span> <span class='ocrx_word' id='word_1_58' title='bbox 1329 524 1495 559; x_wconf 83' lang='lat' dir='ltr'>satanas</span> <span class='ocrx_word' id='word_1_59' title='bbox 1513 532 1580 561; x_wconf 87' lang='lat' dir='ltr'>eor</span> <span class='ocrx_word' id='word_1_60' title='bbox 1598 525 1728 567; x_wconf 82' lang='lat' dir='ltr'>tiunn,</span> <span class='ocrx_word' id='word_1_61' title='bbox 1746 518 1910 560; x_wconf 87' lang='lat' dir='ltr'>mentiri</span> <span class='ocrx_word' id='word_1_62' title='bbox 1927 523 1968 560; x_wconf 86' lang='lat' dir='ltr'>te</span> <span class='ocrx_word' id='word_1_63' title='bbox 1983 519 2153 573; x_wconf 86' lang='lat' dir='ltr'>Spiritui</span> 
     </span>
     <span class='ocr_line' id='line_1_7' title="bbox 70 575 2149 629; baseline 0 -10"><span class='ocrx_word' id='word_1_64' title='bbox 70 591 207 619; x_wconf 61' lang='lat' dir='ltr'>i³luetitur</span> <span class='ocrx_word' id='word_1_65' title='bbox 245 584 399 622; x_wconf 79' lang='lat' dir='ltr'>sancto.</span> <span class='ocrx_word' id='word_1_66' title='bbox 424 587 458 618; x_wconf 82' lang='lat' dir='ltr'>et</span> <span class='ocrx_word' id='word_1_67' title='bbox 486 577 674 617; x_wconf 77' lang='lat' dir='ltr'>fraudare</span> <span class='ocrx_word' id='word_1_68' title='bbox 697 576 745 616; x_wconf 86' lang='lat' dir='ltr'>de</span> <span class='ocrx_word' id='word_1_69' title='bbox 768 575 898 629; x_wconf 84' lang='lat' dir='ltr'>pretio</span> <span class='ocrx_word' id='word_1_70' title='bbox 921 575 1029 629; x_wconf 78' lang='lat' dir='ltr'>agri?</span> <span class='ocrx_word' id='word_1_71' title='bbox 1079 578 1094 601; x_wconf 72' lang='lat'><strong>⁴</strong></span> <span class='ocrx_word' id='word_1_72' title='bbox 1118 577 1262 618; x_wconf 87' lang='lat' dir='ltr'>Nonne</span> <span class='ocrx_word' id='word_1_73' title='bbox 1283 590 1453 618; x_wconf 86' lang='lat' dir='ltr'>manens</span> <span class='ocrx_word' id='word_1_74' title='bbox 1476 578 1549 618; x_wconf 87' lang='lat' dir='ltr'>tibi</span> <span class='ocrx_word' id='word_1_75' title='bbox 1573 578 1782 627; x_wconf 79' lang='lat' dir='ltr'>manebat,</span> <span class='ocrx_word' id='word_1_76' title='bbox 1806 583 1847 618; x_wconf 89' lang='lat' dir='ltr'>et</span> <span class='ocrx_word' id='word_1_77' title='bbox 1868 580 2149 620; x_wconf 87' lang='lat' dir='ltr'>venundatum</span> 
     </span>
     <span class='ocr_line' id='line_1_8' title="bbox 242 635 2152 689; baseline 0 -11"><span class='ocrx_word' id='word_1_78' title='bbox 242 637 281 678; x_wconf 90' lang='lat' dir='ltr'>in</span> <span class='ocrx_word' id='word_1_79' title='bbox 313 643 385 678; x_wconf 84' lang='lat' dir='ltr'>tua</span> <span class='ocrx_word' id='word_1_80' title='bbox 416 641 502 676; x_wconf 74' lang='lat' dir='ltr'>erat</span> <span class='ocrx_word' id='word_1_81' title='bbox 531 635 762 689; x_wconf 74' lang='lat' dir='ltr'>potestate?</span> <span class='ocrx_word' id='word_1_82' title='bbox 795 635 928 683; x_wconf 80' lang='lat' dir='ltr'>Quare</span> <span class='ocrx_word' id='word_1_83' title='bbox 958 635 1130 688; x_wconf 83' lang='lat' dir='ltr'>posuisti</span> <span class='ocrx_word' id='word_1_84' title='bbox 1160 635 1200 676; x_wconf 90' lang='lat' dir='ltr'>in</span> <span class='ocrx_word' id='word_1_85' title='bbox 1232 637 1351 677; x_wconf 88' lang='lat' dir='ltr'>corde</span> <span class='ocrx_word' id='word_1_86' title='bbox 1382 641 1454 677; x_wconf 89' lang='lat' dir='ltr'>tuo</span> <span class='ocrx_word' id='word_1_87' title='bbox 1484 636 1589 677; x_wconf 86' lang='lat' dir='ltr'>hanc</span> <span class='ocrx_word' id='word_1_88' title='bbox 1620 636 1728 677; x_wconf 82' lang='lat' dir='ltr'>rem?</span> <span class='ocrx_word' id='word_1_89' title='bbox 1763 637 1853 678; x_wconf 90' lang='lat' dir='ltr'>Non</span> <span class='ocrx_word' id='word_1_90' title='bbox 1885 651 1925 677; x_wconf 91' lang='lat' dir='ltr'>es</span> <span class='ocrx_word' id='word_1_91' title='bbox 1955 637 2152 679; x_wconf 86' lang='lat' dir='ltr'>mentitus</span> 
     </span>
     <span class='ocr_line' id='line_1_9' title="bbox 244 693 2151 750; baseline 0.001 -14"><span class='ocrx_word' id='word_1_92' title='bbox 244 696 487 739; x_wconf 82' lang='lat' dir='ltr'>hominibus.</span> <span class='ocrx_word' id='word_1_93' title='bbox 517 695 586 735; x_wconf 85' lang='lat' dir='ltr'>sed</span> <span class='ocrx_word' id='word_1_94' title='bbox 615 695 714 734; x_wconf 77' lang='lat' dir='ltr'>Deo.</span> <span class='ocrx_word' id='word_1_95' title='bbox 770 696 784 717; x_wconf 76' lang='lat'>⁵</span> <span class='ocrx_word' id='word_1_96' title='bbox 814 693 993 735; x_wconf 87' lang='lat' dir='ltr'>Audiens</span> <span class='ocrx_word' id='word_1_97' title='bbox 1022 700 1159 735; x_wconf 86' lang='lat' dir='ltr'>autem</span> <span class='ocrx_word' id='word_1_98' title='bbox 1190 694 1370 735; x_wconf 80' lang='lat' dir='ltr'><strong>Ananias</strong></span> <span class='ocrx_word' id='word_1_99' title='bbox 1399 695 1481 735; x_wconf 83' lang='lat' dir='ltr'>haee</span> <span class='ocrx_word' id='word_1_100' title='bbox 1511 697 1649 745; x_wconf 86' lang='lat' dir='ltr'>verba,</span> <span class='ocrx_word' id='word_1_101' title='bbox 1679 695 1836 745; x_wconf 89' lang='lat' dir='ltr'>cecidit,</span> <span class='ocrx_word' id='word_1_102' title='bbox 1866 701 1908 736; x_wconf 89' lang='lat' dir='ltr'>et</span> <span class='ocrx_word' id='word_1_103' title='bbox 1935 696 2151 750; x_wconf 88' lang='lat' dir='ltr'>expiravit.</span> 
     </span>
     <span class='ocr_line' id='line_1_10' title="bbox 249 753 2152 807; baseline 0.001 -12"><span class='ocrx_word' id='word_1_104' title='bbox 249 755 297 795; x_wconf 72' lang='lat' dir='ltr'>Et</span> <span class='ocrx_word' id='word_1_105' title='bbox 319 755 332 794; x_wconf 75' lang='lat' dir='ltr'>s</span> <span class='ocrx_word' id='word_1_106' title='bbox 335 761 449 795; x_wconf 82' lang='lat' dir='ltr'>aetus</span> <span class='ocrx_word' id='word_1_107' title='bbox 469 759 529 794; x_wconf 82' lang='lat' dir='ltr'>est</span> <span class='ocrx_word' id='word_1_108' title='bbox 549 753 672 794; x_wconf 84' lang='lat' dir='ltr'>timor</span> <span class='ocrx_word' id='word_1_109' title='bbox 689 766 861 804; x_wconf 68' lang='lat' dir='ltr'>magnus</span> <span class='ocrx_word' id='word_1_110' title='bbox 880 766 1001 806; x_wconf 90' lang='lat' dir='ltr'>super</span> <span class='ocrx_word' id='word_1_111' title='bbox 1019 766 1169 797; x_wconf 82' lang='lat' dir='ltr'>omnes.</span> <span class='ocrx_word' id='word_1_112' title='bbox 1191 753 1260 806; x_wconf 85' lang='lat' dir='ltr'>qui</span> <span class='ocrx_word' id='word_1_113' title='bbox 1279 753 1509 795; x_wconf 88' lang='lat' dir='ltr'>audierunt.</span> <span class='ocrx_word' id='word_1_114' title='bbox 1559 756 1575 777; x_wconf 73' lang='lat'><strong>⁶</strong></span> <span class='ocrx_word' id='word_1_115' title='bbox 1592 755 1811 807; x_wconf 58' lang='lat' dir='ltr'>§urgentes</span> <span class='ocrx_word' id='word_1_116' title='bbox 1830 760 1967 796; x_wconf 86' lang='lat' dir='ltr'>autem</span> <span class='ocrx_word' id='word_1_117' title='bbox 1986 755 2152 796; x_wconf 87' lang='lat' dir='ltr'>iuvenes</span> 
     </span>
     <span class='ocr_line' id='line_1_11' title="bbox 244 812 1229 866; baseline 0.001 -13"><span class='ocrx_word' id='word_1_118' title='bbox 244 818 489 854; x_wconf 77' lang='lat' dir='ltr'>anroverunt</span> <span class='ocrx_word' id='word_1_119' title='bbox 519 826 624 862; x_wconf 80' lang='lat' dir='ltr'>euin,</span> <span class='ocrx_word' id='word_1_120' title='bbox 657 817 697 852; x_wconf 88' lang='lat' dir='ltr'>et</span> <span class='ocrx_word' id='word_1_121' title='bbox 728 812 940 853; x_wconf 76' lang='lat' dir='ltr'><strong>efferentes</strong></span> <span class='ocrx_word' id='word_1_122' title='bbox 971 812 1229 866; x_wconf 86' lang='lat' dir='ltr'>sepelierunt.</span> 
     </span>
     <span class='ocr_line' id='line_1_12' title="bbox 48 871 2153 929; baseline 0 -16"><span class='ocrx_word' id='word_1_123' title='bbox 48 871 226 929; x_wconf 44' lang='grc' dir='ltr'>’Ἰξᾞξξῐζζῇῗῖ</span> <span class='ocrx_word' id='word_1_124' title='bbox 351 874 364 896; x_wconf 82' lang='lat'>⁷</span> <span class='ocrx_word' id='word_1_125' title='bbox 394 872 567 913; x_wconf 71' lang='lat' dir='ltr'>Factum</span> <span class='ocrx_word' id='word_1_126' title='bbox 598 876 660 912; x_wconf 89' lang='lat' dir='ltr'>est</span> <span class='ocrx_word' id='word_1_127' title='bbox 689 876 828 912; x_wconf 86' lang='lat' dir='ltr'>autem</span> <span class='ocrx_word' id='word_1_128' title='bbox 859 871 973 925; x_wconf 86' lang='lat' dir='ltr'>quasi</span> <span class='ocrx_word' id='word_1_129' title='bbox 1004 871 1194 912; x_wconf 87' lang='lat' dir='ltr'>horarum</span> <span class='ocrx_word' id='word_1_130' title='bbox 1227 871 1349 912; x_wconf 90' lang='lat' dir='ltr'>trium</span> <span class='ocrx_word' id='word_1_131' title='bbox 1380 872 1573 925; x_wconf 84' lang='lat' dir='ltr'>spatium,</span> <span class='ocrx_word' id='word_1_132' title='bbox 1605 877 1646 913; x_wconf 90' lang='lat' dir='ltr'>et</span> <span class='ocrx_word' id='word_1_133' title='bbox 1675 886 1777 914; x_wconf 86' lang='lat' dir='ltr'>uxor</span> <span class='ocrx_word' id='word_1_134' title='bbox 1805 872 1942 926; x_wconf 87' lang='lat' dir='ltr'>ipsius,</span> <span class='ocrx_word' id='word_1_135' title='bbox 1974 873 2153 914; x_wconf 90' lang='lat' dir='ltr'>nesciens</span> 
     </span>
     <span class='ocr_line' id='line_1_13' title="bbox 74 929 2153 984; baseline 0.001 -13"><span class='ocrx_word' id='word_1_136' title='bbox 74 947 198 964; x_wconf 57' lang='lat' dir='ltr'>vonwrs-</span> <span class='ocrx_word' id='word_1_137' title='bbox 245 932 355 984; x_wconf 87' lang='lat' dir='ltr'>quod</span> <span class='ocrx_word' id='word_1_138' title='bbox 378 931 532 972; x_wconf 81' lang='lat' dir='ltr'>factum</span> <span class='ocrx_word' id='word_1_139' title='bbox 561 930 707 977; x_wconf 73' lang='lat' dir='ltr'>fuerat,</span> <span class='ocrx_word' id='word_1_140' title='bbox 733 929 933 971; x_wconf 90' lang='lat' dir='ltr'>introivit.</span> <span class='ocrx_word' id='word_1_141' title='bbox 989 932 1004 953; x_wconf 73' lang='lat'>8</span> <span class='ocrx_word' id='word_1_142' title='bbox 1028 930 1146 971; x_wconf 82' lang='lat' dir='ltr'>Dixit</span> <span class='ocrx_word' id='word_1_143' title='bbox 1170 936 1308 971; x_wconf 89' lang='lat' dir='ltr'>autem</span> <span class='ocrx_word' id='word_1_144' title='bbox 1335 931 1366 971; x_wconf 90' lang='lat' dir='ltr'>ei</span> <span class='ocrx_word' id='word_1_145' title='bbox 1394 931 1557 972; x_wconf 85' lang='lat' dir='ltr'>Petrus:</span> <span class='ocrx_word' id='word_1_146' title='bbox 1584 931 1660 972; x_wconf 87' lang='lat' dir='ltr'>Dic</span> <span class='ocrx_word' id='word_1_147' title='bbox 1683 931 1784 971; x_wconf 91' lang='lat' dir='ltr'>mihi</span> <span class='ocrx_word' id='word_1_148' title='bbox 1807 931 1963 981; x_wconf 89' lang='lat' dir='ltr'>mulier,</span> <span class='ocrx_word' id='word_1_149' title='bbox 1989 931 2021 972; x_wconf 93' lang='lat' dir='ltr'>si</span> <span class='ocrx_word' id='word_1_150' title='bbox 2046 932 2153 973; x_wconf 87' lang='lat' dir='ltr'>tanti</span> 
     </span>
     <span class='ocr_line' id='line_1_14' title="bbox 243 988 2154 1045; baseline 0.001 -15"><span class='ocrx_word' id='word_1_151' title='bbox 243 1004 383 1043; x_wconf 62' lang='lat' dir='ltr'>agrum</span> <span class='ocrx_word' id='word_1_152' title='bbox 404 988 669 1031; x_wconf 70' lang='lat' dir='ltr'>vendidistis?</span> <span class='ocrx_word' id='word_1_153' title='bbox 691 989 747 1029; x_wconf 85' lang='lat' dir='ltr'>At</span> <span class='ocrx_word' id='word_1_154' title='bbox 765 988 833 1029; x_wconf 89' lang='lat' dir='ltr'>illa</span> <span class='ocrx_word' id='word_1_155' title='bbox 851 988 974 1030; x_wconf 83' lang='lat' dir='ltr'>dixit:</span> <span class='ocrx_word' id='word_1_156' title='bbox 995 988 1133 1030; x_wconf 88' lang='lat' dir='ltr'>Etiam</span> <span class='ocrx_word' id='word_1_157' title='bbox 1154 989 1274 1031; x_wconf 89' lang='lat' dir='ltr'>tanti.</span> <span class='ocrx_word' id='word_1_158' title='bbox 1324 992 1340 1014; x_wconf 82' lang='lat'>⁹</span> <span class='ocrx_word' id='word_1_159' title='bbox 1358 990 1504 1031; x_wconf 83' lang='lat' dir='ltr'>Petrus</span> <span class='ocrx_word' id='word_1_160' title='bbox 1524 995 1663 1031; x_wconf 88' lang='lat' dir='ltr'>autem</span> <span class='ocrx_word' id='word_1_161' title='bbox 1683 991 1735 1031; x_wconf 88' lang='lat' dir='ltr'>ad</span> <span class='ocrx_word' id='word_1_162' title='bbox 1755 1004 1863 1031; x_wconf 87' lang='lat' dir='ltr'>eam:</span> <span class='ocrx_word' id='word_1_163' title='bbox 1885 990 1992 1039; x_wconf 87' lang='lat' dir='ltr'>Quid</span> <span class='ocrx_word' id='word_1_164' title='bbox 2011 990 2154 1045; x_wconf 86' lang='lat' dir='ltr'>utique</span> 
     </span>
     <span class='ocr_line' id='line_1_15' title="bbox 241 1046 2152 1103; baseline 0.001 -14"><span class='ocrx_word' id='word_1_165' title='bbox 241 1049 432 1091; x_wconf 77' lang='lat' dir='ltr'>convenit</span> <span class='ocrx_word' id='word_1_166' title='bbox 457 1048 573 1090; x_wconf 84' lang='lat' dir='ltr'>vobis</span> <span class='ocrx_word' id='word_1_167' title='bbox 595 1053 755 1089; x_wconf 82' lang='lat' dir='ltr'>tentare</span> <span class='ocrx_word' id='word_1_168' title='bbox 777 1046 974 1101; x_wconf 85' lang='lat' dir='ltr'>Spiritum</span> <span class='ocrx_word' id='word_1_169' title='bbox 998 1048 1189 1089; x_wconf 79' lang='lat' dir='ltr'>Domini?</span> <span class='ocrx_word' id='word_1_170' title='bbox 1214 1049 1318 1090; x_wconf 86' lang='lat' dir='ltr'>Ecce</span> <span class='ocrx_word' id='word_1_171' title='bbox 1340 1050 1462 1102; x_wconf 90' lang='lat' dir='ltr'>pedes</span> <span class='ocrx_word' id='word_1_172' title='bbox 1485 1063 1637 1098; x_wconf 83' lang='lat' dir='ltr'>eorum,</span> <span class='ocrx_word' id='word_1_173' title='bbox 1662 1049 1731 1103; x_wconf 91' lang='lat' dir='ltr'>qui</span> <span class='ocrx_word' id='word_1_174' title='bbox 1753 1049 1998 1103; x_wconf 88' lang='lat' dir='ltr'>sepelierunt</span> <span class='ocrx_word' id='word_1_175' title='bbox 2019 1050 2152 1091; x_wconf 86' lang='lat' dir='ltr'>virum</span> 
     </span>
     <span class='ocr_line' id='line_1_16' title="bbox 242 1107 2152 1163; baseline 0.001 -15"><span class='ocrx_word' id='word_1_176' title='bbox 242 1114 358 1149; x_wconf 85' lang='lat' dir='ltr'>tuum</span> <span class='ocrx_word' id='word_1_177' title='bbox 384 1109 435 1149; x_wconf 91' lang='lat' dir='ltr'>ad</span> <span class='ocrx_word' id='word_1_178' title='bbox 460 1107 622 1153; x_wconf 80' lang='lat' dir='ltr'>ostium,</span> <span class='ocrx_word' id='word_1_179' title='bbox 648 1112 685 1148; x_wconf 84' lang='lat' dir='ltr'>et</span> <span class='ocrx_word' id='word_1_180' title='bbox 713 1107 882 1148; x_wconf 70' lang='lat' dir='ltr'>efferent</span> <span class='ocrx_word' id='word_1_181' title='bbox 904 1112 956 1148; x_wconf 89' lang='lat' dir='ltr'>te.</span> <span class='ocrx_word' id='word_1_182' title='bbox 1010 1109 1044 1131; x_wconf 82' lang='lat'>¹⁰</span> <span class='ocrx_word' id='word_1_183' title='bbox 1068 1107 1292 1149; x_wconf 76' lang='lat' dir='ltr'>Confestim</span> <span class='ocrx_word' id='word_1_184' title='bbox 1316 1107 1463 1149; x_wconf 90' lang='lat' dir='ltr'>cecidit</span> <span class='ocrx_word' id='word_1_185' title='bbox 1485 1113 1581 1149; x_wconf 89' lang='lat' dir='ltr'>ante</span> <span class='ocrx_word' id='word_1_186' title='bbox 1604 1109 1726 1162; x_wconf 89' lang='lat' dir='ltr'>pedes</span> <span class='ocrx_word' id='word_1_187' title='bbox 1751 1108 1847 1158; x_wconf 87' lang='lat' dir='ltr'>eius,</span> <span class='ocrx_word' id='word_1_188' title='bbox 1872 1113 1914 1150; x_wconf 88' lang='lat' dir='ltr'>et</span> <span class='ocrx_word' id='word_1_189' title='bbox 1936 1108 2152 1163; x_wconf 79' lang='lat' dir='ltr'>expiravit.</span> 
     </span>
     <span class='ocr_line' id='line_1_17' title="bbox 249 1165 2155 1222; baseline 0.001 -15"><span class='ocrx_word' id='word_1_190' title='bbox 249 1167 450 1208; x_wconf 86' lang='lat' dir='ltr'>[ntrantes</span> <span class='ocrx_word' id='word_1_191' title='bbox 478 1173 615 1207; x_wconf 89' lang='lat' dir='ltr'>autem</span> <span class='ocrx_word' id='word_1_192' title='bbox 643 1166 808 1207; x_wconf 85' lang='lat' dir='ltr'>iuvenes</span> <span class='ocrx_word' id='word_1_193' title='bbox 835 1165 1081 1207; x_wconf 89' lang='lat' dir='ltr'>invenerunt</span> <span class='ocrx_word' id='word_1_194' title='bbox 1106 1166 1217 1208; x_wconf 88' lang='lat' dir='ltr'>illam</span> <span class='ocrx_word' id='word_1_195' title='bbox 1243 1172 1471 1209; x_wconf 88' lang='lat' dir='ltr'>mortuam:</span> <span class='ocrx_word' id='word_1_196' title='bbox 1499 1172 1541 1208; x_wconf 90' lang='lat' dir='ltr'>et</span> <span class='ocrx_word' id='word_1_197' title='bbox 1566 1167 1814 1217; x_wconf 88' lang='lat' dir='ltr'>extulerunt,</span> <span class='ocrx_word' id='word_1_198' title='bbox 1842 1172 1884 1208; x_wconf 90' lang='lat' dir='ltr'>et</span> <span class='ocrx_word' id='word_1_199' title='bbox 1909 1167 2155 1222; x_wconf 87' lang='lat' dir='ltr'>sepelierunt</span> 
     </span>
     <span class='ocr_line' id='line_1_18' title="bbox 241 1225 2152 1279; baseline 0.001 -13"><span class='ocrx_word' id='word_1_200' title='bbox 241 1227 293 1267; x_wconf 88' lang='lat' dir='ltr'>ad</span> <span class='ocrx_word' id='word_1_201' title='bbox 319 1226 450 1267; x_wconf 87' lang='lat' dir='ltr'>virum</span> <span class='ocrx_word' id='word_1_202' title='bbox 475 1240 607 1267; x_wconf 87' lang='lat' dir='ltr'>suum.</span> <span class='ocrx_word' id='word_1_203' title='bbox 662 1228 688 1249; x_wconf 91' lang='lat'>¹¹</span> <span class='ocrx_word' id='word_1_204' title='bbox 717 1225 773 1266; x_wconf 87' lang='lat' dir='ltr'>Et</span> <span class='ocrx_word' id='word_1_205' title='bbox 796 1225 930 1266; x_wconf 81' lang='lat' dir='ltr'>factus</span> <span class='ocrx_word' id='word_1_206' title='bbox 956 1231 1017 1266; x_wconf 89' lang='lat' dir='ltr'>est</span> <span class='ocrx_word' id='word_1_207' title='bbox 1041 1225 1165 1267; x_wconf 90' lang='lat' dir='ltr'>timor</span> <span class='ocrx_word' id='word_1_208' title='bbox 1187 1239 1360 1279; x_wconf 77' lang='lat' dir='ltr'>magnus</span> <span class='ocrx_word' id='word_1_209' title='bbox 1384 1225 1425 1266; x_wconf 90' lang='lat' dir='ltr'>in</span> <span class='ocrx_word' id='word_1_210' title='bbox 1450 1226 1642 1267; x_wconf 80' lang='lat' dir='ltr'>universa</span> <span class='ocrx_word' id='word_1_211' title='bbox 1665 1225 1841 1276; x_wconf 86' lang='lat' dir='ltr'>ecclesia,</span> <span class='ocrx_word' id='word_1_212' title='bbox 1868 1231 1911 1267; x_wconf 89' lang='lat' dir='ltr'>et</span> <span class='ocrx_word' id='word_1_213' title='bbox 1933 1226 1973 1267; x_wconf 90' lang='lat' dir='ltr'>in</span> <span class='ocrx_word' id='word_1_214' title='bbox 2000 1240 2152 1276; x_wconf 80' lang='lat' dir='ltr'>omnes,</span> 
     </span>
    </p>
   </div>
   <div class='ocr_carea' id='block_1_4' title="bbox 242 1285 684 1339">
    <p class='ocr_par' dir='ltr' id='par_1_4' title="bbox 242 1285 684 1339">
     <span class='ocr_line' id='line_1_19' title="bbox 242 1285 684 1339; baseline -0.002 -13"><span class='ocrx_word' id='word_1_215' title='bbox 242 1285 309 1339; x_wconf 90' lang='lat' dir='ltr'>qui</span> <span class='ocrx_word' id='word_1_216' title='bbox 340 1285 560 1326; x_wconf 85' lang='lat' dir='ltr'>audierunt</span> <span class='ocrx_word' id='word_1_217' title='bbox 589 1285 684 1326; x_wconf 81' lang='lat' dir='ltr'>haec.</span> 
     </span>
    </p>
   </div>
   <div class='ocr_carea' id='block_1_5' title="bbox 618 1388 1782 1442">
    <p class='ocr_par' dir='ltr' id='par_1_5' title="bbox 618 1388 1782 1442">
     <span class='ocr_line' id='line_1_20' title="bbox 618 1388 1782 1442; baseline 0.002 -13"><span class='ocrx_word' id='word_1_218' title='bbox 618 1390 656 1429; x_wconf 88' lang='lat'>8.</span> <span class='ocrx_word' id='word_1_219' title='bbox 687 1388 1014 1430; x_wconf 74' lang='lat' dir='ltr'>incrementum</span> <span class='ocrx_word' id='word_1_220' title='bbox 1046 1390 1251 1430; x_wconf 80' lang='lat' dir='ltr'>ecclesiae</span> <span class='ocrx_word' id='word_1_221' title='bbox 1283 1390 1520 1442; x_wconf 77' lang='lat' dir='ltr'>mirabilis,</span> <span class='ocrx_word' id='word_1_222' title='bbox 1551 1391 1590 1441; x_wconf 88' lang='grc'>5,</span> <span class='ocrx_word' id='word_1_223' title='bbox 1609 1391 1672 1430; x_wconf 88' lang='grc'>12-</span> <span class='ocrx_word' id='word_1_224' title='bbox 1716 1391 1782 1431; x_wconf 84' lang='grc'>16.</span> 
     </span>
    </p>
   </div>
   <div class='ocr_carea' id='block_1_6' title="bbox 32 1459 2155 1572">
    <p class='ocr_par' dir='ltr' id='par_1_6' title="bbox 32 1459 2155 1572">
     <span class='ocr_line' id='line_1_21' title="bbox 32 1459 2153 1526; baseline 0.001 -25"><span class='ocrx_word' id='word_1_225' title='bbox 32 1462 231 1526; x_wconf 48' lang='lat' dir='ltr'>upggffllffgm</span> <span class='ocrx_word' id='word_1_226' title='bbox 347 1464 376 1485; x_wconf 72' lang='lat'>¹²</span> <span class='ocrx_word' id='word_1_227' title='bbox 410 1462 482 1501; x_wconf 81' lang='lat' dir='ltr'>Per</span> <span class='ocrx_word' id='word_1_228' title='bbox 509 1473 657 1501; x_wconf 86' lang='lat' dir='ltr'>manus</span> <span class='ocrx_word' id='word_1_229' title='bbox 684 1465 823 1500; x_wconf 89' lang='lat' dir='ltr'>autem</span> <span class='ocrx_word' id='word_1_230' title='bbox 852 1459 1143 1513; x_wconf 80' lang='lat' dir='ltr'>Apostolorum</span> <span class='ocrx_word' id='word_1_231' title='bbox 1173 1460 1329 1501; x_wconf 88' lang='lat' dir='ltr'>fiebant</span> <span class='ocrx_word' id='word_1_232' title='bbox 1356 1460 1482 1514; x_wconf 82' lang='lat' dir='ltr'>signa,</span> <span class='ocrx_word' id='word_1_233' title='bbox 1513 1465 1555 1502; x_wconf 87' lang='lat' dir='ltr'>et</span> <span class='ocrx_word' id='word_1_234' title='bbox 1582 1460 1768 1515; x_wconf 85' lang='lat' dir='ltr'>prodigia</span> <span class='ocrx_word' id='word_1_235' title='bbox 1794 1460 1928 1501; x_wconf 87' lang='lat' dir='ltr'>multa</span> <span class='ocrx_word' id='word_1_236' title='bbox 1954 1460 1995 1501; x_wconf 93' lang='lat' dir='ltr'>in</span> <span class='ocrx_word' id='word_1_237' title='bbox 2025 1460 2153 1514; x_wconf 82' lang='lat' dir='ltr'><strong>plebe.</strong></span> 
     </span>
     <span class='ocr_line' id='line_1_22' title="bbox 55 1516 2155 1572; baseline 0 -11"><span class='ocrx_word' id='word_1_238' title='bbox 55 1516 213 1570; x_wconf 29' lang='lat' dir='ltr'>„garenna</span> <span class='ocrx_word' id='word_1_239' title='bbox 346 1521 399 1561; x_wconf 87' lang='lat' dir='ltr'>Et</span> <span class='ocrx_word' id='word_1_240' title='bbox 426 1524 541 1561; x_wconf 86' lang='lat' dir='ltr'>erant</span> <span class='ocrx_word' id='word_1_241' title='bbox 568 1519 817 1560; x_wconf 85' lang='lat' dir='ltr'>unanimiter</span> <span class='ocrx_word' id='word_1_242' title='bbox 841 1532 980 1561; x_wconf 89' lang='lat' dir='ltr'>omnes</span> <span class='ocrx_word' id='word_1_243' title='bbox 1005 1519 1046 1559; x_wconf 91' lang='lat' dir='ltr'>in</span> <span class='ocrx_word' id='word_1_244' title='bbox 1072 1518 1233 1572; x_wconf 86' lang='lat' dir='ltr'>porticu</span> <span class='ocrx_word' id='word_1_245' title='bbox 1257 1519 1498 1561; x_wconf 86' lang='lat' dir='ltr'>Salomonis.</span> <span class='ocrx_word' id='word_1_246' title='bbox 1552 1522 1584 1545; x_wconf 83' lang='lat'>¹³</span> <span class='ocrx_word' id='word_1_247' title='bbox 1610 1521 1841 1561; x_wconf 85' lang='lat' dir='ltr'>Ceterorum</span> <span class='ocrx_word' id='word_1_248' title='bbox 1871 1524 2007 1561; x_wconf 88' lang='lat' dir='ltr'>autem</span> <span class='ocrx_word' id='word_1_249' title='bbox 2036 1533 2155 1562; x_wconf 91' lang='lat' dir='ltr'>nemo</span> 
     </span>
    </p>
   </div>
   <div class='ocr_carea' id='block_1_7' title="bbox 51 1577 2155 1927">
    <p class='ocr_par' dir='ltr' id='par_1_7' title="bbox 51 1577 2155 1927">
     <span class='ocr_line' id='line_1_23' title="bbox 65 1577 1650 1645; baseline -0.001 -24"><span class='ocrx_word' id='word_1_250' title='bbox 65 1580 200 1645; x_wconf 48' lang='grc' dir='ltr'>ξξῃξζξξζξ</span> <span class='ocrx_word' id='word_1_251' title='bbox 241 1580 422 1621; x_wconf 85' lang='lat' dir='ltr'>audebat</span> <span class='ocrx_word' id='word_1_252' title='bbox 454 1593 495 1620; x_wconf 90' lang='lat' dir='ltr'>se</span> <span class='ocrx_word' id='word_1_253' title='bbox 528 1579 770 1632; x_wconf 80' lang='lat' dir='ltr'>coniungere</span> <span class='ocrx_word' id='word_1_254' title='bbox 804 1577 897 1619; x_wconf 89' lang='lat' dir='ltr'>illis:</span> <span class='ocrx_word' id='word_1_255' title='bbox 934 1579 1004 1619; x_wconf 92' lang='lat' dir='ltr'>sed</span> <span class='ocrx_word' id='word_1_256' title='bbox 1036 1578 1331 1631; x_wconf 77' lang='lat' dir='ltr'>magnificabat</span> <span class='ocrx_word' id='word_1_257' title='bbox 1363 1592 1429 1620; x_wconf 90' lang='lat' dir='ltr'>eos</span> <span class='ocrx_word' id='word_1_258' title='bbox 1463 1578 1650 1632; x_wconf 86' lang='lat' dir='ltr'>populus.</span> 
     </span>
     <span class='ocr_line' id='line_1_24' title="bbox 51 1636 2141 1692; baseline -0 -13"><span class='ocrx_word' id='word_1_259' title='bbox 51 1637 219 1688; x_wconf 51' lang='lat' dir='ltr'>ffinaffionsss</span> <span class='ocrx_word' id='word_1_260' title='bbox 347 1641 378 1663; x_wconf 77' lang='lat'>¹⁴</span> <span class='ocrx_word' id='word_1_261' title='bbox 415 1637 542 1691; x_wconf 81' lang='lat' dir='ltr'>Magis</span> <span class='ocrx_word' id='word_1_262' title='bbox 580 1643 716 1678; x_wconf 85' lang='lat' dir='ltr'>autem</span> <span class='ocrx_word' id='word_1_263' title='bbox 756 1637 984 1690; x_wconf 73' lang='lat' dir='ltr'>augebatur</span> <span class='ocrx_word' id='word_1_264' title='bbox 1019 1636 1272 1678; x_wconf 89' lang='lat' dir='ltr'>credentium</span> <span class='ocrx_word' id='word_1_265' title='bbox 1309 1636 1350 1677; x_wconf 90' lang='lat' dir='ltr'>in</span> <span class='ocrx_word' id='word_1_266' title='bbox 1386 1637 1565 1678; x_wconf 90' lang='lat' dir='ltr'>Domino</span> <span class='ocrx_word' id='word_1_267' title='bbox 1601 1636 1827 1692; x_wconf 88' lang='lat' dir='ltr'>multitudo</span> <span class='ocrx_word' id='word_1_268' title='bbox 1863 1637 2056 1688; x_wconf 84' lang='lat' dir='ltr'>virorum,</span> <span class='ocrx_word' id='word_1_269' title='bbox 2095 1651 2141 1678; x_wconf 89' lang='lat' dir='ltr'>ac</span> 
     </span>
     <span class='ocr_line' id='line_1_25' title="bbox 92 1695 2153 1750; baseline -0 -12"><span class='ocrx_word' id='word_1_270' title='bbox 92 1699 178 1723; x_wconf 50' lang='lat' dir='ltr'>Psttfi·</span> <span class='ocrx_word' id='word_1_271' title='bbox 241 1697 470 1747; x_wconf 76' lang='lat' dir='ltr'>mulierum,</span> <span class='ocrx_word' id='word_1_272' title='bbox 518 1699 549 1721; x_wconf 76' lang='lat'>¹5</span> <span class='ocrx_word' id='word_1_273' title='bbox 570 1697 629 1737; x_wconf 90' lang='lat' dir='ltr'>ita</span> <span class='ocrx_word' id='word_1_274' title='bbox 648 1701 694 1737; x_wconf 91' lang='lat' dir='ltr'>ut</span> <span class='ocrx_word' id='word_1_275' title='bbox 714 1696 753 1736; x_wconf 87' lang='lat' dir='ltr'>in</span> <span class='ocrx_word' id='word_1_276' title='bbox 774 1695 931 1749; x_wconf 77' lang='lat' dir='ltr'>plateas</span> <span class='ocrx_word' id='word_1_277' title='bbox 952 1695 1142 1736; x_wconf 88' lang='lat' dir='ltr'>eiicerent</span> <span class='ocrx_word' id='word_1_278' title='bbox 1160 1695 1354 1746; x_wconf 82' lang='lat' dir='ltr'>infirmos,</span> <span class='ocrx_word' id='word_1_279' title='bbox 1377 1701 1418 1736; x_wconf 88' lang='lat' dir='ltr'>et</span> <span class='ocrx_word' id='word_1_280' title='bbox 1436 1700 1638 1749; x_wconf 81' lang='lat' dir='ltr'>ponerent</span> <span class='ocrx_word' id='word_1_281' title='bbox 1655 1695 1697 1736; x_wconf 90' lang='lat' dir='ltr'>in</span> <span class='ocrx_word' id='word_1_282' title='bbox 1716 1695 1874 1737; x_wconf 89' lang='lat' dir='ltr'>lectulis</span> <span class='ocrx_word' id='word_1_283' title='bbox 1895 1709 1940 1737; x_wconf 90' lang='lat' dir='ltr'>ac</span> <span class='ocrx_word' id='word_1_284' title='bbox 1959 1696 2153 1750; x_wconf 80' lang='lat' dir='ltr'>grabatis,</span> 
     </span>
     <span class='ocr_line' id='line_1_26' title="bbox 240 1754 2155 1809; baseline -0.001 -12"><span class='ocrx_word' id='word_1_285' title='bbox 240 1762 300 1802; x_wconf 79' lang='lat' dir='ltr'>ut,</span> <span class='ocrx_word' id='word_1_286' title='bbox 332 1756 521 1797; x_wconf 84' lang='lat' dir='ltr'>veniente</span> <span class='ocrx_word' id='word_1_287' title='bbox 550 1756 686 1800; x_wconf 74' lang='lat' dir='ltr'>Petro.</span> <span class='ocrx_word' id='word_1_288' title='bbox 718 1754 863 1796; x_wconf 88' lang='lat' dir='ltr'>saltem</span> <span class='ocrx_word' id='word_1_289' title='bbox 895 1755 1042 1796; x_wconf 87' lang='lat' dir='ltr'>umbra</span> <span class='ocrx_word' id='word_1_290' title='bbox 1070 1754 1175 1795; x_wconf 84' lang='lat' dir='ltr'>illius</span> <span class='ocrx_word' id='word_1_291' title='bbox 1207 1756 1473 1797; x_wconf 85' lang='lat' dir='ltr'>obumbraret</span> <span class='ocrx_word' id='word_1_292' title='bbox 1503 1768 1752 1809; x_wconf 86' lang='lat' dir='ltr'>quemquam</span> <span class='ocrx_word' id='word_1_293' title='bbox 1783 1754 1956 1805; x_wconf 90' lang='lat' dir='ltr'>illorum,</span> <span class='ocrx_word' id='word_1_294' title='bbox 1989 1760 2030 1796; x_wconf 89' lang='lat' dir='ltr'>et</span> <span class='ocrx_word' id='word_1_295' title='bbox 2059 1755 2155 1796; x_wconf 90' lang='lat' dir='ltr'>libe-</span> 
     </span>
     <span class='ocr_line' id='line_1_27' title="bbox 240 1813 2155 1857; baseline -0.001 0"><span class='ocrx_word' id='word_1_296' title='bbox 240 1822 428 1857; x_wconf 90' lang='lat' dir='ltr'>rarentur</span> <span class='ocrx_word' id='word_1_297' title='bbox 460 1816 510 1856; x_wconf 90' lang='lat' dir='ltr'>ab</span> <span class='ocrx_word' id='word_1_298' title='bbox 546 1814 855 1855; x_wconf 87' lang='lat' dir='ltr'>infirmitatibus</span> <span class='ocrx_word' id='word_1_299' title='bbox 888 1813 982 1855; x_wconf 91' lang='lat' dir='ltr'>suis.</span> <span class='ocrx_word' id='word_1_300' title='bbox 1044 1815 1080 1838; x_wconf 77' lang='lat'>¹⁶</span> <span class='ocrx_word' id='word_1_301' title='bbox 1113 1814 1391 1856; x_wconf 83' lang='lat' dir='ltr'>Concurrebat</span> <span class='ocrx_word' id='word_1_302' title='bbox 1424 1818 1562 1855; x_wconf 87' lang='lat' dir='ltr'>autem</span> <span class='ocrx_word' id='word_1_303' title='bbox 1598 1819 1638 1855; x_wconf 87' lang='lat' dir='ltr'>et</span> <span class='ocrx_word' id='word_1_304' title='bbox 1670 1813 1895 1855; x_wconf 83' lang='lat' dir='ltr'>multitudo</span> <span class='ocrx_word' id='word_1_305' title='bbox 1928 1813 2155 1855; x_wconf 86' lang='lat' dir='ltr'>vicinarum</span> 
     </span>
     <span class='ocr_line' id='line_1_28' title="bbox 240 1872 2141 1927; baseline -0.001 -12"><span class='ocrx_word' id='word_1_306' title='bbox 240 1875 457 1916; x_wconf 83' lang='lat' dir='ltr'>civitatum</span> <span class='ocrx_word' id='word_1_307' title='bbox 498 1873 729 1923; x_wconf 79' lang='lat' dir='ltr'>Ierusalem,</span> <span class='ocrx_word' id='word_1_308' title='bbox 769 1873 984 1914; x_wconf 78' lang='lat' dir='ltr'>afferentes</span> <span class='ocrx_word' id='word_1_309' title='bbox 1021 1886 1159 1927; x_wconf 80' lang='lat' dir='ltr'>aegros,</span> <span class='ocrx_word' id='word_1_310' title='bbox 1199 1878 1239 1914; x_wconf 90' lang='lat' dir='ltr'>et</span> <span class='ocrx_word' id='word_1_311' title='bbox 1277 1877 1447 1915; x_wconf 87' lang='lat' dir='ltr'>vexatos</span> <span class='ocrx_word' id='word_1_312' title='bbox 1486 1886 1509 1914; x_wconf 88' lang='lat' dir='ltr'>a</span> <span class='ocrx_word' id='word_1_313' title='bbox 1545 1872 1755 1927; x_wconf 87' lang='lat' dir='ltr'>spiritibus</span> <span class='ocrx_word' id='word_1_314' title='bbox 1791 1873 2032 1914; x_wconf 87' lang='lat' dir='ltr'>immundis:</span> <span class='ocrx_word' id='word_1_315' title='bbox 2072 1873 2141 1927; x_wconf 94' lang='lat' dir='ltr'>qui</span> 
     </span>
    </p>
   </div>
   <div class='ocr_carea' id='block_1_8' title="bbox 241 1935 673 1975">
    <p class='ocr_par' dir='ltr' id='par_1_8' title="bbox 241 1935 673 1975">
     <span class='ocr_line' id='line_1_29' title="bbox 241 1935 673 1975; baseline 0 0"><span class='ocrx_word' id='word_1_316' title='bbox 241 1935 493 1975; x_wconf 87' lang='lat' dir='ltr'>curabantur</span> <span class='ocrx_word' id='word_1_317' title='bbox 523 1946 673 1975; x_wconf 77' lang='lat' dir='ltr'>omnes</span> 
     </span>
    </p>
   </div>
   <div class='ocr_carea' id='block_1_9' title="bbox 438 2056 1965 2121">
    <p class='ocr_par' dir='ltr' id='par_1_9' title="bbox 438 2056 1965 2121">
     <span class='ocr_line' id='line_1_30' title="bbox 438 2056 1965 2121; baseline 0 -13"><span class='ocrx_word' id='word_1_318' title='bbox 438 2057 531 2109; x_wconf 91' lang='lat' dir='ltr'>IV.</span> <span class='ocrx_word' id='word_1_319' title='bbox 570 2057 910 2108; x_wconf 71' lang='lat' dir='ltr'>Per-secutio</span> <span class='ocrx_word' id='word_1_320' title='bbox 951 2056 1210 2108; x_wconf 74' lang='lat' dir='ltr'>ecclesiae</span> <span class='ocrx_word' id='word_1_321' title='bbox 1248 2056 1584 2118; x_wconf 84' lang='lat' dir='ltr'>crescentis,</span> <span class='ocrx_word' id='word_1_322' title='bbox 1625 2057 1676 2121; x_wconf 84' lang='lat'>5,</span> <span class='ocrx_word' id='word_1_323' title='bbox 1702 2057 1887 2119; x_wconf 12' lang='lat'>17—748,</span> <span class='ocrx_word' id='word_1_324' title='bbox 1915 2056 1965 2109; x_wconf 86' lang='lat'>3.</span> 
     </span>
    </p>
   </div>
   <div class='ocr_carea' id='block_1_10' title="bbox 720 2147 1678 2199">
    <p class='ocr_par' dir='ltr' id='par_1_10' title="bbox 720 2147 1678 2199">
     <span class='ocr_line' id='line_1_31' title="bbox 720 2147 1678 2199; baseline 0.001 -12"><span class='ocrx_word' id='word_1_325' title='bbox 720 2149 759 2188; x_wconf 88' lang='grc'>1.</span> <span class='ocrx_word' id='word_1_326' title='bbox 788 2147 1053 2199; x_wconf 84' lang='lat' dir='ltr'>Flagellatio</span> <span class='ocrx_word' id='word_1_327' title='bbox 1083 2147 1417 2199; x_wconf 83' lang='lat' dir='ltr'>apostolorum,</span> <span class='ocrx_word' id='word_1_328' title='bbox 1445 2148 1485 2199; x_wconf 88' lang='grc'>5,</span> <span class='ocrx_word' id='word_1_329' title='bbox 1505 2148 1678 2188; x_wconf 83' lang='grc'>17-42,</span> 
     </span>
    </p>
   </div>
   <div class='ocr_carea' id='block_1_11' title="bbox 42 2218 2158 3510">
    <p class='ocr_par' dir='ltr' id='par_1_11' title="bbox 50 2218 2157 2567">
     <span class='ocr_line' id='line_1_32' title="bbox 50 2218 2157 2282; baseline 0.006 -37"><span class='ocrx_word' id='word_1_330' title='bbox 50 2221 227 2282; x_wconf 42' lang='grc' dir='ltr'>ιιμι-Ιυὴειιίιέἑίῑα</span> <span class='ocrx_word' id='word_1_331' title='bbox 349 2222 381 2243; x_wconf 79' lang='lat'>¹⁷</span> <span class='ocrx_word' id='word_1_332' title='bbox 412 2220 623 2273; x_wconf 73' lang='lat' dir='ltr'>Exurgens</span> <span class='ocrx_word' id='word_1_333' title='bbox 651 2224 788 2260; x_wconf 86' lang='lat' dir='ltr'>autem</span> <span class='ocrx_word' id='word_1_334' title='bbox 816 2218 1003 2272; x_wconf 89' lang='lat' dir='ltr'>princeps</span> <span class='ocrx_word' id='word_1_335' title='bbox 1030 2219 1302 2267; x_wconf 85' lang='lat' dir='ltr'>sacerdotum,</span> <span class='ocrx_word' id='word_1_336' title='bbox 1331 2223 1373 2258; x_wconf 92' lang='lat' dir='ltr'>et</span> <span class='ocrx_word' id='word_1_337' title='bbox 1400 2231 1551 2267; x_wconf 90' lang='lat' dir='ltr'>omnes,</span> <span class='ocrx_word' id='word_1_338' title='bbox 1582 2218 1650 2271; x_wconf 88' lang='lat' dir='ltr'>qui</span> <span class='ocrx_word' id='word_1_339' title='bbox 1678 2232 1769 2259; x_wconf 88' lang='lat' dir='ltr'>cum</span> <span class='ocrx_word' id='word_1_340' title='bbox 1798 2218 1864 2259; x_wconf 88' lang='lat' dir='ltr'>illo</span> <span class='ocrx_word' id='word_1_341' title='bbox 1892 2223 2020 2269; x_wconf 85' lang='lat' dir='ltr'>erant,</span> <span class='ocrx_word' id='word_1_342' title='bbox 2050 2220 2157 2272; x_wconf 82' lang='lat' dir='ltr'>(quae</span> 
     </span>
     <span class='ocr_line' id='line_1_33' title="bbox 59 2264 2155 2331; baseline 0.001 -15"><span class='ocrx_word' id='word_1_343' title='bbox 59 2264 215 2322; x_wconf 39' lang='lat' dir='ltr'>mentiatur.</span> <span class='ocrx_word' id='word_1_344' title='bbox 244 2284 305 2320; x_wconf 84' lang='lat' dir='ltr'>est</span> <span class='ocrx_word' id='word_1_345' title='bbox 328 2278 488 2320; x_wconf 81' lang='lat' dir='ltr'>haeresis</span> <span class='ocrx_word' id='word_1_346' title='bbox 512 2278 845 2329; x_wconf 63' lang='lat' dir='ltr'>Sadducaeorum)</span> <span class='ocrx_word' id='word_1_347' title='bbox 871 2276 1013 2331; x_wconf 88' lang='lat' dir='ltr'>repleti</span> <span class='ocrx_word' id='word_1_348' title='bbox 1038 2282 1135 2318; x_wconf 88' lang='lat' dir='ltr'>sunt</span> <span class='ocrx_word' id='word_1_349' title='bbox 1160 2276 1261 2318; x_wconf 89' lang='lat' dir='ltr'>zelo:</span> <span class='ocrx_word' id='word_1_350' title='bbox 1315 2278 1349 2300; x_wconf 74' lang='lat'>¹⁵³</span> <span class='ocrx_word' id='word_1_351' title='bbox 1373 2282 1415 2317; x_wconf 90' lang='lat' dir='ltr'>et</span> <span class='ocrx_word' id='word_1_352' title='bbox 1437 2276 1664 2317; x_wconf 84' lang='lat' dir='ltr'>iniecerunt</span> <span class='ocrx_word' id='word_1_353' title='bbox 1687 2290 1832 2317; x_wconf 87' lang='lat' dir='ltr'>manus</span> <span class='ocrx_word' id='word_1_354' title='bbox 1857 2276 1897 2318; x_wconf 92' lang='lat' dir='ltr'>in</span> <span class='ocrx_word' id='word_1_355' title='bbox 1922 2276 2155 2331; x_wconf 85' lang='lat' dir='ltr'>Apostolos,</span> 
     </span>
     <span class='ocr_line' id='line_1_34' title="bbox 247 2335 1130 2392; baseline -0.002 -13"><span class='ocrx_word' id='word_1_356' title='bbox 247 2343 287 2379; x_wconf 91' lang='lat' dir='ltr'>et</span> <span class='ocrx_word' id='word_1_357' title='bbox 318 2342 543 2392; x_wconf 87' lang='lat' dir='ltr'>posuerunt</span> <span class='ocrx_word' id='word_1_358' title='bbox 573 2351 638 2379; x_wconf 91' lang='lat' dir='ltr'>eos</span> <span class='ocrx_word' id='word_1_359' title='bbox 668 2337 709 2377; x_wconf 92' lang='lat' dir='ltr'>in</span> <span class='ocrx_word' id='word_1_360' title='bbox 740 2336 927 2378; x_wconf 87' lang='lat' dir='ltr'>custodia</span> <span class='ocrx_word' id='word_1_361' title='bbox 956 2335 1130 2390; x_wconf 87' lang='lat' dir='ltr'>publica.</span> 
     </span>
     <span class='ocr_line' id='line_1_35' title="bbox 54 2395 2156 2458; baseline -0.001 -20"><span class='ocrx_word' id='word_1_362' title='bbox 54 2397 217 2458; x_wconf 58' lang='lat' dir='ltr'>2²{‚¹,&#39;„}²„¹‡,g,‘&#39;,}?</span> <span class='ocrx_word' id='word_1_363' title='bbox 352 2399 386 2421; x_wconf 78' lang='lat'>¹9</span> <span class='ocrx_word' id='word_1_364' title='bbox 418 2396 596 2447; x_wconf 60' lang='lat' dir='ltr'>Angelus</span> <span class='ocrx_word' id='word_1_365' title='bbox 630 2402 768 2437; x_wconf 87' lang='lat' dir='ltr'>autem</span> <span class='ocrx_word' id='word_1_366' title='bbox 802 2395 968 2437; x_wconf 90' lang='lat' dir='ltr'>Domini</span> <span class='ocrx_word' id='word_1_367' title='bbox 1001 2409 1073 2449; x_wconf 91' lang='lat' dir='ltr'>per</span> <span class='ocrx_word' id='word_1_368' title='bbox 1104 2401 1267 2437; x_wconf 86' lang='lat' dir='ltr'>noctem</span> <span class='ocrx_word' id='word_1_369' title='bbox 1301 2395 1484 2449; x_wconf 88' lang='lat' dir='ltr'>aperiens</span> <span class='ocrx_word' id='word_1_370' title='bbox 1518 2395 1660 2436; x_wconf 88' lang='lat' dir='ltr'>ianuas</span> <span class='ocrx_word' id='word_1_371' title='bbox 1693 2395 1874 2445; x_wconf 84' lang='lat' dir='ltr'>carceris,</span> <span class='ocrx_word' id='word_1_372' title='bbox 1909 2399 1950 2435; x_wconf 89' lang='lat' dir='ltr'>et</span> <span class='ocrx_word' id='word_1_373' title='bbox 1983 2395 2156 2436; x_wconf 88' lang='lat' dir='ltr'>educens</span> 
     </span>
     <span class='ocr_line' id='line_1_36' title="bbox 217 2453 2155 2508; baseline -0.001 -11"><span class='ocrx_word' id='word_1_374' title='bbox 217 2453 222 2461; x_wconf 75' lang='grc'>’</span> <span class='ocrx_word' id='word_1_375' title='bbox 244 2470 323 2505; x_wconf 88' lang='lat' dir='ltr'>eos,</span> <span class='ocrx_word' id='word_1_376' title='bbox 353 2456 475 2497; x_wconf 82' lang='lat' dir='ltr'>dixit:</span> <span class='ocrx_word' id='word_1_377' title='bbox 531 2458 568 2480; x_wconf 78' lang='lat'>2⁰</span> <span class='ocrx_word' id='word_1_378' title='bbox 598 2456 671 2506; x_wconf 88' lang='lat' dir='ltr'>Ite,</span> <span class='ocrx_word' id='word_1_379' title='bbox 701 2460 742 2496; x_wconf 91' lang='lat' dir='ltr'>et</span> <span class='ocrx_word' id='word_1_380' title='bbox 769 2460 926 2496; x_wconf 87' lang='lat' dir='ltr'>stantes</span> <span class='ocrx_word' id='word_1_381' title='bbox 954 2454 1167 2508; x_wconf 85' lang='lat' dir='ltr'>loquimini</span> <span class='ocrx_word' id='word_1_382' title='bbox 1194 2454 1235 2495; x_wconf 91' lang='lat' dir='ltr'>in</span> <span class='ocrx_word' id='word_1_383' title='bbox 1264 2454 1418 2508; x_wconf 85' lang='lat' dir='ltr'>templo</span> <span class='ocrx_word' id='word_1_384' title='bbox 1444 2454 1554 2508; x_wconf 90' lang='lat' dir='ltr'>plebi</span> <span class='ocrx_word' id='word_1_385' title='bbox 1582 2454 1721 2496; x_wconf 89' lang='lat' dir='ltr'>omnia</span> <span class='ocrx_word' id='word_1_386' title='bbox 1747 2454 1874 2495; x_wconf 89' lang='lat' dir='ltr'>verba</span> <span class='ocrx_word' id='word_1_387' title='bbox 1900 2453 1996 2494; x_wconf 82' lang='lat' dir='ltr'>vitae</span> <span class='ocrx_word' id='word_1_388' title='bbox 2023 2453 2155 2495; x_wconf 89' lang='lat' dir='ltr'>huius.</span> 
     </span>
     <span class='ocr_line' id='line_1_37' title="bbox 242 2513 1892 2567; baseline -0.002 -11"><span class='ocrx_word' id='word_1_389' title='bbox 242 2517 270 2540; x_wconf 75' lang='lat'>&#39;2¹</span> <span class='ocrx_word' id='word_1_390' title='bbox 305 2515 382 2563; x_wconf 83' lang='lat' dir='ltr'>Qui</span> <span class='ocrx_word' id='word_1_391' title='bbox 413 2529 504 2556; x_wconf 84' lang='lat' dir='ltr'>cum</span> <span class='ocrx_word' id='word_1_392' title='bbox 536 2515 758 2565; x_wconf 84' lang='lat' dir='ltr'>audissent,</span> <span class='ocrx_word' id='word_1_393' title='bbox 789 2513 1051 2555; x_wconf 87' lang='lat' dir='ltr'>intraverunt</span> <span class='ocrx_word' id='word_1_394' title='bbox 1080 2513 1258 2555; x_wconf 89' lang='lat' dir='ltr'>diluculo</span> <span class='ocrx_word' id='word_1_395' title='bbox 1287 2513 1327 2554; x_wconf 91' lang='lat' dir='ltr'>in</span> <span class='ocrx_word' id='word_1_396' title='bbox 1359 2513 1573 2567; x_wconf 80' lang='lat' dir='ltr'>templum,</span> <span class='ocrx_word' id='word_1_397' title='bbox 1605 2518 1646 2554; x_wconf 91' lang='lat' dir='ltr'>et</span> <span class='ocrx_word' id='word_1_398' title='bbox 1675 2514 1892 2554; x_wconf 78' lang='lat' dir='ltr'>docebant.</span> 
     </span>
    </p>

    <p class='ocr_par' dir='ltr' id='par_1_12' title="bbox 42 2572 2158 2745">
     <span class='ocr_line' id='line_1_38' title="bbox 54 2572 2158 2634; baseline -0.001 -19"><span class='ocrx_word' id='word_1_399' title='bbox 54 2573 221 2634; x_wconf 37' lang='lat' dir='ltr'>wmjffimm</span> <span class='ocrx_word' id='word_1_400' title='bbox 350 2574 580 2615; x_wconf 76' lang='lat' dir='ltr'>Adveniens</span> <span class='ocrx_word' id='word_1_401' title='bbox 610 2579 748 2615; x_wconf 87' lang='lat' dir='ltr'>autem</span> <span class='ocrx_word' id='word_1_402' title='bbox 778 2573 964 2628; x_wconf 90' lang='lat' dir='ltr'>princeps</span> <span class='ocrx_word' id='word_1_403' title='bbox 994 2574 1265 2623; x_wconf 89' lang='lat' dir='ltr'>sacerdotum,</span> <span class='ocrx_word' id='word_1_404' title='bbox 1297 2577 1339 2614; x_wconf 88' lang='lat' dir='ltr'>et</span> <span class='ocrx_word' id='word_1_405' title='bbox 1368 2572 1436 2626; x_wconf 88' lang='lat' dir='ltr'>qui</span> <span class='ocrx_word' id='word_1_406' title='bbox 1466 2586 1557 2613; x_wconf 89' lang='lat' dir='ltr'>cum</span> <span class='ocrx_word' id='word_1_407' title='bbox 1588 2586 1634 2614; x_wconf 88' lang='lat' dir='ltr'>eo</span> <span class='ocrx_word' id='word_1_408' title='bbox 1664 2577 1792 2616; x_wconf 84' lang='lat' dir='ltr'>erant.</span> <span class='ocrx_word' id='word_1_409' title='bbox 1823 2577 2158 2614; x_wconf 89' lang='lat' dir='ltr'>convocaverunt</span> 
     </span>
     <span class='ocr_line' id='line_1_39' title="bbox 42 2631 2156 2676; baseline -0.002 0"><span class='ocrx_word' id='word_1_410' title='bbox 42 2633 472 2676; x_wconf 59' lang='lat' dir='ltr'>minuc-umuneoncilium.</span> <span class='ocrx_word' id='word_1_411' title='bbox 495 2639 535 2674; x_wconf 85' lang='lat' dir='ltr'>et</span> <span class='ocrx_word' id='word_1_412' title='bbox 556 2647 695 2674; x_wconf 89' lang='lat' dir='ltr'>omnes</span> <span class='ocrx_word' id='word_1_413' title='bbox 715 2633 890 2674; x_wconf 89' lang='lat' dir='ltr'>seniores</span> <span class='ocrx_word' id='word_1_414' title='bbox 910 2632 1085 2674; x_wconf 90' lang='lat' dir='ltr'>filiorum</span> <span class='ocrx_word' id='word_1_415' title='bbox 1108 2631 1248 2674; x_wconf 88' lang='lat' dir='ltr'>Israel:</span> <span class='ocrx_word' id='word_1_416' title='bbox 1271 2637 1313 2674; x_wconf 91' lang='lat' dir='ltr'>et</span> <span class='ocrx_word' id='word_1_417' title='bbox 1331 2631 1530 2673; x_wconf 89' lang='lat' dir='ltr'>miserunt</span> <span class='ocrx_word' id='word_1_418' title='bbox 1550 2633 1601 2673; x_wconf 91' lang='lat' dir='ltr'>ad</span> <span class='ocrx_word' id='word_1_419' title='bbox 1622 2645 1821 2673; x_wconf 87' lang='lat' dir='ltr'>carcerem</span> <span class='ocrx_word' id='word_1_420' title='bbox 1843 2636 1889 2673; x_wconf 89' lang='lat' dir='ltr'>ut</span> <span class='ocrx_word' id='word_1_421' title='bbox 1909 2632 2156 2673; x_wconf 80' lang='lat' dir='ltr'>adduceren-</span> 
     </span>
     <span class='ocr_line' id='line_1_40' title="bbox 243 2689 2153 2745; baseline -0.001 -12"><span class='ocrx_word' id='word_1_422' title='bbox 243 2699 321 2734; x_wconf 89' lang='lat' dir='ltr'>tur.</span> <span class='ocrx_word' id='word_1_423' title='bbox 384 2695 415 2717; x_wconf 81' lang='lat'><em>&#39;-&#39;‘-&#39;</em></span> <span class='ocrx_word' id='word_1_424' title='bbox 445 2694 543 2733; x_wconf 41' lang='lat' dir='ltr'>(lum</span> <span class='ocrx_word' id='word_1_425' title='bbox 580 2698 717 2733; x_wconf 86' lang='lat' dir='ltr'>autem</span> <span class='ocrx_word' id='word_1_426' title='bbox 753 2691 961 2733; x_wconf 89' lang='lat' dir='ltr'>venissent</span> <span class='ocrx_word' id='word_1_427' title='bbox 993 2690 1180 2741; x_wconf 87' lang='lat' dir='ltr'>ministri,</span> <span class='ocrx_word' id='word_1_428' title='bbox 1212 2696 1254 2733; x_wconf 89' lang='lat' dir='ltr'>et</span> <span class='ocrx_word' id='word_1_429' title='bbox 1287 2696 1429 2745; x_wconf 89' lang='lat' dir='ltr'>aperto</span> <span class='ocrx_word' id='word_1_430' title='bbox 1463 2704 1620 2732; x_wconf 86' lang='lat' dir='ltr'>carcere</span> <span class='ocrx_word' id='word_1_431' title='bbox 1653 2703 1735 2732; x_wconf 91' lang='lat' dir='ltr'>non</span> <span class='ocrx_word' id='word_1_432' title='bbox 1770 2689 2022 2731; x_wconf 90' lang='lat' dir='ltr'>invenissent</span> <span class='ocrx_word' id='word_1_433' title='bbox 2054 2689 2153 2738; x_wconf 88' lang='lat' dir='ltr'>illos,</span> 
     </span>
    </p>

    <p class='ocr_par' dir='ltr' id='par_1_13' title="bbox 242 2748 2157 3039">
     <span class='ocr_line' id='line_1_41' title="bbox 243 2748 2154 2804; baseline -0.002 -13"><span class='ocrx_word' id='word_1_434' title='bbox 243 2751 390 2793; x_wconf 81' lang='lat' dir='ltr'>reversi</span> <span class='ocrx_word' id='word_1_435' title='bbox 414 2750 725 2795; x_wconf 74' lang='lat' dir='ltr'>nunciaverunt.</span> <span class='ocrx_word' id='word_1_436' title='bbox 774 2752 807 2775; x_wconf 75' lang='lat'>²³</span> <span class='ocrx_word' id='word_1_437' title='bbox 828 2750 1026 2791; x_wconf 88' lang='lat' dir='ltr'>dicentes:</span> <span class='ocrx_word' id='word_1_438' title='bbox 1052 2751 1260 2791; x_wconf 76' lang='lat' dir='ltr'>Carcerem</span> <span class='ocrx_word' id='word_1_439' title='bbox 1284 2749 1447 2804; x_wconf 89' lang='lat' dir='ltr'>quidem</span> <span class='ocrx_word' id='word_1_440' title='bbox 1471 2749 1701 2790; x_wconf 84' lang='lat' dir='ltr'>invenimus</span> <span class='ocrx_word' id='word_1_441' title='bbox 1723 2748 1905 2790; x_wconf 86' lang='lat' dir='ltr'>clausum</span> <span class='ocrx_word' id='word_1_442' title='bbox 1929 2762 2020 2790; x_wconf 90' lang='lat' dir='ltr'>cum</span> <span class='ocrx_word' id='word_1_443' title='bbox 2045 2748 2154 2790; x_wconf 90' lang='lat' dir='ltr'>omni</span> 
     </span>
     <span class='ocr_line' id='line_1_42' title="bbox 242 2806 2157 2863; baseline -0.002 -12"><span class='ocrx_word' id='word_1_444' title='bbox 242 2810 463 2859; x_wconf 60' lang='lat' dir='ltr'>diligrentia,</span> <span class='ocrx_word' id='word_1_445' title='bbox 496 2814 537 2851; x_wconf 86' lang='lat' dir='ltr'>et</span> <span class='ocrx_word' id='word_1_446' title='bbox 567 2810 756 2850; x_wconf 87' lang='lat' dir='ltr'>custodes</span> <span class='ocrx_word' id='word_1_447' title='bbox 786 2814 943 2851; x_wconf 88' lang='lat' dir='ltr'>stantes</span> <span class='ocrx_word' id='word_1_448' title='bbox 974 2814 1070 2850; x_wconf 88' lang='lat' dir='ltr'>ante</span> <span class='ocrx_word' id='word_1_449' title='bbox 1100 2809 1260 2850; x_wconf 88' lang='lat' dir='ltr'>ianuas:</span> <span class='ocrx_word' id='word_1_450' title='bbox 1294 2808 1520 2863; x_wconf 88' lang='lat' dir='ltr'>aperientes</span> <span class='ocrx_word' id='word_1_451' title='bbox 1552 2813 1689 2849; x_wconf 88' lang='lat' dir='ltr'>autem</span> <span class='ocrx_word' id='word_1_452' title='bbox 1722 2807 1924 2849; x_wconf 88' lang='lat' dir='ltr'>neminem</span> <span class='ocrx_word' id='word_1_453' title='bbox 1958 2807 2068 2848; x_wconf 87' lang='lat' dir='ltr'>intus</span> <span class='ocrx_word' id='word_1_454' title='bbox 2098 2806 2157 2847; x_wconf 89' lang='lat' dir='ltr'>in-</span> 
     </span>
     <span class='ocr_line' id='line_1_43' title="bbox 244 2865 2157 2921; baseline -0.001 -13"><span class='ocrx_word' id='word_1_455' title='bbox 244 2869 441 2910; x_wconf 87' lang='lat' dir='ltr'>venimus.</span> <span class='ocrx_word' id='word_1_456' title='bbox 499 2871 531 2893; x_wconf 72' lang='lat'>24</span> <span class='ocrx_word' id='word_1_457' title='bbox 562 2868 620 2910; x_wconf 89' lang='lat' dir='ltr'>Ut</span> <span class='ocrx_word' id='word_1_458' title='bbox 649 2873 788 2909; x_wconf 87' lang='lat' dir='ltr'>autem</span> <span class='ocrx_word' id='word_1_459' title='bbox 819 2868 1039 2909; x_wconf 89' lang='lat' dir='ltr'>audierunt</span> <span class='ocrx_word' id='word_1_460' title='bbox 1067 2868 1140 2909; x_wconf 90' lang='lat' dir='ltr'>hos</span> <span class='ocrx_word' id='word_1_461' title='bbox 1170 2881 1375 2909; x_wconf 91' lang='lat' dir='ltr'>sermones</span> <span class='ocrx_word' id='word_1_462' title='bbox 1404 2867 1670 2921; x_wconf 78' lang='lat' dir='ltr'>magistratus</span> <span class='ocrx_word' id='word_1_463' title='bbox 1700 2866 1854 2920; x_wconf 90' lang='lat' dir='ltr'>templi,</span> <span class='ocrx_word' id='word_1_464' title='bbox 1886 2870 1929 2907; x_wconf 90' lang='lat' dir='ltr'>et</span> <span class='ocrx_word' id='word_1_465' title='bbox 1955 2865 2157 2919; x_wconf 72' lang='lat' dir='ltr'>principes</span> 
     </span>
     <span class='ocr_line' id='line_1_44' title="bbox 243 2924 2155 2980; baseline -0.002 -12"><span class='ocrx_word' id='word_1_466' title='bbox 243 2929 500 2969; x_wconf 79' lang='lat' dir='ltr'>sacerdotum</span> <span class='ocrx_word' id='word_1_467' title='bbox 540 2928 806 2980; x_wconf 75' lang='lat' dir='ltr'>ambigebant</span> <span class='ocrx_word' id='word_1_468' title='bbox 842 2928 892 2969; x_wconf 89' lang='lat' dir='ltr'>de</span> <span class='ocrx_word' id='word_1_469' title='bbox 929 2926 1005 2967; x_wconf 88' lang='lat' dir='ltr'>illis</span> <span class='ocrx_word' id='word_1_470' title='bbox 1044 2927 1239 2980; x_wconf 88' lang='lat' dir='ltr'>quidnam</span> <span class='ocrx_word' id='word_1_471' title='bbox 1279 2927 1403 2967; x_wconf 76' lang='lat' dir='ltr'>tieret.</span> <span class='ocrx_word' id='word_1_472' title='bbox 1470 2929 1501 2951; x_wconf 76' lang='lat'>2⁵</span> <span class='ocrx_word' id='word_1_473' title='bbox 1539 2925 1773 2967; x_wconf 82' lang='lat' dir='ltr'>Adveniens</span> <span class='ocrx_word' id='word_1_474' title='bbox 1812 2929 1950 2966; x_wconf 86' lang='lat' dir='ltr'>autem</span> <span class='ocrx_word' id='word_1_475' title='bbox 1989 2924 2155 2978; x_wconf 88' lang='lat' dir='ltr'>quidam</span> 
     </span>
     <span class='ocr_line' id='line_1_45' title="bbox 245 2983 2154 3039; baseline -0.002 -13"><span class='ocrx_word' id='word_1_476' title='bbox 245 2987 455 3027; x_wconf 72' lang='lat' dir='ltr'>nunciavit</span> <span class='ocrx_word' id='word_1_477' title='bbox 483 2986 555 3026; x_wconf 85' lang='lat' dir='ltr'>eis:</span> <span class='ocrx_word' id='word_1_478' title='bbox 586 2986 692 3036; x_wconf 78' lang='lat' dir='ltr'>Quia</span> <span class='ocrx_word' id='word_1_479' title='bbox 718 2999 807 3028; x_wconf 86' lang='lat' dir='ltr'>ecce</span> <span class='ocrx_word' id='word_1_480' title='bbox 835 2986 923 3035; x_wconf 86' lang='lat' dir='ltr'>viri,</span> <span class='ocrx_word' id='word_1_481' title='bbox 954 2999 1054 3039; x_wconf 92' lang='lat' dir='ltr'>quos</span> <span class='ocrx_word' id='word_1_482' title='bbox 1082 2985 1274 3039; x_wconf 88' lang='lat' dir='ltr'>posuistis</span> <span class='ocrx_word' id='word_1_483' title='bbox 1301 2985 1343 3026; x_wconf 92' lang='lat' dir='ltr'>in</span> <span class='ocrx_word' id='word_1_484' title='bbox 1371 2998 1583 3035; x_wconf 78' lang='lat' dir='ltr'>carcerem,</span> <span class='ocrx_word' id='word_1_485' title='bbox 1613 2989 1710 3026; x_wconf 89' lang='lat' dir='ltr'>sunt</span> <span class='ocrx_word' id='word_1_486' title='bbox 1735 2984 1776 3024; x_wconf 88' lang='lat' dir='ltr'>in</span> <span class='ocrx_word' id='word_1_487' title='bbox 1804 2983 1958 3037; x_wconf 89' lang='lat' dir='ltr'>templo</span> <span class='ocrx_word' id='word_1_488' title='bbox 1985 2988 2154 3032; x_wconf 87' lang='lat' dir='ltr'>stantes,</span> 
     </span>
    </p>

    <p class='ocr_par' dir='ltr' id='par_1_14' title="bbox 245 3041 2157 3099">
     <span class='ocr_line' id='line_1_46' title="bbox 245 3041 2157 3099; baseline -0.002 -13"><span class='ocrx_word' id='word_1_489' title='bbox 245 3050 286 3086; x_wconf 86' lang='lat' dir='ltr'>et</span> <span class='ocrx_word' id='word_1_490' title='bbox 314 3046 504 3086; x_wconf 77' lang='lat' dir='ltr'>docentes</span> <span class='ocrx_word' id='word_1_491' title='bbox 534 3045 744 3099; x_wconf 87' lang='lat' dir='ltr'>populum.</span> <span class='ocrx_word' id='word_1_492' title='bbox 802 3047 837 3069; x_wconf 76' lang='lat'>2⁶</span> <span class='ocrx_word' id='word_1_493' title='bbox 866 3045 979 3086; x_wconf 91' lang='lat' dir='ltr'>Tunc</span> <span class='ocrx_word' id='word_1_494' title='bbox 1008 3044 1112 3086; x_wconf 84' lang='lat' dir='ltr'>abiit</span> <span class='ocrx_word' id='word_1_495' title='bbox 1139 3044 1404 3097; x_wconf 74' lang='lat' dir='ltr'>magistratus</span> <span class='ocrx_word' id='word_1_496' title='bbox 1435 3058 1526 3085; x_wconf 87' lang='lat' dir='ltr'>cum</span> <span class='ocrx_word' id='word_1_497' title='bbox 1556 3043 1763 3089; x_wconf 82' lang='lat' dir='ltr'>ministris,</span> <span class='ocrx_word' id='word_1_498' title='bbox 1795 3048 1837 3083; x_wconf 89' lang='lat' dir='ltr'>et</span> <span class='ocrx_word' id='word_1_499' title='bbox 1865 3042 2040 3084; x_wconf 86' lang='lat' dir='ltr'>adduxit</span> <span class='ocrx_word' id='word_1_500' title='bbox 2067 3041 2157 3083; x_wconf 91' lang='lat' dir='ltr'>illos</span> 
     </span>
    </p>

    <p class='ocr_par' dir='ltr' id='par_1_15' title="bbox 46 3103 2157 3380">
     <span class='ocr_line' id='line_1_47' title="bbox 245 3103 1420 3158; baseline -0.001 -13"><span class='ocrx_word' id='word_1_501' title='bbox 245 3104 330 3145; x_wconf 87' lang='lat' dir='ltr'>sine</span> <span class='ocrx_word' id='word_1_502' title='bbox 360 3104 418 3144; x_wconf 85' lang='lat' dir='ltr'>vi:</span> <span class='ocrx_word' id='word_1_503' title='bbox 452 3104 656 3145; x_wconf 87' lang='lat' dir='ltr'>timebant</span> <span class='ocrx_word' id='word_1_504' title='bbox 684 3104 788 3145; x_wconf 86' lang='lat' dir='ltr'>enim</span> <span class='ocrx_word' id='word_1_505' title='bbox 821 3104 1019 3158; x_wconf 89' lang='lat' dir='ltr'>populum</span> <span class='ocrx_word' id='word_1_506' title='bbox 1048 3117 1099 3145; x_wconf 91' lang='lat' dir='ltr'>ne</span> <span class='ocrx_word' id='word_1_507' title='bbox 1128 3103 1420 3157; x_wconf 88' lang='lat' dir='ltr'>lapidarentur.</span> 
     </span>
     <span class='ocr_line' id='line_1_48' title="bbox 46 3159 2156 3226; baseline -0.002 -22"><span class='ocrx_word' id='word_1_508' title='bbox 46 3166 232 3226; x_wconf 27' lang='lat' dir='ltr'>&amp;¹523ssOE</span> <span class='ocrx_word' id='word_1_509' title='bbox 350 3165 384 3187; x_wconf 75' lang='lat'>2⁷</span> <span class='ocrx_word' id='word_1_510' title='bbox 405 3163 461 3203; x_wconf 63' lang='lat' dir='ltr'>lit</span> <span class='ocrx_word' id='word_1_511' title='bbox 479 3177 567 3203; x_wconf 84' lang='lat' dir='ltr'>cum</span> <span class='ocrx_word' id='word_1_512' title='bbox 591 3163 860 3204; x_wconf 82' lang='lat' dir='ltr'>adduxissent</span> <span class='ocrx_word' id='word_1_513' title='bbox 877 3163 977 3211; x_wconf 91' lang='lat' dir='ltr'>illos,</span> <span class='ocrx_word' id='word_1_514' title='bbox 999 3167 1236 3204; x_wconf 88' lang='lat' dir='ltr'>statuerunt</span> <span class='ocrx_word' id='word_1_515' title='bbox 1253 3163 1293 3203; x_wconf 91' lang='lat' dir='ltr'>in</span> <span class='ocrx_word' id='word_1_516' title='bbox 1313 3161 1501 3204; x_wconf 87' lang='lat' dir='ltr'>concilio:</span> <span class='ocrx_word' id='word_1_517' title='bbox 1523 3161 1579 3202; x_wconf 84' lang='lat' dir='ltr'>Et</span> <span class='ocrx_word' id='word_1_518' title='bbox 1597 3161 1866 3215; x_wconf 78' lang='lat' dir='ltr'>interrogavit</span> <span class='ocrx_word' id='word_1_519' title='bbox 1884 3174 1951 3202; x_wconf 88' lang='lat' dir='ltr'>eos</span> <span class='ocrx_word' id='word_1_520' title='bbox 1970 3159 2156 3214; x_wconf 88' lang='lat' dir='ltr'>princ-eps</span> 
     </span>
     <span class='ocr_line' id='line_1_49' title="bbox 62 3218 2157 3275; baseline -0.001 -14"><span class='ocrx_word' id='word_1_521' title='bbox 62 3220 215 3267; x_wconf 52' lang='lat' dir='ltr'>‘iepram—n-</span> <span class='ocrx_word' id='word_1_522' title='bbox 247 3222 517 3263; x_wconf 85' lang='lat' dir='ltr'>sacerdotum.</span> <span class='ocrx_word' id='word_1_523' title='bbox 580 3224 615 3245; x_wconf 72' lang='lat'>²⁸</span> <span class='ocrx_word' id='word_1_524' title='bbox 649 3223 804 3263; x_wconf 87' lang='lat' dir='ltr'>dicens:</span> <span class='ocrx_word' id='word_1_525' title='bbox 840 3222 1117 3275; x_wconf 78' lang='lat' dir='ltr'>l&#39;raecipiendo</span> <span class='ocrx_word' id='word_1_526' title='bbox 1151 3221 1415 3275; x_wconf 84' lang='lat' dir='ltr'>praecepimus</span> <span class='ocrx_word' id='word_1_527' title='bbox 1451 3221 1568 3262; x_wconf 75' lang='lat' dir='ltr'>vobis</span> <span class='ocrx_word' id='word_1_528' title='bbox 1602 3233 1652 3261; x_wconf 90' lang='lat' dir='ltr'>ne</span> <span class='ocrx_word' id='word_1_529' title='bbox 1687 3219 1884 3262; x_wconf 84' lang='lat' dir='ltr'>doceretis</span> <span class='ocrx_word' id='word_1_530' title='bbox 1917 3219 1959 3260; x_wconf 89' lang='lat' dir='ltr'>in</span> <span class='ocrx_word' id='word_1_531' title='bbox 1993 3218 2157 3260; x_wconf 90' lang='lat' dir='ltr'>nomine</span> 
     </span>
     <span class='ocr_line' id='line_1_50' title="bbox 81 3273 2156 3333; baseline -0.002 -12"><span class='ocrx_word' id='word_1_532' title='bbox 81 3273 200 3301; x_wconf 57' lang='lat' dir='ltr'>&#39;&#39;¹¹¹¹‘&#39;“f‘</span> <span class='ocrx_word' id='word_1_533' title='bbox 248 3281 343 3322; x_wconf 88' lang='lat' dir='ltr'>isto:</span> <span class='ocrx_word' id='word_1_534' title='bbox 365 3286 406 3321; x_wconf 86' lang='lat' dir='ltr'>et</span> <span class='ocrx_word' id='word_1_535' title='bbox 424 3293 513 3322; x_wconf 85' lang='lat' dir='ltr'>ecce</span> <span class='ocrx_word' id='word_1_536' title='bbox 532 3280 714 3333; x_wconf 83' lang='lat' dir='ltr'>replestis</span> <span class='ocrx_word' id='word_1_537' title='bbox 737 3280 953 3322; x_wconf 79' lang='lat' dir='ltr'>Ierusalem</span> <span class='ocrx_word' id='word_1_538' title='bbox 974 3280 1161 3323; x_wconf 85' lang='lat' dir='ltr'>doctrina</span> <span class='ocrx_word' id='word_1_539' title='bbox 1180 3284 1334 3320; x_wconf 84' lang='lat' dir='ltr'>vestra:</span> <span class='ocrx_word' id='word_1_540' title='bbox 1356 3284 1397 3319; x_wconf 81' lang='lat' dir='ltr'>et</span> <span class='ocrx_word' id='word_1_541' title='bbox 1415 3279 1539 3320; x_wconf 86' lang='lat' dir='ltr'>vultis</span> <span class='ocrx_word' id='word_1_542' title='bbox 1559 3279 1748 3320; x_wconf 85' lang='lat' dir='ltr'>inducere</span> <span class='ocrx_word' id='word_1_543' title='bbox 1767 3291 1887 3331; x_wconf 89' lang='lat' dir='ltr'>super</span> <span class='ocrx_word' id='word_1_544' title='bbox 1904 3291 1977 3319; x_wconf 93' lang='lat' dir='ltr'>nos</span> <span class='ocrx_word' id='word_1_545' title='bbox 1996 3277 2156 3331; x_wconf 82' lang='lat' dir='ltr'>sangui-</span> 
     </span>
     <span class='ocr_line' id='line_1_51' title="bbox 247 3339 704 3380; baseline -0.002 0"><span class='ocrx_word' id='word_1_546' title='bbox 247 3353 337 3380; x_wconf 88' lang='lat' dir='ltr'>nem</span> <span class='ocrx_word' id='word_1_547' title='bbox 371 3339 545 3380; x_wconf 90' lang='lat' dir='ltr'>hominis</span> <span class='ocrx_word' id='word_1_548' title='bbox 576 3339 704 3379; x_wconf 81' lang='lat' dir='ltr'>istius.</span> 
     </span>
    </p>

    <p class='ocr_par' dir='ltr' id='par_1_16' title="bbox 63 3395 2156 3510">
     <span class='ocr_line' id='line_1_52' title="bbox 63 3395 2156 3460; baseline -0.002 -21"><span class='ocrx_word' id='word_1_549' title='bbox 63 3402 220 3460; x_wconf 38' lang='lat' dir='ltr'>&#39;sfif&#39;ffffisl‘g-</span> <span class='ocrx_word' id='word_1_550' title='bbox 352 3400 386 3422; x_wconf 72' lang='lat'>2⁹</span> <span class='ocrx_word' id='word_1_551' title='bbox 430 3398 690 3451; x_wconf 72' lang='lat' dir='ltr'>Respondens</span> <span class='ocrx_word' id='word_1_552' title='bbox 727 3405 863 3439; x_wconf 83' lang='lat' dir='ltr'>autem</span> <span class='ocrx_word' id='word_1_553' title='bbox 902 3399 1058 3447; x_wconf 80' lang='lat' dir='ltr'>Petrus,</span> <span class='ocrx_word' id='word_1_554' title='bbox 1098 3402 1140 3439; x_wconf 90' lang='lat' dir='ltr'>et</span> <span class='ocrx_word' id='word_1_555' title='bbox 1174 3397 1373 3451; x_wconf 78' lang='lat' dir='ltr'>Apostoli,</span> <span class='ocrx_word' id='word_1_556' title='bbox 1411 3396 1622 3438; x_wconf 87' lang='lat' dir='ltr'>dixerunt:</span> <span class='ocrx_word' id='word_1_557' title='bbox 1660 3396 1834 3437; x_wconf 86' lang='lat' dir='ltr'>Obedire</span> <span class='ocrx_word' id='word_1_558' title='bbox 1871 3399 2035 3448; x_wconf 84' lang='lat' dir='ltr'>oportet</span> <span class='ocrx_word' id='word_1_559' title='bbox 2068 3395 2156 3436; x_wconf 89' lang='lat' dir='ltr'>Deo</span> 
     </span>
     <span class='ocr_line' id='line_1_53' title="bbox 83 3447 2155 3510; baseline -0.001 -14"><span class='ocrx_word' id='word_1_560' title='bbox 83 3447 170 3501; x_wconf 54' lang='lat' dir='ltr'>‘tun</span> <span class='ocrx_word' id='word_1_561' title='bbox 249 3458 388 3510; x_wconf 71' lang='lat' dir='ltr'>magis,</span> <span class='ocrx_word' id='word_1_562' title='bbox 429 3470 552 3510; x_wconf 79' lang='lat' dir='ltr'>quam</span> <span class='ocrx_word' id='word_1_563' title='bbox 590 3456 834 3498; x_wconf 87' lang='lat' dir='ltr'>hominibus.</span> <span class='ocrx_word' id='word_1_564' title='bbox 900 3460 936 3482; x_wconf 79' lang='lat'>³0</span> <span class='ocrx_word' id='word_1_565' title='bbox 972 3458 1083 3498; x_wconf 80' lang='lat' dir='ltr'>Deus</span> <span class='ocrx_word' id='word_1_566' title='bbox 1122 3461 1285 3510; x_wconf 87' lang='lat' dir='ltr'>patrum</span> <span class='ocrx_word' id='word_1_567' title='bbox 1324 3460 1556 3497; x_wconf 90' lang='lat' dir='ltr'>nostrorum</span> <span class='ocrx_word' id='word_1_568' title='bbox 1594 3455 1811 3496; x_wconf 87' lang='lat' dir='ltr'>suscitavit</span> <span class='ocrx_word' id='word_1_569' title='bbox 1848 3453 1994 3503; x_wconf 87' lang='lat' dir='ltr'>Iesum,</span> <span class='ocrx_word' id='word_1_570' title='bbox 2035 3466 2155 3507; x_wconf 91' lang='lat' dir='ltr'>quem</span> 
     </span>
    </p>
   </div>
   <div class='ocr_carea' id='block_1_12' title="bbox 249 3512 2155 3569">
    <p class='ocr_par' dir='ltr' id='par_1_17' title="bbox 249 3512 2155 3569">
     <span class='ocr_line' id='line_1_54' title="bbox 249 3512 2155 3569; baseline -0.002 -12"><span class='ocrx_word' id='word_1_571' title='bbox 249 3530 321 3557; x_wconf 86' lang='lat' dir='ltr'>vos</span> <span class='ocrx_word' id='word_1_572' title='bbox 352 3515 623 3557; x_wconf 80' lang='lat' dir='ltr'>interemistis.</span> <span class='ocrx_word' id='word_1_573' title='bbox 655 3516 948 3569; x_wconf 83' lang='lat' dir='ltr'>suspendentes</span> <span class='ocrx_word' id='word_1_574' title='bbox 977 3516 1015 3556; x_wconf 94' lang='lat' dir='ltr'>in</span> <span class='ocrx_word' id='word_1_575' title='bbox 1046 3516 1165 3567; x_wconf 60' lang='lat' dir='ltr'>ligno.</span> <span class='ocrx_word' id='word_1_576' title='bbox 1223 3518 1250 3567; x_wconf 46' lang='grc' dir='ltr'>θ’</span> <span class='ocrx_word' id='word_1_577' title='bbox 1286 3515 1406 3555; x_wconf 80' lang='lat' dir='ltr'>Hunc</span> <span class='ocrx_word' id='word_1_578' title='bbox 1434 3514 1670 3568; x_wconf 86' lang='lat' dir='ltr'>principem,</span> <span class='ocrx_word' id='word_1_579' title='bbox 1701 3518 1743 3554; x_wconf 83' lang='lat' dir='ltr'>et</span> <span class='ocrx_word' id='word_1_580' title='bbox 1771 3512 2015 3554; x_wconf 85' lang='lat' dir='ltr'>salvatorem</span> <span class='ocrx_word' id='word_1_581' title='bbox 2045 3512 2155 3553; x_wconf 89' lang='lat' dir='ltr'>Deus</span> 
     </span>
    </p>
   </div>
  </div>
 </body>
</html>
