2356 3760
113 111 166 153 28,
192 112 332 151 16—28‚
356 112 395 145 31
801 112 953 147 Acriis
979 111 1323 146 APOSTOLORUM
1907 116 2005 157 1097

526 205 592 244 13.
622 203 802 243 Biennis
833 203 1069 255 captivitas
1100 204 1316 254 Romana,
1344 205 1410 254 28,
1430 204 1601 244 16a31.

219 275 253 297 ¹⁶
276 273 377 314 Cum
401 278 539 314 autem
563 272 810 313 venissemus
836 272 1022 321 Romam,
1047 272 1286 326 permissum
1310 278 1371 314 est
1393 272 1521 314 Paulo
1543 286 1705 314 manere
1729 274 1889 315 sibimet
1913 289 2003 316 cum
2018 283 2051 307 1¹¹
2066 283 2198 321 custodia

114 331 369 372 custodiente
398 344 438 372 se
466 330 606 372 milite.
2053 318 2167 342 numam

218 392 251 414 ¹⁷
265 390 367 431 Post
380 389 547 430 tertium
562 393 700 429 autem
715 387 821 429 diem
837 389 1080 429 convocavit
1094 390 1244 442 primos
1261 390 1502 431 Iudaeorum.
1519 390 1700 443 Cumque
1715 390 2006 436 convenissent,
2060 397 2164 435 mum<

114 448 275 489 dicebat
299 448 372 489 eis:
397 448 496 501 Ego,
522 446 598 487 viri
620 446 777 494 fratres,
802 445 901 487 nihil
925 447 1117 488 adversus
1141 447 1299 500 plebem
1321 447 1483 495 faciens,
1510 453 1582 488 aut
1603 461 1757 489 morem
1780 454 2006 500 paternum,
2029 432 2193 491 εοῖἶῗῗῖἷῗῖιῖμ

114 506 276 547 vinctus
308 506 358 546 ab
392 504 648 558 Ierosolyrnis
680 504 855 545 traditus
886 518 976 545 sum
1006 504 1047 545 in
1077 518 1221 546 manus
1254 506 1542 553 Romanorum,
1602 507 1636 529 ¹8
1668 505 1736 558 qui
1767 519 1858 546 cum
1888 506 2008 546 inter-
2054 509 2168 559 “ffsssgffff’

114 564 367 617 rogationem
394 564 443 604 de
468 576 533 604 me
559 562 808 611 habuissent,
838 563 1055 604 voluerunt
1081 576 1145 603 me
1172 563 1387 611 dimittere,
1416 577 1461 604 eo
1490 563 1598 616 quod
1624 563 1734 604 nulla
1759 568 1863 604 esset
1889 576 2009 604 causa
2048 552 2174 600 νένῖιιιῑτ.

114 622 256 663 mortis
278 621 320 662 in
342 635 418 663 me.
470 623 505 645 1⁹
528 620 910 662 Contradicentibus
934 626 1071 662 autem
1097 621 1254 670 Iudaeis,
1280 627 1442 662 coactus
1465 635 1553 662 suni
1578 621 1778 674 appellare
1801 621 2008 671 Caesarem,

114 693 196 722 non
223 679 338 734 quasi
362 684 525 733 gentem
549 692 683 720 meam
708 679 861 721 habens
887 679 1042 733 aliquid
1066 692 1265 720 accusare.
1319 681 1355 703 2⁰
1378 679 1550 732 Propter
1573 679 1677 719 hanc
1702 679 1823 732 igitur
1847 692 2010 720 causam

113 738 255 792 rogavi
272 752 345 779 vos
364 738 512 786 videre,
534 742 575 778 et
592 737 754 791 alloqui.
775 738 947 792 Propter
964 751 1076 791 spem
1095 737 1201 778 enim
1223 737 1345 778 Israel
1364 742 1508 777 catena
1525 737 1599 777 hac
1618 737 1888 778 circumdatus
1908 751 2007 777 sum.

220 799 251 821 21
273 797 330 837 At
349 796 406 836 illi
428 795 619 837 dixerunt
640 796 693 837 ad
714 809 824 837 eum:
849 796 931 837 Nos
953 809 1083 849 neque
1104 796 1260 837 litteras
1283 795 1509 848 accepimus
1532 795 1580 835 de
1601 800 1641 835 te
1664 808 1687 836 a
1710 795 1856 843 Iudaea,
1880 808 2008 848 neque
2039 832 2056 856 d
2088 798 2135 846 519}
2155 840 2160 845 ,
2180 840 2184 844 ‚

115 855 335 897 adveniens
355 854 499 908 aliquis
518 854 691 895 fratrum
710 854 933 903 nunciavit,
955 859 1027 895 aut
1044 854 1202 896 locutus
1222 859 1283 895 est
1302 853 1399 907 quid
1417 854 1466 894 de
1485 858 1525 894 te
1542 852 1707 894 malum.
1753 854 1785 876 '22
1805 853 2008 905 Rogamus
2023 834 2199 905 (1ιὶἕῖἷῖξᾷᾚᾷ

116 919 254 955 autem
282 926 305 954 a
330 918 371 954 te
398 913 536 954 audire
564 926 653 966 quae
678 912 820 954 sentis:
849 926 943 953 nam
970 913 1019 953 de
1045 917 1156 954 secta
1180 912 1256 953 hac
1281 917 1426 953 notum
1453 916 1514 952 est
1539 910 1654 952 nobis
1681 909 1776 964 quia
1801 910 1949 963 ubique
1976 910 2010 950 ei
2058 902 2167 965 ffi‘ssii‘f,

115 970 421 1014 contradicitur.

220 1032 252 1055 ²³
275 1030 376 1072 Cum
401 1029 708 1071 constituissent
731 1035 869 1070 autem
891 1029 947 1069 illi
971 1029 1089 1078 diem,
1115 1033 1315 1070 venerunt
1338 1029 1389 1069 ad
1412 1041 1503 1068 eum
1527 1027 1567 1067 in
1589 1026 1811 1080 hospitium
1834 1025 2007 1079 plurimi.
2023 1035 2038 1085 ,³
2054 1028 2202 1086 Pssfssffifij

117 1089 263 1144 quibus
291 1089 523 1142 exponebat
549 1087 772 1129 testificans
798 1101 965 1142 regnum
991 1087 1079 1136 Dei,
1108 1088 1361 1141 suadensque
1388 1086 1442 1126 eis
1469 1086 1517 1126 de
1546 1086 1636 1125 Iesu
1662 1098 1711 1125 ex
1737 1084 1840 1138 Lege
1866 1083 2007 1136 Moysi,
2025 1070 2200 1136 ξὲἕξωιῗῖρῗ-

116 1153 158 1190 et
181 1147 397 1201 Prophetis
424 1160 448 1188 a
470 1159 589 1188 mane
616 1160 742 1200 usque
768 1147 820 1187 ad
845 1159 1067 1199 vesperam.
1121 1147 1153 1170 2⁴
1178 1145 1234 1186 Et
1260 1145 1425 1198 quidam
1451 1144 1668 1184 credebant
1694 1142 1765 1189 his,
1795 1155 1883 1195 quae
1907 1142 2010 1183 dice-
2072 1134 2153 1161 ‘stur’

117 1207 286 1248 bantur:
311 1205 478 1260 quidam
499 1218 594 1246 vero
614 1218 696 1246 non
718 1205 948 1246 credebant.
998 1206 1029 1228 '²⁵
1051 1204 1232 1257 Cumque
1252 1203 1426 1243 invicem
1447 1215 1528 1242 non
1550 1206 1681 1242 essent
1703 1200 2010 1248 consentientes,

117 1265 383 1307 discedebant
419 1263 577 1305 dicente
614 1263 742 1304 Paulo
779 1277 906 1303 unum
942 1262 1130 1303 verbum:
1169 1260 1274 1310 Quia
1309 1261 1410 1302 bene
1446 1259 1619 1312 Spiritus
1655 1263 1819 1299 sanctus
1854 1257 2012 1299 locutus

118 1329 180 1365 est
200 1336 272 1377 per
296 1322 443 1364 Isaiam
466 1322 709 1375 prophetam
733 1322 784 1362 ad
806 1321 948 1361 Patres
970 1325 1141 1368 nostros,
1192 1321 1227 1344 2⁶
1250 1318 1402 1360 dicens:
1431 1318 1562 1358 aVade
1586 1317 1638 1357 ad
1659 1316 1854 1369 populum
1875 1315 2012 1363 istum,

118 1388 159 1424 et
189 1381 253 1423 dic
284 1382 335 1422 ad
366 1394 450 1422 eos:

170 1441 278 1481 Aure
310 1438 495 1488 audietis,
529 1444 570 1479 et
599 1451 682 1479 non
712 1437 963 1490 intelligetis:
1049 1442 1089 1477 et
1120 1435 1304 1477 videntes
1335 1433 1537 1481 videbitis,
1571 1438 1612 1474 et
1641 1445 1723 1474 non
1753 1430 2012 1485 perspicietis.

119 1501 152 1524 ²⁷
174 1500 450 1540 Incrassatum
481 1501 543 1538 est
572 1497 678 1537 enim
710 1509 778 1537 cor
807 1494 947 1549 populi
977 1495 1108 1542 huius,
1194 1499 1234 1534 et
1264 1492 1428 1534 auribus
1458 1490 1636 1546 graviter
1665 1489 1892 1537 audierunt,
1976 1494 2016 1529 et

382 1555 517 1597 oculos
546 1568 640 1597 suos
670 1558 1012 1607 compresserunt:

172 1629 221 1656 ne
250 1616 355 1657 forte
385 1614 554 1656 videant
583 1612 718 1661 oculis,
803 1617 844 1653 et
872 1611 1036 1653 auribus
1067 1610 1248 1658 audiant,
1332 1614 1373 1650 et
1401 1608 1519 1650 corde
1547 1606 1787 1660 intelligant,

173 1679 214 1715 et
244 1678 548 1721 convertantur,
632 1677 673 1712 et
702 1684 840 1712 sanem
871 1684 948 1712 eos.

224 1734 259 1757 ²⁸
288 1732 443 1773 Notum
471 1744 563 1785 ergo
591 1730 644 1771 sit
670 1729 797 1778 vobis,
829 1728 1022 1783 quoniam
1049 1727 1249 1769 Gentibus
1275 1726 1442 1767 missum
1470 1729 1531 1765 est
1557 1724 1631 1765 hoc
1659 1722 1834 1764 salutare
1860 1720 1947 1770 Dei,
1977 1725 2017 1761 et

119 1791 196 1846 ipsi
217 1790 398 1833 audient.
446 1791 482 1814 2⁹
502 1789 558 1830 Et
578 1802 670 1830 cum
690 1789 775 1829 haec
796 1787 975 1836 dixisset,
999 1786 1185 1827 exierunt
1205 1785 1255 1826 ab
1277 1797 1322 1825 eo
1345 1783 1481 1832 Iudaei,
1504 1782 1677 1823 multam
1696 1781 1893 1821 habentes
1913 1779 2018 1819 inter

121 1864 161 1892 se
192 1848 470 1904 quaestionem.
2119 1894 2123 1898 ,

224 1910 261 1933 ³⁰
291 1906 443 1948 Mansit
477 1911 615 1947 autem
648 1905 810 1946 biennio
843 1909 932 1945 toto
965 1903 1004 1944 in
1039 1916 1110 1944 suo
1144 1902 1362 1943 conducto:
1399 1906 1438 1940 et
1471 1898 1716 1952 suscipiebat
1749 1909 1897 1945 onmes,
1949 1894 2016 1959 qui
2030 1895 2220 1959 {ffggffisstgtg}

121 1966 453 2021 ingrediebantur
476 1965 527 2006 ad
550 1977 654 2013 eum,
705 1966 736 1988 3¹
760 1963 982 2016 praedicans
1005 1974 1173 2015 regnum
1195 1959 1282 2009 Dei,
1308 1964 1349 2000 et
1371 1959 1517 1999 docens
1541 1969 1630 2010 quae
1652 1960 1747 1996 sunt
1769 1955 1818 1996 de
1840 1954 2016 1995 Donnno
2037 1964 2203 1994 praedicans·

124 2027 215 2068 Iesu
245 2024 404 2066 Christo
435 2037 527 2065 cum
558 2022 668 2064 omni
698 2021 857 2071 fiducia,
890 2020 973 2062 sine
1003 2018 1288 2073 prohibitione.

255 2127 308 2170 28,
333 2127 375 2162 26
401 2127 453 2160 als
478 2127 509 2168 6,
534 2127 569 2167 93
596 2126 648 2159 Mt
673 2125 725 2165 13,
751 2126 807 2165 14;
833 2124 888 2158 Mc
912 2124 942 2164 4,
968 2123 1024 2163 123
1051 2122 1097 2156 Lo
1121 2122 1152 2162 8,
1178 2122 1234 2162 10;
1262 2120 1299 2154 10
1324 2121 1375 2160 12,
1401 2120 1457 2160 40;
1485 2119 1572 2152 Rom
1598 2120 1650 2157 11,
1675 2117 1704 2151 s,
