2356 3760
120 115 151 155 3,
178 114 296 154 16—4,
322 115 363 147 16
937 111 1215 146 EZECHIELIS
1946 118 2022 159 793

527 207 566 246 3.
595 204 848 245 Declaratio
879 205 1081 244 muneris
1111 205 1371 255 periculosi,
1399 206 1437 255 3,
1458 205 1630 245 16—21.

227 279 261 301 ¹⁶
285 277 386 318 Cum
411 281 549 317 autem
573 274 887 329 pertransissent
911 279 1067 327 septem
1093 275 1187 323 dies,
1214 275 1371 316 factum
1396 280 1457 316 est
1482 275 1651 316 verbum
1676 276 1840 318 Domini
1866 281 1918 320 ad
1941 295 2016 326 me,
2041 284 2208 323 P¹·‘·⁰.³†0s‘³³

122 336 275 376 dicens:
328 338 362 360 1⁷
392 334 485 375 aFili
509 333 682 374 hominis
707 332 1002 386 speculatorem
1027 333 1120 374 dedi
1143 338 1184 374 te
1209 333 1347 375 domui
1373 333 1513 374 Israel:
1541 338 1581 374 et
1605 335 1743 375 audies
1768 337 1817 376 de
1842 350 1906 378 ore
1931 352 2018 380 meo
2055 320 2194 380 93]Ᾰῖἶῖῗὸ

121 395 304 443 verbum,
322 399 373 434 'et
398 391 663 433 annunciabis
689 391 743 431 eis
769 404 818 431 ex
843 404 918 432 me.
973 393 1008 415 1⁸
1033 391 1074 432 Si
1099 392 1258 432 dicente
1283 405 1347 432 me
1373 393 1425 432 ad
1449 392 1638 445 impium:
1666 394 1796 435 Morte
1821 397 2017 437 morieris:
2078 390 2171 415 debet·

121 466 203 494 non
228 451 537 493 annunciaveris
562 450 608 497 ei,
634 462 765 502 neque
789 450 949 490 locutus
973 450 1095 489 fueris
1120 455 1167 490 ut
1191 455 1404 491 avertatur
1428 464 1452 491 a
1474 451 1542 491 via
1565 464 1639 492 sua
1661 452 1797 506 impia,
1825 459 1866 494 et
1890 454 2022 495 vivat:

122 512 206 565 ipse
223 511 371 564 impius
388 509 429 549 in
445 509 664 562 iniquitate
681 521 755 548 sua
771 509 977 555 morietur,
998 509 1235 561 sanguinem
1254 514 1391 549 autem
1410 509 1493 549 eius
1511 510 1559 550 de
1576 523 1701 550 manu
1719 516 1792 551 tua
1808 513 2022 565 requiram.

123 572 157 594 ¹9
181 569 222 611 Si
247 574 384 609 autem
410 573 455 609 tu
481 566 791 608 annunciaveris
815 567 952 620 impio,
979 572 1020 607 et
1043 566 1108 607 ille
1132 580 1214 607 non
1238 567 1360 607 fuerit
1385 580 1601 608 conversus
1627 569 1678 609 ab
1702 569 1914 623 impietate
1939 584 2023 615 sua,

122 634 164 669 et
185 641 208 668 a
228 627 296 668 via
315 639 389 668 sua
407 626 550 680 impia:
572 625 657 679 ipse
679 625 842 678 quidem
863 625 904 665 in
924 625 1142 679 iniquitate
1163 638 1237 665 sua
1256 626 1462 671 morietur,
1486 631 1531 666 tu
1552 632 1689 667 autem
1712 629 1889 669 animam
1911 634 2025 670 tuam

120 686 313 727 liberasti.
365 688 401 710 ‘20
423 685 502 726 Sed
524 689 565 725 et
588 684 620 724 si
643 697 860 725 conversus
884 684 1014 725 iustus
1038 697 1063 724 a
1083 684 1242 725 iustitia
1265 697 1338 724 sua
1360 684 1494 731 fuerit,
1520 689 1561 724 et
1584 685 1723 726 fecerit
1746 686 2024 739 iniquitatem:

121 758 273 799 ponam
299 742 588 785 offendiculum
615 755 750 784 coram
776 756 834 786 eo,
861 743 945 796 ipse
970 743 1176 787 morietur,
1206 742 1302 795 quia
1326 755 1407 783 non
1433 743 1690 784 annuncia-sti
1715 744 1767 784 ei:
1794 744 1834 784 in
1860 752 2026 798 peccato

122 816 194 844 suo
222 803 429 851 morietur,
459 807 501 842 et
527 815 609 843 non
637 807 756 842 erunt
783 801 824 842 in
852 802 1048 842 memoria
1074 801 1241 842 iustitiae
1268 801 1364 849 eius,
1396 814 1496 854 quas
1524 801 1637 842 fecit:
1668 803 1905 855 sanguinem
1933 817 2026 844 vero

123 862 206 902 eius
237 862 286 902 de
315 874 440 902 manu
470 866 544 901 tua
572 860 787 913 requiram.
846 862 877 884 ‘2¹
908 860 949 901 Si
979 865 1117 901 autem
1148 865 1194 900 tu
1225 859 1535 900 annunciaveris
1565 860 1672 901 iusto
1703 866 1749 901 ut
1779 874 1859 902 non
1890 868 2029 915 peccet

122 921 265 964 iustus.
289 924 330 961 et
348 920 412 960 ille
433 932 515 960 non
536 919 783 973 peccaverit:
807 919 949 960 vivens
970 919 1095 967 vivet,
1119 919 1216 972 quia
1236 918 1493 959 annunciasti
1515 919 1561 967 ei,
1585 924 1625 959 et
1646 924 1691 960 tu
1714 920 1892 960 animam
1914 926 2029 961 tuam

122 979 314 1020 liberasti.
1527 976 1531 979 ’

426 1084 467 1134 Ι.
507 1082 801 1134 Vaticinia
841 1084 1043 1133 contra
1082 1082 1284 1143 Israel,
1324 1081 1372 1142 3,
1399 1081 1628 1143 22—24,
1655 1083 1736 1133 27.

264 1175 302 1214 1.
333 1173 474 1214 Poena
503 1173 889 1224 lerosolymorum
921 1174 1144 1224 symbolis
1173 1172 1573 1226 praemonstratur,
1601 1173 1640 1222 3,
1659 1174 1804 1224 22κ5,
1824 1176 1889 1215 17.

228 1246 260 1268 22
285 1244 341 1285 Et
365 1244 478 1285 facta
502 1249 561 1284 est
588 1257 708 1297 super
732 1257 796 1284 me
822 1257 966 1284 manus
991 1243 1169 1290 Domini,
1197 1248 1238 1283 et
1264 1242 1367 1283 dixit
1394 1242 1445 1282 ad
1470 1255 1552 1282 me:
1579 1242 1753 1294 Surgens
1779 1244 1963 1295 egredere
1988 1244 2028 1284 in
2110 1245 2161 1268 pff

124 1317 327 1357 campum,
359 1308 400 1343 et
428 1303 483 1343 ibi
512 1303 657 1355 loquar
685 1308 833 1343 tecum.
891 1305 923 1327 '³³
953 1303 1008 1343 Et
1037 1315 1202 1354 surgens
1232 1314 1411 1354 egressus
1441 1314 1530 1341 sum
1560 1300 1600 1340 in
1630 1313 1839 1354 campum:
1871 1308 1912 1342 et
1941 1279 2220 1353 ecce¹i1s3⁰c¹1l¹1i3iffif¹

123 1362 179 1403 ibi
203 1362 330 1416 gloria
352 1362 519 1403 Domini
544 1362 684 1402 stabat
710 1361 825 1414 quasi
848 1361 985 1413 gloria,
1015 1373 1138 1413 quain
1164 1359 1247 1400 vidi
1277 1359 1414 1399 biuxta
1439 1359 1609 1399 fluvium
1635 1358 1813 1399 Chobar:
1841 1365 1881 1400 et
1906 1361 2029 1402 cecidi
2071 1349 2200 1414 ’,ζῗζῖξζζζξζζ

124 1422 165 1462 in
184 1421 329 1461 faciem
348 1434 494 1461 meam.
543 1422 575 1444 ²⁴
594 1420 649 1460 Et
668 1420 869 1473 ingressus
889 1425 947 1459 est
969 1419 1009 1459 in
1029 1432 1092 1459 me
1112 1418 1289 1472 spiritus,
1312 1423 1353 1458 et
1372 1418 1521 1458 statuit
1540 1431 1603 1457 me
1623 1430 1742 1470 super
1762 1419 1882 1471 pedes
1903 1432 2030 1459 meos:

124 1485 165 1521 et
190 1480 350 1520 locutus
377 1484 438 1519 est
463 1478 573 1522 mihi,
603 1484 643 1519 et
669 1478 774 1518 dixit
801 1478 853 1518 ad
878 1491 959 1517 me:
991 1478 1216 1531 Ingredere,
1245 1482 1286 1517 et
1311 1476 1515 1517 includere
1542 1476 1582 1516 in
1608 1476 1740 1517 medio
1768 1477 1912 1518 domus
1939 1482 2031 1518 tuae.

124 1540 156 1563 ‘25
180 1538 236 1578 Et
260 1543 305 1578 tu
330 1537 384 1578 fili
408 1537 594 1584 hominis,
621 1550 710 1577 ecce
735 1537 835 1577 data
858 1543 954 1577 sunt
978 1549 1098 1590 super
1122 1542 1161 1577 te
1186 1535 1360 1579 vincula,
1388 1540 1428 1576 et
1452 1535 1639 1588 ligabunt
1663 1540 1702 1575 te
1726 1535 1765 1575 in
1791 1536 1863 1575 eis:
1890 1541 1930 1576 et
1954 1549 2034 1577 non

125 1597 337 1651 egredieris
371 1597 420 1637 de
453 1596 586 1636 medio
622 1609 772 1637 eorum.
835 1598 870 1619 ‘2⁶
904 1595 959 1636 Et
991 1595 1172 1648 linguam
1207 1600 1321 1635 tuam
1357 1594 1559 1634 adhaerere
1593 1593 1740 1634 faciam
1774 1594 1913 1647 palato
1948 1600 2032 1641 tuo,

126 1660 167 1697 et
189 1656 263 1696 eris
285 1660 436 1703 mutus,
462 1668 534 1695 nec
559 1654 673 1707 quasi
696 1654 757 1694 vir
779 1654 1015 1707 obiurgans:
1041 1654 1137 1707 quia
1158 1654 1303 1694 domus
1326 1665 1570 1706 exasperans
1592 1657 1664 1693 est.
1715 1654 1749 1676 2⁷
1772 1652 1873 1693 Cum
1896 1658 2035 1693 autem

125 1715 285 1756 locutus
314 1714 426 1755 fuero
457 1714 543 1757 tibi,
576 1713 755 1766 aperiam
785 1726 827 1754 os
858 1718 987 1759 tuum,
1019 1718 1060 1753 et
1089 1713 1195 1753 dices
1226 1712 1276 1753 ad
1306 1725 1391 1752 eos:
1423 1711 1521 1751 Haec
1549 1711 1648 1752 dicit
1676 1711 1875 1752 Dominus
1904 1712 2033 1752 Deus:

127 1773 204 1822 Qui
235 1773 361 1821 audit,
395 1772 554 1813 audiat:
587 1778 627 1813 et
658 1772 726 1825 qui
757 1772 939 1825 quiescit,
972 1772 1172 1825 quiescat:
1206 1771 1302 1824 quia
1330 1771 1474 1811 domus
1505 1782 1748 1822 exasperans
1778 1775 1849 1810 est.

231 1832 268 1874 4.
324 1834 338 1856 1
359 1831 415 1872 Et
436 1836 481 1872 tu
503 1831 558 1871 fili
578 1831 753 1872 hominis
774 1844 887 1872 sume
910 1831 983 1871 tibi
1004 1830 1185 1877 laterem,
1210 1835 1250 1870 et
1270 1842 1395 1882 pones
1417 1842 1509 1869 eum
1531 1841 1667 1869 coram
1688 1833 1747 1869 te:
1771 1833 1811 1868 et
1832 1829 2032 1869 describes
2064 1828 2212 1888 ¹¹¹ffig}eff¹¹

127 1892 167 1932 in
191 1904 236 1932 eo
261 1890 472 1931 civitatem
499 1890 729 1930 Ierusalem.
782 1893 796 1913 ’-’
820 1890 876 1930 Et
899 1889 1104 1930 ordinabis
1130 1889 1322 1929 adversus
1348 1901 1436 1928 eam
1461 1887 1724 1933 obsidionem,
1751 1892 1791 1927 et
1815 1887 2032 1928 aedificabis
2051 1898 2225 1938 descriptam

127 1949 386 1994 munitiones,
414 1954 455 1989 et
481 1949 755 2002 comportabis
783 1961 979 2002 aggerem,
1008 1954 1046 1988 et
1074 1948 1189 1988 dabis
1215 1952 1359 1988 contra
1383 1960 1471 1987 eam
1499 1951 1643 1993 castra,
1672 1951 1713 1986 et
1737 1959 1862 1998 pones
1889 1946 2032 1987 arietes
2049 1934 2240 1961 Obffldffl‘em'

127 2009 169 2049 in
192 2021 304 2062 gyro.
359 2010 374 2032 3
399 2007 455 2048 Et
481 2012 525 2048 tu
552 2020 665 2048 sume
691 2007 766 2048 tibi
792 2007 1037 2060 sartaginem
1064 2007 1248 2054 ferream,
1277 2011 1317 2046 et
1342 2018 1467 2058 pones
1493 2018 1582 2045 eam
1608 2004 1649 2044 in
1673 2017 1836 2044 murum
1862 2004 2035 2045 ferreum

128 2067 233 2108 inter
257 2072 309 2113 te,
337 2071 377 2107 et
402 2066 507 2107 inter
532 2066 761 2106 civitatem:
789 2072 829 2106 et
855 2066 1089 2106 obfirmabis
1114 2065 1259 2105 faciem
1286 2070 1400 2104 tuam
1427 2064 1477 2104 ad
1503 2076 1604 2111 eam,
1632 2067 1673 2103 et
1697 2063 1773 2103 erit
1797 2062 1837 2103 in
1863 2063 2037 2104 obsidio-

128 2139 232 2174 nem,
265 2130 306 2166 et
335 2125 604 2166 circumdabis
635 2137 742 2165 eam:
774 2125 932 2177 signum
964 2128 1024 2165 est
1054 2123 1193 2165 domui
1225 2122 1358 2163 Israel.

232 2186 246 2208 ⁴
269 2184 325 2225 Et
347 2189 393 2224 tu
416 2184 589 2225 dormies
612 2196 732 2236 super
753 2183 860 2223 latus
885 2188 1002 2223 tuum
1025 2183 1245 2225 sinistrum,
1272 2187 1312 2222 et
1334 2194 1458 2234 pones
1481 2180 1719 2233 iniquitates
1743 2180 1887 2221 domus
1913 2180 2034 2220 lsrael
2053 2182 2136 2205 Super
2154 2176 2228 2199 ΜΗ

129 2256 248 2296 super
266 2256 310 2284 eo
330 2256 497 2283 numero
516 2242 684 2287 dierum,
706 2243 852 2295 quibus
872 2242 1045 2283 dormies
1064 2254 1184 2294 super
1200 2240 1311 2283 illud,
1345 2245 1384 2280 et
1404 2252 1583 2280 assumes
1602 2239 1862 2292 iniquitatem
1882 2251 2031 2279 eorum.
2067 2212 2224 2271 *ginfferiffle

128 2304 142 2327 ⁵
159 2302 245 2355 Ego
263 2306 401 2342 autem
417 2301 510 2342 dedi
527 2301 601 2341 tibi
618 2314 744 2341 annos
761 2300 990 2354 iniquitatis
1007 2313 1157 2343 eorum,
1176 2312 1343 2339 numero
1361 2298 1517 2339 dierum
1534 2302 1736 2337 trecentos
1753 2302 1792 2337 et
1809 2297 2031 2350 nonaginta
2043 2282 2242 2341 ,1‹sifi1'ii‹fss¹t¹ss¹111‚

130 2361 231 2402 dies:
263 2366 303 2401 et
330 2360 513 2413 portabis
541 2360 803 2412 iniquitatem
832 2360 975 2400 domus
1007 2358 1140 2399 Israel.
1201 2359 1215 2381 ⁶
1243 2358 1298 2398 Et
1326 2370 1417 2397 cum
1446 2355 1709 2409 compleveris
1738 2355 1833 2403 haeo,
1865 2355 2038 2396 dormies

129 2432 250 2472 super
270 2419 378 2459 latus
400 2424 519 2459 tuum
542 2419 757 2459 dexterum
779 2419 974 2459 secundo:
999 2424 1040 2458 et
1069 2430 1264 2457 Cassumes
1287 2415 1549 2469 iniquitatem
1572 2415 1715 2455 domus
1740 2414 1844 2454 luda
1867 2414 2039 2467 quadra-

128 2478 245 2531 ginta
263 2478 416 2518 diebus
439 2477 545 2518 diem
564 2490 636 2530 pro
657 2490 775 2524 anno,
797 2477 916 2525 diem,
938 2476 1117 2529 inquam,
1140 2489 1211 2529 pro
1232 2488 1338 2516 anno
1358 2474 1451 2515 dedi
1470 2473 1555 2514 tibi.
1608 2474 1621 2496 ⁷
1641 2473 1696 2513 Et
1715 2473 1767 2513 ad
1787 2472 2037 2513 obsidionem

132 2536 351 2577 Ierusalem
377 2541 589 2578 convertes
614 2536 759 2576 faciem
786 2541 914 2584 tuam,
942 2540 983 2576 et
1009 2535 1221 2575 brachium
1247 2539 1366 2575 tuum
1392 2533 1468 2574 erit
1493 2536 1726 2573 extentum:
1755 2536 1795 2571 et
1820 2531 2038 2584 propheta—

132 2596 191 2637 bis
215 2595 409 2636 adversus
434 2608 534 2636 eam.
590 2596 605 2618 8
628 2594 732 2636 Ecce
756 2594 1001 2635 circumdedi
1026 2599 1066 2635 te
1090 2592 1279 2634 vinculis:
1306 2597 1346 2633 et
1368 2605 1449 2633 non
1474 2596 1514 2632 te
1538 2595 1748 2632 convertes
1774 2603 1797 2629 a
1818 2589 1943 2630 latere
1968 2594 2038 2631 tuo

131 2654 172 2695 in
198 2654 306 2695 latus
336 2653 458 2703 aliud,
489 2654 616 2695 donec
645 2654 847 2707 compleas
877 2653 959 2694 dies
989 2652 1209 2694 obsidionis
1238 2657 1330 2692 tuae.
2112 2702 2116 2705 Α

238 2715 253 2737 9
280 2712 337 2753 Et
364 2717 410 2753 tu
438 2726 551 2754 sume
579 2712 655 2753 tibi
682 2713 946 2761 frumentum,
978 2718 1019 2753 et
1046 2712 1255 2759 hordeum,
1286 2715 1327 2750 et
1354 2710 1504 2757 fabam,
1537 2713 1577 2748 et
1603 2708 1766 2754 lentem,
1797 2712 1838 2747 et
1865 2706 2033 2755 milium,
2084 2702 2199 2762 r‘ssiiffli]

132 2778 173 2813 et
198 2771 364 2812 viciam:
393 2777 434 2812 et
458 2771 598 2812 mittes
625 2784 671 2812 ea
696 2771 737 2812 in
763 2784 835 2812 vas
862 2784 1001 2816 unum,
1030 2776 1071 2811 et
1096 2769 1217 2810 facies
1244 2769 1319 2810 tibi
1346 2781 1470 2822 panes
1497 2779 1663 2807 numero
1691 2765 1858 2811 dierum,
1888 2765 2034 2818 quibus
2048 2774 2077 2798 et
2088 2773 2234 2818 impurum

133 2830 306 2872 dormies
332 2843 452 2884 super
475 2830 583 2871 latus
611 2835 746 2871 tuum:
776 2830 966 2871 trecentis
993 2834 1033 2870 et
1059 2829 1283 2882 nonaginta
1309 2827 1449 2868 diebus
1477 2825 1661 2866 comedes
1687 2823 1797 2864 illud.
1853 2825 1888 2847 1⁰
1913 2808 2246 2864 Cibiis⁰⁰¹¹¹ede¹¹“'¹²¹’

134 2894 272 2930 autem
297 2893 405 2937 tuus,
433 2902 512 2942 quo
538 2889 720 2931 vesceris
749 2889 824 2929 erit
848 2889 889 2929 in
914 2889 1091 2942 pondere
1116 2887 1261 2941 viginti
1287 2891 1457 2927 stateres
1482 2884 1522 2924 in
1548 2884 1629 2924 die:
1657 2896 1681 2923 a
1704 2888 1886 2936 ternpore
1912 2895 2039 2935 usque

134 2948 186 2989 ad
216 2952 378 3000 tempus
409 2948 594 2988 comedes
624 2947 735 2988 illud.
796 2950 825 2971 ¹1
856 2947 913 2988 Et
943 2960 1093 3000 aquam
1123 2946 1164 2987 in
1194 2958 1385 2986 mensura
1414 2944 1538 2987 bibes,
1572 2946 1730 2982 sextam
1760 2946 1921 2994 partem
1951 2940 2039 2981 hin:

134 3020 158 3047 a
186 3011 369 3060 tempore
398 3018 526 3059 usque
556 3006 608 3047 ad
637 3011 799 3059 tempus
830 3005 941 3046 bibes
970 3005 1081 3046 illud.
1141 3006 1172 3028 ¹²
1201 3004 1257 3045 Et
1287 3003 1402 3056 quasi
1431 3000 1741 3042 subcinericium
1771 3000 2040 3041 hordeaceum

134 3065 319 3106 comedes
341 3063 459 3105 illud:
483 3069 524 3105 et
545 3069 730 3111 stercore,
757 3065 866 3117 quod
888 3064 1092 3117 egreditur
1113 3064 1162 3104 de
1184 3062 1358 3109 homine,
1384 3060 1536 3114 operies
1558 3059 1658 3100 illud
1679 3059 1719 3099 in
1742 3058 1865 3100 oculis
1889 3071 2038 3100 eorum.

134 3126 166 3148 13
187 3123 243 3164 Et
264 3120 608 3164 dixit‘Dominus:
632 3122 696 3163 Sic
718 3123 933 3164 comedent
954 3122 1023 3163 filii
1047 3122 1170 3163 Israel
1194 3128 1362 3174 dpanem
1385 3132 1503 3160 suum
1525 3118 1728 3172 pollutum
1749 3117 1855 3158 inter
1876 3117 2038 3161 Gentes,

135 3183 187 3223 ad
204 3195 304 3235 quas
321 3181 477 3222 eiiciam
493 3194 571 3222 eos.
618 3183 649 3206 14
664 3181 721 3222 Et
736 3181 837 3222 dixi:
856 3181 891 3221 A
907 3195 931 3222 a
946 3195 980 3228 a,
999 3181 1174 3223 Domine
1189 3181 1311 3227 Deus,
1332 3192 1421 3219 ecce
1438 3177 1575 3218 anima
1589 3190 1681 3217 inea
1696 3190 1777 3217 non
1794 3181 1854 3216 est
1869 3175 2038 3229 polluta,

135 3245 176 3281 et
200 3240 473 3289 morticinum,
501 3244 542 3281 et
564 3239 789 3280 laceratum
814 3254 838 3281 a
862 3240 1000 3281 bestiis
1025 3253 1106 3281 non
1131 3238 1287 3280 comedi
1313 3237 1364 3278 ab
1388 3236 1565 3277 infantia
1588 3249 1679 3276 mea
1703 3248 1830 3288 usque
1855 3247 1973 3276 nunc.
2002 3238 2041 3273 et.

135 3312 217 3340 non
241 3304 303 3340 est
326 3299 505 3353 ingressa
527 3299 569 3339 in
594 3311 636 3339 os
660 3312 797 3339 meum
822 3299 951 3340 omnis
977 3312 1068 3340 caro
1093 3297 1316 3339 immunda.
1371 3297 1402 3319 1⁵
1427 3295 1483 3336 Et
1507 3294 1612 3335 dixit
1636 3294 1689 3335 ad
1712 3307 1794 3334 me:
1821 3293 1924 3333 Ecce
1950 3290 2040 3331 dedi

136 3357 212 3398 tibi
232 3357 374 3398 fimum
395 3358 519 3398 boum
540 3370 612 3411 pro
633 3357 877 3398 stercoribus
897 3357 1105 3398 humanis:
1128 3361 1168 3397 et
1188 3355 1310 3396 facies
1330 3367 1479 3408 panem
1500 3358 1618 3394 tuum
1639 3353 1680 3393 in
1701 3365 1758 3393 eo.
1808 3352 1843 3375 1⁶
1863 3350 1916 3390 Et
1938 3347 2041 3388 dixit

245 3430 310 3483 ’17
338 3450 413 3482 alnf
439 3451 492 3491 33,
520 3451 550 3483 τ.
577 3471 617 3473 -
642 3449 685 3482 23
711 3449 801 3493 bSup
829 3450 858 3490 1,
886 3450 916 3483 3.
943 3471 983 3473 --
1009 3451 1039 3491 4,
1064 3451 1084 3484 6
1115 3449 1198 3482 cNm
1225 3449 1276 3487 14,
1302 3447 1354 3480 34.
1382 3467 1423 3470 ἥ
1449 3446 1490 3480 13
1508 3446 1574 3479 dos
1595 3446 1625 3484 9,
1645 3446 1674 3478 3.
