2356 3760
109 168 162 203 14.
189 167 264 200 31—-
281 166 331 203 15,
357 166 398 198 25
938 161 1168 194 SAMI‘ELIs
1923 167 1999 208 269

102 260 206 301 servi
243 259 352 302 loab,
388 257 519 298 scissis
553 255 734 297 vestibus
768 254 862 299 5015,
897 254 1107 294 dixerunt:
1142 255 1448 295 Succenderunt.
1479 256 1583 294 servi
1616 257 1808 298 Δ1051110111
1842 266 1998 312 partem

103 319 187 372 agri
207 317 299 371 igni.
349 319 379 341 ³¹
400 315 664 367 Surrexitque
691 313 798 356 10110,
820 318 861 353 et
882 313 992 353 venit
1014 313 1065 352 ad
1086 312 1277 353 Absalom
1299 312 1340 353 in
1361 313 1526 353 domum
1549 313 1643 358 0105,
1666 319 1707 353 01
1726 315 1846 356 dixit:
1869 319 1999 365 Quare

107 377 405 418 succenderunt
435 373 539 414 servi
568 372 629 413 tui
660 377 835 423 segetem
867 385 999 411 meam
1031 370 1136 424 igni?
1193 373 1225 395 ³²
1256 372 1311 411 Et
1341 371 1547 424 respondit
1579 372 1770 413 Absalom
1802 375 1853 413 ad
1885 376 2000 415 loab:

105 435 196 477 Misi
217 436 269 476 ad
288 440 328 476 te
347 435 560 475 obsecrans
580 436 627 471 ut
648 430 802 471 venires
823 430 874 470 ad
895 443 968 473 me,
991 434 1031 470 et
1049 429 1254 470 mitterem
1275 435 1314 470 te
1334 430 1385 470 ad
1405 443 1549 479 regem,
1571 435 1612 470 et
1630 430 1779 471 diceres
1799 431 1851 471 ei:
1872 433 2002 480 Quare

106 494 199 535 veni
228 495 277 535 de.
305 490 476 534 Gessur?
506 489 648 530 melius
677 489 775 529 011111
804 493 891 529 erat
918 488 973 529 ibi
1002 501 1104 529 esse:
1135 488 1298 529 obsecro
1328 501 1419 536 ergo
1448 493 1495 528 ut
1523 488 1683 529 videam
1711 489 1855 530 faciem
1883 491 2002 539 regis:

107 554 216 607 quod
245 552 276 592 si
305 562 460 590 memor
488 554 550 589 est
578 547 808 601 iniquitatis
838 560 948 591 meae.
980 546 1199 587 interficiat
1228 560 1302 587 me.
1360 549 1392 571 ³³
1428 547 1628 598 lngressus
1660 547 1796 600 itaque
1827 548 1924 589 Ioab
1955 550 2003 589 ad

106 624 251 666 regem,
268 608 482 649 nunciavit
497 607 531 648 ei
548 606 702 648 omnia:
723 610 973 659 vocatusque
990 610 1051 646 est
1065 604 1273 647 Absalom.
1291 610 1331 645 et
1347 605 1518 646 intravit
1534 606 1585 645 ad
1601 618 1745 658 regem,
1763 611 1804 647 et
1820 606 2007 647 adoravit

107 681 226 722 super
252 668 397 708 faciem
426 671 543 707 terrae
570 678 706 707 coram
736 679 800 706 co:
831 664 1118 718 osculatusque
1147 669 1208 704 est
1234 676 1304 704 rex
1332 663 1538 704 Absalom.

537 770 575 810 7.
606 768 778 810 Seditio
809 768 977 819 ingrati
1007 767 1239 818 Absalom,
1269 767 1335 818 15,
1357 768 1587 818 1—16,14.

216 844 278 886 15.
334 845 347 866 ¹
376 841 506 895 Igitur
532 847 625 894 post
651 841 735 881 haec
760 840 857 881 fecit
882 839 957 880 sibi
982 838 1177 879 Absalom
1204 851 1354 882 001105,
1383 845 1424 879 01
1449 838 1616 892 equites,
1645 844 1684 879 et
1712 839 2005 892 quinquaginta
2044 835 2179 860 *⁴''⁸³*¹“'¹¹*

2061 872 2163 895 animi.

110 903 229 945 viros.
264 901 333 955 qui
364 900 639 954 praecederent
670 912 774 940 eum.
834 901 849 922 ‘-'
884 899 937 938 Et
968 911 1087 938 mane
1119 911 1361 947 consurgens
1394 897 1600 941 Absalom.
1634 898 1773 938 stabat
1805 898 1918 938 iuxta
1952 898 2008 938 in-
2042 906 2182 930 Israelita-

109 961 280 1002 troitum
297 965 437 1014 portae,
459 964 500 1000 et
518 972 679 1000 omnem
698 958 843 1001 virum,
865 957 932 1010 qui
952 957 1132 997 habebat
1148 956 1356 1010 negotium
1376 963 1422 997 ut
1440 956 1596 997 veniret
1614 956 1665 996 ad
1683 956 1783 1009 regis
1801 956 2006 999 iudicium,
2052 948 2174 1001 5321?ss

110 1020 290 1061 vocabat
311 1018 507 1060 Absaiom
530 1018 581 1058 ad
604 1031 657 1063 50,
682 1022 723 1058 01
745 1017 926 1057 dicebat:
950 1016 1011 1056 De
1035 1028 1116 1069 qua
1138 1015 1305 1056 civitate
1328 1029 1367 1056 es
1393 1015 1461 1056 tu?
1486 1015 1563 1064 Qui
1586 1015 1831 1068 respondens
1855 1015 2008 1056 aiebat:

110 1079 174 1120 Ex
195 1091 278 1119 una
297 1077 407 1118 tribu
432 1076 554 1117 Israel
574 1090 646 1130 ego
667 1090 757 1116 51101
777 1088 916 1116 servus
938 1081 1044 1115 tuus.
1093 1077 1108 1098 ²³
1130 1074 1502 1127 Respondebatque
1523 1074 1557 1114 ei
1578 1074 1789 1115 Absalom:
1811 1073 2011 1115 Videntur

110 1137 211 1178 mihi
228 1149 432 1178 sermones
450 1135 510 1176 tui
529 1135 622 1176 boni
642 1140 683 1176 et
699 1134 807 1175 iusti.
828 1135 906 1175 Sed
924 1147 1005 1175 non
1023 1138 1085 1174 est
1102 1133 1170 1187 qui
1189 1138 1228 1174 te
1246 1133 1388 1174 audiat
1405 1133 1653 1174 constitutus
1671 1146 1695 1173 a
1711 1146 1812 1183 rege.
1832 1133 2011 1173 dicebat-

112 1210 189 1250 que
207 1195 422 1238 Absalom:
468 1197 483 1219 ⁴
501 1194 599 1243 Quis
618 1208 682 1234 me
701 1193 927 1235 constituat
945 1192 1118 1233 iudicem
1137 1205 1257 1246 super
1275 1197 1437 1238 terram„
1458 1197 1503 1233 ut
1522 1192 1573 1232 ad
1592 1206 1655 1232 me
1674 1192 1841 1232 veniant
1859 1205 2009 1236 0111005,

111 1255 181 1309 qui
205 1255 360 1296 habent
384 1253 605 1307 negotium,
631 1259 670 1293 et
696 1253 800 1293 iuste
825 1252 1023 1293 iudicem?
1075 1254 1090 1276 ⁵
1113 1252 1191 1292 Sed
1216 1256 1257 1292 et
1281 1264 1372 1292 cum
1397 1251 1606 1291 accederet
1630 1251 1681 1291 ad
1705 1264 1797 1291 eum
1822 1251 1942 1291 homo
1966 1256 2013 1291 ut

111 1314 310 1355 salutaret
346 1313 472 1358 illum,
513 1312 763 1353 extendebat
799 1324 967 1352 manum
1005 1322 1132 1357 suam,
1173 1315 1213 1350 et
1251 1309 1569 1363 apprehendens,
1609 1309 1869 1350 osculabatur
1906 1323 2009 1350 eum.

115 1376 130 1397 ⁶
145 1373 422 1425 Faciebatque
437 1371 512 1412 hoc
529 1371 639 1412 0111111
661 1370 779 1411 lsrael
795 1369 974 1410 venienti
991 1370 1041 1409 ad
1058 1368 1264 1411 iudicium.
1283 1373 1328 1408 ut
1345 1368 1555 1408 audiretur
1569 1382 1592 1408 a
1609 1381 1708 1416 rege,
1726 1373 1766 1408 et
1782 1367 2008 1408 solicitabat

112 1432 235 1473 corda
264 1431 441 1471 virorum
479 1430 608 1471 lsrael.

220 1492 234 1514 ⁷
266 1491 364 1530 Post
397 1488 670 1542 quadraginta
701 1493 839 1528 autem
871 1500 1010 1533 110005,
1045 1486 1150 1527 dixit
1180 1486 1374 1527 Absalom
1407 1489 1458 1527 ad
1490 1499 1621 1535 regem
1654 1486 1807 1526 David:
1843 1486 2011 1529 Vadam.
2031 1484 2204 1544 ''t‘tffgfflffi'2'

112 1555 154 1590 et
179 1549 348 1590 reddam
376 1553 473 1589 vota
500 1561 591 1588 mea
619 1560 708 1601 (1010
736 1545 830 1587 vovi
858 1545 1033 1587 Domino
1062 1545 1102 1586 in
1130 1545 1309 1586 Hebron.
1368 1549 1383 1569 ὅ
1410 1545 1571 1586 Vovens
1599 1545 1705 1585 0111111
1733 1545 1849 1585 vovit
1875 1558 2012 1585 servus
2076 1538 2159 1581 faci‘t:

114 1614 220 1656 tuus,
250 1621 342 1648 cum
369 1612 473 1647 esset
502 1606 541 1647 in
568 1607 718 1647 tiessur
743 1605 880 1659 Syriae,
910 1605 1065 1645 dicens:
1093 1604 1135 1645 Si
1161 1604 1368 1645 reduxerit
1395 1618 1458 1645 me
1489 1604 1685 1646 Dominus
1712 1603 1753 1644 in
1783 1604 2011 1648 Ierusalem,

114 1667 349 1708 sacrificabo
374 1665 563 1707 Domino.
619 1668 634 1689 9
661 1664 856 1718 Dixitque
882 1664 914 1705 ei
942 1677 1010 1705 rex
1035 1663 1189 1704 David:
1218 1663 1329 1704 Vade
1354 1663 1394 1704 in
1421 1677 1529 1717 pace.
1557 1664 1610 1704 Et
1636 1662 1821 1706 surrexit.
1849 1669 1889 1704 et
1914 1663 2015 1703 abiit

113 1726 154 1767 in
177 1726 355 1767 Hebron.
404 1727 438 1749 ¹⁰
459 1724 569 1765 Misit
591 1730 728 1765 autem
751 1722 944 1764 Absalom
968 1722 1241 1776 exploratores
1264 1722 1304 1762 in
1326 1722 1534 1763 universas
1558 1722 1685 1763 tribus
1706 1721 1839 1765 Israel.
1859 1722 2013 1763 dicens:

113 1784 263 1826 Statim
298 1790 346 1826 ut
379 1783 589 1825 audieritis
624 1783 851 1837 clangorem
889 1782 1078 1826 buccinae.
1116 1782 1255 1823 dicite:
1293 1782 1497 1835 Regnavit
1531 1781 1724 1822 Absalom
1758 1781 1798 1821 in
1834 1781 2012 1822 Hebron.

116 1846 144 1868 ¹¹
178 1844 301 1886 Porro
334 1857 426 1884 00111
459 1842 652 1883 Absalom
686 1842 820 1883 ierunt
851 1841 1016 1882 ducenti
1048 1841 1123 1881 viri
1156 1841 1205 1881 de
1240 1840 1454 1881 Jerusalem
1491 1840 1636 1889 vocati,
1671 1846 1811 1881 euntes
1844 1839 2014 1893 simplici

115 1903 245 1951 corde,
278 1907 319 1944 ct
349 1916 513 1943 causam
544 1902 706 1955 penitus
738 1901 981 1953 ignorantes.
1042 1902 1073 1924 ¹²
1103 1899 1326 1941 Accersivit
1357 1914 1518 1953 quoque
1548 1898 1741 1940 Absalom
1772 1898 2015 1952 Achitophel

114 1961 335 2003 Gilonitem
363 1960 636 2002 consiliarium
666 1960 813 2004 David,
844 1960 893 2000 de
921 1959 1088 2000 civitate
1116 1972 1189 2000 sua
1216 1958 1317 1999 Gilo.
1348 1959 1529 2012 s'umque
1558 1957 1786 1999 immolaret
1814 1957 2012 2001 victimas.

115 2022 226 2062 facta
254 2026 315 2061 est
343 2020 568 2062 coniuratio
599 2019 746 2062 valida.
778 2018 1032 2072 populusque
1061 2031 1300 2059 concurrens
1330 2018 1556 2068 augebatur
1584 2031 1675 2058 cum
1703 2016 1909 2058 Absalom.

221 2082 253 2104 ¹³
274 2079 396 2120 Venit
419 2079 542 2129 igitur
564 2078 734 2119 nuncius
757 2078 809 2119 ad
832 2077 979 2123 David,
1005 2077 1159 2118 dicens:
1185 2077 1287 2118 Toto
1311 2077 1428 2117 corde
1452 2076 1662 2117 universus
1688 2075 1809 2117 1511101
1832 2076 2015 2129 sequitur
2048 2074 2190 2134 ([3ζῇξῇ

114 2138 321 2179 Absalom.
381 2140 412 2162 ¹⁴
441 2138 496 2178 Et
526 2138 584 2177 ait
613 2137 749 2178 David
779 2136 905 2177 servis
934 2136 1027 2180 5015,
1061 2136 1129 2189 qui
1159 2141 1275 2176 erant
1304 2149 1395 2176 cum
1427 2149 1471 2176 eo
1502 2135 1542 2176 in
1574 2135 1809 2176 Ierusalem:
1840 2134 2011 2188 Surgite.
2078 2128 2160 2176 fusit-

115 2197 337 2251 fugiamus:
370 2210 499 2250 neque
530 2196 637 2237 enim
667 2196 742 2237 erit
773 2195 888 2237 nobis
919 2195 1112 2248 effugium
1144 2208 1167 2235 a
1195 2194 1297 2235 facie
1326 2194 1539 2235 Absalom:
1570 2194 1761 2235 festinate
1792 2194 1935 2245 egredi,
1968 2207 2016 2234 ne

116 2257 221 2298 forte
251 2256 416 2297 veniens
447 2261 619 2309 occupet
648 2269 733 2301 1105,
766 2261 807 2296 01
836 2253 1019 2308 impellat
1049 2267 1169 2307 super
1198 2267 1269 2294 nos
1300 2254 1471 2298 ruinam,
1504 2261 1545 2294 et.
1574 2253 1777 2306 percutiat
1807 2252 2016 2293 civitatem

116 2316 157 2356 in
185 2328 251 2357 ore
278 2314 413 2368 gladii.
472 2316 501 2339 ¹⁵
530 2314 814 2368 Dixeruntque
843 2314 946 2354 servi
976 2313 1076 2365 regis
1105 2313 1156 2353 ad
1185 2326 1295 2353 eum:
1326 2312 1462 2353 omnia
1491 2326 1756 2366 quaecumque
1783 2311 2018 2365 praeceperit

117 2374 305 2416 dominus
337 2379 474 2415 noster
503 2387 585 2417 rex,
618 2373 790 2414 libenter
820 2386 1067 2426 exequemur
1096 2372 1200 2412 servi
1232 2372 1303 2412 tui.
1364 2373 1398 2396 ¹⁶
1427 2371 1620 2424 Egressus
1651 2376 1712 2412 est
1741 2384 1832 2423 ergo
1863 2384 1944 2414 rex,
1977 2376 2018 2411 et

119 2433 307 2474 universa
338 2433 482 2474 domus
515 2432 598 2473 eius
630 2432 801 2486 pedibus
833 2432 933 2472 suis:
967 2437 1008 2472 et
1039 2430 1254 2485 dereliquit
1284 2444 1354 2471 rex
1386 2431 1523 2471 decem
1555 2430 1739 2471 mulieres
1772 2429 2016 2471 concubinas

117 2493 171 2533 ad
192 2491 502 2533 custodiendam
525 2492 705 2533 domum.
759 2493 790 2516 ¹⁷
813 2491 1089 2544 Egressusque
1110 2503 1181 2531 rex
1203 2496 1244 2531 et
1266 2489 1396 2530 omnis
1421 2489 1543 2530 Israel
1565 2489 1735 2542 pedibus
1758 2488 1851 2534 5015,
1901 2487 2018 2529 stetit

118 2550 259 2605 procul
278 2564 302 2591 a
320 2551 459 2592 domo:
510 2553 542 2575 ¹⁸
561 2556 602 2592 et
620 2550 798 2591 universi
817 2549 921 2591 servi
941 2549 1024 2590 eius
1044 2548 1314 2590 ambulabant
1332 2548 1449 2589 iuxta
1467 2562 1571 2595 eum,
1593 2553 1634 2589 et
1651 2547 1824 2600 legiones
1844 2547 2014 2590 Cerethi.

119 2615 160 2652 et
184 2609 382 2655 Phelethi,
409 2615 450 2651 et
474 2623 613 2651 omnes
637 2608 806 2657 Gethaei,
834 2614 1080 2663 pugnatores
1105 2607 1242 2652 validi.
1269 2607 1449 2648 sexcenti
1474 2607 1547 2647 viri
1573 2607 1641 2661 qui
1666 2606 1792 2648 secuti
1817 2620 1907 2647 eum
1934 2606 2017 2646 fue—

119 2674 213 2710 rant
233 2669 282 2710 de
303 2668 410 2710 Geth
432 2668 600 2722 pedites,
623 2668 909 2722 praecedebant
929 2681 1074 2720 regem.
1125 2669 1159 2691 ¹⁹
1180 2667 1296 2708 Dixit
1317 2672 1454 2708 autem
1475 2679 1545 2707 rex
1567 2667 1618 2707 ad
1639 2666 1763 2707 Ethai
1784 2665 2015 2707 Gethaeum:

119 2728 199 2770 Cur
220 2727 333 2769 venis
357 2727 593 2769 nobiscum?
618 2733 829 2773 revertere,
855 2734 896 2768 et
918 2727 1061 2768 habita
1083 2740 1175 2767 cum
1198 2739 1300 2775 rege,
1327 2726 1419 2779 quia
1444 2725 1674 2779 peregrinus
1698 2738 1750 2770 05,
1776 2730 1816 2765 01
1838 2737 2016 2777 egressus

119 2801 160 2828 es
185 2787 234 2828 de
258 2786 344 2828 1000
371 2792 454 2828 tuo.
508 2789 545 2811 ‘2⁰
570 2786 666 2827 Heri
691 2785 851 2833 venisti,
879 2791 920 2827 et
944 2785 1062 2827 hodie
1088 2784 1336 2839 compelleris
1363 2784 1572 2826 nobiscum
1599 2783 1755 2837 egredi?
1782 2796 1853 2836 ego
1879 2788 2015 2823 autem

121 2846 271 2887 Vadam
298 2859 376 2900 quo
402 2846 532 2887 iturus
558 2859 666 2886 sum:
693 2851 906 2889 revertere.
933 2850 974 2886 et
998 2845 1120 2885 reduc
1145 2849 1281 2885 tecum
1306 2845 1450 2884 fratres
1476 2849 1579 2891 tuos,
1607 2848 1647 2883 et
1672 2841 1870 2883 Dominus
1896 2841 2017 2882 faciet

121 2911 256 2946 tecum
284 2904 613 2952 misericordiam,
654 2910 695 2945 et
723 2904 952 2951 veritatem,
994 2903 1089 2957 quia
1117 2903 1331 2945 ostendisti
1358 2902 1531 2956 gratiam
1561 2907 1601 2942 et
1628 2901 1761 2942 tidem.
1818 2903 1848 2925 2¹
1877 2900 1932 2941 Et
1960 2913 2017 2940 re—

120 2963 288 3017 spondit
308 2963 433 3004 Ethai
462 2963 556 3017 regi,
584 2963 738 3004 dicens:
770 2962 884 3004 Vivit
906 2962 1119 3011 Dominus,
1151 2967 1192 3003 et
1214 2962 1319 3002 vivit
1348 2961 1534 3003 dominus
1565 2974 1676 3001 1110115
1705 2973 1793 3000 rex:
1825 2959 2016 3013 quoniam

120 3023 160 3063 in
184 3035 440 3076 quocumque
461 3022 548 3064 1000
570 3022 692 3063 fueris
714 3021 877 3063 domine
898 3021 953 3062 mi
974 3035 1057 3066 rex.
1081 3020 1165 3062 sive
1186 3021 1227 3061 in
1250 3026 1391 3067 morte,
1415 3020 1499 3061 sive
1522 3020 1561 3059 in
1583 3019 1681 3064 vita,
1706 3018 1760 3059 ibi
1783 3018 1857 3060 erit
1879 3031 2016 3059 servus

121 3086 228 3123 tuus.
277 3083 309 3106 22
329 3081 384 3122 Et
405 3081 463 3122 ait
481 3081 619 3122 David
639 3080 781 3122 Ethai:
804 3080 917 3127 Veni,
940 3085 981 3121 et
1000 3080 1140 3121 transi.
1162 3080 1218 3120 Et
1238 3079 1429 3120 transivit
1450 3078 1572 3119 Ethai
1593 3077 1796 3123 Gethaeus,
1819 3083 1859 3118 et
1879 3090 2016 3118 omnes

121 3139 208 3189 viri,
240 3140 308 3194 qui
336 3153 428 3181 cum
456 3154 501 3181 eo
530 3145 657 3188 erant,
688 3145 728 3181 et
755 3138 910 3193 reliqua
937 3138 1172 3180 multitudo.
1228 3141 1261 3163 '23
1288 3138 1519 3191 Omnesque
1549 3137 1703 3177 flebant
1731 3149 1828 3177 voce
1856 3149 2015 3188 magna,

120 3204 162 3240 et
190 3199 401 3240 universus
431 3198 605 3253 populus
635 3198 856 3240 transibat:
888 3211 957 3238 rex
988 3211 1149 3252 quoque
1179 3196 1553 3250 transgrediebatur
1582 3196 1818 3237 Torrentem
1848 3194 2014 3235 Cedron.

121 3263 162 3299 et
189 3262 359 3299 cunctus
387 3257 561 3311 populus
589 3257 805 3299 incedebat
832 3262 975 3298 contra
1002 3257 1123 3301 viam,
1155 3270 1244 3310 quae
1271 3255 1433 3308 respicit.
1461 3255 1512 3296 ad
1540 3255 1756 3295 desertum.

225 3318 258 3341 2⁴²
278 3317 401 3374 Venit
422 3321 560 3358 autem
582 3321 623 3358 et
643 3317 774 3357 Sadoc
796 3316 993 3363 sacerdos,
1018 3321 1058 3356 et
1080 3315 1256 3356 universi
1278 3314 1432 3355 Levitae
1453 3327 1543 3354 cum
1567 3327 1624 3358 00,
1650 3318 1858 3366 portantes
1881 3324 2012 3352 arcam
2039 3311 2197 3371 ζζξᾚῖιξὲζζ

121 3375 283 3416 foederis
318 3375 405 3424 Dei,
443 3379 484 3416 et
518 3375 794 3429 deposuerunt
829 3387 963 3415 arcani
999 3374 1093 3415 Dei:
1130 3379 1171 3415 et
1206 3372 1388 3414 ascendit
1422 3372 1633 3417 Abia-thar,
1671 3372 1797 3412 do'nec
1833 3369 2014 3422 expletus
2056 3381 2178 3419 amicum

122 3439 227 3475 esset
254 3434 383 3476 omnis
412 3433 597 3488 populus,
630 3433 699 3487 qui
727 3447 905 3487 egressus
934 3434 1068 3474 fuerat
1097 3433 1145 3474 de
1174 3432 1352 3473 civitate.
1413 3433 1445 3456 ‘25
1474 3432 1529 3472 Et
1557 3430 1661 3471 dixit
1690 3443 1757 3470 rex
1786 3429 1837 3469 ad
1865 3427 2010 3468 Sadoc:
2053 3417 2181 3440 ‘mmm

123 3493 305 3547 Reporta
330 3506 465 3533 arcam
492 3493 567 3533 Dei
593 3492 634 3533 in
661 3493 820 3533 urbem:
849 3492 881 3531 51
908 3492 1097 3532 invenero
1124 3490 1297 3541 gratiam
1324 3490 1365 3530 in
1392 3490 1515 3531 000115
1542 3488 1718 3531 Domini.
1747 3487 1909 3527 reducet
1936 3497 2009 3527 me.
