2356 3760
163 741 292 766 sacerdo-

192 780 222 801 tu
229 784 264 803 ni.

145 923 319 951 1.··vit:=run1‚

150 1097 315 1122 Natliinaeo-

166 1140 226 1157 runi
248 1140 296 1157 seu

157 1175 304 1193 servorum

173 1204 286 1233 templi,

155 1461 303 1479 servorum

143 1489 313 1519 Salomonis,

168 1687 291 1712 filiorum

168 1730 285 1752 originis

175 1759 279 1784 dubiae.

124 2167 214 2192 totius
226 2166 322 2190 multi-

164 2202 289 2228 tudinis:

144 2458 307 2483 oblationes

133 2495 309 2525 principum:

153 2693 298 2717 habitatio

125 2735 312 2754 reversorum.

139 3045 170 3069 H·
177 3045 314 3070 ›lor-arista

144 3082 266 3105 offerunt
274 3089 305 3105 ur

162 3118 191 3140 et
213 3117 286 3141 fvsln

124 3151 266 3177 celebrant
274 3160 288 3176 ιι
295 3161 312 3176 r.

333 178 408 218 402
1212 176 1355 210 LIBER
2023 182 2053 220 2.
2079 182 2200 224 23—3,
2225 184 2244 217 5

335 271 716 324 (piiuquagintasex.
786 272 817 293 ²³⁵
858 269 940 309 Viri
981 269 1208 314 Anatliotli,
1251 276 1414 311 eentum
1459 271 1708 320 vigintiocto.
1792 275 1824 297 ²⁴
1864 273 1954 314 Filii
1996 276 2239 323 Azmaveth,

335 329 607 382 quadraginta
637 329 728 369 duo.
789 330 820 352 “-’5
852 328 940 368 Filii
971 327 1267 373 (fariathiarim.
1300 329 1483 382 Cephira,
1516 335 1557 371 et
1590 330 1752 379 Beroth,
1785 332 2032 385 septingenti
2065 336 2240 390 quadra-

332 388 541 441 gintatres.
592 390 627 412 2⁶
648 387 735 427 Filii
765 387 893 427 Rama
913 391 953 427 et
974 388 1128 435 (labaa,
1152 388 1331 428 sexcenti
1354 388 1615 441 vigintiunus.
1666 391 1700 413 2⁷
1722 390 1805 430 Viri
1828 391 2048 441 Machmas,
2072 401 2239 436 centum

334 447 476 499 viginti
508 447 599 487 duo.
658 448 693 470 2⁸
722 446 805 486 Viri
836 445 980 486 Bethel
1008 451 1049 486 et
1079 446 1170 491 Hai,
1202 447 1366 487 ducenti
1397 447 1636 500 vigintitres.
1695 450 1730 472 ²⁹
1758 449 1847 490 Filii
1880 450 2005 499 Nebo,
2038 453 2240 508 quinqua-

332 506 541 557 gintaduo.
596 508 632 529 ³⁰
656 504 744 545 Filii
772 505 936 557 Megbis,
965 510 1128 546 centum
1157 505 1539 559 quinquagintasex.
1592 508 1624 531 ³1
1650 506 1739 547 Filii
1767 507 1898 550 AElam
1925 509 2102 556 alterius,
2132 513 2240 554 mille

334 564 498 605 ducenti
520 563 1031 618 quinquagintaquattuor.
1080 566 1112 588 ³²
1136 564 1221 604 Filii
1244 564 1398 609 Harim,
1421 565 1591 606 trecenti
1612 566 1767 619 viginti.
1816 569 1849 591 ³³
1869 567 1957 609 Filii
1978 569 2066 611 Lod
2088 570 2238 617 Hadid,

334 630 370 663 et
401 626 502 667 Ono,
531 623 777 676 septingenti
806 623 1144 676 vigintiquinque.
1199 625 1231 647 ³⁴
1259 623 1346 663 Filii
1377 623 1542 668 Iericho,
1572 625 1740 665 trecenti
1769 627 2238 683 quadragintaquinque.

333 685 365 705 ³¹⁵
399 682 482 722 Filii
513 684 656 728 Senaa,
688 682 767 722 tria
796 681 921 721 millia
949 682 1128 723 sexcenti
1160 682 1338 735 triginta.

438 743 473 765 ³³⁶
499 741 755 781 Smerdotes:
789 740 873 781 Filii
904 740 1044 781 ladaia
1071 741 1108 781 in
1137 740 1258 782 domo
1293 741 1405 782 losue
1432 742 1626 793 nongenti
1651 744 1915 796 septuaginta-
1941 750 2032 787 tres.
2089 749 2122 771 ²³⁷
2150 747 2240 789 Filii

339 801 511 849 Eminer,
532 800 638 841 mille
657 800 1050 853 quinquagintaduo.
1097 802 1132 824 ³⁸
1151 799 1238 840 Filii
1258 800 1451 843 Pheshur.
1471 800 1579 841 mille
1596 800 1761 843 ducenti
1780 804 2054 858 quadraginta
2069 812 2238 859 septem.

333 861 369 884 ³⁹
399 859 487 900 Filii
519 859 672 902 Harim,
705 858 812 899 mille
842 859 979 899 decem
1009 865 1049 899 et
1079 864 1246 911 septem.

439 920 476 943 ⁴⁰
517 918 685 958 lievitze:
728 918 816 958 Filii
865 918 976 958 losue
1016 923 1056 958 et
1095 918 1302 959 Cedmihel
1343 918 1513 959 filiorum
1556 918 1724 960 Odoviae
1763 922 2237 976 septuagintaquattuor.

335 980 363 1002 ·¹¹
393 979 605 1018 Fautores:
635 977 722 1018 Filii
750 977 901 1030 Asaph,
931 982 1093 1017 centum
1123 977 1374 1027 vigintiocto.
1429 979 1462 1001 ⁴2
1492 977 1576 1018 Filii
1608 977 1852 1020 Ianitorum:
1883 974 1948 1021 filii
1977 981 2140 1027 Selium,
2171 982 2238 1023 filii

337 1038 444 1080 Ater.
468 1036 533 1077 lilii
553 1036 732 1080 Telmon.
755 1036 822 1076 filii
841 1036 992 1081 Accub,
1013 1036 1081 1076 filii
1103 1036 1260 1085 Hatita,
1278 1036 1345 1077 filii
1363 1036 1505 1078 Sobai:
1527 1037 1702 1078 universi
1720 1043 1885 1079 centum
1905 1040 2236 1091 trigintanovem.

442 1098 474 1120 ⁴¹³
498 1095 720 1136 Nathinaei:
747 1095 815 1135 filii
836 1095 944 1140 Silia,
968 1095 1037 1136 filii
1059 1095 1268 1149 Hasupha,
1292 1095 1360 1136 filii
1377 1095 1606 1144 Tabbaoth,
1655 1098 1687 1121 ⁴4
1709 1096 1778 1137 filii
1802 1098 1932 1147 Ceres,
1956 1098 2024 1139 filii
2045 1100 2149 1144 Siaa,
2172 1100 2240 1141 filii

339 1156 518 1198 l'hadon,
573 1157 605 1179 ⁴5
633 1154 698 1195 filii
730 1155 903 1199 Lobana,
934 1154 1001 1194 filii
1031 1155 1213 1207 Hagaba,
1242 1154 1311 1195 filii
1338 1155 1487 1202 Accub,
1542 1156 1578 1179 4⁶
1603 1155 1672 1196 filii
1700 1156 1858 1209 Hagab,
1887 1157 1956 1198 filii
1981 1158 2142 1207 Semlai,
2170 1159 2240 1200 filii

339 1215 498 1261 Hauan,
544 1215 577 1238 ⁴⁷
596 1214 664 1254 filii
683 1213 851 1258 Gaddel,
873 1213 940 1254 filii
959 1214 1103 1258 Graher,
1124 1213 1193 1254 filii
1213 1214 1352 1258 Raaia,
1398 1215 1433 1238 ‘¹⁸
1452 1214 1518 1254 filii
1544 1215 1676 1263 Rasin,
1698 1215 1766 1256 filii
1786 1216 1961 1266 Necoda,
1982 1217 2051 1258 filii
2069 1218 2236 1262 Gazam.

335 1276 369 1298 ⁴⁹
390 1274 457 1314 lilii
477 1274 573 1321 Aza,
597 1273 665 1314 filii
686 1273 853 1316 Phasea.
877 1272 944 1313 filii
971 1273 1101 1316 l3esee,
1149 1274 1186 1297 ⁵⁰
1206 1272 1272 1313 filii
1293 1273 1438 1318 Asena,
1460 1273 1530 1313 filii
1551 1274 1718 1321 Munim,
1742 1273 1809 1315 filii
1832 1275 2068 1329 Nephusim,
2117 1279 2147 1301 5¹
2169 1276 2237 1317 filii

339 1333 511 1377 Bacbuc,
537 1332 602 1373 filii
629 1332 841 1385 Hacupha,
866 1331 933 1372 filii
962 1332 1134 1377 Harhur,
1184 1334 1216 1356 ⁵2
1238 1332 1306 1372 filii
1329 1331 1511 1379 Besluth,
1537 1332 1604 1372 filii
1626 1333 1803 1379 Mahida,
1828 1334 1896 1374 filii
1921 1334 2064 1378 Harsa.
2115 1337 2147 1359 ⁵³
2169 1335 2237 1376 filii

337 1392 493 1435 Rei-vos.
527 1392 591 1432 filii
622 1392 766 1437 Sisara,
798 1391 866 1431 filii
896 1391 1061 1437 Thema,
1118 1393 1150 1415 ⁵⁴
1181 1391 1247 1431 filii
1278 1391 1412 1436 Nasia,
1446 1391 1513 1431 filii
1542 1391 1740 1445 Hatipha,

438 1454 470 1475 55
502 1451 568 1491 filii
601 1463 809 1491 servorum
840 1449 1079 1495 Salomonis,
1114 1450 1181 1490 filii
1212 1450 1337 1495 Sotai,
1370 1450 1438 1490 filii
1470 1450 1708 1503 Sophereth.
1743 1450 1811 1491 filii
1842 1451 2046 1501 pharuda,
2105 1454 2140 1476 ⁵⁴⁵
2171 1452 2239 1494 filii

340 1510 430 1552 lala.
467 1510 533 1550 filii
570 1511 736 1552 Uercon.
772 1509 840 1549 filii
871 1509 1036 1553 Geddel,
1096 1510 1129 1533 5⁷
1162 1509 1230 1549 filii
1261 1509 1471 1562 Saphatia,
1505 1509 1573 1550 tilii
1607 1509 1732 1553 Hatil,
1767 1509 1836 1550 filii
1868 1510 2135 1560 phochereth,
2171 1512 2240 1565 qui

333 1576 446 1609 eraut
466 1570 514 1610 de
532 1568 735 1617 Asebaim,
757 1567 823 1608 tilii
841 1567 946 1608 Ami.
992 1569 1027 1592 5⁸
1043 1581 1183 1608 omnes
1202 1568 1418 1611 Nathinaei.
1438 1573 1477 1609 et
1496 1568 1564 1608 filii
1581 1581 1788 1609 servorum
1807 1569 2046 1615 Salomonis,
2067 1571 2237 1612 trecenti

334 1629 651 1679 nonagintaduo.

437 1690 472 1712 ⁵⁹
497 1688 547 1728 Et
576 1688 614 1728 hi
642 1687 710 1741 qui
735 1687 1005 1727 ascenderunt
1029 1686 1078 1727 de
1103 1686 1324 1731 Thelmala,
1352 1686 1584 1731 Thelharsa,
1612 1686 1782 1735 Cherub,
1809 1693 1849 1729 et
1874 1688 2005 1735 Adon,
2032 1695 2073 1729 et
2098 1689 2237 1729 Emer:

333 1753 370 1788 et
396 1761 474 1787 uon
500 1751 721 1800 potuerunt
743 1746 919 1787 indicare
941 1746 1109 1786 domum
1132 1751 1297 1799 patrum
1319 1758 1482 1786 suorum
1506 1751 1546 1786 et
1568 1758 1704 1786 semen
1726 1759 1856 1794 suum,
1880 1752 2019 1788 utrum
2041 1761 2091 1788 ex
2115 1747 2236 1788 lsrael

332 1813 476 1847 essent.
535 1809 571 1830 ⁴⁵⁰
600 1806 684 1846 Filii
714 1805 869 1852 Dalaia,
899 1805 967 1845 filii
995 1804 1133 1853 Tobia,
1163 1804 1231 1844 filii
1261 1805 1435 1853 Necoda,
1465 1805 1644 1845 sexcenti
1672 1805 2067 1859 quinquagintaduo.
2126 1808 2155 1830 ⁶¹
2184 1807 2237 1847 Et

333 1866 381 1906 de
409 1866 496 1906 liliis
523 1866 808 1906 Sacerdotum:
841 1864 924 1905 Filii
957 1864 1100 1913 Hobia,
1130 1864 1198 1904 filii
1224 1864 1364 1909 Accos,
1394 1863 1462 1904 filii
1490 1863 1694 1910 Berzellai,
1725 1865 1791 1917 qui
1820 1865 1977 1918 accepit
2003 1865 2052 1905 de
2078 1865 2239 1906 filiabus

337 1925 524 1965 sserzellai
560 1924 798 1969 Galaaditis,
836 1936 1016 1971 uxorem,
1053 1929 1093 1964 et
1129 1928 1299 1964 vocatus
1334 1928 1394 1963 est
1430 1923 1591 1964 nomine
1626 1936 1783 1964 eorum:
1849 1925 1881 1947 ⁶²
1916 1924 1956 1964 hi
1992 1925 2237 1977 quaesierunt

331 1985 573 2038 scripturam
598 1983 840 2036 genealogiae
864 1996 957 2029 siue,
983 1988 1023 2023 et
1048 1996 1129 2023 non
1154 1982 1409 2031 invenerunt,
1436 1987 1477 2023 et
1500 1982 1615 2023 eiecti
1639 1988 1736 2022 sunt
1760 1983 1808 2023 de
1832 1983 2071 2025 sacerdotio.
2127 1985 2160 2008 ⁶³
2183 1983 2237 2024 Et

331 2044 435 2084 dixit
470 2043 722 2084 Athersatha
756 2043 811 2083 eis
848 2048 893 2083 ut
930 2056 1009 2083 non
1045 2042 1303 2083 comederent
1339 2041 1388 2082 de
1423 2043 1574 2082 Sancto
1610 2047 1857 2086 sanctorum,
1896 2042 2023 2083 donec
2059 2049 2237 2096 surgeret

331 2104 516 2144 sacerdos
545 2103 689 2144 doctus
719 2109 843 2156 atque
872 2103 1086 2155 perfectus.

441 2164 473 2186 ⁶⁴²
504 2162 646 2203 Omnis
678 2161 899 2201 multitudo
934 2160 1046 2214 quasi
1081 2173 1195 2204 unus,
1231 2160 1503 2213 quadraginta
1534 2159 1614 2200 duo
1646 2159 1772 2200 millia
1803 2160 1974 2201 trecenti
2006 2160 2235 2213 sexaginta:

336 2225 367 2247 ⁶⁵⁵
387 2222 565 2275 exceptis
586 2221 710 2261 servis
730 2234 881 2262 eorum.
904 2225 944 2260 et
964 2219 1128 2263 ancillis,
1152 2219 1220 2273 qui
1240 2224 1356 2259 erant
1376 2224 1530 2272 septem
1553 2217 1678 2258 millia
1698 2219 1865 2260 trecenti
1889 2219 2234 2272 trigintaseptem:

332 2287 372 2322 et
388 2282 425 2321 in
444 2281 537 2334 ipsis
553 2286 750 2325 cantores,
769 2286 893 2333 atque
909 2279 1152 2320 cantatrices
1168 2278 1345 2319 ducenti.
1392 2280 1427 2301 ⁶⁶
1443 2277 1548 2331 Equi
1564 2290 1702 2318 eorum
1718 2278 1966 2331 septingenti
1982 2278 2234 2331 trigintasex,

332 2341 428 2380 nmli
453 2354 603 2385 eorum,
630 2339 793 2380 ducenti
819 2338 1286 2392 quadragintaquinque,
1341 2339 1375 2361 ⁶⁷
1399 2336 1539 2378 cameli
1564 2349 1714 2382 eorum,
1741 2337 2027 2390 quadringenti
2053 2337 2237 2390 triginta-

333 2400 522 2453 quinque,
556 2399 655 2439 asini
686 2412 837 2442 eorum,
869 2412 938 2438 sex
969 2397 1093 2437 millia
1122 2397 1366 2450 septingenti
1400 2396 1554 2447 viginti.

439 2461 474 2483 ⁶⁸
503 2459 555 2499 Et
585 2459 633 2499 de
663 2458 910 2511 principibus
941 2463 1117 2511 patrum,
1148 2470 1239 2497 cum
1269 2456 1574 2509 ingrederentur
1602 2454 1800 2508 templum
1829 2455 2007 2504 Domini,
2039 2456 2148 2508 quod
2177 2464 2235 2496 est

332 2519 369 2558 iu
405 2518 631 2565 Ierusalem,
663 2524 807 2571 sponte
836 2516 1074 2558 obtulerunt
1102 2516 1141 2556 in
1170 2516 1335 2556 domum
1369 2515 1442 2555 Dei
1470 2515 1521 2555 ad
1550 2515 1819 2555 extruendam
1849 2528 1936 2555 eam
1967 2514 2007 2555 in
2035 2513 2122 2556 loco
2150 2528 2234 2555 suo.

335 2580 369 2601 '³⁹
400 2578 631 2618 Secundum
665 2577 768 2617 vires
802 2590 893 2617 suas
926 2576 1127 2616 dederunt
1162 2575 1362 2628 impensas
1395 2574 1536 2627 operis,
1572 2573 1658 2614 auri
1690 2573 1837 2615 solidos
1871 2573 2083 2627 sexaginta
2114 2573 2239 2614 millia

331 2642 371 2677 et
401 2636 519 2679 mille.
553 2636 708 2685 argenti
740 2649 854 2676 muas
885 2635 1063 2688 quinque
1095 2634 1230 2683 millia,
1263 2639 1302 2674 et
1334 2639 1465 2674 vestes
1495 2632 1765 2673 sacerdotales
1795 2639 1971 2674 centum.

438 2697 474 2719 ⁷⁰
507 2695 814 2736 Habitaveruut
847 2708 938 2747 ergo
972 2694 1222 2737 Sacerdotes,
1259 2698 1299 2733 et
1334 2693 1498 2738 Levitae,
1534 2697 1575 2733 et
1607 2692 1657 2732 de
1690 2691 1852 2745 populo,
1889 2697 1928 2733 et
1963 2696 2161 2739 cantores,
2197 2700 2237 2732 et

331 2755 532 2797 ianitores.
561 2759 602 2795 et
629 2754 830 2795 Nathina‘i
860 2754 896 2793 iu
927 2753 1092 2793 urbibus
1118 2752 1210 2795 suis,
1241 2752 1533 2805 universusque
1562 2750 1682 2791 [srael
1708 2750 1747 2791 in
1774 2751 2011 2792 civitatibus
2037 2751 2129 2792 suis.

674 2882 745 2933 Il.
785 2881 1047 2931 Ret‘eetio
1087 2882 1283 2932 cultus
1324 2880 1529 2933 (livini.
1569 2878 1905 2941 3,1—6.22.

710 2973 749 3012 1.
781 2970 1038 3012 Exstructio
1069 2972 1227 3012 altaris
1257 2971 1652 3022 holocaustorum,
1679 2972 1719 3022 3,
1739 2970 1857 3011 1—6.

435 3045 471 3088 3.
528 3047 539 3069 ¹
566 3045 736 3098 Iamque
763 3049 929 3085 venerat
955 3043 1100 3083 mensis
1125 3043 1334 3096 septimus,
1361 3048 1399 3083 et
1426 3048 1540 3083 erant
1567 3042 1633 3083 filii
1666 3042 1783 3082 lsrael
1808 3042 1846 3082 iu
1872 3041 2112 3083 civitatibus
2136 3040 2235 3081 suis:

330 3110 595 3154 eongregatus
628 3111 685 3144 est
719 3117 810 3153 ergo
844 3102 1015 3156 populus
1048 3103 1161 3155 quasi
1196 3102 1255 3142 vir
1286 3116 1388 3142 unus
1421 3102 1458 3142 iu
1498 3101 1722 3142 lerusalem.
1782 3104 1796 3125 2
1828 3101 1883 3141 Et
1913 3100 2085 3141 surrexit
2120 3099 2237 3140 Iosue

334 3164 435 3204 lilius
474 3164 643 3209 losedee,
678 3169 715 3203 et
749 3163 894 3203 fratres
926 3161 1010 3202 eius
1041 3161 1282 3209 sactu-dotes,
1316 3167 1355 3201 et
1389 3161 1608 3201 Zorobabel
1644 3160 1747 3201 filius
1779 3159 1986 3208 Salathiel,
2020 3164 2061 3199 et
2094 3159 2238 3199 fratres

332 3223 425 3267 eius,
461 3229 500 3263 et
534 3222 839 3263 ÷.n‹iisi‹·av‹·runt
872 3221 999 3262 altare
1036 3221 1104 3260 uvi
1147 3220 1261 3260 lsrael
1298 3226 1338 3261 ut
1375 3221 1566 3261 offerrent
1599 3220 1638 3260 in
1672 3234 1716 3260 eo
1750 3219 2096 3260 holocautomata.
2132 3217 2235 3258 sicut

332 3282 527 3334 scriptum
552 3288 612 3322 est
634 3281 672 3321 iu
699 3281 780 3331 lege
806 3281 933 3334 Moysi
959 3280 1029 3320 viri
1058 3279 1147 3319 l)ei:
1198 3283 1213 3303 ³
1235 3279 1544 3319 t'olloeaverunt
1569 3284 1704 3319 autem
1730 3278 1857 3319 altare
1882 3277 1954 3318 Dei
1977 3289 2098 3330 super
2120 3277 2237 3317 bases

331 3354 424 3381 suas
453 3341 750 3381 deterrentibus
780 3354 846 3380 eos
878 3353 946 3393 per
975 3339 1186 3380 circuitum
1222 3338 1377 3391 populis
1409 3344 1619 3381 terrariuu,
1652 3345 1692 3378 et
1721 3337 1956 3378 obtulerunt
1989 3348 2109 3389 super
2139 3335 2236 3375 illud

331 3400 612 3440 holocaustum
648 3400 825 3439 Domino
862 3412 979 3439 mane
1014 3404 1055 3439 et
1089 3411 1270 3450 vespere:
1334 3400 1347 3421 '¹
1387 3397 1662 3450 1⁴'‹2‚‹·‹=1·1111tqu‹›
1696 3395 2012 3437 sollemnitatem
2049 3395 2237 3435 taberna-

331 3458 526 3502 culorum,
551 3458 653 3498 sicut
677 3458 871 3510 scriptum
897 3464 969 3500 est.
995 3463 1031 3497 et
1056 3456 1338 3498 holocaustum
1363 3456 1504 3497 diebus
1527 3455 1693 3507 singulis
1716 3468 1786 3508 per
1807 3454 1989 3495 ordinem
2013 3453 2235 3494 secundum

332 3523 581 3572 praeceptum
605 3530 707 3571 opus
729 3517 805 3557 diei
831 3517 867 3557 in
893 3517 955 3557 die
978 3530 1061 3557 suo.
1113 3518 1128 3540 5
1151 3516 1199 3556 Et
1229 3521 1317 3568 post
1343 3515 1424 3556 lucc
1449 3514 1730 3556 holocaustum
1756 3514 1856 3567 iuge,
1881 3519 1966 3554 tam
1989 3513 2027 3553 in
2051 3511 2237 3554 Calendis
