<?xml version="1.0" encoding="UTF-8"?>
<!DOCTYPE html PUBLIC "-//W3C//DTD XHTML 1.0 Transitional//EN"
    "http://www.w3.org/TR/xhtml1/DTD/xhtml1-transitional.dtd">
<html xmlns="http://www.w3.org/1999/xhtml" xml:lang="en" lang="en">
 <head>
  <title>
</title>
<meta http-equiv="Content-Type" content="text/html;charset=utf-8" />
  <meta name='ocr-system' content='tesseract 3.04.00' />
  <meta name='ocr-capabilities' content='ocr_page ocr_carea ocr_par ocr_line ocrx_word'/>
</head>
<body>
  <div class='ocr_page' id='page_1' title='image "./bibliasacravulga00helzuoft_1151.png"; bbox 0 0 2356 3760; ppageno 0'>
   <div class='ocr_carea' id='block_1_1' title="bbox 166 145 2062 190">
    <p class='ocr_par' dir='ltr' id='par_1_1' title="bbox 166 145 2062 190">
     <span class='ocr_line' id='line_1_1' title="bbox 166 145 2062 190; baseline -0.003 -8"><span class='ocrx_word' id='word_1_1' title='bbox 166 150 198 190; x_wconf 85' lang='lat'>5,</span> <span class='ocrx_word' id='word_1_2' title='bbox 222 149 340 188; x_wconf 77' lang='lat'>20—7,</span> <span class='ocrx_word' id='word_1_3' title='bbox 367 149 408 182; x_wconf 86' lang='lat'>13</span> <span class='ocrx_word' id='word_1_4' title='bbox 808 147 871 181; x_wconf 82' lang='lat' dir='ltr'>AD</span> <span class='ocrx_word' id='word_1_5' title='bbox 897 145 1183 180; x_wconf 75' lang='lat' dir='ltr'>CORINTHIOS</span> <span class='ocrx_word' id='word_1_6' title='bbox 1209 145 1425 180; x_wconf 77' lang='lat' dir='ltr'>SECUNDA</span> <span class='ocrx_word' id='word_1_7' title='bbox 1962 148 2062 188; x_wconf 79' lang='lat'>1127</span> 
     </span>
    </p>
   </div>
   <div class='ocr_carea' id='block_1_2' title="bbox 160 238 2274 1877">
    <p class='ocr_par' dir='ltr' id='par_1_2' title="bbox 160 238 2274 1877">
     <span class='ocr_line' id='line_1_2' title="bbox 166 238 2064 293; baseline -0.001 -10"><span class='ocrx_word' id='word_1_8' title='bbox 166 241 428 283; x_wconf 82' lang='lat' dir='ltr'>reconcilia-ns</span> <span class='ocrx_word' id='word_1_9' title='bbox 462 240 548 286; x_wconf 78' lang='lat' dir='ltr'>sibi,</span> <span class='ocrx_word' id='word_1_10' title='bbox 579 253 662 281; x_wconf 91' lang='lat' dir='ltr'>non</span> <span class='ocrx_word' id='word_1_11' title='bbox 695 244 889 293; x_wconf 88' lang='lat' dir='ltr'>reputans</span> <span class='ocrx_word' id='word_1_12' title='bbox 922 239 999 280; x_wconf 90' lang='lat' dir='ltr'>illis</span> <span class='ocrx_word' id='word_1_13' title='bbox 1033 239 1182 280; x_wconf 89' lang='lat' dir='ltr'>delicta</span> <span class='ocrx_word' id='word_1_14' title='bbox 1214 239 1408 292; x_wconf 85' lang='lat' dir='ltr'>ipsorum,</span> <span class='ocrx_word' id='word_1_15' title='bbox 1439 244 1481 279; x_wconf 90' lang='lat' dir='ltr'>et</span> <span class='ocrx_word' id='word_1_16' title='bbox 1508 238 1647 292; x_wconf 78' lang='lat' dir='ltr'>posuit</span> <span class='ocrx_word' id='word_1_17' title='bbox 1679 239 1719 278; x_wconf 92' lang='lat' dir='ltr'>in</span> <span class='ocrx_word' id='word_1_18' title='bbox 1750 240 1865 281; x_wconf 88' lang='lat' dir='ltr'>nobis</span> <span class='ocrx_word' id='word_1_19' title='bbox 1894 241 2064 282; x_wconf 90' lang='lat' dir='ltr'>verbum</span> 
     </span>
     <span class='ocr_line' id='line_1_3' title="bbox 166 297 2064 352; baseline 0 -11"><span class='ocrx_word' id='word_1_20' title='bbox 166 300 514 342; x_wconf 66' lang='lat' dir='ltr'>reconciliationis.</span> <span class='ocrx_word' id='word_1_21' title='bbox 564 301 600 324; x_wconf 78' lang='lat'>2⁰</span> <span class='ocrx_word' id='word_1_22' title='bbox 620 299 698 340; x_wconf 87' lang='lat' dir='ltr'>Pro</span> <span class='ocrx_word' id='word_1_23' title='bbox 720 297 878 338; x_wconf 88' lang='lat' dir='ltr'>Christo</span> <span class='ocrx_word' id='word_1_24' title='bbox 900 311 992 351; x_wconf 85' lang='lat' dir='ltr'>ergo</span> <span class='ocrx_word' id='word_1_25' title='bbox 1012 297 1214 352; x_wconf 78' lang='lat' dir='ltr'>legatione</span> <span class='ocrx_word' id='word_1_26' title='bbox 1236 298 1453 351; x_wconf 82' lang='lat' dir='ltr'>fungimur,</span> <span class='ocrx_word' id='word_1_27' title='bbox 1478 303 1691 350; x_wconf 89' lang='lat' dir='ltr'>tamquam</span> <span class='ocrx_word' id='word_1_28' title='bbox 1712 297 1800 339; x_wconf 88' lang='lat' dir='ltr'>Deo</span> <span class='ocrx_word' id='word_1_29' title='bbox 1822 299 2064 341; x_wconf 78' lang='lat' dir='ltr'>exhortante</span> 
     </span>
     <span class='ocr_line' id='line_1_4' title="bbox 166 355 2066 412; baseline 0 -13"><span class='ocrx_word' id='word_1_30' title='bbox 166 373 237 412; x_wconf 89' lang='lat' dir='ltr'>per</span> <span class='ocrx_word' id='word_1_31' title='bbox 264 372 348 400; x_wconf 89' lang='lat' dir='ltr'>nos.</span> <span class='ocrx_word' id='word_1_32' title='bbox 380 359 648 400; x_wconf 88' lang='lat' dir='ltr'>Obsecramus</span> <span class='ocrx_word' id='word_1_33' title='bbox 675 370 748 410; x_wconf 91' lang='lat' dir='ltr'>pro</span> <span class='ocrx_word' id='word_1_34' title='bbox 776 355 947 399; x_wconf 77' lang='lat' dir='ltr'>Christo,</span> <span class='ocrx_word' id='word_1_35' title='bbox 978 356 1293 398; x_wconf 78' lang='lat' dir='ltr'>reconciliamini</span> <span class='ocrx_word' id='word_1_36' title='bbox 1321 357 1419 397; x_wconf 90' lang='lat' dir='ltr'>Deo.</span> <span class='ocrx_word' id='word_1_37' title='bbox 1476 358 1504 380; x_wconf 72' lang='lat'>²¹</span> <span class='ocrx_word' id='word_1_38' title='bbox 1537 356 1656 405; x_wconf 82' lang='lat' dir='ltr'>Eum,</span> <span class='ocrx_word' id='word_1_39' title='bbox 1688 356 1755 409; x_wconf 93' lang='lat' dir='ltr'>qui</span> <span class='ocrx_word' id='word_1_40' title='bbox 1784 370 1865 397; x_wconf 90' lang='lat' dir='ltr'>non</span> <span class='ocrx_word' id='word_1_41' title='bbox 1894 364 2066 399; x_wconf 89' lang='lat' dir='ltr'>noverat</span> 
     </span>
     <span class='ocr_line' id='line_1_5' title="bbox 166 414 1934 471; baseline -0.001 -13"><span class='ocrx_word' id='word_1_42' title='bbox 166 424 391 471; x_wconf 83' lang='lat' dir='ltr'>peccatum.</span> <span class='ocrx_word' id='word_1_43' title='bbox 421 430 492 470; x_wconf 90' lang='lat' dir='ltr'>pro</span> <span class='ocrx_word' id='word_1_44' title='bbox 520 415 635 457; x_wconf 90' lang='lat' dir='ltr'>nobis</span> <span class='ocrx_word' id='word_1_45' title='bbox 660 420 874 468; x_wconf 88' lang='lat' dir='ltr'>peccatum</span> <span class='ocrx_word' id='word_1_46' title='bbox 901 414 1008 463; x_wconf 82' lang='lat' dir='ltr'>fecit,</span> <span class='ocrx_word' id='word_1_47' title='bbox 1038 421 1085 456; x_wconf 89' lang='lat' dir='ltr'>ut</span> <span class='ocrx_word' id='word_1_48' title='bbox 1110 429 1182 457; x_wconf 88' lang='lat' dir='ltr'>nos</span> <span class='ocrx_word' id='word_1_49' title='bbox 1210 415 1460 456; x_wconf 85' lang='lat' dir='ltr'>efficeremur</span> <span class='ocrx_word' id='word_1_50' title='bbox 1484 414 1643 456; x_wconf 88' lang='lat' dir='ltr'>iustitia</span> <span class='ocrx_word' id='word_1_51' title='bbox 1666 415 1743 455; x_wconf 91' lang='lat' dir='ltr'>Dei</span> <span class='ocrx_word' id='word_1_52' title='bbox 1769 415 1810 455; x_wconf 92' lang='lat' dir='ltr'>in</span> <span class='ocrx_word' id='word_1_53' title='bbox 1836 416 1934 468; x_wconf 88' lang='lat' dir='ltr'>ipso.</span> 
     </span>
     <span class='ocr_line' id='line_1_6' title="bbox 269 473 2213 527; baseline -0.001 -9"><span class='ocrx_word' id='word_1_54' title='bbox 269 477 306 519; x_wconf 74' lang='lat'>6.</span> <span class='ocrx_word' id='word_1_55' title='bbox 363 479 374 500; x_wconf 88' lang='lat'>¹</span> <span class='ocrx_word' id='word_1_56' title='bbox 405 475 658 516; x_wconf 89' lang='lat' dir='ltr'>Adiuvantes</span> <span class='ocrx_word' id='word_1_57' title='bbox 692 478 830 514; x_wconf 90' lang='lat' dir='ltr'>autem</span> <span class='ocrx_word' id='word_1_58' title='bbox 865 473 1130 514; x_wconf 77' lang='lat' dir='ltr'>exhortamur</span> <span class='ocrx_word' id='word_1_59' title='bbox 1162 487 1211 514; x_wconf 88' lang='lat' dir='ltr'>ne</span> <span class='ocrx_word' id='word_1_60' title='bbox 1245 474 1285 514; x_wconf 91' lang='lat' dir='ltr'>in</span> <span class='ocrx_word' id='word_1_61' title='bbox 1321 487 1495 514; x_wconf 88' lang='lat' dir='ltr'>vacuum</span> <span class='ocrx_word' id='word_1_62' title='bbox 1529 473 1703 527; x_wconf 78' lang='lat' dir='ltr'>gratiam</span> <span class='ocrx_word' id='word_1_63' title='bbox 1737 473 1812 514; x_wconf 90' lang='lat' dir='ltr'>Dei</span> <span class='ocrx_word' id='word_1_64' title='bbox 1846 475 2060 527; x_wconf 85' lang='lat' dir='ltr'>recipiatis.</span> <span class='ocrx_word' id='word_1_65' title='bbox 2111 482 2213 521; x_wconf 42' lang='lat' dir='ltr'>,variis</span> 
     </span>
     <span class='ocr_line' id='line_1_7' title="bbox 165 517 2252 585; baseline 0.001 -10"><span class='ocrx_word' id='word_1_66' title='bbox 165 538 179 559; x_wconf 84' lang='grc'>’-“</span> <span class='ocrx_word' id='word_1_67' title='bbox 205 535 276 576; x_wconf 87' lang='lat' dir='ltr'>Ait</span> <span class='ocrx_word' id='word_1_68' title='bbox 301 534 425 575; x_wconf 90' lang='lat' dir='ltr'>enim:</span> <span class='ocrx_word' id='word_1_69' title='bbox 458 534 673 585; x_wconf 78' lang='lat' dir='ltr'>aTempore</span> <span class='ocrx_word' id='word_1_70' title='bbox 699 537 866 585; x_wconf 89' lang='lat' dir='ltr'>accepto</span> <span class='ocrx_word' id='word_1_71' title='bbox 892 532 1083 573; x_wconf 83' lang='lat' dir='ltr'>exaudivi</span> <span class='ocrx_word' id='word_1_72' title='bbox 1110 538 1161 581; x_wconf 90' lang='lat' dir='ltr'>te,</span> <span class='ocrx_word' id='word_1_73' title='bbox 1190 538 1231 572; x_wconf 88' lang='lat' dir='ltr'>et</span> <span class='ocrx_word' id='word_1_74' title='bbox 1256 532 1297 572; x_wconf 89' lang='lat' dir='ltr'>in</span> <span class='ocrx_word' id='word_1_75' title='bbox 1323 532 1387 573; x_wconf 90' lang='lat' dir='ltr'>die</span> <span class='ocrx_word' id='word_1_76' title='bbox 1413 532 1555 573; x_wconf 89' lang='lat' dir='ltr'>salutis</span> <span class='ocrx_word' id='word_1_77' title='bbox 1581 532 1720 572; x_wconf 89' lang='lat' dir='ltr'>adiuvi</span> <span class='ocrx_word' id='word_1_78' title='bbox 1747 538 1798 574; x_wconf 88' lang='lat' dir='ltr'>te.</span> <span class='ocrx_word' id='word_1_79' title='bbox 1827 533 1931 574; x_wconf 89' lang='lat' dir='ltr'>Ecce</span> <span class='ocrx_word' id='word_1_80' title='bbox 1956 547 2063 574; x_wconf 91' lang='lat' dir='ltr'>nunc</span> <span class='ocrx_word' id='word_1_81' title='bbox 2087 517 2252 577; x_wconf 55' lang='lat' dir='ltr'>Xlffissffiss</span> 
     </span>
     <span class='ocr_line' id='line_1_8' title="bbox 166 588 2245 648; baseline 0 -14"><span class='ocrx_word' id='word_1_82' title='bbox 166 600 327 646; x_wconf 90' lang='lat' dir='ltr'>tempus</span> <span class='ocrx_word' id='word_1_83' title='bbox 355 591 613 646; x_wconf 76' lang='lat' dir='ltr'>acceptabile,</span> <span class='ocrx_word' id='word_1_84' title='bbox 646 604 736 631; x_wconf 84' lang='lat' dir='ltr'>ecce</span> <span class='ocrx_word' id='word_1_85' title='bbox 763 604 870 631; x_wconf 91' lang='lat' dir='ltr'>nunc</span> <span class='ocrx_word' id='word_1_86' title='bbox 898 591 980 631; x_wconf 90' lang='lat' dir='ltr'>dies</span> <span class='ocrx_word' id='word_1_87' title='bbox 1009 590 1161 631; x_wconf 87' lang='lat' dir='ltr'>salutis.</span> <span class='ocrx_word' id='word_1_88' title='bbox 1217 593 1232 614; x_wconf 76' lang='lat'><em>³</em></span> <span class='ocrx_word' id='word_1_89' title='bbox 1265 590 1434 631; x_wconf 78' lang='lat' dir='ltr'>bnemini</span> <span class='ocrx_word' id='word_1_90' title='bbox 1463 591 1606 631; x_wconf 82' lang='lat' dir='ltr'>dantes</span> <span class='ocrx_word' id='word_1_91' title='bbox 1634 591 1758 632; x_wconf 89' lang='lat' dir='ltr'>ullam</span> <span class='ocrx_word' id='word_1_92' title='bbox 1787 591 2062 641; x_wconf 79' lang='lat' dir='ltr'>offensionem,</span> <span class='ocrx_word' id='word_1_93' title='bbox 2093 588 2245 648; x_wconf 48' lang='grc' dir='ltr'>ρξζῖξξξὸ.</span> 
     </span>
     <span class='ocr_line' id='line_1_9' title="bbox 165 643 2245 704; baseline 0 -13"><span class='ocrx_word' id='word_1_94' title='bbox 165 657 212 692; x_wconf 92' lang='lat' dir='ltr'>ut</span> <span class='ocrx_word' id='word_1_95' title='bbox 227 665 309 693; x_wconf 93' lang='lat' dir='ltr'>non</span> <span class='ocrx_word' id='word_1_96' title='bbox 327 651 581 704; x_wconf 86' lang='lat' dir='ltr'>vituperetur</span> <span class='ocrx_word' id='word_1_97' title='bbox 596 649 866 690; x_wconf 86' lang='lat' dir='ltr'>ministerium</span> <span class='ocrx_word' id='word_1_98' title='bbox 882 656 1087 691; x_wconf 89' lang='lat' dir='ltr'>nostrum:</span> <span class='ocrx_word' id='word_1_99' title='bbox 1131 651 1147 673; x_wconf 76' lang='lat'>⁴</span> <span class='ocrx_word' id='word_1_100' title='bbox 1164 649 1290 690; x_wconf 88' lang='lat' dir='ltr'>sedin</span> <span class='ocrx_word' id='word_1_101' title='bbox 1309 649 1496 690; x_wconf 91' lang='lat' dir='ltr'>omnibus</span> <span class='ocrx_word' id='word_1_102' title='bbox 1514 649 1777 691; x_wconf 84' lang='lat' dir='ltr'>exhibeamus</span> <span class='ocrx_word' id='word_1_103' title='bbox 1794 651 2066 704; x_wconf 89' lang='lat' dir='ltr'>nosmetipsos</span> <span class='ocrx_word' id='word_1_104' title='bbox 2240 643 2245 653; x_wconf 78' lang='grc'><strong><em>’</em></strong></span> 
     </span>
     <span class='ocr_line' id='line_1_10' title="bbox 172 707 2066 761; baseline 0 -11"><span class='ocrx_word' id='word_1_105' title='bbox 172 710 293 751; x_wconf 63' lang='lat' dir='ltr'>“sicut</span> <span class='ocrx_word' id='word_1_106' title='bbox 323 710 398 750; x_wconf 89' lang='lat' dir='ltr'>Dei</span> <span class='ocrx_word' id='word_1_107' title='bbox 430 708 634 749; x_wconf 87' lang='lat' dir='ltr'>ministros</span> <span class='ocrx_word' id='word_1_108' title='bbox 665 707 706 747; x_wconf 93' lang='lat' dir='ltr'>in</span> <span class='ocrx_word' id='word_1_109' title='bbox 738 708 869 749; x_wconf 90' lang='lat' dir='ltr'>multa</span> <span class='ocrx_word' id='word_1_110' title='bbox 899 708 1111 761; x_wconf 89' lang='lat' dir='ltr'>patientia,</span> <span class='ocrx_word' id='word_1_111' title='bbox 1144 708 1185 748; x_wconf 92' lang='lat' dir='ltr'>in</span> <span class='ocrx_word' id='word_1_112' title='bbox 1218 707 1563 755; x_wconf 75' lang='lat' dir='ltr'>tribulationibus,</span> <span class='ocrx_word' id='word_1_113' title='bbox 1597 708 1638 747; x_wconf 94' lang='lat' dir='ltr'>in</span> <span class='ocrx_word' id='word_1_114' title='bbox 1670 709 1992 759; x_wconf 87' lang='lat' dir='ltr'>necessitatibus,</span> <span class='ocrx_word' id='word_1_115' title='bbox 2025 709 2066 750; x_wconf 92' lang='lat' dir='ltr'>in</span> 
     </span>
     <span class='ocr_line' id='line_1_11' title="bbox 165 766 2065 822; baseline -0.001 -12"><span class='ocrx_word' id='word_1_116' title='bbox 165 768 372 822; x_wconf 79' lang='lat' dir='ltr'>angustiis,</span> <span class='ocrx_word' id='word_1_117' title='bbox 430 770 445 792; x_wconf 86' lang='lat'><strong>⁵</strong></span> <span class='ocrx_word' id='word_1_118' title='bbox 474 767 514 807; x_wconf 93' lang='lat' dir='ltr'>in</span> <span class='ocrx_word' id='word_1_119' title='bbox 546 766 684 819; x_wconf 82' lang='lat' dir='ltr'>plagis,</span> <span class='ocrx_word' id='word_1_120' title='bbox 717 766 757 807; x_wconf 93' lang='lat' dir='ltr'>in</span> <span class='ocrx_word' id='word_1_121' title='bbox 789 767 1026 815; x_wconf 77' lang='lat' dir='ltr'>carceribus,</span> <span class='ocrx_word' id='word_1_122' title='bbox 1058 767 1099 807; x_wconf 93' lang='lat' dir='ltr'>in</span> <span class='ocrx_word' id='word_1_123' title='bbox 1130 766 1408 815; x_wconf 84' lang='lat' dir='ltr'>seditionibus,</span> <span class='ocrx_word' id='word_1_124' title='bbox 1441 766 1482 806; x_wconf 87' lang='lat' dir='ltr'>in</span> <span class='ocrx_word' id='word_1_125' title='bbox 1512 766 1731 816; x_wconf 87' lang='lat' dir='ltr'>laboribus,</span> <span class='ocrx_word' id='word_1_126' title='bbox 1764 767 1804 807; x_wconf 92' lang='lat' dir='ltr'>in</span> <span class='ocrx_word' id='word_1_127' title='bbox 1836 768 1992 819; x_wconf 80' lang='lat' dir='ltr'>vigiliis,</span> <span class='ocrx_word' id='word_1_128' title='bbox 2025 768 2065 809; x_wconf 92' lang='lat' dir='ltr'>in</span> 
     </span>
     <span class='ocr_line' id='line_1_12' title="bbox 164 825 2064 879; baseline 0 -11"><span class='ocrx_word' id='word_1_129' title='bbox 164 827 333 875; x_wconf 88' lang='lat' dir='ltr'>ieiuniis,</span> <span class='ocrx_word' id='word_1_130' title='bbox 383 829 398 850; x_wconf 72' lang='lat'><strong>⁶</strong></span> <span class='ocrx_word' id='word_1_131' title='bbox 416 826 457 866; x_wconf 89' lang='lat' dir='ltr'>in</span> <span class='ocrx_word' id='word_1_132' title='bbox 478 825 680 875; x_wconf 88' lang='lat' dir='ltr'>castitate,</span> <span class='ocrx_word' id='word_1_133' title='bbox 703 825 743 865; x_wconf 92' lang='lat' dir='ltr'>in</span> <span class='ocrx_word' id='word_1_134' title='bbox 764 825 943 873; x_wconf 86' lang='lat' dir='ltr'>scientia,</span> <span class='ocrx_word' id='word_1_135' title='bbox 966 826 1007 865; x_wconf 92' lang='lat' dir='ltr'>in</span> <span class='ocrx_word' id='word_1_136' title='bbox 1026 825 1350 879; x_wconf 81' lang='lat' dir='ltr'>longanimitate,</span> <span class='ocrx_word' id='word_1_137' title='bbox 1372 825 1413 865; x_wconf 93' lang='lat' dir='ltr'>in</span> <span class='ocrx_word' id='word_1_138' title='bbox 1434 825 1651 873; x_wconf 87' lang='lat' dir='ltr'>suavitate,</span> <span class='ocrx_word' id='word_1_139' title='bbox 1674 825 1714 865; x_wconf 92' lang='lat' dir='ltr'>in</span> <span class='ocrx_word' id='word_1_140' title='bbox 1735 826 1887 879; x_wconf 85' lang='lat' dir='ltr'>Spiritu</span> <span class='ocrx_word' id='word_1_141' title='bbox 1910 832 2064 876; x_wconf 86' lang='lat' dir='ltr'>sancto,</span> 
     </span>
     <span class='ocr_line' id='line_1_13' title="bbox 164 884 2064 937; baseline 0 -11"><span class='ocrx_word' id='word_1_142' title='bbox 164 887 203 926; x_wconf 91' lang='lat' dir='ltr'>in</span> <span class='ocrx_word' id='word_1_143' title='bbox 221 886 419 927; x_wconf 80' lang='lat' dir='ltr'>charitate</span> <span class='ocrx_word' id='word_1_144' title='bbox 434 897 514 926; x_wconf 91' lang='grc'><strong>11011</strong></span> <span class='ocrx_word' id='word_1_145' title='bbox 533 884 639 933; x_wconf 86' lang='lat' dir='ltr'>ficta,</span> <span class='ocrx_word' id='word_1_146' title='bbox 687 886 701 908; x_wconf 80' lang='lat'>⁷</span> <span class='ocrx_word' id='word_1_147' title='bbox 717 884 758 924; x_wconf 91' lang='lat' dir='ltr'>in</span> <span class='ocrx_word' id='word_1_148' title='bbox 774 885 898 926; x_wconf 86' lang='lat' dir='ltr'>verbo</span> <span class='ocrx_word' id='word_1_149' title='bbox 916 884 1112 931; x_wconf 88' lang='lat' dir='ltr'>veritatis,</span> <span class='ocrx_word' id='word_1_150' title='bbox 1131 884 1170 924; x_wconf 93' lang='lat' dir='ltr'>in</span> <span class='ocrx_word' id='word_1_151' title='bbox 1187 884 1341 926; x_wconf 90' lang='lat' dir='ltr'>virtute</span> <span class='ocrx_word' id='word_1_152' title='bbox 1356 884 1444 933; x_wconf 90' lang='lat' dir='ltr'>Dei,</span> <span class='ocrx_word' id='word_1_153' title='bbox 1463 897 1533 937; x_wconf 86' lang='lat' dir='ltr'>per</span> <span class='ocrx_word' id='word_1_154' title='bbox 1549 897 1662 924; x_wconf 84' lang='lat' dir='ltr'>arma</span> <span class='ocrx_word' id='word_1_155' title='bbox 1677 884 1843 925; x_wconf 85' lang='lat' dir='ltr'>iustitiae</span> <span class='ocrx_word' id='word_1_156' title='bbox 1859 898 1883 925; x_wconf 89' lang='lat' dir='ltr'>a</span> <span class='ocrx_word' id='word_1_157' title='bbox 1898 886 2064 934; x_wconf 80' lang='lat' dir='ltr'>dextris,</span> 
     </span>
     <span class='ocr_line' id='line_1_14' title="bbox 164 942 2067 996; baseline 0 -12"><span class='ocrx_word' id='word_1_158' title='bbox 164 951 205 986; x_wconf 89' lang='lat' dir='ltr'>et</span> <span class='ocrx_word' id='word_1_159' title='bbox 230 958 254 985; x_wconf 92' lang='lat' dir='ltr'>a</span> <span class='ocrx_word' id='word_1_160' title='bbox 275 943 456 989; x_wconf 83' lang='lat' dir='ltr'>sinistris,</span> <span class='ocrx_word' id='word_1_161' title='bbox 509 946 524 966; x_wconf 75' lang='lat'><strong>⁸</strong></span> <span class='ocrx_word' id='word_1_162' title='bbox 552 956 620 996; x_wconf 83' lang='lat' dir='ltr'>per</span> <span class='ocrx_word' id='word_1_163' title='bbox 643 942 825 996; x_wconf 84' lang='lat' dir='ltr'>gloriam,</span> <span class='ocrx_word' id='word_1_164' title='bbox 848 948 889 984; x_wconf 88' lang='lat' dir='ltr'>et</span> <span class='ocrx_word' id='word_1_165' title='bbox 912 943 1224 996; x_wconf 83' lang='lat' dir='ltr'>ignobilitatem,</span> <span class='ocrx_word' id='word_1_166' title='bbox 1249 956 1320 996; x_wconf 91' lang='lat' dir='ltr'>per</span> <span class='ocrx_word' id='word_1_167' title='bbox 1340 943 1564 991; x_wconf 81' lang='lat' dir='ltr'>infamiam,</span> <span class='ocrx_word' id='word_1_168' title='bbox 1587 947 1629 983; x_wconf 90' lang='lat' dir='ltr'>et</span> <span class='ocrx_word' id='word_1_169' title='bbox 1649 943 1799 984; x_wconf 89' lang='lat' dir='ltr'>bonam</span> <span class='ocrx_word' id='word_1_170' title='bbox 1821 943 1992 984; x_wconf 84' lang='lat' dir='ltr'>famam:</span> <span class='ocrx_word' id='word_1_171' title='bbox 2021 950 2067 985; x_wconf 92' lang='lat' dir='ltr'>ut</span> 
     </span>
     <span class='ocr_line' id='line_1_15' title="bbox 164 1001 2067 1055; baseline -0.001 -11"><span class='ocrx_word' id='word_1_172' title='bbox 164 1005 406 1051; x_wconf 80' lang='lat' dir='ltr'>seductores,</span> <span class='ocrx_word' id='word_1_173' title='bbox 429 1008 470 1042; x_wconf 91' lang='lat' dir='ltr'>et</span> <span class='ocrx_word' id='word_1_174' title='bbox 493 1015 666 1051; x_wconf 71' lang='lat' dir='ltr'>veraces,</span> <span class='ocrx_word' id='word_1_175' title='bbox 691 1001 796 1042; x_wconf 91' lang='lat' dir='ltr'>sicut</span> <span class='ocrx_word' id='word_1_176' title='bbox 819 1002 886 1055; x_wconf 92' lang='lat' dir='ltr'>qui</span> <span class='ocrx_word' id='word_1_177' title='bbox 908 1002 1048 1055; x_wconf 80' lang='lat' dir='ltr'>ignoti,</span> <span class='ocrx_word' id='word_1_178' title='bbox 1071 1008 1112 1043; x_wconf 90' lang='lat' dir='ltr'>et</span> <span class='ocrx_word' id='word_1_179' title='bbox 1139 1001 1307 1055; x_wconf 84' lang='lat' dir='ltr'>cogniti:</span> <span class='ocrx_word' id='word_1_180' title='bbox 1358 1004 1373 1025; x_wconf 72' lang='lat'><strong>⁹</strong></span> <span class='ocrx_word' id='word_1_181' title='bbox 1397 1001 1511 1055; x_wconf 87' lang='lat' dir='ltr'>quasi</span> <span class='ocrx_word' id='word_1_182' title='bbox 1532 1001 1763 1052; x_wconf 85' lang='lat' dir='ltr'>morientes,</span> <span class='ocrx_word' id='word_1_183' title='bbox 1790 1007 1831 1043; x_wconf 89' lang='lat' dir='ltr'>et</span> <span class='ocrx_word' id='word_1_184' title='bbox 1853 1016 1942 1044; x_wconf 88' lang='lat' dir='ltr'>ecce</span> <span class='ocrx_word' id='word_1_185' title='bbox 1966 1003 2067 1043; x_wconf 86' lang='lat' dir='ltr'>vivi-</span> 
     </span>
     <span class='ocr_line' id='line_1_16' title="bbox 164 1060 2068 1114; baseline 0 -12"><span class='ocrx_word' id='word_1_186' title='bbox 164 1076 271 1103; x_wconf 89' lang='lat' dir='ltr'>mus:</span> <span class='ocrx_word' id='word_1_187' title='bbox 295 1067 340 1103; x_wconf 89' lang='lat' dir='ltr'>ut</span> <span class='ocrx_word' id='word_1_188' title='bbox 356 1060 555 1114; x_wconf 84' lang='lat' dir='ltr'>castigat-i,</span> <span class='ocrx_word' id='word_1_189' title='bbox 571 1066 612 1101; x_wconf 91' lang='lat' dir='ltr'>et</span> <span class='ocrx_word' id='word_1_190' title='bbox 630 1073 710 1101; x_wconf 92' lang='lat' dir='ltr'>non</span> <span class='ocrx_word' id='word_1_191' title='bbox 731 1060 984 1101; x_wconf 88' lang='lat' dir='ltr'>mortificati:</span> <span class='ocrx_word' id='word_1_192' title='bbox 1025 1062 1060 1085; x_wconf 93' lang='lat'>¹⁰</span> <span class='ocrx_word' id='word_1_193' title='bbox 1072 1060 1187 1114; x_wconf 88' lang='lat' dir='ltr'>quasi</span> <span class='ocrx_word' id='word_1_194' title='bbox 1206 1061 1353 1110; x_wconf 89' lang='lat' dir='ltr'>tristes,</span> <span class='ocrx_word' id='word_1_195' title='bbox 1369 1073 1527 1113; x_wconf 89' lang='lat' dir='ltr'>semper</span> <span class='ocrx_word' id='word_1_196' title='bbox 1540 1066 1679 1101; x_wconf 89' lang='lat' dir='ltr'>autem</span> <span class='ocrx_word' id='word_1_197' title='bbox 1696 1061 1938 1114; x_wconf 86' lang='lat' dir='ltr'>gaudentes:</span> <span class='ocrx_word' id='word_1_198' title='bbox 1963 1061 2068 1102; x_wconf 88' lang='lat' dir='ltr'>sicut</span> 
     </span>
     <span class='ocr_line' id='line_1_17' title="bbox 163 1119 2065 1173; baseline 0.001 -12"><span class='ocrx_word' id='word_1_199' title='bbox 163 1126 337 1173; x_wconf 80' lang='lat' dir='ltr'>egentes,</span> <span class='ocrx_word' id='word_1_200' title='bbox 352 1119 503 1160; x_wconf 90' lang='lat' dir='ltr'>multos</span> <span class='ocrx_word' id='word_1_201' title='bbox 522 1125 660 1160; x_wconf 89' lang='lat' dir='ltr'>autem</span> <span class='ocrx_word' id='word_1_202' title='bbox 680 1119 994 1172; x_wconf 87' lang='lat' dir='ltr'>locupletantes:</span> <span class='ocrx_word' id='word_1_203' title='bbox 1015 1125 1228 1173; x_wconf 85' lang='lat' dir='ltr'>tamquam</span> <span class='ocrx_word' id='word_1_204' title='bbox 1243 1119 1343 1159; x_wconf 90' lang='lat' dir='ltr'>nihil</span> <span class='ocrx_word' id='word_1_205' title='bbox 1361 1119 1569 1166; x_wconf 82' lang='lat' dir='ltr'>habentes,</span> <span class='ocrx_word' id='word_1_206' title='bbox 1585 1124 1627 1160; x_wconf 90' lang='lat' dir='ltr'>et</span> <span class='ocrx_word' id='word_1_207' title='bbox 1647 1119 1783 1160; x_wconf 90' lang='lat' dir='ltr'>omnia</span> <span class='ocrx_word' id='word_1_208' title='bbox 1800 1120 2065 1173; x_wconf 87' lang='lat' dir='ltr'>possidentes.</span> 
     </span>
     <span class='ocr_line' id='line_1_18' title="bbox 268 1178 2254 1241; baseline 0 -22"><span class='ocrx_word' id='word_1_209' title='bbox 268 1181 297 1203; x_wconf 90' lang='lat'>¹¹</span> <span class='ocrx_word' id='word_1_210' title='bbox 325 1178 380 1219; x_wconf 89' lang='lat' dir='ltr'>Os</span> <span class='ocrx_word' id='word_1_211' title='bbox 407 1184 592 1219; x_wconf 89' lang='lat' dir='ltr'>nostrum</span> <span class='ocrx_word' id='word_1_212' title='bbox 619 1184 736 1231; x_wconf 88' lang='lat' dir='ltr'>patet</span> <span class='ocrx_word' id='word_1_213' title='bbox 762 1179 814 1219; x_wconf 90' lang='lat' dir='ltr'>ad</span> <span class='ocrx_word' id='word_1_214' title='bbox 842 1192 913 1219; x_wconf 89' lang='lat' dir='ltr'>vos</span> <span class='ocrx_word' id='word_1_215' title='bbox 942 1192 963 1219; x_wconf 94' lang='lat'>0</span> <span class='ocrx_word' id='word_1_216' title='bbox 991 1178 1201 1228; x_wconf 87' lang='lat' dir='ltr'>Corinthii,</span> <span class='ocrx_word' id='word_1_217' title='bbox 1230 1191 1299 1219; x_wconf 89' lang='lat' dir='ltr'>cor</span> <span class='ocrx_word' id='word_1_218' title='bbox 1324 1184 1509 1219; x_wconf 88' lang='lat' dir='ltr'>nostrum</span> <span class='ocrx_word' id='word_1_219' title='bbox 1538 1178 1757 1219; x_wconf 89' lang='lat' dir='ltr'>dilatatum</span> <span class='ocrx_word' id='word_1_220' title='bbox 1785 1184 1857 1220; x_wconf 90' lang='lat' dir='ltr'>est.</span> <span class='ocrx_word' id='word_1_221' title='bbox 1914 1181 1944 1203; x_wconf 80' lang='lat'>¹2</span> <span class='ocrx_word' id='word_1_222' title='bbox 1973 1179 2065 1220; x_wconf 89' lang='lat' dir='ltr'>Non</span> <span class='ocrx_word' id='word_1_223' title='bbox 2089 1180 2254 1241; x_wconf 45' lang='lat' dir='ltr'>,ffssirsstss&#39;gss</span> 
     </span>
     <span class='ocr_line' id='line_1_19' title="bbox 162 1232 2247 1291; baseline -0.001 -13"><span class='ocrx_word' id='word_1_224' title='bbox 162 1237 452 1291; x_wconf 85' lang='lat' dir='ltr'>angustiamini</span> <span class='ocrx_word' id='word_1_225' title='bbox 474 1237 514 1277; x_wconf 89' lang='lat' dir='ltr'>in</span> <span class='ocrx_word' id='word_1_226' title='bbox 536 1237 669 1277; x_wconf 89' lang='lat' dir='ltr'>nobis:</span> <span class='ocrx_word' id='word_1_227' title='bbox 693 1237 982 1290; x_wconf 88' lang='lat' dir='ltr'>angustiamini</span> <span class='ocrx_word' id='word_1_228' title='bbox 1004 1242 1142 1278; x_wconf 89' lang='lat' dir='ltr'>autem</span> <span class='ocrx_word' id='word_1_229' title='bbox 1164 1237 1204 1277; x_wconf 91' lang='lat' dir='ltr'>in</span> <span class='ocrx_word' id='word_1_230' title='bbox 1226 1237 1446 1278; x_wconf 84' lang='lat' dir='ltr'>visceribus</span> <span class='ocrx_word' id='word_1_231' title='bbox 1468 1236 1631 1277; x_wconf 86' lang='lat' dir='ltr'>vestris:</span> <span class='ocrx_word' id='word_1_232' title='bbox 1682 1239 1712 1261; x_wconf 82' lang='lat'>¹³</span> <span class='ocrx_word' id='word_1_233' title='bbox 1733 1238 1903 1278; x_wconf 89' lang='lat' dir='ltr'>eandem</span> <span class='ocrx_word' id='word_1_234' title='bbox 1926 1243 2064 1279; x_wconf 89' lang='lat' dir='ltr'>autem</span> <span class='ocrx_word' id='word_1_235' title='bbox 2089 1232 2247 1281; x_wconf 63' lang='lat' dir='ltr'>‘responde-</span> 
     </span>
     <span class='ocr_line' id='line_1_20' title="bbox 162 1288 2201 1349; baseline -0 -12"><span class='ocrx_word' id='word_1_236' title='bbox 162 1297 360 1337; x_wconf 85' lang='lat' dir='ltr'>habentes</span> <span class='ocrx_word' id='word_1_237' title='bbox 389 1296 770 1344; x_wconf 84' lang='lat' dir='ltr'>remunerationem,</span> <span class='ocrx_word' id='word_1_238' title='bbox 804 1301 1015 1349; x_wconf 85' lang='lat' dir='ltr'>tamquam</span> <span class='ocrx_word' id='word_1_239' title='bbox 1047 1295 1136 1335; x_wconf 87' lang='lat' dir='ltr'>filiis</span> <span class='ocrx_word' id='word_1_240' title='bbox 1168 1295 1275 1336; x_wconf 90' lang='lat' dir='ltr'>dico:</span> <span class='ocrx_word' id='word_1_241' title='bbox 1308 1295 1536 1336; x_wconf 89' lang='lat' dir='ltr'>dilatamini</span> <span class='ocrx_word' id='word_1_242' title='bbox 1568 1301 1609 1336; x_wconf 91' lang='lat' dir='ltr'>et</span> <span class='ocrx_word' id='word_1_243' title='bbox 1639 1309 1722 1336; x_wconf 86' lang='lat' dir='ltr'>vos.</span> <span class='ocrx_word' id='word_1_244' title='bbox 2140 1288 2201 1317; x_wconf 54' lang='lat'>&#39;‘¹¹¹“</span> 
     </span>
     <span class='ocr_line' id='line_1_21' title="bbox 267 1354 2274 1416; baseline 0 -22"><span class='ocrx_word' id='word_1_245' title='bbox 267 1356 298 1379; x_wconf 73' lang='lat'>¹4</span> <span class='ocrx_word' id='word_1_246' title='bbox 328 1354 464 1395; x_wconf 91' lang='lat' dir='ltr'>Nolite</span> <span class='ocrx_word' id='word_1_247' title='bbox 492 1355 629 1408; x_wconf 88' lang='lat' dir='ltr'>iugum</span> <span class='ocrx_word' id='word_1_248' title='bbox 660 1355 804 1395; x_wconf 89' lang='lat' dir='ltr'>ducere</span> <span class='ocrx_word' id='word_1_249' title='bbox 833 1368 924 1395; x_wconf 90' lang='lat' dir='ltr'>cum</span> <span class='ocrx_word' id='word_1_250' title='bbox 954 1354 1194 1395; x_wconf 83' lang='lat' dir='ltr'>infidelibus.</span> <span class='ocrx_word' id='word_1_251' title='bbox 1226 1354 1325 1402; x_wconf 77' lang='lat' dir='ltr'>Quae</span> <span class='ocrx_word' id='word_1_252' title='bbox 1354 1354 1459 1394; x_wconf 89' lang='lat' dir='ltr'>enim</span> <span class='ocrx_word' id='word_1_253' title='bbox 1489 1354 1750 1407; x_wconf 85' lang='lat' dir='ltr'>participatio</span> <span class='ocrx_word' id='word_1_254' title='bbox 1778 1354 1945 1396; x_wconf 83' lang='lat' dir='ltr'>iustitiae</span> <span class='ocrx_word' id='word_1_255' title='bbox 1974 1369 2063 1396; x_wconf 90' lang='lat' dir='ltr'>cum</span> <span class='ocrx_word' id='word_1_256' title='bbox 2080 1356 2274 1416; x_wconf 43' lang='lat' dir='ltr'>‘&#39;¹¹4222ua1211t321</span> 
     </span>
     <span class='ocr_line' id='line_1_22' title="bbox 163 1399 2262 1467; baseline -0 -15"><span class='ocrx_word' id='word_1_257' title='bbox 163 1412 404 1467; x_wconf 78' lang='lat' dir='ltr'>iniquitate?</span> <span class='ocrx_word' id='word_1_258' title='bbox 433 1413 518 1454; x_wconf 89' lang='lat' dir='ltr'>Aut</span> <span class='ocrx_word' id='word_1_259' title='bbox 546 1426 636 1466; x_wconf 82' lang='lat' dir='ltr'>quae</span> <span class='ocrx_word' id='word_1_260' title='bbox 663 1413 833 1453; x_wconf 87' lang='lat' dir='ltr'>societas</span> <span class='ocrx_word' id='word_1_261' title='bbox 860 1412 939 1452; x_wconf 79' lang='lat' dir='ltr'>luci</span> <span class='ocrx_word' id='word_1_262' title='bbox 968 1414 1019 1453; x_wconf 90' lang='lat' dir='ltr'>ad</span> <span class='ocrx_word' id='word_1_263' title='bbox 1049 1412 1261 1453; x_wconf 76' lang='lat' dir='ltr'>tenebras?</span> <span class='ocrx_word' id='word_1_264' title='bbox 1318 1414 1348 1436; x_wconf 83' lang='lat'>¹⁵</span> <span class='ocrx_word' id='word_1_265' title='bbox 1377 1413 1477 1460; x_wconf 80' lang='lat' dir='ltr'>Quae</span> <span class='ocrx_word' id='word_1_266' title='bbox 1504 1418 1643 1453; x_wconf 89' lang='lat' dir='ltr'>autem</span> <span class='ocrx_word' id='word_1_267' title='bbox 1671 1413 1890 1455; x_wconf 83' lang='lat' dir='ltr'>conventio</span> <span class='ocrx_word' id='word_1_268' title='bbox 1918 1414 2065 1455; x_wconf 73' lang='lat' dir='ltr'>Christi</span> <span class='ocrx_word' id='word_1_269' title='bbox 2081 1399 2262 1458; x_wconf 57' lang='lat' dir='ltr'>gniaqueen-v</span> 
     </span>
     <span class='ocr_line' id='line_1_23' title="bbox 162 1463 2196 1526; baseline 0 -14"><span class='ocrx_word' id='word_1_270' title='bbox 162 1472 214 1512; x_wconf 84' lang='lat' dir='ltr'>ad</span> <span class='ocrx_word' id='word_1_271' title='bbox 240 1471 391 1512; x_wconf 79' lang='lat' dir='ltr'>Belial?</span> <span class='ocrx_word' id='word_1_272' title='bbox 416 1472 503 1511; x_wconf 90' lang='lat' dir='ltr'>Aut</span> <span class='ocrx_word' id='word_1_273' title='bbox 528 1484 617 1524; x_wconf 81' lang='lat' dir='ltr'>quae</span> <span class='ocrx_word' id='word_1_274' title='bbox 642 1484 734 1523; x_wconf 89' lang='lat' dir='ltr'>pars</span> <span class='ocrx_word' id='word_1_275' title='bbox 760 1470 867 1511; x_wconf 86' lang='lat' dir='ltr'>fideli</span> <span class='ocrx_word' id='word_1_276' title='bbox 893 1484 985 1511; x_wconf 85' lang='lat' dir='ltr'>cum</span> <span class='ocrx_word' id='word_1_277' title='bbox 1011 1470 1186 1511; x_wconf 77' lang='lat' dir='ltr'>infideli?</span> <span class='ocrx_word' id='word_1_278' title='bbox 1241 1472 1275 1494; x_wconf 78' lang='lat'>¹⁶</span> <span class='ocrx_word' id='word_1_279' title='bbox 1300 1470 1378 1519; x_wconf 83' lang='lat' dir='ltr'>Qui</span> <span class='ocrx_word' id='word_1_280' title='bbox 1404 1476 1542 1511; x_wconf 88' lang='lat' dir='ltr'>autem</span> <span class='ocrx_word' id='word_1_281' title='bbox 1569 1484 1786 1512; x_wconf 79' lang='lat' dir='ltr'>consensus</span> <span class='ocrx_word' id='word_1_282' title='bbox 1813 1472 1966 1526; x_wconf 91' lang='lat' dir='ltr'>templo</span> <span class='ocrx_word' id='word_1_283' title='bbox 1990 1472 2066 1513; x_wconf 90' lang='lat' dir='ltr'>Dei</span> <span class='ocrx_word' id='word_1_284' title='bbox 2139 1463 2196 1488; x_wconf 77' lang='lat' dir='ltr'>tur.</span> 
     </span>
     <span class='ocr_line' id='line_1_24' title="bbox 162 1529 2068 1583; baseline 0.001 -13"><span class='ocrx_word' id='word_1_285' title='bbox 162 1544 253 1570; x_wconf 87' lang='lat' dir='ltr'>cum</span> <span class='ocrx_word' id='word_1_286' title='bbox 268 1529 410 1571; x_wconf 76' lang='lat' dir='ltr'>idolis?</span> <span class='ocrx_word' id='word_1_287' title='bbox 430 1529 532 1571; x_wconf 84' lang='lat' dir='ltr'>‹1V0s</span> <span class='ocrx_word' id='word_1_288' title='bbox 548 1529 654 1569; x_wconf 90' lang='lat' dir='ltr'>enim</span> <span class='ocrx_word' id='word_1_289' title='bbox 671 1529 766 1570; x_wconf 86' lang='lat' dir='ltr'>estis</span> <span class='ocrx_word' id='word_1_290' title='bbox 783 1529 981 1583; x_wconf 88' lang='lat' dir='ltr'>templum</span> <span class='ocrx_word' id='word_1_291' title='bbox 997 1529 1073 1570; x_wconf 92' lang='lat' dir='ltr'>Dei</span> <span class='ocrx_word' id='word_1_292' title='bbox 1090 1529 1185 1578; x_wconf 90' lang='lat' dir='ltr'>vivi,</span> <span class='ocrx_word' id='word_1_293' title='bbox 1203 1529 1309 1570; x_wconf 85' lang='lat' dir='ltr'>sicut</span> <span class='ocrx_word' id='word_1_294' title='bbox 1324 1529 1423 1571; x_wconf 88' lang='lat' dir='ltr'>dicit</span> <span class='ocrx_word' id='word_1_295' title='bbox 1437 1529 1566 1570; x_wconf 88' lang='lat' dir='ltr'>Deus:</span> <span class='ocrx_word' id='word_1_296' title='bbox 1591 1530 1811 1578; x_wconf 68' lang='lat' dir='ltr'>eQuoniam</span> <span class='ocrx_word' id='word_1_297' title='bbox 1826 1530 2068 1572; x_wconf 85' lang='lat' dir='ltr'>inhabitabo</span> 
     </span>
     <span class='ocr_line' id='line_1_25' title="bbox 161 1588 2065 1643; baseline 0.001 -15"><span class='ocrx_word' id='word_1_298' title='bbox 161 1589 200 1628; x_wconf 90' lang='lat' dir='ltr'>in</span> <span class='ocrx_word' id='word_1_299' title='bbox 228 1588 316 1638; x_wconf 87' lang='lat' dir='ltr'>illis,</span> <span class='ocrx_word' id='word_1_300' title='bbox 345 1594 386 1630; x_wconf 89' lang='lat' dir='ltr'>et</span> <span class='ocrx_word' id='word_1_301' title='bbox 411 1588 675 1629; x_wconf 86' lang='lat' dir='ltr'>inambulabo</span> <span class='ocrx_word' id='word_1_302' title='bbox 702 1588 808 1629; x_wconf 88' lang='lat' dir='ltr'>inter</span> <span class='ocrx_word' id='word_1_303' title='bbox 833 1602 911 1636; x_wconf 89' lang='lat' dir='ltr'>eos,</span> <span class='ocrx_word' id='word_1_304' title='bbox 941 1594 982 1629; x_wconf 86' lang='lat' dir='ltr'>et</span> <span class='ocrx_word' id='word_1_305' title='bbox 1007 1602 1074 1629; x_wconf 89' lang='lat' dir='ltr'>ero</span> <span class='ocrx_word' id='word_1_306' title='bbox 1100 1588 1261 1629; x_wconf 88' lang='lat' dir='ltr'>illorum</span> <span class='ocrx_word' id='word_1_307' title='bbox 1289 1588 1411 1637; x_wconf 86' lang='lat' dir='ltr'>Deus,</span> <span class='ocrx_word' id='word_1_308' title='bbox 1440 1594 1482 1629; x_wconf 89' lang='lat' dir='ltr'>et</span> <span class='ocrx_word' id='word_1_309' title='bbox 1507 1588 1582 1641; x_wconf 86' lang='lat' dir='ltr'>ipsi</span> <span class='ocrx_word' id='word_1_310' title='bbox 1609 1595 1728 1630; x_wconf 91' lang='lat' dir='ltr'>erunt</span> <span class='ocrx_word' id='word_1_311' title='bbox 1754 1589 1852 1629; x_wconf 90' lang='lat' dir='ltr'>mihi</span> <span class='ocrx_word' id='word_1_312' title='bbox 1879 1589 2065 1643; x_wconf 88' lang='lat' dir='ltr'>populus.</span> 
     </span>
     <span class='ocr_line' id='line_1_26' title="bbox 162 1646 2066 1700; baseline 0.001 -12"><span class='ocrx_word' id='word_1_313' title='bbox 162 1649 194 1671; x_wconf 75' lang='lat'>¹⁷</span> <span class='ocrx_word' id='word_1_314' title='bbox 216 1648 389 1700; x_wconf 85' lang='lat' dir='ltr'>Propter</span> <span class='ocrx_word' id='word_1_315' title='bbox 408 1647 517 1700; x_wconf 90' lang='lat' dir='ltr'>quod</span> <span class='ocrx_word' id='word_1_316' title='bbox 537 1647 644 1687; x_wconf 82' lang='lat' dir='ltr'>exite</span> <span class='ocrx_word' id='word_1_317' title='bbox 664 1647 713 1688; x_wconf 89' lang='lat' dir='ltr'>de</span> <span class='ocrx_word' id='word_1_318' title='bbox 732 1647 866 1688; x_wconf 91' lang='lat' dir='ltr'>medio</span> <span class='ocrx_word' id='word_1_319' title='bbox 886 1661 1037 1696; x_wconf 88' lang='lat' dir='ltr'>eorum,</span> <span class='ocrx_word' id='word_1_320' title='bbox 1059 1652 1100 1688; x_wconf 89' lang='lat' dir='ltr'>et</span> <span class='ocrx_word' id='word_1_321' title='bbox 1119 1647 1374 1700; x_wconf 83' lang='lat' dir='ltr'>separa-mini,</span> <span class='ocrx_word' id='word_1_322' title='bbox 1397 1646 1496 1688; x_wconf 90' lang='lat' dir='ltr'>dicit</span> <span class='ocrx_word' id='word_1_323' title='bbox 1515 1647 1727 1697; x_wconf 91' lang='lat' dir='ltr'>Dominus,</span> <span class='ocrx_word' id='word_1_324' title='bbox 1749 1653 1791 1689; x_wconf 91' lang='lat' dir='ltr'>et</span> <span class='ocrx_word' id='word_1_325' title='bbox 1808 1648 2066 1689; x_wconf 90' lang='lat' dir='ltr'>immundum</span> 
     </span>
     <span class='ocr_line' id='line_1_27' title="bbox 160 1705 2067 1759; baseline 0 -12"><span class='ocrx_word' id='word_1_326' title='bbox 160 1720 209 1747; x_wconf 92' lang='lat' dir='ltr'>ne</span> <span class='ocrx_word' id='word_1_327' title='bbox 234 1705 465 1759; x_wconf 87' lang='lat' dir='ltr'>tetigeritis:</span> <span class='ocrx_word' id='word_1_328' title='bbox 519 1708 552 1729; x_wconf 73' lang='lat'>¹⁸</span> <span class='ocrx_word' id='word_1_329' title='bbox 577 1712 618 1746; x_wconf 88' lang='lat' dir='ltr'>et</span> <span class='ocrx_word' id='word_1_330' title='bbox 642 1719 714 1759; x_wconf 88' lang='lat' dir='ltr'>ego</span> <span class='ocrx_word' id='word_1_331' title='bbox 738 1705 929 1759; x_wconf 84' lang='lat' dir='ltr'>recipiam</span> <span class='ocrx_word' id='word_1_332' title='bbox 955 1719 1044 1747; x_wconf 87' lang='lat' dir='ltr'>vos:</span> <span class='ocrx_word' id='word_1_333' title='bbox 1083 1712 1136 1746; x_wconf 83' lang='lat' dir='ltr'>fet</span> <span class='ocrx_word' id='word_1_334' title='bbox 1163 1719 1229 1747; x_wconf 88' lang='lat' dir='ltr'>ero</span> <span class='ocrx_word' id='word_1_335' title='bbox 1255 1706 1370 1747; x_wconf 82' lang='lat' dir='ltr'>vobis</span> <span class='ocrx_word' id='word_1_336' title='bbox 1400 1706 1439 1745; x_wconf 92' lang='lat' dir='ltr'>in</span> <span class='ocrx_word' id='word_1_337' title='bbox 1469 1711 1640 1759; x_wconf 87' lang='lat' dir='ltr'>patrem,</span> <span class='ocrx_word' id='word_1_338' title='bbox 1672 1712 1714 1748; x_wconf 90' lang='lat' dir='ltr'>et</span> <span class='ocrx_word' id='word_1_339' title='bbox 1737 1720 1809 1748; x_wconf 89' lang='lat' dir='ltr'>vos</span> <span class='ocrx_word' id='word_1_340' title='bbox 1834 1707 1944 1748; x_wconf 89' lang='lat' dir='ltr'>eritis</span> <span class='ocrx_word' id='word_1_341' title='bbox 1968 1707 2067 1747; x_wconf 90' lang='lat' dir='ltr'>mihi</span> 
     </span>
     <span class='ocr_line' id='line_1_28' title="bbox 160 1764 2064 1818; baseline 0.002 -14"><span class='ocrx_word' id='word_1_342' title='bbox 160 1765 200 1804; x_wconf 91' lang='lat' dir='ltr'>in</span> <span class='ocrx_word' id='word_1_343' title='bbox 220 1764 333 1809; x_wconf 83' lang='lat' dir='ltr'>filios,</span> <span class='ocrx_word' id='word_1_344' title='bbox 355 1769 396 1806; x_wconf 88' lang='lat' dir='ltr'>et</span> <span class='ocrx_word' id='word_1_345' title='bbox 414 1764 528 1813; x_wconf 86' lang='lat' dir='ltr'>filias,</span> <span class='ocrx_word' id='word_1_346' title='bbox 549 1764 648 1805; x_wconf 87' lang='lat' dir='ltr'>dicit</span> <span class='ocrx_word' id='word_1_347' title='bbox 666 1764 867 1805; x_wconf 90' lang='lat' dir='ltr'>Dominus</span> <span class='ocrx_word' id='word_1_348' title='bbox 886 1765 1157 1818; x_wconf 77' lang='lat' dir='ltr'>omnipotens,</span> <span class='ocrx_word' id='word_1_349' title='bbox 1208 1765 1242 1807; x_wconf 83' lang='lat'>7.</span> <span class='ocrx_word' id='word_1_350' title='bbox 1301 1767 1308 1788; x_wconf 93' lang='lat'>¹</span> <span class='ocrx_word' id='word_1_351' title='bbox 1334 1765 1419 1805; x_wconf 82' lang='lat' dir='ltr'>Has</span> <span class='ocrx_word' id='word_1_352' title='bbox 1438 1778 1532 1818; x_wconf 87' lang='lat' dir='ltr'>crgo</span> <span class='ocrx_word' id='word_1_353' title='bbox 1550 1765 1747 1806; x_wconf 88' lang='lat' dir='ltr'>habentes</span> <span class='ocrx_word' id='word_1_354' title='bbox 1767 1766 2064 1818; x_wconf 89' lang='lat' dir='ltr'>promissiones,</span> 
     </span>
     <span class='ocr_line' id='line_1_29' title="bbox 161 1822 2067 1877; baseline 0.002 -14"><span class='ocrx_word' id='word_1_355' title='bbox 161 1822 396 1872; x_wconf 76' lang='lat' dir='ltr'>charissimi,</span> <span class='ocrx_word' id='word_1_356' title='bbox 428 1823 673 1863; x_wconf 89' lang='lat' dir='ltr'>mundemus</span> <span class='ocrx_word' id='word_1_357' title='bbox 704 1836 775 1864; x_wconf 89' lang='lat' dir='ltr'>nos</span> <span class='ocrx_word' id='word_1_358' title='bbox 807 1824 857 1864; x_wconf 84' lang='lat' dir='ltr'>ab</span> <span class='ocrx_word' id='word_1_359' title='bbox 890 1823 999 1865; x_wconf 93' lang='lat' dir='ltr'>omni</span> <span class='ocrx_word' id='word_1_360' title='bbox 1029 1823 1341 1877; x_wconf 87' lang='lat' dir='ltr'>inquinamento</span> <span class='ocrx_word' id='word_1_361' title='bbox 1371 1823 1514 1873; x_wconf 86' lang='lat' dir='ltr'>carnis,</span> <span class='ocrx_word' id='word_1_362' title='bbox 1547 1829 1589 1864; x_wconf 91' lang='lat' dir='ltr'>et</span> <span class='ocrx_word' id='word_1_363' title='bbox 1618 1824 1783 1877; x_wconf 85' lang='lat' dir='ltr'>spiritus</span> <span class='ocrx_word' id='word_1_364' title='bbox 1814 1824 2067 1877; x_wconf 85' lang='lat' dir='ltr'>perficientes</span> 
     </span>
    </p>
   </div>
   <div class='ocr_carea' id='block_1_3' title="bbox 161 1881 886 1924">
    <p class='ocr_par' dir='ltr' id='par_1_3' title="bbox 161 1881 886 1924">
     <span class='ocr_line' id='line_1_30' title="bbox 161 1881 886 1924; baseline 0.003 -2"><span class='ocrx_word' id='word_1_365' title='bbox 161 1881 525 1923; x_wconf 82' lang='lat' dir='ltr'>sanctificationem</span> <span class='ocrx_word' id='word_1_366' title='bbox 554 1881 594 1921; x_wconf 92' lang='lat' dir='ltr'>in</span> <span class='ocrx_word' id='word_1_367' title='bbox 626 1881 770 1923; x_wconf 89' lang='lat' dir='ltr'>timore</span> <span class='ocrx_word' id='word_1_368' title='bbox 800 1882 886 1924; x_wconf 88' lang='lat' dir='ltr'>Dei.</span> 
     </span>
    </p>
   </div>
   <div class='ocr_carea' id='block_1_4' title="bbox 153 1984 2273 3343">
    <p class='ocr_par' dir='ltr' id='par_1_4' title="bbox 625 1984 1602 2037">
     <span class='ocr_line' id='line_1_31' title="bbox 625 1984 1602 2037; baseline 0.002 -13"><span class='ocrx_word' id='word_1_369' title='bbox 625 1985 663 2026; x_wconf 86' lang='lat'>4.</span> <span class='ocrx_word' id='word_1_370' title='bbox 691 1984 921 2036; x_wconf 78' lang='lat' dir='ltr'>Apologia</span> <span class='ocrx_word' id='word_1_371' title='bbox 951 1985 1156 2036; x_wconf 78' lang='lat' dir='ltr'>epistolae</span> <span class='ocrx_word' id='word_1_372' title='bbox 1187 1987 1369 2037; x_wconf 80' lang='lat' dir='ltr'>prioris,</span> <span class='ocrx_word' id='word_1_373' title='bbox 1398 1987 1438 2037; x_wconf 90' lang='lat'>7,</span> <span class='ocrx_word' id='word_1_374' title='bbox 1457 1986 1602 2027; x_wconf 23' lang='lat' dir='ltr'>2ffi16.</span> 
     </span>
    </p>

    <p class='ocr_par' dir='ltr' id='par_1_5' title="bbox 157 2054 2273 2331">
     <span class='ocr_line' id='line_1_32' title="bbox 263 2054 2252 2110; baseline 0.004 -16"><span class='ocrx_word' id='word_1_375' title='bbox 263 2057 278 2079; x_wconf 74' lang='lat'>2</span> <span class='ocrx_word' id='word_1_376' title='bbox 294 2054 436 2108; x_wconf 88' lang='lat' dir='ltr'>Capite</span> <span class='ocrx_word' id='word_1_377' title='bbox 452 2067 536 2095; x_wconf 83' lang='lat' dir='ltr'>nos.</span> <span class='ocrx_word' id='word_1_378' title='bbox 557 2054 767 2095; x_wconf 87' lang='lat' dir='ltr'>Neminem</span> <span class='ocrx_word' id='word_1_379' title='bbox 785 2056 970 2105; x_wconf 81' lang='lat' dir='ltr'>laesiuius,</span> <span class='ocrx_word' id='word_1_380' title='bbox 989 2057 1191 2097; x_wconf 86' lang='lat' dir='ltr'>neminem</span> <span class='ocrx_word' id='word_1_381' title='bbox 1208 2057 1472 2110; x_wconf 78' lang='lat' dir='ltr'>corrupimus,</span> <span class='ocrx_word' id='word_1_382' title='bbox 1491 2057 1694 2098; x_wconf 90' lang='lat' dir='ltr'>neminem</span> <span class='ocrx_word' id='word_1_383' title='bbox 1711 2058 2061 2102; x_wconf 78' lang='lat' dir='ltr'>circumvenimus,</span> <span class='ocrx_word' id='word_1_384' title='bbox 2087 2065 2252 2105; x_wconf 50' lang='lat' dir='ltr'>Corinthios</span> 
     </span>
     <span class='ocr_line' id='line_1_33' title="bbox 158 2102 2273 2169; baseline 0.004 -15"><span class='ocrx_word' id='word_1_385' title='bbox 158 2117 173 2139; x_wconf 72' lang='lat'>³</span> <span class='ocrx_word' id='word_1_386' title='bbox 194 2114 285 2155; x_wconf 92' lang='lat' dir='ltr'>Non</span> <span class='ocrx_word' id='word_1_387' title='bbox 305 2114 357 2154; x_wconf 90' lang='lat' dir='ltr'>ad</span> <span class='ocrx_word' id='word_1_388' title='bbox 378 2113 759 2154; x_wconf 84' lang='lat' dir='ltr'>condemnationem</span> <span class='ocrx_word' id='word_1_389' title='bbox 782 2121 959 2155; x_wconf 85' lang='lat' dir='ltr'>vestram</span> <span class='ocrx_word' id='word_1_390' title='bbox 981 2115 1082 2156; x_wconf 88' lang='lat' dir='ltr'>dico.</span> <span class='ocrx_word' id='word_1_391' title='bbox 1106 2116 1366 2168; x_wconf 79' lang='lat' dir='ltr'>praediximus</span> <span class='ocrx_word' id='word_1_392' title='bbox 1387 2116 1492 2156; x_wconf 87' lang='lat' dir='ltr'>enim</span> <span class='ocrx_word' id='word_1_393' title='bbox 1516 2117 1624 2169; x_wconf 87' lang='lat' dir='ltr'>quod</span> <span class='ocrx_word' id='word_1_394' title='bbox 1646 2116 1686 2157; x_wconf 89' lang='lat' dir='ltr'>in</span> <span class='ocrx_word' id='word_1_395' title='bbox 1707 2117 1895 2158; x_wconf 89' lang='lat' dir='ltr'>cordibus</span> <span class='ocrx_word' id='word_1_396' title='bbox 1915 2118 2065 2159; x_wconf 80' lang='lat' dir='ltr'>nostris</span> <span class='ocrx_word' id='word_1_397' title='bbox 2076 2102 2273 2167; x_wconf 55' lang='lat' dir='ltr'>coffiffiins</span> 
     </span>
     <span class='ocr_line' id='line_1_34' title="bbox 158 2171 2064 2229; baseline 0.002 -16"><span class='ocrx_word' id='word_1_398' title='bbox 158 2173 253 2213; x_wconf 79' lang='lat' dir='ltr'>estis</span> <span class='ocrx_word' id='word_1_399' title='bbox 279 2173 330 2213; x_wconf 76' lang='lat' dir='ltr'>ad</span> <span class='ocrx_word' id='word_1_400' title='bbox 357 2171 717 2222; x_wconf 89' lang='lat' dir='ltr'>commoriendum,</span> <span class='ocrx_word' id='word_1_401' title='bbox 746 2179 787 2214; x_wconf 91' lang='lat' dir='ltr'>et</span> <span class='ocrx_word' id='word_1_402' title='bbox 812 2173 865 2213; x_wconf 86' lang='lat' dir='ltr'>ad</span> <span class='ocrx_word' id='word_1_403' title='bbox 891 2173 1205 2216; x_wconf 85' lang='lat' dir='ltr'>convivendum.</span> <span class='ocrx_word' id='word_1_404' title='bbox 1260 2176 1273 2198; x_wconf 76' lang='lat'><strong>⁴</strong></span> <span class='ocrx_word' id='word_1_405' title='bbox 1300 2174 1432 2215; x_wconf 88' lang='lat' dir='ltr'>Multa</span> <span class='ocrx_word' id='word_1_406' title='bbox 1456 2175 1555 2215; x_wconf 90' lang='lat' dir='ltr'>mihi</span> <span class='ocrx_word' id='word_1_407' title='bbox 1582 2175 1731 2216; x_wconf 87' lang='lat' dir='ltr'>fiducia</span> <span class='ocrx_word' id='word_1_408' title='bbox 1756 2180 1818 2217; x_wconf 90' lang='lat' dir='ltr'>est</span> <span class='ocrx_word' id='word_1_409' title='bbox 1842 2177 1953 2229; x_wconf 90' lang='lat' dir='ltr'>apud</span> <span class='ocrx_word' id='word_1_410' title='bbox 1978 2190 2064 2227; x_wconf 88' lang='lat' dir='ltr'>vos,</span> 
     </span>
     <span class='ocr_line' id='line_1_35' title="bbox 157 2230 2066 2288; baseline 0.002 -16"><span class='ocrx_word' id='word_1_411' title='bbox 157 2231 289 2272; x_wconf 86' lang='lat' dir='ltr'>multa</span> <span class='ocrx_word' id='word_1_412' title='bbox 320 2230 419 2271; x_wconf 91' lang='lat' dir='ltr'>mihi</span> <span class='ocrx_word' id='word_1_413' title='bbox 451 2230 651 2283; x_wconf 47' lang='lat' dir='ltr'>gloriatio,</span> <span class='ocrx_word' id='word_1_414' title='bbox 671 2244 743 2283; x_wconf 89' lang='lat' dir='ltr'>pro</span> <span class='ocrx_word' id='word_1_415' title='bbox 777 2232 904 2280; x_wconf 85' lang='lat' dir='ltr'>vobis,</span> <span class='ocrx_word' id='word_1_416' title='bbox 939 2232 1116 2285; x_wconf 90' lang='lat' dir='ltr'>repletus</span> <span class='ocrx_word' id='word_1_417' title='bbox 1149 2246 1238 2273; x_wconf 89' lang='lat' dir='ltr'>sum</span> <span class='ocrx_word' id='word_1_418' title='bbox 1272 2233 1563 2283; x_wconf 85' lang='lat' dir='ltr'>consolatione,</span> <span class='ocrx_word' id='word_1_419' title='bbox 1599 2235 1886 2287; x_wconf 83' lang='lat' dir='ltr'>superabundo</span> <span class='ocrx_word' id='word_1_420' title='bbox 1918 2235 2066 2288; x_wconf 86' lang='lat' dir='ltr'>gaudio</span> 
     </span>
     <span class='ocr_line' id='line_1_36' title="bbox 158 2289 812 2331; baseline 0.002 -1"><span class='ocrx_word' id='word_1_421' title='bbox 158 2290 196 2330; x_wconf 90' lang='lat' dir='ltr'>in</span> <span class='ocrx_word' id='word_1_422' title='bbox 228 2290 338 2331; x_wconf 89' lang='grc'><strong>0111111</strong></span> <span class='ocrx_word' id='word_1_423' title='bbox 368 2289 631 2330; x_wconf 88' lang='lat' dir='ltr'>tribulatione</span> <span class='ocrx_word' id='word_1_424' title='bbox 662 2296 812 2331; x_wconf 88' lang='lat' dir='ltr'>nostra.</span> 
     </span>
    </p>

    <p class='ocr_par' dir='ltr' id='par_1_6' title="bbox 156 2348 2272 2695">
     <span class='ocr_line' id='line_1_37' title="bbox 260 2348 2272 2404; baseline 0.003 -15"><span class='ocrx_word' id='word_1_425' title='bbox 260 2351 275 2373; x_wconf 72' lang='lat'>5</span> <span class='ocrx_word' id='word_1_426' title='bbox 298 2349 403 2389; x_wconf 89' lang='lat' dir='ltr'>Nam</span> <span class='ocrx_word' id='word_1_427' title='bbox 425 2354 467 2389; x_wconf 89' lang='lat' dir='ltr'>ct</span> <span class='ocrx_word' id='word_1_428' title='bbox 487 2362 578 2388; x_wconf 91' lang='lat' dir='ltr'>cum</span> <span class='ocrx_word' id='word_1_429' title='bbox 601 2348 849 2390; x_wconf 88' lang='lat' dir='ltr'>venissemus</span> <span class='ocrx_word' id='word_1_430' title='bbox 870 2349 911 2389; x_wconf 89' lang='lat' dir='ltr'>in</span> <span class='ocrx_word' id='word_1_431' title='bbox 932 2350 1227 2399; x_wconf 87' lang='lat' dir='ltr'>Macedoniam,</span> <span class='ocrx_word' id='word_1_432' title='bbox 1251 2350 1401 2391; x_wconf 88' lang='lat' dir='ltr'>nullam</span> <span class='ocrx_word' id='word_1_433' title='bbox 1426 2350 1606 2404; x_wconf 87' lang='lat' dir='ltr'>requiem</span> <span class='ocrx_word' id='word_1_434' title='bbox 1628 2351 1774 2392; x_wconf 89' lang='lat' dir='ltr'>habuit</span> <span class='ocrx_word' id='word_1_435' title='bbox 1794 2365 1886 2392; x_wconf 86' lang='lat' dir='ltr'>caro</span> <span class='ocrx_word' id='word_1_436' title='bbox 1908 2358 2060 2402; x_wconf 86' lang='lat' dir='ltr'>nostra,</span> <span class='ocrx_word' id='word_1_437' title='bbox 2077 2356 2112 2381; x_wconf 64' lang='lat'>‘¹⁹</span> <span class='ocrx_word' id='word_1_438' title='bbox 2126 2356 2272 2399; x_wconf 44' lang='lat' dir='ltr'>fructibus</span> 
     </span>
     <span class='ocr_line' id='line_1_38' title="bbox 158 2398 2233 2464; baseline 0.001 -16"><span class='ocrx_word' id='word_1_439' title='bbox 158 2407 226 2448; x_wconf 89' lang='lat' dir='ltr'>sed</span> <span class='ocrx_word' id='word_1_440' title='bbox 260 2420 421 2448; x_wconf 87' lang='lat' dir='ltr'>omnem</span> <span class='ocrx_word' id='word_1_441' title='bbox 455 2406 761 2448; x_wconf 84' lang='lat' dir='ltr'>tribulationem</span> <span class='ocrx_word' id='word_1_442' title='bbox 794 2408 902 2461; x_wconf 90' lang='lat' dir='ltr'>passi</span> <span class='ocrx_word' id='word_1_443' title='bbox 935 2422 1092 2449; x_wconf 86' lang='lat' dir='ltr'>sumus:</span> <span class='ocrx_word' id='word_1_444' title='bbox 1128 2408 1224 2450; x_wconf 83' lang='lat' dir='ltr'>foris</span> <span class='ocrx_word' id='word_1_445' title='bbox 1257 2422 1413 2462; x_wconf 82' lang='lat' dir='ltr'>pugnae,</span> <span class='ocrx_word' id='word_1_446' title='bbox 1449 2409 1559 2450; x_wconf 92' lang='lat' dir='ltr'>intus</span> <span class='ocrx_word' id='word_1_447' title='bbox 1594 2409 1770 2451; x_wconf 90' lang='lat' dir='ltr'>timores.</span> <span class='ocrx_word' id='word_1_448' title='bbox 1835 2412 1849 2434; x_wconf 81' lang='lat'><strong>⁶</strong></span> <span class='ocrx_word' id='word_1_449' title='bbox 1881 2410 1960 2451; x_wconf 85' lang='lat' dir='ltr'>Sed</span> <span class='ocrx_word' id='word_1_450' title='bbox 1994 2410 2062 2464; x_wconf 93' lang='lat' dir='ltr'>qui</span> <span class='ocrx_word' id='word_1_451' title='bbox 2103 2398 2233 2457; x_wconf 44' lang='lat' dir='ltr'>‘353ss‘ssssss</span> 
     </span>
     <span class='ocr_line' id='line_1_39' title="bbox 157 2463 2226 2515; baseline 0.001 -8"><span class='ocrx_word' id='word_1_452' title='bbox 157 2465 391 2507; x_wconf 88' lang='lat' dir='ltr'>consolatur</span> <span class='ocrx_word' id='word_1_453' title='bbox 412 2465 595 2515; x_wconf 86' lang='lat' dir='ltr'>humiles,</span> <span class='ocrx_word' id='word_1_454' title='bbox 622 2466 855 2508; x_wconf 87' lang='lat' dir='ltr'>consolatus</span> <span class='ocrx_word' id='word_1_455' title='bbox 880 2472 941 2508; x_wconf 90' lang='lat' dir='ltr'>est</span> <span class='ocrx_word' id='word_1_456' title='bbox 963 2480 1036 2508; x_wconf 93' lang='lat' dir='ltr'>nos</span> <span class='ocrx_word' id='word_1_457' title='bbox 1060 2467 1170 2508; x_wconf 92' lang='lat' dir='ltr'>Deus</span> <span class='ocrx_word' id='word_1_458' title='bbox 1194 2467 1235 2507; x_wconf 90' lang='lat' dir='ltr'>in</span> <span class='ocrx_word' id='word_1_459' title='bbox 1259 2468 1440 2509; x_wconf 88' lang='lat' dir='ltr'>adventu</span> <span class='ocrx_word' id='word_1_460' title='bbox 1466 2467 1558 2509; x_wconf 90' lang='lat' dir='ltr'>Titi.</span> <span class='ocrx_word' id='word_1_461' title='bbox 1614 2470 1628 2492; x_wconf 90' lang='lat'>⁷</span> <span class='ocrx_word' id='word_1_462' title='bbox 1653 2468 1744 2509; x_wconf 87' lang='lat' dir='ltr'>Non</span> <span class='ocrx_word' id='word_1_463' title='bbox 1769 2468 1899 2510; x_wconf 88' lang='lat' dir='ltr'>solum</span> <span class='ocrx_word' id='word_1_464' title='bbox 1924 2475 2062 2510; x_wconf 88' lang='lat' dir='ltr'>autem</span> <span class='ocrx_word' id='word_1_465' title='bbox 2108 2463 2226 2493; x_wconf 28' lang='lat' dir='ltr'>gande&amp;</span> 
     </span>
     <span class='ocr_line' id='line_1_40' title="bbox 156 2524 2064 2580; baseline 0.002 -16"><span class='ocrx_word' id='word_1_466' title='bbox 156 2525 196 2565; x_wconf 92' lang='lat' dir='ltr'>in</span> <span class='ocrx_word' id='word_1_467' title='bbox 225 2525 407 2565; x_wconf 90' lang='lat' dir='ltr'>adventu</span> <span class='ocrx_word' id='word_1_468' title='bbox 436 2524 530 2573; x_wconf 90' lang='grc'><strong>01118,</strong></span> <span class='ocrx_word' id='word_1_469' title='bbox 562 2525 631 2565; x_wconf 87' lang='lat' dir='ltr'>sed</span> <span class='ocrx_word' id='word_1_470' title='bbox 660 2525 783 2566; x_wconf 91' lang='lat' dir='ltr'>etiam</span> <span class='ocrx_word' id='word_1_471' title='bbox 812 2525 851 2565; x_wconf 94' lang='lat' dir='ltr'>in</span> <span class='ocrx_word' id='word_1_472' title='bbox 881 2526 1171 2573; x_wconf 87' lang='lat' dir='ltr'>consolatione,</span> <span class='ocrx_word' id='word_1_473' title='bbox 1203 2540 1285 2580; x_wconf 88' lang='lat' dir='ltr'>qua</span> <span class='ocrx_word' id='word_1_474' title='bbox 1312 2526 1546 2568; x_wconf 90' lang='lat' dir='ltr'>consolatus</span> <span class='ocrx_word' id='word_1_475' title='bbox 1575 2532 1636 2568; x_wconf 91' lang='lat' dir='ltr'>est</span> <span class='ocrx_word' id='word_1_476' title='bbox 1663 2527 1703 2567; x_wconf 95' lang='lat' dir='ltr'>in</span> <span class='ocrx_word' id='word_1_477' title='bbox 1732 2527 1859 2577; x_wconf 88' lang='lat' dir='ltr'>vobis,</span> <span class='ocrx_word' id='word_1_478' title='bbox 1889 2528 2064 2569; x_wconf 85' lang='lat' dir='ltr'>referens</span> 
     </span>
     <span class='ocr_line' id='line_1_41' title="bbox 157 2583 2064 2639; baseline 0.002 -16"><span class='ocrx_word' id='word_1_479' title='bbox 157 2583 272 2625; x_wconf 92' lang='lat' dir='ltr'>nobis</span> <span class='ocrx_word' id='word_1_480' title='bbox 308 2588 490 2624; x_wconf 87' lang='lat' dir='ltr'>vestrum</span> <span class='ocrx_word' id='word_1_481' title='bbox 527 2583 783 2628; x_wconf 76' lang='lat' dir='ltr'>desiderium,</span> <span class='ocrx_word' id='word_1_482' title='bbox 820 2590 1002 2626; x_wconf 87' lang='lat' dir='ltr'>vestrum</span> <span class='ocrx_word' id='word_1_483' title='bbox 1038 2585 1192 2634; x_wconf 89' lang='lat' dir='ltr'>fletum,</span> <span class='ocrx_word' id='word_1_484' title='bbox 1231 2591 1410 2626; x_wconf 89' lang='lat' dir='ltr'>vestram</span> <span class='ocrx_word' id='word_1_485' title='bbox 1445 2585 1748 2628; x_wconf 73' lang='lat' dir='ltr'>aemulationem</span> <span class='ocrx_word' id='word_1_486' title='bbox 1784 2600 1857 2639; x_wconf 89' lang='lat' dir='ltr'>pro</span> <span class='ocrx_word' id='word_1_487' title='bbox 1892 2600 1967 2635; x_wconf 90' lang='lat' dir='ltr'>me,</span> <span class='ocrx_word' id='word_1_488' title='bbox 2005 2586 2064 2628; x_wconf 87' lang='lat' dir='ltr'>ita</span> 
     </span>
     <span class='ocr_line' id='line_1_42' title="bbox 157 2642 619 2695; baseline 0 -12"><span class='ocrx_word' id='word_1_489' title='bbox 157 2648 204 2683; x_wconf 85' lang='lat' dir='ltr'>ut</span> <span class='ocrx_word' id='word_1_490' title='bbox 232 2642 360 2695; x_wconf 86' lang='lat' dir='ltr'>magis</span> <span class='ocrx_word' id='word_1_491' title='bbox 388 2642 619 2695; x_wconf 87' lang='lat' dir='ltr'>gauderem.</span> 
     </span>
    </p>

    <p class='ocr_par' dir='ltr' id='par_1_7' title="bbox 153 2700 2256 3343">
     <span class='ocr_line' id='line_1_43' title="bbox 262 2700 2234 2769; baseline 0.003 -29"><span class='ocrx_word' id='word_1_492' title='bbox 262 2702 277 2725; x_wconf 73' lang='lat'><strong>⁸</strong></span> <span class='ocrx_word' id='word_1_493' title='bbox 306 2701 508 2750; x_wconf 82' lang='lat' dir='ltr'>Quoniam</span> <span class='ocrx_word' id='word_1_494' title='bbox 538 2700 612 2742; x_wconf 91' lang='lat' dir='ltr'>etsi</span> <span class='ocrx_word' id='word_1_495' title='bbox 642 2701 884 2743; x_wconf 85' lang='lat' dir='ltr'>contristavi</span> <span class='ocrx_word' id='word_1_496' title='bbox 914 2716 986 2744; x_wconf 90' lang='lat' dir='ltr'>vos</span> <span class='ocrx_word' id='word_1_497' title='bbox 1014 2702 1055 2743; x_wconf 92' lang='lat' dir='ltr'>in</span> <span class='ocrx_word' id='word_1_498' title='bbox 1085 2702 1268 2756; x_wconf 85' lang='lat' dir='ltr'>epistola,</span> <span class='ocrx_word' id='word_1_499' title='bbox 1300 2716 1382 2744; x_wconf 91' lang='grc'><strong>11011</strong></span> <span class='ocrx_word' id='word_1_500' title='bbox 1410 2717 1474 2744; x_wconf 88' lang='grc'><strong>1110</strong></span> <span class='ocrx_word' id='word_1_501' title='bbox 1503 2703 1695 2756; x_wconf 83' lang='lat' dir='ltr'>poenitet:</span> <span class='ocrx_word' id='word_1_502' title='bbox 1727 2703 1801 2744; x_wconf 90' lang='lat' dir='ltr'>etsi</span> <span class='ocrx_word' id='word_1_503' title='bbox 1830 2703 2093 2769; x_wconf 86' lang='lat' dir='ltr'>poeniteret,d</span> <span class='ocrx_word' id='word_1_504' title='bbox 2112 2710 2234 2760; x_wconf 44' lang='lat' dir='ltr'>sesag</span> 
     </span>
     <span class='ocr_line' id='line_1_44' title="bbox 156 2746 2256 2815; baseline 0.003 -15"><span class='ocrx_word' id='word_1_505' title='bbox 156 2760 297 2801; x_wconf 87' lang='lat' dir='ltr'>videns</span> <span class='ocrx_word' id='word_1_506' title='bbox 327 2759 436 2813; x_wconf 90' lang='lat' dir='ltr'>quod</span> <span class='ocrx_word' id='word_1_507' title='bbox 465 2759 637 2812; x_wconf 89' lang='lat' dir='ltr'>epistola</span> <span class='ocrx_word' id='word_1_508' title='bbox 664 2760 734 2801; x_wconf 89' lang='lat' dir='ltr'>illa</span> <span class='ocrx_word' id='word_1_509' title='bbox 762 2760 854 2811; x_wconf 90' lang='lat' dir='ltr'>(etsi</span> <span class='ocrx_word' id='word_1_510' title='bbox 883 2762 935 2802; x_wconf 89' lang='lat' dir='ltr'>ad</span> <span class='ocrx_word' id='word_1_511' title='bbox 963 2762 1124 2815; x_wconf 89' lang='lat' dir='ltr'>horam)</span> <span class='ocrx_word' id='word_1_512' title='bbox 1153 2775 1225 2803; x_wconf 91' lang='lat' dir='ltr'>vos</span> <span class='ocrx_word' id='word_1_513' title='bbox 1254 2761 1534 2811; x_wconf 84' lang='lat' dir='ltr'>contristavit;</span> <span class='ocrx_word' id='word_1_514' title='bbox 1594 2764 1609 2786; x_wconf 83' lang='lat'>⁹</span> <span class='ocrx_word' id='word_1_515' title='bbox 1637 2775 1744 2803; x_wconf 89' lang='lat' dir='ltr'>nunc</span> <span class='ocrx_word' id='word_1_516' title='bbox 1772 2762 1947 2815; x_wconf 87' lang='lat' dir='ltr'>gaudeo:</span> <span class='ocrx_word' id='word_1_517' title='bbox 1978 2775 2060 2804; x_wconf 93' lang='lat' dir='ltr'>non</span> <span class='ocrx_word' id='word_1_518' title='bbox 2081 2746 2256 2806; x_wconf 51' lang='lat' dir='ltr'>sgiifssssiinfft</span> 
     </span>
     <span class='ocr_line' id='line_1_45' title="bbox 156 2816 2234 2877; baseline 0.001 -19"><span class='ocrx_word' id='word_1_519' title='bbox 156 2818 252 2871; x_wconf 85' lang='lat' dir='ltr'>quia</span> <span class='ocrx_word' id='word_1_520' title='bbox 278 2817 509 2859; x_wconf 88' lang='lat' dir='ltr'>contristati</span> <span class='ocrx_word' id='word_1_521' title='bbox 537 2818 644 2867; x_wconf 87' lang='lat' dir='ltr'>estis,</span> <span class='ocrx_word' id='word_1_522' title='bbox 673 2820 741 2860; x_wconf 87' lang='lat' dir='ltr'>sed</span> <span class='ocrx_word' id='word_1_523' title='bbox 771 2819 867 2873; x_wconf 89' lang='lat' dir='ltr'>quia</span> <span class='ocrx_word' id='word_1_524' title='bbox 893 2819 1126 2873; x_wconf 89' lang='lat' dir='ltr'>contristati</span> <span class='ocrx_word' id='word_1_525' title='bbox 1153 2820 1249 2861; x_wconf 91' lang='lat' dir='ltr'>estis</span> <span class='ocrx_word' id='word_1_526' title='bbox 1277 2821 1328 2861; x_wconf 90' lang='lat' dir='ltr'>ad</span> <span class='ocrx_word' id='word_1_527' title='bbox 1356 2820 1654 2874; x_wconf 84' lang='lat' dir='ltr'>poenitentiam.</span> <span class='ocrx_word' id='word_1_528' title='bbox 1686 2820 1926 2862; x_wconf 87' lang='lat' dir='ltr'>Contristati</span> <span class='ocrx_word' id='word_1_529' title='bbox 1954 2821 2060 2861; x_wconf 90' lang='lat' dir='ltr'>enim</span> <span class='ocrx_word' id='word_1_530' title='bbox 2097 2816 2234 2877; x_wconf 51' lang='lat' dir='ltr'>wgffiigu·</span> 
     </span>
     <span class='ocr_line' id='line_1_46' title="bbox 155 2877 2059 2932; baseline 0.002 -15"><span class='ocrx_word' id='word_1_531' title='bbox 155 2877 251 2918; x_wconf 86' lang='lat' dir='ltr'>estis</span> <span class='ocrx_word' id='word_1_532' title='bbox 272 2877 495 2918; x_wconf 87' lang='lat' dir='ltr'>secundum</span> <span class='ocrx_word' id='word_1_533' title='bbox 516 2877 662 2927; x_wconf 88' lang='lat' dir='ltr'>Deum,</span> <span class='ocrx_word' id='word_1_534' title='bbox 687 2883 735 2919; x_wconf 91' lang='lat' dir='ltr'>ut</span> <span class='ocrx_word' id='word_1_535' title='bbox 754 2878 795 2918; x_wconf 93' lang='lat' dir='ltr'>in</span> <span class='ocrx_word' id='word_1_536' title='bbox 817 2878 928 2920; x_wconf 92' lang='lat' dir='ltr'>nullo</span> <span class='ocrx_word' id='word_1_537' title='bbox 951 2878 1243 2920; x_wconf 89' lang='lat' dir='ltr'>detrimentum</span> <span class='ocrx_word' id='word_1_538' title='bbox 1266 2879 1479 2932; x_wconf 88' lang='lat' dir='ltr'>patiamini</span> <span class='ocrx_word' id='word_1_539' title='bbox 1503 2893 1551 2920; x_wconf 87' lang='lat' dir='ltr'>ex</span> <span class='ocrx_word' id='word_1_540' title='bbox 1573 2879 1702 2920; x_wconf 87' lang='lat' dir='ltr'>nobis.</span> <span class='ocrx_word' id='word_1_541' title='bbox 1754 2882 1789 2904; x_wconf 91' lang='lat'>¹⁰</span> <span class='ocrx_word' id='word_1_542' title='bbox 1813 2880 1932 2928; x_wconf 73' lang='lat' dir='ltr'>gQuae</span> <span class='ocrx_word' id='word_1_543' title='bbox 1954 2880 2059 2920; x_wconf 90' lang='lat' dir='ltr'>enim</span> 
     </span>
     <span class='ocr_line' id='line_1_47' title="bbox 155 2935 2061 2991; baseline 0.001 -15"><span class='ocrx_word' id='word_1_544' title='bbox 155 2936 377 2976; x_wconf 88' lang='lat' dir='ltr'>secundum</span> <span class='ocrx_word' id='word_1_545' title='bbox 406 2936 540 2976; x_wconf 91' lang='lat' dir='ltr'>Deum</span> <span class='ocrx_word' id='word_1_546' title='bbox 571 2935 741 2977; x_wconf 88' lang='lat' dir='ltr'>tristitia</span> <span class='ocrx_word' id='word_1_547' title='bbox 769 2942 841 2986; x_wconf 89' lang='lat' dir='ltr'>est,</span> <span class='ocrx_word' id='word_1_548' title='bbox 874 2937 1162 2990; x_wconf 82' lang='lat' dir='ltr'>poenitentiam</span> <span class='ocrx_word' id='word_1_549' title='bbox 1192 2938 1232 2978; x_wconf 93' lang='lat' dir='ltr'>in</span> <span class='ocrx_word' id='word_1_550' title='bbox 1263 2937 1436 2979; x_wconf 87' lang='lat' dir='ltr'>salutem</span> <span class='ocrx_word' id='word_1_551' title='bbox 1467 2937 1654 2979; x_wconf 90' lang='lat' dir='ltr'>stabilem</span> <span class='ocrx_word' id='word_1_552' title='bbox 1687 2942 1896 2991; x_wconf 89' lang='lat' dir='ltr'>operatur:</span> <span class='ocrx_word' id='word_1_553' title='bbox 1928 2938 2061 2980; x_wconf 84' lang='lat' dir='ltr'>saeculi</span> 
     </span>
     <span class='ocr_line' id='line_1_48' title="bbox 155 2993 2062 3049; baseline 0.002 -15"><span class='ocrx_word' id='word_1_554' title='bbox 155 2999 293 3035; x_wconf 88' lang='lat' dir='ltr'>autem</span> <span class='ocrx_word' id='word_1_555' title='bbox 318 2993 489 3036; x_wconf 87' lang='lat' dir='ltr'>tristitia</span> <span class='ocrx_word' id='word_1_556' title='bbox 512 2999 686 3036; x_wconf 88' lang='lat' dir='ltr'>mortem</span> <span class='ocrx_word' id='word_1_557' title='bbox 713 3000 914 3048; x_wconf 88' lang='lat' dir='ltr'>operatur.</span> <span class='ocrx_word' id='word_1_558' title='bbox 969 2997 1000 3020; x_wconf 88' lang='lat'>¹¹</span> <span class='ocrx_word' id='word_1_559' title='bbox 1025 2996 1129 3037; x_wconf 87' lang='lat' dir='ltr'>Ecce</span> <span class='ocrx_word' id='word_1_560' title='bbox 1155 2996 1263 3037; x_wconf 91' lang='lat' dir='ltr'>enim</span> <span class='ocrx_word' id='word_1_561' title='bbox 1288 2997 1364 3037; x_wconf 89' lang='lat' dir='ltr'>hoc</span> <span class='ocrx_word' id='word_1_562' title='bbox 1388 2996 1533 3049; x_wconf 89' lang='lat' dir='ltr'>ipsum,</span> <span class='ocrx_word' id='word_1_563' title='bbox 1561 2997 1784 3038; x_wconf 88' lang='lat' dir='ltr'>secundum</span> <span class='ocrx_word' id='word_1_564' title='bbox 1808 2997 1941 3038; x_wconf 88' lang='lat' dir='ltr'>Deum</span> <span class='ocrx_word' id='word_1_565' title='bbox 1968 3010 2062 3038; x_wconf 90' lang='lat' dir='ltr'>con-</span> 
     </span>
     <span class='ocr_line' id='line_1_49' title="bbox 155 3052 2062 3107; baseline 0.001 -13"><span class='ocrx_word' id='word_1_566' title='bbox 155 3052 309 3094; x_wconf 88' lang='lat' dir='ltr'>tristari</span> <span class='ocrx_word' id='word_1_567' title='bbox 333 3066 417 3102; x_wconf 90' lang='lat' dir='ltr'>vos,</span> <span class='ocrx_word' id='word_1_568' title='bbox 450 3058 648 3106; x_wconf 89' lang='lat' dir='ltr'>quantam</span> <span class='ocrx_word' id='word_1_569' title='bbox 672 3053 713 3094; x_wconf 93' lang='lat' dir='ltr'>in</span> <span class='ocrx_word' id='word_1_570' title='bbox 738 3053 853 3095; x_wconf 90' lang='lat' dir='ltr'>vobis</span> <span class='ocrx_word' id='word_1_571' title='bbox 878 3059 1070 3107; x_wconf 89' lang='lat' dir='ltr'>operatur</span> <span class='ocrx_word' id='word_1_572' title='bbox 1093 3054 1410 3096; x_wconf 89' lang='lat' dir='ltr'>solicitudinem:</span> <span class='ocrx_word' id='word_1_573' title='bbox 1442 3055 1509 3096; x_wconf 93' lang='lat' dir='ltr'>sed</span> <span class='ocrx_word' id='word_1_574' title='bbox 1540 3055 1828 3105; x_wconf 84' lang='lat' dir='ltr'>defensionem,</span> <span class='ocrx_word' id='word_1_575' title='bbox 1862 3056 1931 3096; x_wconf 92' lang='lat' dir='ltr'>sed</span> <span class='ocrx_word' id='word_1_576' title='bbox 1960 3055 2062 3096; x_wconf 91' lang='lat' dir='ltr'>indi-</span> 
     </span>
     <span class='ocr_line' id='line_1_50' title="bbox 153 3110 2061 3165; baseline 0.002 -13"><span class='ocrx_word' id='word_1_577' title='bbox 153 3110 400 3165; x_wconf 80' lang='lat' dir='ltr'>gnationem,</span> <span class='ocrx_word' id='word_1_578' title='bbox 416 3111 486 3152; x_wconf 89' lang='lat' dir='ltr'>sed</span> <span class='ocrx_word' id='word_1_579' title='bbox 500 3111 701 3161; x_wconf 87' lang='lat' dir='ltr'>timorem,</span> <span class='ocrx_word' id='word_1_580' title='bbox 717 3112 786 3153; x_wconf 89' lang='lat' dir='ltr'>sed</span> <span class='ocrx_word' id='word_1_581' title='bbox 799 3112 1054 3163; x_wconf 89' lang='lat' dir='ltr'>desiderium,</span> <span class='ocrx_word' id='word_1_582' title='bbox 1069 3113 1139 3155; x_wconf 91' lang='lat' dir='ltr'>sed</span> <span class='ocrx_word' id='word_1_583' title='bbox 1152 3113 1467 3164; x_wconf 78' lang='lat' dir='ltr'>aemulationem,</span> <span class='ocrx_word' id='word_1_584' title='bbox 1481 3114 1550 3154; x_wconf 90' lang='lat' dir='ltr'>sed</span> <span class='ocrx_word' id='word_1_585' title='bbox 1564 3113 1800 3156; x_wconf 85' lang='lat' dir='ltr'>vindictam.</span> <span class='ocrx_word' id='word_1_586' title='bbox 1818 3115 1858 3154; x_wconf 87' lang='grc'>111</span> <span class='ocrx_word' id='word_1_587' title='bbox 1873 3113 2061 3155; x_wconf 90' lang='lat' dir='ltr'>omnibus</span> 
     </span>
     <span class='ocr_line' id='line_1_51' title="bbox 154 3169 2059 3227; baseline 0.001 -16"><span class='ocrx_word' id='word_1_588' title='bbox 154 3169 394 3212; x_wconf 85' lang='lat' dir='ltr'>exhibuistis</span> <span class='ocrx_word' id='word_1_589' title='bbox 427 3183 512 3219; x_wconf 82' lang='lat' dir='ltr'>VOS,</span> <span class='ocrx_word' id='word_1_590' title='bbox 548 3169 896 3213; x_wconf 88' lang='lat' dir='ltr'>incontaminatos</span> <span class='ocrx_word' id='word_1_591' title='bbox 930 3185 1014 3213; x_wconf 89' lang='lat' dir='ltr'>esse</span> <span class='ocrx_word' id='word_1_592' title='bbox 1046 3172 1223 3225; x_wconf 89' lang='lat' dir='ltr'>negotio.</span> <span class='ocrx_word' id='word_1_593' title='bbox 1286 3174 1317 3196; x_wconf 72' lang='lat'>¹²</span> <span class='ocrx_word' id='word_1_594' title='bbox 1354 3171 1494 3225; x_wconf 89' lang='lat' dir='ltr'>Igitur,</span> <span class='ocrx_word' id='word_1_595' title='bbox 1531 3172 1606 3214; x_wconf 90' lang='lat' dir='ltr'>etsi</span> <span class='ocrx_word' id='word_1_596' title='bbox 1640 3173 1778 3227; x_wconf 86' lang='lat' dir='ltr'>scripsi</span> <span class='ocrx_word' id='word_1_597' title='bbox 1814 3172 1941 3222; x_wconf 89' lang='lat' dir='ltr'>vobis,</span> <span class='ocrx_word' id='word_1_598' title='bbox 1977 3186 2059 3214; x_wconf 91' lang='lat' dir='ltr'>non</span> 
     </span>
     <span class='ocr_line' id='line_1_52' title="bbox 154 3227 2060 3284; baseline 0.001 -14"><span class='ocrx_word' id='word_1_599' title='bbox 154 3234 324 3283; x_wconf 83' lang='lat' dir='ltr'>propter</span> <span class='ocrx_word' id='word_1_600' title='bbox 340 3242 444 3277; x_wconf 88' lang='grc'><strong>011111,</strong></span> <span class='ocrx_word' id='word_1_601' title='bbox 466 3228 536 3281; x_wconf 90' lang='lat' dir='ltr'>qui</span> <span class='ocrx_word' id='word_1_602' title='bbox 552 3227 651 3269; x_wconf 82' lang='lat' dir='ltr'>fecit</span> <span class='ocrx_word' id='word_1_603' title='bbox 667 3229 868 3280; x_wconf 88' lang='lat' dir='ltr'>iniuriam,</span> <span class='ocrx_word' id='word_1_604' title='bbox 888 3243 961 3271; x_wconf 90' lang='lat' dir='ltr'>nec</span> <span class='ocrx_word' id='word_1_605' title='bbox 979 3235 1147 3284; x_wconf 88' lang='lat' dir='ltr'>propter</span> <span class='ocrx_word' id='word_1_606' title='bbox 1164 3244 1268 3279; x_wconf 90' lang='lat' dir='ltr'>eum,</span> <span class='ocrx_word' id='word_1_607' title='bbox 1290 3230 1358 3284; x_wconf 93' lang='lat' dir='ltr'>qui</span> <span class='ocrx_word' id='word_1_608' title='bbox 1376 3244 1519 3284; x_wconf 87' lang='lat' dir='ltr'>passus</span> <span class='ocrx_word' id='word_1_609' title='bbox 1537 3236 1616 3273; x_wconf 90' lang='lat' dir='ltr'>est:</span> <span class='ocrx_word' id='word_1_610' title='bbox 1636 3232 1705 3273; x_wconf 91' lang='lat' dir='ltr'>sed</span> <span class='ocrx_word' id='word_1_611' title='bbox 1724 3232 1776 3273; x_wconf 87' lang='lat' dir='ltr'>ad</span> <span class='ocrx_word' id='word_1_612' title='bbox 1793 3230 2060 3272; x_wconf 82' lang='lat' dir='ltr'>manifestan-</span> 
     </span>
     <span class='ocr_line' id='line_1_53' title="bbox 153 3286 2059 3343; baseline 0 -15"><span class='ocrx_word' id='word_1_613' title='bbox 153 3288 247 3328; x_wconf 89' lang='lat' dir='ltr'>dam</span> <span class='ocrx_word' id='word_1_614' title='bbox 267 3286 566 3329; x_wconf 88' lang='lat' dir='ltr'>solicitudinem</span> <span class='ocrx_word' id='word_1_615' title='bbox 586 3292 782 3339; x_wconf 88' lang='lat' dir='ltr'>nostram,</span> <span class='ocrx_word' id='word_1_616' title='bbox 804 3302 928 3342; x_wconf 88' lang='lat' dir='ltr'>quam</span> <span class='ocrx_word' id='word_1_617' title='bbox 946 3290 1144 3331; x_wconf 88' lang='lat' dir='ltr'>habemus</span> <span class='ocrx_word' id='word_1_618' title='bbox 1164 3303 1236 3343; x_wconf 85' lang='lat' dir='ltr'>pro</span> <span class='ocrx_word' id='word_1_619' title='bbox 1255 3289 1371 3331; x_wconf 88' lang='lat' dir='ltr'>vobis</span> <span class='ocrx_word' id='word_1_620' title='bbox 1417 3291 1449 3314; x_wconf 80' lang='lat'>¹3</span> <span class='ocrx_word' id='word_1_621' title='bbox 1468 3303 1605 3332; x_wconf 86' lang='lat' dir='ltr'>coram</span> <span class='ocrx_word' id='word_1_622' title='bbox 1624 3291 1729 3332; x_wconf 91' lang='lat' dir='ltr'>Deo:</span> <span class='ocrx_word' id='word_1_623' title='bbox 1750 3290 1840 3331; x_wconf 88' lang='lat' dir='ltr'>ideo</span> <span class='ocrx_word' id='word_1_624' title='bbox 1859 3289 2059 3331; x_wconf 86' lang='lat' dir='ltr'>consolati</span> 
     </span>
    </p>
   </div>
   <div class='ocr_carea' id='block_1_5' title="bbox 156 3359 307 3388">
    <p class='ocr_par' dir='ltr' id='par_1_8' title="bbox 156 3359 307 3388">
     <span class='ocr_line' id='line_1_54' title="bbox 156 3359 307 3388; baseline 0.013 -2"><span class='ocrx_word' id='word_1_625' title='bbox 156 3359 307 3388; x_wconf 84' lang='lat' dir='ltr'>sumus.</span> 
     </span>
    </p>
   </div>
   <div class='ocr_carea' id='block_1_6' title="bbox 155 3417 2057 3529">
    <p class='ocr_par' dir='ltr' id='par_1_9' title="bbox 155 3417 2057 3529">
     <span class='ocr_line' id='line_1_55' title="bbox 200 3417 2057 3481; baseline 0.002 -13"><span class='ocrx_word' id='word_1_626' title='bbox 200 3417 234 3418; x_wconf 28' lang='lat' dir='ltr'><em>j</em></span> <span class='ocrx_word' id='word_1_627' title='bbox 258 3417 320 3477; x_wconf 31' lang='lat' dir='ltr'>ve]</span> <span class='ocrx_word' id='word_1_628' title='bbox 351 3436 372 3469; x_wconf 84' lang='lat'><em>2</em></span> <span class='ocrx_word' id='word_1_629' title='bbox 396 3417 525 3476; x_wconf 54' lang='lat' dir='ltr'>aisis),</span> <span class='ocrx_word' id='word_1_630' title='bbox 551 3438 581 3471; x_wconf 83' lang='grc'>3.</span> <span class='ocrx_word' id='word_1_631' title='bbox 608 3459 649 3461; x_wconf 88' lang='grc'>-</span> <span class='ocrx_word' id='word_1_632' title='bbox 717 3439 754 3471; x_wconf 76' lang='lat' dir='ltr'>bi</span> <span class='ocrx_word' id='word_1_633' title='bbox 781 3439 845 3472; x_wconf 72' lang='lat' dir='ltr'>cor</span> <span class='ocrx_word' id='word_1_634' title='bbox 869 3438 921 3479; x_wconf 86' lang='lat'>10,</span> <span class='ocrx_word' id='word_1_635' title='bbox 946 3440 998 3473; x_wconf 82' lang='lat'>32.</span> <span class='ocrx_word' id='word_1_636' title='bbox 1032 3461 1074 3464; x_wconf 54' lang='lat'>—</span> <span class='ocrx_word' id='word_1_637' title='bbox 1108 3441 1128 3473; x_wconf 68' lang='lat'><strong><em>4</em></strong></span> <span class='ocrx_word' id='word_1_638' title='bbox 1155 3441 1189 3473; x_wconf 75' lang='lat'>01</span> <span class='ocrx_word' id='word_1_639' title='bbox 1215 3440 1279 3474; x_wconf 86' lang='lat' dir='ltr'>C01·</span> <span class='ocrx_word' id='word_1_640' title='bbox 1303 3441 1334 3480; x_wconf 87' lang='lat'>4,</span> <span class='ocrx_word' id='word_1_641' title='bbox 1360 3442 1389 3475; x_wconf 86' lang='lat'>1.</span> <span class='ocrx_word' id='word_1_642' title='bbox 1424 3461 1465 3465; x_wconf 87' lang='lat'>—</span> <span class='ocrx_word' id='word_1_643' title='bbox 1500 3441 1540 3475; x_wconf 82' lang='lat'>16</span> <span class='ocrx_word' id='word_1_644' title='bbox 1567 3442 1606 3474; x_wconf 78' lang='lat'>&lt;¹1</span> <span class='ocrx_word' id='word_1_645' title='bbox 1633 3441 1696 3474; x_wconf 78' lang='lat' dir='ltr'>eor</span> <span class='ocrx_word' id='word_1_646' title='bbox 1720 3440 1833 3481; x_wconf 82' lang='lat'>3,17;</span> <span class='ocrx_word' id='word_1_647' title='bbox 1871 3439 1901 3480; x_wconf 81' lang='lat'>6,</span> <span class='ocrx_word' id='word_1_648' title='bbox 1927 3439 1978 3472; x_wconf 87' lang='lat'>19.</span> <span class='ocrx_word' id='word_1_649' title='bbox 2016 3456 2057 3462; x_wconf 76' lang='lat'>-</span> 
     </span>
     <span class='ocr_line' id='line_1_56' title="bbox 155 3482 1174 3529; baseline 0.005 -13"><span class='ocrx_word' id='word_1_650' title='bbox 155 3482 223 3516; x_wconf 57' lang='grc' dir='ltr'>(ἰν</span> <span class='ocrx_word' id='word_1_651' title='bbox 247 3482 299 3522; x_wconf 77' lang='lat'>26,</span> <span class='ocrx_word' id='word_1_652' title='bbox 323 3484 374 3517; x_wconf 81' lang='lat'>12.</span> <span class='ocrx_word' id='word_1_653' title='bbox 401 3505 441 3507; x_wconf 79' lang='grc'>-</span> <span class='ocrx_word' id='word_1_654' title='bbox 466 3485 508 3518; x_wconf 77' lang='grc'>13</span> <span class='ocrx_word' id='word_1_655' title='bbox 537 3485 585 3518; x_wconf 64' lang='lat'>111</span> <span class='ocrx_word' id='word_1_656' title='bbox 606 3485 659 3525; x_wconf 86' lang='lat'>31,</span> <span class='ocrx_word' id='word_1_657' title='bbox 682 3485 712 3519; x_wconf 86' lang='lat'>9.</span> <span class='ocrx_word' id='word_1_658' title='bbox 731 3499 780 3509; x_wconf 28' lang='grc' dir='ltr'>μ</span> <span class='ocrx_word' id='word_1_659' title='bbox 806 3486 836 3528; x_wconf 77' lang='lat'>7,</span> <span class='ocrx_word' id='word_1_660' title='bbox 859 3486 901 3519; x_wconf 87' lang='lat'>10</span> <span class='ocrx_word' id='word_1_661' title='bbox 924 3488 960 3520; x_wconf 64' lang='lat'>31</span> <span class='ocrx_word' id='word_1_662' title='bbox 985 3488 1046 3521; x_wconf 68' lang='lat' dir='ltr'>Pn-</span> <span class='ocrx_word' id='word_1_663' title='bbox 1068 3488 1099 3529; x_wconf 77' lang='lat'>2,</span> <span class='ocrx_word' id='word_1_664' title='bbox 1123 3487 1174 3521; x_wconf 88' lang='lat'>19.</span> 
     </span>
    </p>
   </div>
   <div class='ocr_carea' id='block_1_7' title="bbox 322 3417 406 3419">
    <p class='ocr_par' dir='ltr' id='par_1_10' title="bbox 322 3417 406 3419">
     <span class='ocr_line' id='line_1_57' title="bbox 322 3417 406 3419; baseline 0 0"><span class='ocrx_word' id='word_1_665' title='bbox 322 3417 406 3419; x_wconf 95' lang='lat' dir='ltr'> </span> 
     </span>
    </p>
   </div>
  </div>
 </body>
</html>
