2356 3760
738 488 1422 577 EPISTOLA

242 609 668 698 BEATI
734 610 1165 699 PAULI
1226 606 1912 698 APOSTOLI

807 743 917 796 AD
957 743 1355 797 EPHESIOS.

834 922 1096 973 Exordium,
1126 922 1166 973 1,
1185 922 1285 961 1-1
1293 923 1331 962 4.

230 992 267 1037 1.
323 995 336 1017 1
364 991 516 1033 Paulus
550 991 772 1046 Apostolus
809 992 899 1033 Iesu
935 991 1082 1033 Christi
1116 1005 1188 1046 per
1222 991 1480 1033 voluntatem
1515 990 1602 1039 Dei,
1642 988 1829 1030 omnibus
1864 988 2025 1038 sanctis,
2048 991 2206 1057 ἣῖᾗέλῶἳξὲὲ

128 1051 197 1105 qui
221 1055 317 1093 sunt
341 1050 503 1104 Ephesi,
532 1056 573 1092 et
596 1051 782 1092 fidelibus
807 1050 847 1091 in
873 1051 1033 1092 Christo
1059 1051 1161 1092 Iesu.
1215 1053 1230 1075 2
1254 1050 1397 1091 Gratia
1421 1049 1548 1098 vobis,
1576 1053 1618 1089 et
1641 1061 1722 1101 pax
1748 1061 1771 1088 a
1794 1048 1882 1090 Deo
1906 1048 2029 1088 Patre
2212 1046 2218 1056 ’

126 1115 277 1159 nostro,
306 1114 347 1151 et
371 1110 549 1151 Domino
578 1110 667 1151 Iesu
695 1109 865 1151 Christo.

229 1171 245 1194 3
275 1168 539 1210 aBenedictus
565 1169 675 1210 Deus
700 1174 742 1210 et
765 1169 889 1210 Pater
912 1168 1077 1209 Domini
1102 1168 1231 1210 nostri
1258 1169 1348 1209 lesu
1374 1167 1533 1217 Christi,
1562 1166 1631 1220 qui
1656 1165 1865 1207 benedixit
1888 1178 1961 1207 nos
1986 1164 2027 1205 in
2053 1164 2213 1230 {Zssssfflssss

126 1227 236 1268 omni
268 1227 547 1269 benedictione
578 1227 778 1282 spirituali
807 1227 849 1268 in
880 1227 1105 1268 caelestibus
1135 1227 1176 1268 in
1207 1227 1378 1276 Christo,
1438 1229 1453 1251 ⁴
1483 1226 1588 1267 sicut
1618 1224 1737 1278 elegit
1766 1237 1839 1265 nos
1869 1225 1910 1265 in
1940 1224 2027 1277 ipso
2063 1235 2202 1261 electione

125 1291 221 1327 ante
252 1286 395 1328 mundi
428 1286 776 1335 constitutionem,
812 1292 858 1327 ut
890 1300 1066 1328 essemus
1098 1285 1229 1327 sancti
1261 1292 1302 1327 et
1333 1283 1585 1326 immaculati
1617 1284 1658 1324 in
1692 1288 1911 1337 conspectu
1944 1282 2027 1323 eius
2046 1271 2083 1295 ἰὼ
2101 1272 2219 1300 “mm'’

125 1343 165 1385 in
189 1345 400 1386 charitate.
452 1347 467 1369 ⁵
492 1345 570 1394 Qui
593 1344 900 1399 praedestinavit
922 1358 996 1385 nos
1019 1345 1060 1385 in
1084 1344 1348 1398 adoptionem
1372 1343 1546 1385 filiorum
1570 1356 1641 1396 per
1665 1342 1799 1383 Iesum
1823 1341 2027 1383 Christum

125 1402 166 1443 in
192 1403 344 1456 ipsum:
373 1404 596 1445 secundum
622 1404 878 1457 propositum
906 1403 1132 1445 voluntatis
1158 1417 1251 1452 suae,
1310 1405 1325 1427 ⁶
1350 1402 1391 1442 in
1417 1402 1580 1443 laudem
1607 1400 1742 1454 gloria-:-
1767 1400 1907 1454 gratiae
1934 1413 2026 1445 suae,

125 1461 165 1502 in
194 1475 275 1516 qua
299 1461 547 1515 gratificavit
572 1475 644 1503 nos
671 1462 712 1502 in
739 1461 886 1502 dilecto
912 1461 994 1502 filio
1021 1474 1105 1502 8110.
1163 1463 1177 1484 ⁷
1206 1461 1252 1501 In
1281 1474 1361 1515 quo
1388 1461 1584 1501 habemus
1610 1459 1931 1512 redemptionem
1959 1471 2029 1511 per
2046 1466 2221 1525 redgsslrffmo-

125 1520 362 1574 sanguinem
393 1521 488 1570 eius,
520 1519 796 1561 remissionem
826 1526 1088 1573 peccatorum
1118 1520 1341 1561 secundum
1372 1518 1536 1560 divitias
1567 1518 1707 1572 gratiae
1737 1518 1833 1567 eius,
1894 1519 1909 1541 ¹³
1940 1530 2028 1571 quae
2047 1538 2081 1555 ne
2100 1514 2129 1555 in
2147 1531 2220 1555 tem-

126 1578 477 1632 superabundavit
509 1579 550 1619 in
582 1578 698 1620 nobis
732 1579 771 1619 in
807 1579 917 1620 omni
951 1578 1163 1632 sapientia,
1199 1584 1239 1620 et
1272 1578 1507 1632 prudentia:
1572 1580 1587 1602 ⁹
1620 1583 1667 1618 ut
1699 1581 1844 1618 notum
1877 1576 2029 1617 faceret
2095 1572 2171 1596 ¹³⁰¹&

125 1637 241 1679 nobis
269 1642 569 1680 sacramentum
598 1637 824 1680 voluntatis
852 1651 945 1688 suae,
975 1638 1197 1679 secundum
1226 1636 1527 1691 beneplacitum
1555 1636 1650 1685 eius,
1681 1636 1790 1689 quod
1817 1634 2030 1689 proposuit

124 1695 166 1736 in
197 1710 255 1746 eo,
315 1698 350 1721 ¹⁰
379 1696 421 1737 in
452 1696 755 1751 dispensatione
786 1695 1049 1750 plenitudinis
1081 1701 1325 1750 temporum,
1358 1697 1585 1737 instaurare
1618 1694 1755 1736 omnia
1783 1694 1825 1734 in
1856 1693 2027 1741 Christo,

127 1768 216 1808 quae
240 1754 282 1795 in
308 1755 424 1805 caelis,
449 1761 491 1796 et
522 1769 611 1809 quae
632 1755 674 1796 in
696 1760 805 1796 terra
833 1760 940 1805 sunt,
964 1755 1005 1795 in
1034 1755 1140 1809 ipso:
1195 1757 1225 1779 ¹¹
1254 1755 1301 1795 In
1329 1769 1408 1809 quo
1435 1754 1559 1795 etiam
1588 1760 1629 1795 et
1656 1767 1729 1795 nos
1760 1758 1866 1795 sorte
1892 1751 2028 1794 vocati
2075 1758 2192 1817 pigssgre

126 1826 264 1854 sumus
300 1814 579 1867 praedestinati
615 1815 837 1855 secundum
874 1814 1129 1868 propositum
1166 1814 1261 1863 eius,
1302 1814 1370 1867 qui
1407 1818 1599 1868 operatur
1636 1811 1772 1854 omnia
1806 1811 2027 1852 secundum
2049 1821 2218 1862 hereditate

126 1871 337 1913 consilium
355 1872 581 1914 voluntatis
598 1886 696 1913 suae:
740 1875 772 1897 ¹2
789 1878 836 1914 ut
851 1873 975 1914 simus
991 1873 1031 1913 in
1047 1873 1209 1914 laudem
1225 1873 1363 1927 gloriae
1377 1873 1460 1914 eius
1477 1885 1561 1921 nos,
1581 1871 1649 1926 qui
1665 1876 1760 1912 ante
1777 1869 2028 1924 speravimus
2076 1858 2190 1883 mmm·

125 1930 167 1970 in
189 1930 366 1972 Christo:
417 1933 448 1956 ¹³
472 1931 518 1971 In
542 1945 622 1985 quo
644 1936 685 1973 et
706 1944 790 1981 vos,
815 1945 905 1972 611111
929 1931 1144 1973 audissetis
1165 1933 1335 1973 verbum
1358 1930 1555 1979 veritatis,
1580 1929 1866 1983 (Evangelium
1888 1927 2031 1969 salutis

127 1990 288 2043 vestrae)
318 1990 359 2030 in
390 2003 470 2044 quo
499 1996 541 2031 et
569 1990 777 2032 credentes
807 1990 956 2044 signati
986 1990 1080 2032 estis
1110 1990 1264 2044 Spiritu
1292 1989 1569 2044 promissionis
1599 1994 1753 2039 sancto,
1811 1990 1843 2012 ¹4
1873 1987 1941 2041 qui
1970 1992 2032 2028 est

126 2047 271 2101 pignus
296 2048 534 2090 hereditatis
559 2054 719 2095 nostrae,
746 2049 788 2090 in
814 2049 1137 2103 redemptionem
1163 2049 1453 2103 acquisitionis,
1480 2049 1521 2090 in
1545 2048 1709 2089 laudem
1733 2046 1868 2101 gloriae
1891 2045 2031 2099 ipsius.

807 2175 1026 2229 PARS
1068 2174 1349 2230 PRIOR.

296 2262 666 2329 Descriptio
707 2263 1006 2316 ecolesiae
1045 2263 1437 2328 theoretica,
1476 2264 1519 2327 1,
1546 2261 1748 2327 15—3,
1776 2260 1865 2313 21.

971 2360 1003 2361 ff
1041 2352 1110 2368 m·

608 2406 648 2445 1.
677 2405 742 2446 De
770 2417 864 2447 uno
894 2407 1096 2448 ecclesiae
1125 2406 1285 2460 capite,
1313 2406 1352 2456 1,
1371 2404 1544 2446 15-23.

232 2476 263 2500 ¹⁵
286 2474 509 2529 Propterea
531 2482 572 2517 et
596 2490 668 2531 ego
693 2477 860 2518 audiens
884 2477 1007 2518 fidem
1031 2483 1223 2525 vestram,
1251 2489 1341 2531 quae
1364 2481 1426 2517 est
1448 2475 1490 2516 in
1514 2474 1691 2516 Domino
1718 2475 1820 2525 Iesu,
1847 2479 1888 2516 et
1911 2474 2030 2516 dilec-
2086 2483 2186 2508 Sciant

127 2532 280 2574 tionem
305 2533 345 2574 in
373 2548 511 2576 omnes
536 2540 710 2586 sanctos,
764 2537 799 2561 ¹⁶
823 2549 905 2578 non
931 2549 1041 2578 cesso
1065 2536 1217 2590 gratias
1243 2548 1364 2589 agens
1389 2548 1462 2589 pro
1487 2533 1615 2583 vobis,
1642 2533 1881 2575 memoriam
1906 2533 2030 2575 vestri
2047 2519 2223 2579 εξὲἔίἒξῖζῗῃ

127 2591 277 2634 faciens
303 2593 344 2633 in
371 2593 622 2636 orationibus
648 2594 766 2636 meis:
820 2597 854 2620 ¹⁷
880 2600 927 2636 ut
952 2595 1074 2644 Deus,
1102 2593 1269 2636 Domini
1294 2593 1424 2636 nostri
1451 2593 1541 2634 Iesu
1567 2592 1715 2634 Christi
1740 2598 1858 2646 pater
1882 2591 2028 2646 gloriae,
2053 2589 2218 2650 egltamssfgl

127 2650 197 2692 det
215 2650 330 2692 vobis
350 2651 538 2705 spiritum
557 2652 766 2707 sapientiae
785 2658 826 2695 et
843 2653 1114 2703 revelationis,
1135 2654 1176 2694 in
1195 2653 1402 2707 agnitione
1421 2652 1522 2693 eius:
1570 2653 1605 2676 18
1622 2651 1873 2692 illuminatos
1894 2650 2029 2692 oculos
2050 2667 2110 2685 esse
2131 2661 2221 2708 eaput

127 2709 257 2751 cordis
276 2711 412 2761 vestri,
432 2716 481 2753 ut
497 2711 633 2753 sciatis
653 2726 742 2766 quae
760 2712 813 2754 sit
830 2726 920 2767 spes
939 2712 1165 2754 vocationis
1184 2711 1279 2761 eius,
1301 2717 1342 2753 et
1361 2724 1450 2765 quae
1468 2710 1622 2752 divitiae
1639 2709 1774 2763 gloriae
1792 2709 2029 2751 hereditatis
2067 2695 2202 2721 emm&

127 2767 211 2809 eius
240 2768 281 2809 in
311 2769 473 2819 sanctis,
532 2772 566 2794 ¹⁹
595 2776 636 2812 et
666 2784 755 2825 quae
783 2770 837 2813 sit
865 2771 1167 2825 supereminens
1196 2770 1438 2825 magnitudo
1468 2768 1633 2810 virtutis
1662 2768 1745 2809 eius
1775 2768 1816 2808 in
1845 2781 1930 2818 nos,
1963 2768 2032 2822 qui

128 2827 328 2868 credimus
376 2829 619 2870 bsecundum
664 2830 943 2883 operationem
986 2829 1183 2883 potentiae
1228 2829 1394 2870 virtutis
1438 2828 1534 2877 61118,
1600 2829 1636 2851 2⁰
1670 2840 1793 2881 quam
1839 2832 2031 2881 operatus

127 2890 190 2926 est
212 2885 254 2926 in
278 2886 449 2937 Christo,
476 2887 675 2929 suscitans
699 2888 813 2929 illum
839 2902 864 2929 a
885 2888 1069 2937 mortuis,
1097 2893 1138 2929 et
1162 2888 1415 2930 constituens
1440 2887 1493 2927 ad
1517 2886 1728 2927 dexteram
1753 2899 1868 2926 suam
1893 2885 1935 2926 in
1959 2899 2031 2926 cae-

126 2943 314 2986 lestibus:
373 2947 404 2970 21
436 2959 560 3000 supra
591 2959 752 2988 omnem
783 2946 1059 3000 principatum
1092 2952 1133 2988 et
1163 2951 1426 3000 potestatem,
1461 2949 1503 2986 et
1533 2944 1742 2994 virtutem,
1776 2948 1818 2985 et
1848 2944 2031 2986 domina-

128 3002 293 3053 tionem,
323 3009 364 3045 et
390 3017 508 3046 omne
534 3017 694 3054 nomen,
725 3005 834 3059 quod
860 3005 1098 3047 nominatur
1122 3018 1204 3047 non
1231 3005 1362 3047 solum
1388 3004 1429 3044 in
1456 3004 1532 3045 hoc
1558 3002 1715 3051 saeoulo,
1744 3003 1814 3044 sed
1841 3002 1964 3044 etiam
1990 3002 2031 3043 in

128 3061 279 3103 futuro.
328 3064 359 3087 2²
387 3063 459 3104 cEt
478 3063 616 3105 omnia
634 3063 806 3105 subiecit
825 3064 900 3105 sub
920 3064 1092 3117 pedibus
1112 3063 1214 3105 eius:
1236 3069 1277 3105 et
1295 3063 1428 3116 ipsum
1449 3061 1563 3103 dedit
1582 3066 1708 3115 caput
1727 3074 1850 3115 supra
1869 3074 2030 3102 omnem

128 3119 362 3170 Ecclesiam,
421 3123 454 3146 2³
485 3134 575 3175 quae
605 3126 667 3163 est
697 3135 843 3176 corpus
873 3122 1009 3176 ipsius,
1044 3128 1085 3164 et
1114 3122 1327 3176 plenitudo
1358 3121 1453 3169 eius,
1503 3120 1571 3174 qui
1603 3119 1741 3161 omnia
1770 3120 1811 3160 in
1843 3119 2031 3161 omnibus

129 3178 386 3233 adimpletur.

605 3273 644 3312 2.
673 3272 737 3312 De
766 3281 860 3313 uno
889 3272 1090 3313 ecclesiae
1121 3282 1330 3323 corpore,
1357 3272 1397 3322 2,
1416 3271 1562 3312 1—22.

231 3341 270 3385 2.
326 3345 339 3367 ¹
368 3342 424 3384 Et
457 3347 562 3391 dvos,
596 3354 689 3382 cum
719 3341 858 3382 essetis
888 3342 1039 3384 mortui
1069 3342 1237 3392 delictis,
1271 3346 1312 3383 et
1341 3341 1518 3395 peccatis
1550 3340 1705 3388 vestris,
1764 3341 1778 3362 2
1809 3338 1850 3380 in
1882 3338 2027 3403 quibus
2055 3345 2161 3369 Gentes
2183 3345 2212 3369 et

130 3398 350 3453 aliquando
393 3399 633 3442 ambulastis
677 3401 899 3441 secundum
943 3401 1133 3442 saeculum
1177 3400 1319 3441 mundi
1363 3399 1493 3449 huius,
1540 3399 1761 3441 secundum
1804 3380 2220 3473 11111161116111ΙἛῗῖῗῑξὲἓῖ1

2050 3456 2215 3474 resusmaa

2047 3486 2076 3508 ot
2095 3484 2216 3509 exaltati

264 3504 294 3545 1,
319 3503 339 3536 3
363 3505 401 3537 ³2
427 3504 490 3538 Cor
514 3506 544 3543 1,
569 3504 604 3543 3;
631 3505 648 3537 1
676 3505 736 3537 Ptr
760 3506 790 3543 1,
815 3504 845 3538 3.
872 3525 912 3527 --
938 3504 979 3538 19
1003 3504 1079 3537 blnf
1103 3504 1133 3541 3,
1160 3504 1188 3537 7.
1216 3525 1257 3527 —
1281 3504 1324 3537 22
1350 3504 1410 3538 cPs
1435 3504 1465 3543 8,
1491 3504 1520 3537 8.
1548 3524 1587 3526 —
1613 3501 1644 3543 2,
1670 3503 1686 3534 1
1710 3500 1790 3533 dool
1812 3501 1842 3539 2,
1867 3499 1916 3531 153.

203 3566 447 3597 Hetzenauer,
471 3567 598 3599 Vulgata
618 3568 807 3593 Clementina.
1768 3557 1815 3597 7⁶2
