2356 3760
156 54 209 93 35,
235 55 353 94 5436,
379 55 419 88 14
935 55 1277 90 ECCLEsmsTrei
1967 66 2043 107 &33

178 150 193 173 ⁵
212 147 521 202 Beneplacitum
551 153 612 189 est
640 147 816 189 Domino
845 148 1028 188 recedere
1057 149 1108 189 ab
1139 149 1372 202 iniquitate:
1446 156 1486 191 et
1515 153 1741 205 deprecatio
1771 170 1840 209 pro
1870 158 2043 210 peccatis

418 207 600 247 recedere
630 207 681 246 ab
710 205 922 246 iniustitia.

179 314 194 336 ⁶
215 313 327 353 aNon
354 311 566 366 apparebis
589 315 684 350 ante
710 314 972 362 conspectum
999 310 1163 351 Domini
1184 325 1347 353 vacuus.
1429 316 1442 337 ⁷
1471 314 1566 355 Haec
1592 315 1697 356 enim
1725 318 1858 357 omnia
1883 326 2044 372 propter
2076 319 2217 359 q⁰03¹30⁴¹⁰

417 369 660 410 mandatum
688 367 766 408 Dei
795 368 910 409 fiunt.
2069 355 2224 418 Sitffissf¹53tss¹s

178 431 193 453 s
212 429 375 472 Oblatio
403 427 500 469 iusti
526 426 757 480 impinguat
786 426 924 475 altare,
998 434 1039 468 et
1067 429 1165 469 odor
1193 429 1408 470 suavitatis
1437 437 1497 471 est
1524 431 1565 472 in
1594 438 1811 486 conspectu
1839 434 2044 476 Altissimi.

179 491 194 512 ⁹
211 487 459 530 Sacrificium
487 485 584 527 iusti
612 490 825 538 acceptum
853 491 925 533 est,
998 491 1039 527 et
1066 487 1303 527 memoriam
1331 488 1414 528 eius
1442 503 1521 530 non
1551 490 1809 532 obliviscetur
1835 492 2045 533 Dominus.

158 549 195 572 ¹⁰
210 547 325 587 Bono
355 545 489 586 animo
517 544 686 598 gloriam
712 544 835 585 redde
863 545 968 586 Deo:
1051 550 1092 586 et
1126 558 1208 586 non
1236 546 1395 587 minuas
1422 548 1619 600 primitias
1648 563 1843 591 manuum
1871 556 2046 592 tuarum.

158 607 190 629 ¹¹
213 605 283 645 bIn
298 604 408 646 omni
422 604 519 644 dato
533 601 702 643 hilarem
716 602 780 643 fac
794 603 957 644 vultum
971 608 1101 651 tuum,
1165 604 1260 645 etin
1275 604 1524 646 exultatione
1536 607 1743 648 sanctifica
1754 609 1927 649 decimas
1942 615 2046 651 tuas.

158 665 189 688 12
209 664 275 704 Da
300 662 507 703 Altissirno
535 662 757 702 secundum
785 662 929 702 datum
957 662 1052 711 eius
1134 668 1174 703 et
1200 663 1240 703 in
1267 664 1373 704 bono
1401 664 1514 705 oculo
1549 666 1599 705 ad
1625 665 1899 708 inventionem
1926 668 2049 710 facito

418 733 615 761 manuum
644 725 828 761 tuarum:

158 783 190 806 ¹³
211 780 404 835 quoniam
434 778 634 820 Dominus
665 779 891 821 retribuens
922 785 994 827 est,
1080 785 1121 821 et
1151 780 1297 834 septies
1328 785 1492 821 tantum
1523 782 1665 823 reddet
1695 782 1780 823 tibi.

158 842 190 864 ¹4
214 838 323 881 cNoli
353 838 493 880 offerre
522 851 693 879 munera
719 850 860 892 prava,
943 852 1025 880 non
1054 839 1160 880 enim
1190 839 1381 893 suscipiet
1408 839 1487 881 illa.

159 900 190 923 ¹5
210 898 266 939 Et
288 897 370 939 noli
391 896 586 951 inspicere
609 897 849 938 sacrificium
871 897 1080 947 iniustum,
1155 898 1348 952 quoniam
1370 899 1569 940 Dominus
1592 899 1714 940 iudex
1736 905 1808 949 est,
1885 905 1925 941 et
1950 907 2050 942 <1non

419 961 480 997 est
509 956 619 1009 apud
647 955 760 997 illum
789 956 916 1010 gloria
943 970 1133 1010 personae.

158 1063 192 1086 ¹⁶
213 1062 305 1103 Non
327 1061 498 1115 accipiet
516 1061 718 1102 Dominus
738 1074 953 1115 personam
973 1062 1014 1102 in
1034 1075 1266 1115 pauperem,
1338 1068 1379 1103 et
1400 1063 1724 1116 deprecationem
1743 1063 1826 1104 laesi
1846 1064 2047 1105 exaudiet.
2074 1066 2232 1124 01‘211911’effl

158 1122 191 1145 ¹⁷
214 1121 306 1162 Non
342 1120 537 1174 despiciet
571 1133 707 1174 preces
743 1120 903 1174 pupilli:
992 1134 1065 1161 nec
1099 1120 1278 1167 viduam,
1331 1121 1363 1161 si
1408 1121 1593 1161 effundat
1626 1120 1827 1175 loquelam
1863 1123 2047 1175 gemitus.
2094 1106 2221 1175 mlilciisssm

158 1181 193 1204 ¹⁸
210 1180 355 1221 Nonne
387 1178 579 1233 lacrymae
612 1179 746 1220 viduae
780 1180 832 1220 ad
864 1179 1071 1228 maxillam
1106 1180 1369 1223 descendunt.
1468 1185 1508 1220 et
1541 1179 1781 1221 exclamatio
1816 1181 1898 1221 eius
1932 1194 2050 1234 super
2092 1171 2213 1200 ¹‘e⁵p¹⁰¹t’

419 1239 689 1280 deducentem
719 1238 809 1279 eas?

158 1300 193 1322 ¹⁹
210 1298 246 1339 A
264 1297 432 1338 maxilla
451 1297 557 1337 enim
578 1297 805 1338 ascendunt
824 1310 952 1350 usque
972 1297 1024 1338 ad
1044 1296 1197 1340 caelum.
1268 1302 1309 1337 et
1326 1296 1527 1337 Dominus
1547 1297 1761 1338 exauditor
1779 1311 1860 1338 non
1880 1297 2052 1338 delecta—

420 1355 531 1397 bitur
558 1355 600 1396 in
628 1355 716 1396 illis.

158 1417 194 1440 2⁰
211 1414 289 1464 Qui
318 1416 465 1456 adorat
492 1414 626 1454 Deum
656 1413 697 1453 in
727 1412 1011 1455 oblectatione.
1044 1413 1296 1467 suscipietur.
1381 1418 1422 1454 et
1451 1414 1681 1467 deprecatio
1711 1414 1814 1455 illius
1844 1428 1970 1467 usque
2000 1415 2052 1455 ad

418 1473 546 1513 nubes
575 1472 881 1525 propinquabit.

157 1534 188 1556 21
210 1532 351 1573 Oratio
372 1530 625 1572 humiliantis
644 1543 697 1580 se,
719 1531 847 1572 nubes
866 1530 1117 1585 penetrabit:
1189 1537 1229 1572 et
1249 1532 1376 1572 donec
1396 1531 1641 1585 propinquet
1660 1545 1741 1573 non
1761 1531 2051 1573 consolabitur:

418 1594 459 1631 et
487 1603 569 1631 non
599 1589 779 1631 discedet
808 1590 936 1631 donec
963 1589 1195 1631 Altissimus
1225 1590 1406 1643 aspiciat.

157 1651 188 1674 22
209 1650 265 1691 Εῖ
283 1649 484 1691 Dominus
502 1662 585 1690 non
605 1648 822 1703 elongabit,
896 1649 967 1690 sed
985 1648 1182 1690 iudicabit
1200 1648 1339 1693 iustos,
1361 1656 1402 1689 et
1420 1649 1542 1690 faciet
1560 1649 1771 1690 iudicium:
1844 1655 1885 1690 et
1904 1649 2054 1690 Fortis-

417 1707 542 1748 simus
571 1721 653 1749 non
681 1707 850 1749 habebit
877 1708 919 1748 in
946 1707 1021 1748 illis
1049 1707 1304 1761 patientiam,

210 1772 256 1809 ut
284 1766 531 1809 contribulet
559 1767 723 1808 dorsum
752 1767 950 1821 ipsorum:
1033 1768 1065 1791 ²³
1093 1772 1134 1807 et
1161 1766 1360 1807 Gentibus
1388 1767 1530 1808 reddet
1558 1766 1781 1808 vindictam

209 1827 337 1869 donec
367 1825 487 1867 tollat
516 1825 813 1880 plenitudinem
843 1826 1128 1879 superborum:
1213 1831 1254 1867 et
1284 1829 1443 1879 sceptra
1472 1825 1702 1879 iniquorum
1733 1824 1977 1867 contribulet

157 1887 189 1911 24
207 1886 334 1927 donec
363 1885 511 1926 reddat
539 1884 772 1926 hominibus
802 1885 1025 1926 secundum
1056 1889 1170 1925 actus
1211 1898 1314 1929 suos,
1399 1890 1440 1925 et
1469 1885 1690 1925 secundum
1721 1897 1842 1938 opera
1870 1884 1980 1929 Adae,
2013 1887 2055 1925 et

419 1944 641 1984 secundum
671 1943 1031 1997 praesumptionem
1059 1942 1174 1988 illius,

157 2005 189 2028 2⁵
209 2004 338 2044 donec
363 2003 515 2044 iudicet
542 2002 736 2043 iudicium
763 2002 891 2056 plebis
917 2016 1010 2049 suae,
1092 2007 1133 2043 et
1160 2001 1382 2043 oblectabit
1408 2002 1535 2044 iustos
1561 2001 1833 2043 misericordia
1858 2015 1942 2042 sua.

157 2064 192 2086 ²⁶
209 2062 400 2116 Speciosa
430 2061 705 2102 misericordia
735 2061 823 2107 Dei,
868 2061 909 2101 in
941 2066 1123 2115 ternpore
1156 2060 1441 2108 tribulationis,
1530 2060 1644 2114 quasi
1676 2061 1802 2101 nubes
1835 2060 1982 2114 pluviae
2012 2059 2054 2100 in

418 2126 601 2174 tempore
631 2119 836 2161 siccitatis.

158 2214 221 2258 36.
276 2217 289 2239 ¹
323 2214 509 2255 Miserere
542 2213 670 2255 nostri
702 2214 813 2254 Deus
847 2213 1041 2260 omnium,
1077 2218 1118 2254 et
1150 2213 1300 2267 respice
1332 2226 1417 2259 nos,
1502 2218 1543 2253 et
1576 2213 1742 2253 ostende
1776 2212 1889 2253 nobis
1922 2211 2052 2252 lucem
2097 2213 2215 2279 ‘fflpffi’

418 2273 725 2314 miserationum
754 2277 938 2314 tuarum:
2084 2286 2226 2309 exoratur.

178 2335 193 2357 2
211 2338 252 2374 θῖ
269 2332 446 2373 immitte
465 2332 654 2373 timorem
673 2336 793 2372 tuum
811 2344 931 2385 super
949 2331 1111 2379 Gentes,
1133 2344 1221 2385 quae
1240 2344 1321 2372 non
1340 2330 1618 2383 exquisierunt
1636 2335 1688 2376 te,
1744 2334 1792 2370 ut
1810 2334 2055 2382 cognoscant

422 2391 518 2445 quia
545 2404 627 2432 non
656 2395 718 2431 θεῖ
745 2391 856 2432 Deus
886 2390 961 2431 nisi
990 2395 1048 2439 tu,
1132 2395 1173 2430 et
1201 2394 1390 2431 enarrent
1417 2388 1622 2442 magnalia
1648 2393 1733 2429 tua.

178 2453 194 2476 ³
211 2450 354 2492 Alleva
382 2463 552 2490 manum
582 2454 698 2490 tuam
728 2462 848 2503 super
877 2450 1027 2491 Gentes
1058 2449 1219 2497 alienas,
1304 2454 1351 2489 ut
1380 2447 1548 2489 videant
1577 2447 1803 2501 potentiam
1834 2452 1960 2487 tuam.

179 2509 325 2551 4Sicut
354 2509 461 2550 enim
493 2508 534 2549 in
564 2513 784 2562 conspectu
815 2521 953 2550 eorum
992 2508 1270 2549 sanctificatus
1309 2520 1348 2548 es
1388 2507 1429 2547 in
1471 2506 1598 2553 nobis,
1675 2506 1730 2546 sic
1761 2505 1801 2546 in
1835 2508 2052 2558 conspectu

420 2572 559 2609 nostro
589 2567 913 2621 magnificaberis
941 2567 983 2608 in
1012 2567 1078 2613 eis,

178 2629 194 2652 ⁵
212 2632 259 2669 ut
271 2631 520 2681 cognoscant
532 2632 584 2671 ῖθ,
600 2626 704 2667 sicut
719 2631 760 2668 et
773 2640 846 2668 nos
859 2626 1123 2680 cognovimus
1158 2626 1351 2679 quoniam
1366 2638 1447 2666 non
1460 2629 1521 2665 est
1532 2624 1642 2664 Deus
1655 2628 1800 2677 praeter
1814 2627 1853 2663 te
1866 2621 2050 2663 Domine.

178 2688 193 2711 6
213 2686 372 2728 Innova
395 2686 520 2740 signa,
547 2690 588 2726 et
622 2685 798 2726 immuta
820 2685 1032 2727 mirabilia.
1093 2687 1106 2708 ⁷
1132 2684 1321 2726 Glorifica
1344 2696 1523 2731 manum,
1550 2688 1591 2723 et
1616 2681 1823 2723 brachium
1849 2681 2050 2721 dextrum.

178 2745 361 2786 SExeita
390 2745 580 2793 furorem,
616 2749 657 2785 et
689 2744 852 2786 effunde
882 2745 997 2786 iram.
1087 2746 1101 2768 9
1134 2743 1243 2785 Tolle
1273 2741 1560 2789 adversarium,
1596 2747 1636 2781 et
1669 2740 1799 2793 afflige
1831 2738 2051 2779 inimicum.

158 2806 193 2828 ¹⁰
210 2803 377 2845 Festina
402 2808 577 2858 tempus
607 2808 649 2845 et
674 2809 880 2845 memento
909 2803 1010 2851 finis,
1092 2808 1139 2844 ut
1166 2807 1355 2843 enarrent
1381 2799 1580 2841 mirabilia
1606 2804 1689 2840 tua.

159 2865 189 2887 ¹¹
212 2863 260 2903 In
276 2862 337 2903 ira
352 2862 529 2904 flammae
546 2863 764 2904 devoretur
783 2862 851 2916 qui
868 2862 1069 2903 salvatur:
1137 2867 1177 2902 et
1196 2861 1264 2915 qui
1281 2860 1504 2915 pessimant
1520 2858 1678 2911 plebem
1695 2862 1823 2903 tuam,
1842 2855 2055 2897 inveniant

419 2922 701 2975 perditionem.

158 2982 189 3005 12
210 2981 381 3022 Contere
411 2987 536 3034 caput
564 2980 794 3034 principum
823 2980 1090 3028 inimicorum,
1175 2978 1414 3020 dicentium:
1455 2977 1546 3017 Non
1575 2980 1636 3016 θεῖ
1665 2974 1765 3016 alius
1794 2978 1939 3028 praeter
1968 2986 2052 3014 nos.

158 3041 190 3064 ¹3
210 3039 418 3093 Congrega
444 3052 583 3081 omnes
609 3039 739 3081 tribus
769 3039 910 3081 Iacob:
990 3044 1038 3079 ut
1064 3042 1310 3091 cognoscant
1338 3036 1432 3089 quia
1458 3048 1538 3075 non
1565 3039 1626 3075 est
1650 3034 1761 3075 Deus
1787 3032 1863 3074 nisi
1889 3037 1947 3079 tu,

210 3103 251 3139 et
279 3103 469 3139 enarrent
495 3098 701 3152 magnalia
728 3103 818 3139 tua:
902 3104 943 3139 et
969 3096 1215 3138 hereditabis
1244 3108 1321 3141 eos,
1352 3094 1456 3134 sicut
1484 3094 1534 3133 ab
1563 3092 1691 3134 initio.

158 3159 190 3181 ¹⁴¹
210 3156 395 3198 Miserere
417 3156 527 3211 plebi
548 3161 641 3205 tuae,
667 3169 788 3211 super
811 3170 934 3210 quam
963 3156 1201 3197 invocatum
1225 3160 1285 3195 est
1307 3166 1454 3194 nomen
1478 3156 1614 3192 tuum:
1685 3156 1727 3192 et
1750 3149 1883 3199 Israel,
1915 3161 2051 3202 equem

419 3216 639 3269 coaequasti
667 3215 936 3270 primogenito
966 3220 1050 3256 tuo.

289 3309 308 3342 6
334 3308 406 3341 aEx
434 3308 487 3348 23,
516 3308 572 3345 15:
601 3309 654 3348 34,
683 3309 739 3345 2Ο;
770 3308 819 3341 Dt
846 3308 898 3347 16,
924 3308 974 3340 16.
1003 3328 1044 3330 —
1069 3308 1108 3340 11
1134 3305 1225 3338 bTob
1251 3305 1280 3344 4,
1306 3305 1341 3340 9:
1368 3305 1387 3337 2
1412 3304 1476 3338 Cor
1499 3303 1529 3342 9,
1556 3303 1583 3335 7.
1612 3323 1652 3325 —
1677 3302 1719 3336 14
1747 3301 1812 3334 eLv
1837 3301 1889 3335 22,
1917 3300 1972 3334 21;
2002 3297 2050 3328 Dt

157 3355 209 3395 15,
235 3356 286 3389 21.
314 3376 356 3379 —
379 3356 421 3389 15
440 3355 511 3389 th
534 3356 586 3395 10,
612 3356 668 3396 173
695 3356 714 3388 2
742 3356 806 3388 Par
827 3356 878 3394 19,
902 3355 936 3393 72
961 3354 1021 3387 Iob
1042 3354 1095 3393 34,
1118 3353 1174 3392 193
1197 3352 1264 3395 Sap
1286 3352 1316 3391 6,
1338 3352 1373 3390 8;
1396 3352 1462 3385 Aet
1483 3350 1535 3389 10,
1557 3349 1613 3389 343
1639 3349 1726 3382 Rom
1748 3349 1777 3387 2,
1800 3349 1855 3385 11;
1879 3344 1940 3378 Gal
1961 3344 1989 3377 2,
2012 3342 2046 3379 ὃς

157 3402 217 3436 Col
240 3402 271 3442 3,
297 3402 353 3442 25;
379 3403 398 3435 1
425 3403 486 3436 Ptr
510 3404 540 3444 1,
566 3403 617 3437 17.
645 3424 686 3426 —
711 3402 764 3444 36,
790 3403 832 3435 14
859 3401 929 3434 eEx
954 3402 984 3442 4,
1010 3401 1060 3434 22.
