2356 3760
261 169 356 209 1130
924 162 1143 196 Ei‘ls'rom
1172 161 1313 194 BEATI
1341 160 1481 194 PAULI
1917 164 1969 203 Π,
1996 164 2114 205 1—-12,
2136 165 2159 198 3

591 259 629 298 2.
661 258 703 297 ln
734 256 934 308 gratuita
963 253 1288 307 praedicatione
1319 252 1560 304 gloriatur,
1590 253 1655 304 11,
1675 254 1821 294 1-15.

360 329 419 370 11.
479 330 485 351 ¹
524 327 686 368 Utinam
715 324 964 366 sustineretis
992 323 1195 363 modicum
1223 322 1320 375 quid
1347 322 1589 376 insipientiae
1614 336 1724 369 meae,
1752 324 1823 365 sed
1848 330 1890 366 et
1914 332 2158 380 supportate

106 376 228 428 ''1¹.¹.'.‘2¹12i<
254 402 332 427 me:
389 390 402 410 '-'
431 386 613 426 :Emulor
640 385 742 424 enim
775 398 843 423 vu<
874 382 943 422 Dei
973 381 1243 422 aemulatione.
1275 381 1482 434 Despondi
1511 382 1616 422 enim
1646 395 1718 423 vos
1747 382 1815 423 uni
1844 383 1930 425 viro
1959 385 2156 439 virginem

77 447 92 497 ῐζ
109 446 226 496 Ῑῖρἶζῖῇ,
253 452 406 486 castam
431 446 617 485 exhibere
641 443 810 482 (¹¹1risto.
861 444 876 464 ⁵³
899 441 1037 480 Timeo
1060 444 1198 480 autem
1222 452 1271 480 ne
1299 440 1423 481 asicut
1445 454 1607 494 serpens
1636 441 1792 482 Hevam
1816 443 1980 485 seduxit
2003 446 2158 486 astutia

59 518 67 533 t
91 519 109 531 v
139 517 206 532 ΗΜ
227 529 231 534 -
251 519 334 548 sua,
361 504 416 544 itu
442 507 753 554 cru-rumpantur
774 512 912 539 sensus
938 498 1071 541 vestri,
1097 503 1138 539 et
1160 498 1352 539 excidant
1375 512 1399 539 a
1420 498 1696 552 simplicitate,
1723 514 1812 555 quae
1835 506 1896 542 est
1918 502 1959 542 in
1983 503 2155 545 Christo.

249 566 261 587 >¹
298 563 398 603 Nam
432 562 461 601 si
496 562 535 603 is,
571 559 636 612 qui
671 558 792 601 venit,
827 557 948 597 alium
982 556 1188 598 Christum
1219 557 1426 611 praedieat,
1461 571 1579 611 quem
1613 571 1693 599 non
1726 559 2049 612 praedicavimus,
2084 568 2157 603 aut

248 621 370 662 alium
404 620 589 672 ¹<pir-itum
620 616 815 669 accipitis,
849 629 967 669 quem
1000 628 1079 656 non
1111 616 1341 669 accepistis:
1375 622 1446 656 aut
1477 616 1588 657 aliud
1620 617 1901 671 Evangelium,
1936 621 2045 674 quod
2074 634 2156 663 non

251 679 470 731 recepistis:
506 682 610 716 reete
644 674 894 728 pateremini.
955 676 969 697 ⁵
1002 674 1206 716 Existimo
1239 675 1345 715 enim
1379 674 1479 715 nihil
1511 689 1574 716 me
1606 676 1740 717 minus
1772 677 1912 719 fecisse
1944 692 1968 719 a
1999 680 2156 734 magnis

251 736 462 790 Apostoli&
527 738 541 757 ‘³
576 735 677 775 Nam
710 733 785 773 etsi
817 732 1028 785 imperitus
1060 747 1256 779 sermone,
1291 733 1361 774 sed
1392 746 1474 774 non
1506 733 1688 779 scientia,
1725 735 1764 775 in
1797 736 1985 778 omnibns
2017 744 2156 780 autem

250 794 499 837 manifestati
529 807 666 833 sumus
699 791 823 832 vobis.

356 856 368 877 ⁷
388 854 466 893 Aut
488 851 682 905 numquid
704 856 916 903 peccatum
934 850 1021 896 feci,
1043 864 1106 891 me
1124 851 1257 904 ipsum
1276 850 1506 900 humilians,
1527 857 1573 893 ut
1591 865 1663 894 vos
1681 853 1942 895 exaltemini?
1961 856 2155 910 quoniam

149 906 219 955 ι’ἶιῨ
248 913 371 961 gratis
405 911 665 961 Evangelium
694 908 768 949 Dei
796 909 1073 963 evangelizavi
1102 909 1242 951 vobis?
1299 912 1315 934 ⁸
1341 910 1452 951 Alias
1480 910 1681 952 Ecclesias
1709 913 1926 966 expoliavi,
1956 915 2156 969 accipiens

102 976 109 991 ¹
143 977 147 991 ¹
174 978 185 987 ⁵
206 968 221 984 ’·
248 971 493 1025 stipendium
522 971 573 1010 ad
599 968 866 1009 ministerium
896 974 1089 1010 vestrum.
1146 971 1161 993 ⁹
1187 969 1242 1010 Et
1267 983 1359 1010 cum
1386 983 1513 1011 essem
1539 970 1649 1024 apud
1676 984 1759 1018 vos,
1788 977 1828 1013 et
1853 986 2029 1025 egerem;
2056 974 2157 1014 nulli

112 1080 171 1097 ?S>v·

40 1680 233 1709 improbitate

39 1719 65 1739 et
82 1715 234 1739 insolentia

58 1758 151 1775 muru,-
172 1758 200 1775 es
219 1771 224 1776 .

68 2148 156 2172 natali
163 2149 213 2172 buz

80 2190 129 2212 par
150 2187 202 2209 esi.

70 2230 216 2254 laboribus

59 2266 223 2293 apostolicis<

215 1046 231 1061 ιι
250 1044 437 1071 onerosus
456 1029 528 1069 fui:
549 1041 641 1068 nam
660 1027 766 1081 quod
784 1026 883 1068 mihi
900 1028 1050 1073 deerat.
1069 1028 1364 1082 suppleverunt
1379 1028 1536 1075 fratres,
1556 1029 1625 1083 qui
1642 1036 1842 1072 venerunt
1857 1045 1881 1072 a
1895 1032 2154 1074 Macedonia:

207 1129 209 1131 .
247 1096 285 1130 et
315 1090 352 1129 in
382 1088 566 1128 (minibus
595 1086 678 1126 sine
706 1099 824 1127 onere
851 1100 915 1127 me
944 1087 1058 1127 vobis
1086 1087 1258 1132 servavi,
1288 1092 1329 1129 et
1356 1089 1539 1129 servabo.
1596 1090 1632 1113 ¹⁰
1658 1088 1733 1129 Est
1760 1089 1911 1131 veritas
1939 1091 2087 1133 Christi
2114 1092 2156 1132 in

246 1162 318 1191 me,
346 1146 534 1201 quoniam
562 1146 643 1186 haee
665 1144 852 1198 gloriatio
876 1159 957 1186 non
981 1145 1225 1200 infringetur
1246 1146 1286 1187 in
1309 1160 1373 1187 me
1397 1146 1437 1187 in
1460 1147 1692 1201 regionibus
1717 1148 1889 1190 Achaiae.
1942 1151 1972 1174 ¹¹
1996 1151 2154 1199 Quare?

246 1207 336 1260 quia
370 1219 448 1245 non
480 1205 602 1257 diligo
635 1204 729 1245 vos?
762 1204 871 1245 Deus
903 1204 989 1246 scit.
1049 1207 1080 1229 ¹2
1111 1205 1231 1254 Quod
1261 1210 1400 1247 autem
1431 1206 1548 1256 facio,
1582 1211 1622 1247 et
1653 1206 1819 1248 faciam:
1868 1213 1914 1249 ut
1944 1214 2156 1263 amputem

245 1265 490 1307 occasionem
518 1277 668 1306 eorum.
697 1262 766 1317 qui
792 1263 937 1305 volunt
962 1264 1228 1314 occasionem,
1256 1269 1303 1306 ut
1326 1264 1367 1305 in
1393 1278 1473 1319 quo
1497 1265 1736 1319 gloriantur,
1763 1266 2028 1308 inveniantur
2051 1268 2157 1309 sicut

244 1330 284 1365 et
318 1338 400 1364 nos.
463 1326 493 1347 ¹3
529 1323 631 1363 Nam
664 1322 860 1364 eiusmodi
895 1323 1239 1377 pseudoapostoli,
1274 1329 1371 1365 sunt
1404 1323 1577 1377 operarii
1609 1324 1782 1371 subdoli,
1819 1325 2155 1379 transfigurantes

244 1397 283 1424 se.
316 1383 352 1423 in
385 1382 588 1436 apostolos
620 1381 779 1422 Christi.
839 1383 870 1406 ¹4
901 1382 956 1423 Et
986 1395 1066 1423 non
1099 1382 1264 1423 mirum:
1297 1383 1381 1436 ipse
1413 1382 1519 1424 enim
1550 1388 1717 1424 sata-nas
1748 1383 2014 1438 transfigurat
2043 1398 2084 1425 se
2115 1385 2155 1425 in

244 1442 431 1492 angelum
464 1441 573 1482 lucis.
637 1442 666 1464 ¹5
699 1453 780 1481 non
814 1445 876 1482 est
908 1454 1001 1495 ergo
1033 1455 1241 1496 inagnum,
1277 1441 1309 1482 si
1341 1441 1517 1483 ministri
1550 1441 1634 1483 eius
1668 1442 2010 1496 transfigurentur
2043 1443 2157 1485 velut

246 1501 417 1542 ministri
451 1500 631 1541 iustitiae:
666 1513 839 1553 quorum
871 1500 961 1541 finis
993 1500 1069 1542 erit
1100 1502 1324 1542 secundum
1357 1514 1480 1554 opera
1511 1501 1705 1555 ipsorum.

356 1606 393 1645 3.
424 1605 466 1645 ln
498 1605 722 1645 natalibus
753 1604 850 1645 suis
881 1604 925 1645 et
953 1604 1189 1645 laboribus
1221 1605 1487 1657 apostolicis
1517 1605 1759 1657 gloriatur,
1788 1607 1854 1656 11,
1874 1606 2047 1647 16-33.

352 1678 384 1700 ¹⁶
410 1676 562 1717 Iterum
586 1675 687 1724 dico,
714 1678 780 1726 (ne
805 1675 893 1730 quis
916 1690 981 1717 me
1004 1681 1124 1730 putet
1146 1676 1407 1730 insipientem
1431 1690 1526 1725 esse,
1553 1676 1734 1731 alioquin
1760 1677 1873 1718 velut
1896 1677 2155 1731 insipientem

246 1735 415 1788 accipite
435 1749 510 1784 me,
534 1740 579 1776 ut
598 1740 638 1776 et
659 1748 730 1785 ego
751 1734 956 1776 modicum
978 1735 1075 1789 quid
1095 1735 1256 1789 glorier)
1304 1737 1336 1760 ¹⁷
1359 1736 1468 1789 quod
1487 1735 1642 1790 loquor,
1664 1749 1747 1777 non
1766 1735 1912 1790 loquor
1930 1737 2154 1777 secundum

244 1795 387 1839 Deum,
405 1795 473 1835 sed
490 1793 604 1848 quasi
618 1794 659 1834 in
674 1793 920 1847 insipientia,
937 1794 978 1835 in
994 1794 1069 1835 hac
1084 1794 1319 1835 substantia
1332 1794 1480 1848 gloriae.
1525 1796 1559 1819 ¹⁸
1575 1794 1779 1843 Quoniam
1794 1795 1915 1836 multi
1928 1794 2157 1848 gloriantur

242 1854 463 1895 secundum
483 1866 662 1894 earnem:
684 1858 725 1894 et
743 1866 815 1907 ego
833 1852 1047 1906 gloriabor.
1093 1855 1126 1878 ¹⁹
1145 1853 1339 1894 Libenter
1357 1853 1464 1894 enim
1483 1853 1661 1894 suffertis
1680 1852 1934 1907 insipientes:
1955 1867 2048 1895 cum
2067 1853 2154 1895 sitis

245 1912 318 1966 ipsi
341 1912 553 1965 sapientes.
604 1914 640 1937 ²⁰
660 1911 879 1953 Sustinetis
901 1912 1008 1953 enim
1031 1912 1062 1953 si
1086 1913 1174 1966 quis
1197 1926 1269 1954 vos
1291 1912 1332 1952 in
1355 1912 1596 1953 servitutem
1618 1912 1776 1965 redigit,
1801 1912 1832 1953 si
1856 1912 1945 1966 quis
1967 1913 2152 1961 devorat,

243 1972 274 2011 si
296 1971 383 2025 quis
405 1972 562 2025 accipit,
586 1971 617 2012 si
639 1971 727 2025 quis
749 1970 971 2021 extollitur,
995 1971 1027 2012 si
1049 1971 1137 2027 quis
1158 1971 1199 2012 in
1220 1971 1365 2012 faciem
1386 1985 1459 2012 vos
1481 1970 1612 2013 caedit.
1661 1973 1692 1996 '2¹
1713 1972 1946 2013 Secundum
1967 1971 2155 2025 ignobili-

245 2036 372 2071 tatem
392 2030 492 2074 dico,
515 2030 628 2084 quasi
647 2044 720 2072 nos
738 2030 886 2071 infirmi
904 2030 1100 2071 fuerimus
1118 2030 1159 2071 in
1179 2031 1253 2071 hac
1273 2035 1401 2084 parte.
1425 2031 1471 2070 In
1491 2044 1572 2084 quo
1592 2030 1680 2084 quis
1699 2031 1824 2072 audet
1843 2030 1901 2081 (in
1920 2030 2156 2084 insipientia

244 2089 350 2137 dieo)
381 2090 509 2130 audeo
539 2096 579 2130 et
609 2103 698 2143 ego:

348 2152 379 2172 ²²
410 2149 568 2189 Hebrfei
597 2154 703 2195 sunt,
734 2154 775 2190 et
803 2162 893 2202 ego:
927 2148 1119 2190 [sraelitae
1147 2154 1254 2195 sunt,
1286 2153 1327 2189 et
1355 2162 1446 2202 ego:
1475 2149 1621 2190 Semen
1649 2148 1826 2190 Abrahae
1853 2154 1961 2199 sunt,
1992 2154 2034 2190 et
2061 2162 2152 2203 ego:

350 2215 382 2236 2²³
402 2212 574 2253 Ministri
596 2212 742 2254 Christi
763 2219 870 2261 sunt,
894 2216 958 2265 (ut
977 2213 1111 2254 minus
1132 2213 1292 2267 sapiens
1312 2213 1420 2267 dico)
1441 2213 1530 2267 plus
1551 2226 1642 2266 ego:
1666 2213 1705 2253 in
1726 2213 1934 2255 laboribus
1955 2213 2152 2267 plurimis,

104 2308 134 2322 .,
169 2312 197 2323 μ
247 2271 284 2311 in
313 2271 536 2311 carceribus
564 2272 853 2321 abundantius,
884 2272 924 2312 in
950 2272 1078 2326 plagis
1106 2286 1230 2326 supra
1254 2272 1435 2317 modum,
1464 2272 1506 2312 in
1533 2272 1734 2313 mortibus
1760 2272 2005 2326 frequenter.
2061 2274 2094 2297 24
2118 2272 2155 2312 A

98 2343 184 2366 quum

83 2372 201 2400 lmcvuilm-

74 2408 207 2436 apostoli,

61 3149 100 3173 Ad
118 3150 235 3174 tertium

253 2330 391 2371 ludaeis
426 2331 649 2384 quinquies,
689 2333 1001 2386 bquadragenas,
1037 2345 1119 2372 una
1151 2332 1296 2377 minus,
1332 2331 1479 2385 accepi.
1541 2332 1573 2355 2⁵
1613 2331 1706 2372 CTer
1737 2330 1859 2384 virgis
1893 2344 2017 2372 caesus
2049 2344 2153 2377 sum,

250 2389 389 2429 =¹sernel
420 2389 623 2443 lapidatus
654 2404 755 2438 sum,
795 2397 874 2432 eter
902 2391 1161 2444 naufragium
1191 2390 1279 2439 feci,
1312 2396 1430 2432 nocte
1461 2395 1502 2432 et
1531 2389 1595 2431 die
1624 2390 1665 2430 in
1695 2390 1899 2443 profundo
1928 2389 2051 2430 maris
2081 2389 2152 2433 fui.

245 2450 279 2471 ²¹⁶
308 2449 347 2488 in
377 2448 586 2489 itineribus
616 2463 730 2503 stepe,
762 2450 948 2503 perieulis
976 2449 1204 2496 fluminum,
1237 2449 1422 2502 periculis
1450 2449 1671 2499 latronum,
1702 2448 1890 2503 periculis
1919 2462 1970 2490 ex
1996 2462 2152 2502 genere.

248 2507 428 2559 perieulis
452 2522 499 2547 ex
522 2508 732 2557 Gentibus,
758 2508 943 2562 perieulis
967 2509 1006 2549 in
1030 2508 1209 2555 civitate,
1235 2508 1421 2561 periculis
1444 2508 1484 2549 in
1507 2508 1738 2556 solitudine,
1763 2507 1949 2562 periculis
1973 2507 2013 2548 in
2035 2507 2152 2555 mari,

248 2566 429 2618 perieulis
458 2566 495 2606 in
526 2567 634 2606 falsis
663 2568 875 2609 fratribus:
931 2570 965 2592 2⁷
994 2568 1035 2608 in
1062 2567 1212 2613 labore,
1245 2573 1285 2608 et
1312 2580 1504 2617 aerumna,
1535 2567 1577 2607 in
1607 2567 1752 2621 vigiliis
1781 2566 1932 2611 multis,
1964 2566 2003 2607 in
2032 2566 2152 2610 fame,

246 2631 287 2664 et
314 2624 392 2668 siti,
425 2625 460 2664 in
493 2625 645 2665 ieiuniis
674 2626 824 2674 multis,
854 2627 896 2667 in
924 2627 1081 2679 frigore,
1112 2632 1153 2668 et
1180 2626 1381 2673 nuditate,
1438 2628 1473 2651 ²⁸
1501 2632 1648 2680 prieter
1673 2626 1754 2673 illa,
1786 2639 1876 2679 quae
1902 2625 2153 2666 extrinsecus

247 2690 351 2726 sunt,
375 2684 569 2724 instantia
588 2698 676 2725 mea
695 2686 946 2739 quotidiana,
967 2685 1183 2727 solicitudo
1202 2685 1384 2727 omnium
1405 2685 1690 2726 Ecclesiarum.
1737 2686 1772 2709 2⁹
1791 2684 1888 2733 Quis
1908 2684 2152 2727 infirmatur.

247 2747 283 2781 et
313 2755 383 2793 ego
412 2756 490 2783 non
519 2743 721 2784 infirmor?
751 2745 839 2798 quis
867 2744 1177 2791 scandalizatur,
1207 2749 1248 2785 et
1274 2757 1346 2798 ego
1372 2757 1453 2785 non
1482 2744 1598 2786 uror?
1653 2746 1689 2768 3⁰
1714 2743 1755 2785 Si
1781 2743 1943 2797 gloriari
1970 2748 2152 2796 oportet:

250 2814 336 2852 quw
359 2801 603 2842 infirmitatis
627 2816 724 2844 meae
745 2810 852 2848 sunt,
877 2804 1090 2853 gloriabor.
1140 2806 1172 2828 ³¹
1195 2804 1305 2844 Deus
1328 2808 1369 2844 et
1390 2803 1514 2844 Pater
1534 2802 1701 2845 Domini
1723 2802 1851 2843 nostri
1876 2802 1966 2843 Iesu
1989 2801 2151 2847 Christi,

251 2858 314 2910 qui
350 2865 406 2899 est
445 2861 677 2901 benedictus
710 2862 749 2901 in
784 2863 941 2912 saeeula,
977 2863 1053 2904 scit
1087 2863 1193 2916 quod
1231 2875 1311 2903 non
1346 2862 1532 2903 mentior.
1594 2864 1627 2887 32
1672 2860 1876 2902 fDarnasei
1911 2860 2152 2914 praepositus

249 2916 388 2955 Gentis
417 2918 546 2959 ,irene
572 2920 682 2969 regis,
711 2922 970 2964 custodiebat
995 2921 1205 2963 civitatem
1232 2922 1581 2962 Damascenorum
1609 2926 1655 2962 ut
1680 2934 1744 2961 me
1770 2919 2151 2973 comprehenderet:

248 2976 280 2997 ³³¹
307 2982 347 3014 et
377 2989 443 3027 per
469 2977 682 3019 fenestram
714 2979 752 3019 in
780 2986 920 3033 sporta
946 2981 1134 3022 dimissus
1162 2994 1250 3021 sum
1279 2993 1350 3033 per
1375 2993 1551 3029 murum,
1581 2985 1622 3021 et
1649 2979 1704 3020 sic
1730 2978 1851 3032 effugi
1880 2991 2026 3019 manus
2052 2978 2151 3019 eius.

520 3080 556 3120 4.
588 3082 629 3120 ln
660 3084 913 3124 visionibus
943 3085 987 3125 et
1016 3083 1357 3125 infirmitatibus
1387 3084 1625 3135 gloriatur,
1656 3084 1722 3134 12,
1741 3083 1887 3123 1-10.

358 3148 417 3191 12,
476 3151 483 3172 ¹
515 3149 554 3187 Si
585 3150 741 3196 gloriari
772 3159 933 3205 oportet
964 3159 1061 3205 (non
1092 3153 1258 3207 expedit
1288 3153 1491 3207 quidemz)
1522 3153 1683 3194 veniam
1713 3159 1852 3193 autem
1882 3153 1935 3193 ad
1966 3152 2151 3197 visiones,

252 3213 288 3245 et
323 3207 584 3247 revelationes
619 3208 786 3250 Domini.
845 3214 859 3235 2
893 3212 1002 3254 ascio
1030 3213 1236 3254 hominem
1266 3212 1306 3252 in
1336 3212 1496 3253 Christo
1525 3217 1621 3253 ante
1650 3225 1778 3253 annos
1809 3210 2152 3265 quattuordecim,

65 3256 230 3284 paradisum
276 3263 281 3269 ·

63 3298 91 3313 s,
109 3302 112 3310 .
132 3298 161 3313 ,μ
181 3294 232 3318 ,.,.,,
253 3277 335 3302 sive
358 3265 393 3303 iu
417 3279 581 3318 corpore
604 3267 745 3310 neseio,
769 3269 851 3309 sive
872 3276 988 3311 extra
1008 3285 1152 3325 corpus
1174 3270 1319 3319 nescio,
1342 3271 1452 3312 Deus
1473 3271 1560 3315 scit,
1585 3275 1749 3324 raptum
1771 3269 2004 3311 huiusmodi
2025 3282 2153 3323 usque

253 3322 303 3362 ad
327 3324 487 3364 tertium
511 3324 662 3364 melum.
711 3328 725 3347 ²¹
750 3326 799 3366 lit
820 3328 899 3368 seio
922 3330 1150 3371 huiusmodi
1172 3329 1377 3371 hominem
1398 3329 1483 3371 sive
1503 3329 1544 3369 in
1565 3342 1743 3383 corpore,
1765 3329 1849 3370 sive
1870 3332 1987 3369 extra
2006 3341 2152 3381 corpus

389 3448 436 3487 11,
463 3449 481 3479 ἰ]
500 3450 569 3480 utin
595 3452 625 3486 .''›,
653 3452 680 3483 4.
736 3472 747 3473 η
776 3453 814 3483 ’.Ἰ
840 3453 907 3485 ¹>l)t
931 3455 982 3489 25»,
1008 3457 1037 3488 33,
1067 3477 1106 3480 —
1130 3458 1171 3490 25
1200 3458 1282 3490 cAct
1309 3456 1361 3497 16,
1389 3456 1440 3490 222.
1468 3476 1509 3480 ——
1532 3457 1620 3490 dAct
1646 3456 1699 3493 14.
1727 3455 1778 3489 18.
1805 3475 1847 3479 —
1873 3455 1957 3487 eAct
1983 3454 2036 3494 27,
2064 3454 2094 3487 2.
2111 3473 2152 3477 —

254 3493 294 3525 ,32
328 3495 403 3527 {Aet
431 3497 461 3528 53.
490 3496 540 3528 24.
638 3497 684 3537 12,
711 3498 730 3529 2
755 3499 838 3530 tzAct
863 3500 893 3534 9,
919 3502 945 3531 3,
