2356 3760
126 73 178 113 12,
204 72 344 112 23-13‚
370 70 412 104 13
878 68 1283 102 PARALIPOMENON
1945 76 2020 117 353

491 163 530 204 5.
560 162 806 203 Bellatores
838 171 994 211 regem
1026 161 1379 211 consalutantes,
1407 162 1474 212 12,
1492 162 1664 203 23—40.

232 237 264 262 23
290 236 372 277 Iste
397 247 558 289 quoque
581 238 641 273 est
664 243 856 272 numerus
880 231 1108 284 principum
1132 232 1343 280 exercitus,
1371 232 1439 285 qui
1462 237 1661 273 venerunt
1685 234 1735 273 ad
1758 235 1904 285 David,
1931 251 2021 279 cum
2057 241 2196 265 Nufflfflffi

129 301 233 337 esset
265 296 305 336 in
340 295 517 340 Hebron,
552 296 599 332 ut
631 290 898 331 transferrent
931 302 1098 342 regnum
1132 290 1227 330 Saul
1260 290 1311 330 ad
1344 303 1447 337 eum,
1496 290 1614 331 iuxta
1646 292 1813 332 verbum
1846 294 2020 337 Domini.
2072 283 2178 305 ‘mmm'

129 358 160 380 ²⁴
178 354 268 396 Filii
289 354 392 394 Iuda
407 354 620 405 portantes
637 348 825 401 clypeum
844 353 883 388 et
901 347 1075 395 hastam,
1096 361 1166 388 sex
1182 348 1308 388 millia
1326 348 1547 402 octingenti
1566 350 1743 402 expediti
1762 351 1813 390 ad
1830 352 2020 404 praelium.

129 417 161 439 2⁵
187 414 248 455 De
277 412 364 453 filiis
392 410 554 450 Simeon
582 407 760 449 virorum
788 406 1101 448 fortissimorum
1130 406 1181 447 ad
1207 408 1486 460 pugnandum,
1516 412 1670 460 septem
1697 408 1822 449 millia
1849 416 2022 452 centum.

130 475 165 498 2⁶
195 473 256 513 De
286 469 376 510 filiis
405 467 515 513 Levi,
550 470 747 520 quattuor
776 465 902 505 millia
932 465 1122 506 sexcenti.
1182 466 1216 489 ‘2⁷
1249 465 1390 506 Ioiada
1420 479 1580 519 quoque
1610 466 1794 520 princeps
1825 468 1873 508 de
1904 469 2026 521 stirpe

130 533 277 577 Aaron,
310 534 351 569 et
382 540 474 568 cum
505 539 550 567 eo
582 524 662 565 tria
691 524 817 564 millia
847 523 1104 577 septingenti.
1165 524 1199 547 2⁸
1230 524 1360 564 Sadoc
1391 524 1514 564 etiam
1545 537 1645 577 puer
1675 526 1838 578 egregiae
1868 526 2024 571 indolis,

130 596 170 632 et
194 590 338 630 domus
362 585 490 640 patris
515 584 610 633 eius,
636 583 837 637 principes
862 582 1007 636 viginti
1031 583 1123 623 duo.
1177 583 1212 606 ²⁹
1235 582 1297 622 De
1322 582 1410 623 filiis
1435 587 1573 623 autem
1599 576 1810 624 Beniamin
1834 585 2027 626 fratribus

129 647 236 691 Saul.
259 646 339 687 tria
357 644 499 686 millia:
521 655 672 696 magna
690 642 796 682 enim
816 654 910 695 pars
930 654 1068 682 eorum
1090 641 1222 681 adhuc
1242 641 1489 694 sequebatur
1509 641 1675 682 domum
1695 642 1801 683 Saul.
1850 645 1886 667 3⁰
1904 644 2027 685 Porro

130 708 178 748 de
205 706 295 746 filiis
322 702 518 758 Ephraim
544 700 690 755 viginti
715 699 842 741 millia
867 699 1101 753 octingenti,
1130 699 1340 740 fortissimi
1366 700 1519 748 robore,
1548 699 1624 740 viri
1658 700 1857 741 nominati
1892 702 1933 742 in
1967 716 2029 743 60-

129 764 391 820 gnationibus
423 761 515 803 suis.
575 762 607 785 3¹
631 760 687 800 Et
718 773 767 800 ex
799 759 968 800 dimidia
998 759 1107 799 tribu
1130 759 1327 803 Manasse,
1363 758 1500 799 decem
1533 763 1573 798 et
1603 763 1694 799 octo
1726 759 1861 808 millia,
1888 760 2029 811 singuli

131 838 202 879 per
217 822 384 864 nomina
400 834 474 862 sua
490 823 692 860 venerunt
709 823 756 859 ut
774 818 1070 859 constituerent
1086 830 1220 871 regem
1238 817 1386 858 David.
1432 819 1465 841 3²
1482 817 1543 857 De
1561 816 1651 857 filiis
1670 830 1829 870 quoque
1850 810 2032 858 Issachar

132 883 206 923 viri
235 880 395 929 eruditi,
428 878 497 933 qui
525 882 727 920 noverant
755 876 913 930 singula
940 882 1128 930 tempora
1157 877 1208 917 ad
1236 876 1552 930 praecipiendum
1583 875 1681 928 quid
1708 876 1838 917 facere
1869 877 2032 918 deberet

133 940 267 989 Israel,
293 938 494 994 principes
518 937 702 978 ducenti:
727 935 858 978 omnis
882 941 1020 976 autem
1044 935 1199 989 reliqua
1222 935 1352 976 tribus
1376 948 1513 975 eorum
1538 934 1748 975 consilium
1773 935 2029 989 sequebatur.

130 1002 164 1025 ³3
192 1000 316 1041 Porro
348 998 397 1039 de
428 996 610 1038 Zabulon
643 995 711 1049 qui
741 994 1053 1048 egrediebantur
1083 994 1134 1035 ad
1164 993 1358 1047 praelium.
1392 999 1432 1034 et
1462 993 1630 1034 stabant
1660 993 1700 1034 in
1732 994 1814 1035 acie
1845 994 2032 1035 instructi

131 1059 254 1100 armis
288 1056 449 1105 bellicis,
487 1054 787 1109 quinquaginta
819 1053 945 1094 millia
978 1058 1178 1094 venerunt
1210 1053 1251 1093 in
1286 1052 1493 1100 auxilium,
1529 1065 1610 1093 non
1643 1052 1684 1092 in
1717 1053 1835 1093 corde
1869 1052 2030 1106 duplici.

131 1120 164 1143 ³4
190 1118 245 1159 Et
271 1117 320 1158 de
347 1113 582 1169 Nephthali,
611 1113 812 1167 principes
838 1112 964 1153 mille:
993 1117 1034 1153 et
1059 1125 1151 1153 cum
1178 1112 1232 1153 eis
1258 1111 1447 1152 instructi
1473 1110 1614 1163 clypeo
1641 1115 1682 1151 et
1707 1111 1836 1161 hasta,
1865 1111 2034 1165 triginta

131 1182 172 1218 et
187 1181 344 1230 septem
359 1174 497 1215 millia.
542 1175 574 1198 3⁵
589 1173 650 1213 De
666 1172 760 1212 Dan
776 1171 899 1212 etiam
916 1171 1135 1225 praeparati
1151 1171 1203 1211 ad
1218 1170 1412 1224 praelium,
1432 1169 1575 1222 viginti
1592 1173 1683 1210 octo
1700 1169 1826 1210 millia
1840 1171 2030 1212 sexcenti.

130 1238 166 1261 3⁶
191 1236 247 1277 Et
273 1235 322 1276 de
347 1234 447 1274 Aser
472 1232 721 1286 egredientes
748 1231 799 1271 ad
826 1243 1017 1283 pugnam,
1046 1234 1087 1271 et
1111 1230 1152 1270 in
1179 1230 1262 1270 acie
1287 1233 1569 1282 provocantes,
1599 1228 1870 1281 quadraginta
1894 1228 2030 1269 millia.

130 1297 165 1320 ³⁷
184 1295 312 1335 Trans
331 1293 547 1334 Iordanem
566 1296 704 1331 autem
723 1290 771 1330 de
789 1289 879 1330 filiis
898 1289 1056 1334 Ruben,
1077 1293 1117 1330 et
1135 1288 1184 1328 de
1202 1288 1303 1333 Gad,
1324 1292 1364 1328 et
1382 1286 1551 1328 dimidia
1566 1292 1683 1340 parte
1700 1287 1831 1328 tribus
1847 1287 2033 1328 Manasse

131 1352 320 1395 instructi
350 1351 471 1393 armis
500 1349 663 1397 bellicis,
695 1353 858 1389 centum
888 1347 1034 1400 viginti
1062 1346 1199 1388 millia.

236 1425 271 1448 3⁸
296 1422 447 1464 Omnes
470 1419 537 1460 isti
561 1417 638 1458 viri
662 1416 877 1458 bellatores
901 1416 1081 1470 expediti
1107 1416 1159 1457 ad
1182 1416 1462 1470 pugnandum,
1489 1415 1608 1456 corde
1632 1415 1810 1469 perfecto
1835 1420 2036 1458 venerunt
2075 1417 2152 1477 {siff
2173 1416 2202 1441 ³¹¹

132 1484 172 1524 in
203 1481 382 1527 Hebron,
414 1485 461 1520 ut
490 1476 787 1519 constituerent
814 1489 947 1529 regem
977 1475 1114 1516 David
1144 1488 1264 1528 super
1292 1474 1525 1516 universum
1558 1473 1699 1515 Israel:
1729 1474 1799 1515 sed
1828 1480 1869 1516 et
1897 1488 2036 1517 omnes
2105 1459 2118 1477 e
2142 1458 2202 1477 ω

131 1540 274 1595 reliqui
303 1553 352 1581 ex
383 1537 518 1585 Israel,
549 1549 629 1577 uno
659 1535 778 1576 corde
808 1540 935 1584 erant,
967 1540 1014 1575 ut
1042 1547 1112 1575 rex
1140 1534 1254 1575 fieret
1282 1533 1430 1574 David.
1487 1534 1523 1557 ³⁹
1551 1533 1815 1587 Fueruntque
1842 1534 1898 1575 ibi
1928 1534 2038 1587 apud

131 1599 268 1641 David
295 1598 428 1639 tribus
456 1596 598 1638 diebus
627 1594 885 1635 comedentes
914 1600 955 1635 et
984 1593 1180 1634 bibentes.
1211 1597 1543 1647 praeparaverant
1571 1592 1677 1632 enim
1706 1592 1760 1632 eis
1788 1592 1933 1634 fratres
1962 1593 2035 1634 sui.

132 1661 169 1684 ‘¹⁰
185 1659 263 1701 Sed
281 1663 322 1699 et
340 1656 408 1711 qui
425 1655 544 1697 iuxta
560 1667 627 1695 eos
644 1658 772 1703 erant,
792 1667 920 1707 usque
938 1653 990 1693 ad
1010 1652 1205 1698 Issachar,
1226 1658 1266 1693 et
1284 1651 1478 1697 Zabulon,
1499 1656 1539 1691 et
1558 1650 1791 1704 Nephthali,
1812 1652 2038 1693 afferebant

133 1731 258 1773 panes
284 1717 326 1758 in
354 1715 488 1765 asinis,
518 1720 559 1755 et
586 1712 760 1761 camelis,
791 1717 831 1754 et
858 1711 989 1759 mulis,
1020 1716 1060 1752 et
1088 1711 1218 1752 bobus
1246 1711 1298 1752 ad
1325 1710 1590 1752 vescendum:
1618 1709 1804 1759 farinam,
1833 1710 2035 1764 palathas,

133 1790 257 1818 uvam
285 1787 460 1830 passam,
491 1774 646 1821 vinum,
676 1770 821 1821 oleum,
853 1771 989 1819 boves,
1021 1770 1164 1811 arietes
1194 1770 1245 1811 ad
1274 1783 1436 1812 omnem
1464 1768 1635 1823 copiam.
1664 1768 1859 1823 gaudium
1889 1769 2038 1825 quippe

134 1840 221 1878 erat
250 1835 292 1877 in
324 1833 459 1876 Israel.

387 1951 459 2002 ΙΙ.
497 1949 855 2014 Progressus
895 1946 1063 2011 regni
1104 1945 1390 2006 Davidici,
1428 1945 1505 2007 13,
1532 1943 1716 2006 1-22,
1743 1945 1784 1996 1.

639 2039 680 2078 1.
710 2037 838 2077 Prior
866 2035 1106 2076 translatio
1137 2046 1272 2085 arcae,
1299 2035 1366 2085 13,
1385 2035 1531 2075 1—14.

238 2113 302 2157 13.
357 2114 372 2137 ¹
394 2112 491 2153 Iniit
511 2115 650 2152 autem
670 2108 881 2151 consilium
902 2107 1039 2148 David
1060 2119 1152 2148 cum
1172 2106 1358 2151 tribunis,
1381 2111 1422 2147 et
1442 2105 1758 2154 centurionibus,
1781 2110 1822 2146 et
1841 2104 2037 2146 universis
2052 2109 2156 2133 Arcam
2179 2108 2230 2147 ‚Dei

134 2173 396 2228 principibus
449 2173 464 2195 ²
489 2175 530 2211 et
555 2170 613 2211 ait
638 2169 690 2210 ad
715 2180 877 2209 omnem
903 2172 1057 2207 coetum
1084 2165 1225 2206 Israel:
1252 2165 1293 2206 Si
1317 2165 1451 2219 placet
1476 2165 1610 2206 vobis:
1637 2169 1678 2205 et
1702 2177 1726 2204 a
1749 2163 1925 2205 Domino
1950 2163 2036 2205 Deo
2081 2143 2202 2169 addam

134 2238 272 2274 nostro
308 2230 513 2285 egreditur
546 2241 688 2275 sermo,
727 2239 847 2280 quem
881 2225 1043 2279 loquor:
1079 2225 1294 2265 mittamus
1329 2224 1381 2265 ad
1415 2225 1561 2265 fratres
1595 2227 1754 2264 nostros
1788 2222 1962 2275 reliquos
1996 2222 2037 2263 in

134 2292 342 2334 universas
365 2289 546 2343 regiones
573 2286 707 2335 Israel,
734 2290 776 2327 et
800 2285 852 2326 ad
875 2285 1125 2331 Sacerdotes,
1152 2289 1193 2324 et
1216 2283 1393 2330 Levitas,
1422 2283 1490 2336 qui
1514 2282 1706 2323 habitant
1728 2281 1769 2322 in
1794 2281 2036 2322 suburbanis

134 2350 308 2398 urbium,
338 2354 386 2390 ut
413 2351 707 2402 congregentur
734 2345 786 2386 ad
814 2357 898 2393 nos,
954 2345 970 2368 ³
997 2349 1038 2384 et
1064 2343 1306 2384 reducamus
1334 2355 1469 2383 arcam
1498 2341 1573 2382 Dei
1601 2340 1728 2382 nostri
1756 2340 1808 2380 ad
1834 2352 1925 2381 nos:
1955 2352 2036 2380 non

135 2410 240 2450 enim
266 2407 551 2462 requisivimus
577 2418 666 2447 eam
691 2405 733 2445 in
759 2403 901 2445 diebus
926 2402 1033 2443 Saul.
1087 2404 1103 2427 ‘¹
1128 2402 1184 2442 Et
1208 2401 1418 2455 respondit
1443 2401 1632 2441 universa
1657 2398 1878 2439 multitudo
1905 2403 1952 2439 ut
1976 2398 2036 2439 ita

135 2469 266 2510 fieret:
299 2466 509 2522 placuerat
540 2464 647 2506 enim
679 2476 807 2504 sermo
840 2462 951 2504 omni
981 2460 1144 2515 populo.
1204 2462 1220 2485 5
1251 2459 1520 2514 Congregavit
1551 2472 1642 2512 ergo
1674 2458 1811 2499 David
1842 2462 2035 2498 cunctum

137 2526 259 2568 Israel
290 2539 314 2567 a
341 2525 459 2567 Sihor
488 2523 668 2578 AEgypti,
700 2535 827 2576 usque
856 2522 955 2563 dum
985 2520 1221 2574 ingrediaris
1250 2519 1415 2568 Emath,
1452 2524 1517 2559 aut
1547 2518 1766 2559 adduceret
1797 2529 1931 2557 arcam
1961 2515 2036 2556 Dei

135 2587 186 2627 de
214 2584 509 2627 Cariathiarim.

242 2646 258 2669 θ
285 2644 342 2685 Et
370 2642 553 2684 ascendit
580 2641 729 2685 David.
761 2645 802 2682 et
830 2639 960 2682 omnis
989 2639 1052 2680 vir
1081 2638 1204 2679 Israel
1233 2638 1285 2679 ad
1313 2637 1455 2678 collem
1484 2634 1779 2680 Cariathiarim,
1812 2633 1880 2687 qui
1909 2638 1970 2673 est
1997 2632 2038 2673 in
2065 2628 2218 2688 2333}ss

138 2704 251 2753 Iuda,
280 2708 327 2744 ut
352 2702 515 2744 afferret
538 2701 632 2742 inde
658 2713 794 2741 arcam
818 2698 986 2740 Domini
1010 2697 1086 2739 Dei
1112 2697 1289 2738 sedentis
1314 2709 1435 2750 super
1458 2694 1678 2741 cherubim,
1706 2693 1776 2734 ubi
1800 2692 2037 2733 invocatum
2053 2699 2086 2759 bn
2106 2699 2225 2723 domun·

136 2768 197 2804 est
222 2775 370 2804 nomen
396 2761 492 2802 eius.
549 2761 563 2784 7
591 2760 961 2813 Imposueruntque
987 2769 1123 2798 arcam
1149 2756 1225 2797 Dei
1250 2768 1370 2809 super
1394 2755 1622 2809 plaustrum
1648 2764 1813 2799 novum,
1842 2751 1891 2791 de
1917 2750 2036 2791 domo
2080 2734 2228 2760 bed⁰d⁰¹¹¹

136 2821 371 2863 Abinadab:
406 2820 492 2861 Oza
524 2824 674 2867 autem,
710 2823 751 2858 et
781 2817 909 2858 frater
940 2816 1024 2857 eius
1057 2815 1273 2856 minabant
1304 2814 1545 2868 plaustrum.
1609 2813 1624 2835 ⁸
1656 2811 1780 2852 Porro
1813 2809 1961 2857 David,
1997 2814 2038 2850 et

136 2880 347 2921 universus
379 2878 502 2920 Israel
531 2878 731 2919 ludebant
759 2889 895 2917 coram
925 2876 1012 2916 Deo
1043 2874 1153 2916 omni
1182 2874 1336 2915 virtute
1366 2873 1407 2914 in
1437 2871 1615 2919 canticis,
1648 2875 1689 2910 et
1717 2869 1758 2909 in
1789 2867 1965 2914 citharis,
1997 2872 2038 2908 et

136 2938 348 2993 psalteriis,
371 2943 412 2979 et
431 2937 652 2992 tympanis,
676 2941 717 2977 et
737 2934 946 2989 cymbalis,
970 2943 1011 2975 et
1031 2933 1152 2975 tubis.
1204 2935 1220 2957 ⁹
1240 2933 1339 2974 Cum
1362 2937 1499 2972 autem
1519 2928 1798 2984 pervenissent
1818 2927 1870 2967 ad
1889 2926 2036 2967 Aream

136 2998 304 3046 Chidon,
336 2996 513 3038 tetendit
541 2996 626 3037 Oza
652 3007 822 3035 manum
851 3006 978 3042 suam,
1010 2998 1057 3034 ut
1085 2996 1335 3033 sustentaret
1363 3003 1517 3031 arcam:
1548 2989 1620 3030 bos
1649 2987 1798 3041 quippe
1825 2985 2037 3027 lasciviens

136 3056 347 3110 paululum
375 3055 644 3097 inclinaverat
672 3066 773 3095 66111.
830 3054 867 3077 ¹⁰
895 3052 1030 3093 Iratus
1058 3056 1120 3093 est
1147 3051 1286 3104 itaque
1314 3049 1514 3090 Dominus
1543 3051 1686 3088 contra
1712 3045 1851 3093 Ozam,
1883 3049 1924 3085 et
1951 3056 2037 3097 per-

136 3116 262 3156 cussit
282 3128 387 3163 eum,
411 3128 456 3156 eo
480 3114 589 3168 quod
609 3112 810 3166 tetigisset
831 3123 985 3152 arcam:
1009 3116 1050 3152 et
1069 3115 1255 3152 mortuus
1278 3115 1338 3150 est
1358 3108 1412 3149 ibi
1434 3119 1569 3149 coram
1590 3104 1779 3146 Domino.
1829 3105 1860 3127 11
1881 3102 2037 3144 Contri-

137 3179 351 3228 statusque
376 3178 438 3214 est
460 3172 611 3221 David,
639 3185 684 3212 eo
713 3170 822 3225 quod
847 3169 1051 3211 divisisset
1074 3169 1275 3210 Dominus
1302 3167 1446 3208 Ozam:
1473 3164 1720 3218 vocavitque
1744 3162 1878 3204 locum
1903 3160 2035 3201 illum:

136 3233 292 3274 Divisio
316 3232 409 3273 Ozae
431 3245 559 3285 usque
581 3231 622 3271 in
645 3234 885 3284 praesentem
908 3229 1028 3270 diem.
1080 3230 1112 3252 ¹2
1134 3228 1190 3268 Et
1212 3226 1351 3268 timuit
1373 3226 1506 3266 Deum
1528 3230 1628 3266 tunc
1650 3221 1856 3275 temporis
1881 3219 2034 3261 dicens:

137 3291 226 3340 Quo
255 3291 377 3333 modo
407 3303 573 3345 possum
603 3289 656 3330 ad
684 3302 748 3330 me
777 3288 1033 3330 introducere
1063 3299 1199 3328 arcam
1228 3284 1328 3327 Dei?
1401 3286 1433 3309 13
1462 3283 1518 3325 Et
1547 3283 1599 3325 ob
1628 3281 1733 3323 hanc
1763 3291 1926 3321 causam
1956 3289 2035 3317 non

270 3417 322 3460 13,
358 3418 378 3451 5
404 3418 442 3451 22
466 3417 525 3451 s1n
550 3417 580 3457 6,
605 3417 634 3450 2.

207 3481 235 3506 H
244 3488 258 3506 e
265 3482 278 3506 t
287 3487 301 3506 ι
308 3488 323 3507 6
332 3488 351 3507 n
361 3488 378 3506 6
385 3488 404 3507 u
413 3488 428 3507 e
436 3488 449 3506 r
458 3500 464 3511 ,
490 3481 617 3512 Vulgata
640 3479 831 3506 clementina.
1780 3463 1830 3503 23
